4032 5354
306 296 415 352 ἥΰ

1481 303 1891 372 QUALITATIS
1929 303 2090 360 CONJ
2101 303 2228 359 ECT
2241 304 2397 360 ΗΒΑ.

3470 301 3572 356 5:26

307 407 615 477 lmjusmodi
646 410 726 463 sui
761 412 1014 482 temporis
1043 422 1200 467 vocat
1248 415 1602 485 scripturam,
1632 433 1751 488 quae
1780 417 1887 471 uti-
1914 419 1964 478 Α
1994 416 2193 472 nullam
2225 415 2354 470 facit
2383 413 2694 469 distantiam
2723 413 3106 483 peragendum,
3137 409 3334 466 multos
3360 427 3578 466 asscveo

304 516 414 570 que
467 503 948 573 contemporalium
991 507 1091 561 sibi
1138 507 1412 563 contineat
1460 511 1653 575 vitam;
1692 527 1752 565 se
1780 509 1890 580 pri-

305 607 490 658 mum,
534 608 592 648 se
639 594 994 661 mediastino,
1026 613 1084 653 se
1132 599 1328 654 rodens
1369 601 1541 670 ipsum
1591 611 1885 670 postremo,

304 683 431 738 inde
466 699 656 741 onmes
686 697 875 758 suopte
916 704 1064 744 more
1093 691 1368 758 viventes,
1400 694 1688 761 genuinum
1726 695 1777 748 in
1808 693 1889 748 eis

303 773 472 843 ﬁgere
517 792 624 830 non
669 777 863 832 desinit
909 780 1153 845 dentem,
1204 783 1464 837 intactum
1497 785 1752 840 deserens
1791 798 1888 838 ne-

301 867 532 920 minem.
569 868 717 922 Unde
745 872 867 939 quia
897 881 1082 926 contra
1105 889 1292 928 omnes
1323 875 1502 947 lingua
1525 875 1673 943 ejus,
1707 877 1888 947 lingua

302 957 502 1012 merito
549 967 631 1012 est
658 960 898 1015 omnium
934 971 1118 1016 contra
1153 979 1296 1019 cum.
1344 966 1494 1020 Ferri
1534 981 1664 1020 vero
1701 975 1890 1020 utcun-

299 1062 409 1115 que
453 1058 668 1119 poterat
715 1052 907 1123 lingua:
956 1057 1258 1124 procacitas
1299 1057 1444 1123 ejus;
1499 1059 1644 1129 (8'50)
1697 1060 1892 1129 digitos

293 1139 422 1208 jure
472 1140 670 1210 aliquis
720 1141 995 1214 frangeret
1039 1158 1390 1202 contumaces
1442 1149 1611 1213 illius,
1651 1151 1892 1204 venturis

300 1231 431 1284 talia
482 1233 873 1302 scriptitautes.
923 1235 1061 1304 Quid
1105 1238 1301 1308 plura?
1332 1240 1617 1295 Dissimilis
1642 1242 1891 1295 omnibus

302 1320 570 1376 honorem
611 1327 931 1382 curantibus
981 1338 1063 1383 est
1101 1327 1215 1396 ejus
1265 1331 1398 1384 vita.
1471 1331 1723 1408 Vestibus
1785 1348 1890 1386 non

299 1415 726 1485 comitur(85l),
751 1418 1130 1474 calceamentis
1161 1429 1429 1490 turpatur,
1458 1422 1752 1476 scanmalia
1784 1438 1888 1475 non

298 1506 526 1574 quaerit,
581 1508 910 1562 mensalibus
945 1510 1176 1582 indiget;
1219 1511 1565 1566 lectisteruiis
1603 1513 1890 1568 mediocri-

297 1593 403 1649 bus
422 1637 437 1658 ,
466 1605 771 1666 cmteraqne
800 1600 1129 1669 supellectile
1165 1603 1463 1656 delectatur
1481 1645 1494 1666 ,
1522 1605 1753 1673 pretiosa
1784 1621 1887 1657 non

297 1686 497 1740 ambit.
553 1686 637 1740 Nil
685 1689 828 1758 quod
871 1689 1055 1758 gloria:
1101 1693 1370 1761 pertineat
1422 1692 1476 1746 in
1526 1711 1591 1748 eo
1644 1694 1886 1755 videtur,

1992 523 2121 563 rans
2185 507 2390 562 nobiles
2440 505 2739 577 ignobilia,
2798 503 2995 558 multos
3049 502 3310 574 ignobiles
3374 503 3573 560 nobilia

1989 611 2132 665 sepe
2163 596 2377 661 fecisse,
2409 596 2852 664 nobilitatemque
2890 609 2957 648 ex
2994 595 3229 663 potentia
3275 603 3330 648 et
3358 595 3574 664 prOprie

1991 695 2139 750 actu,
2171 700 2331 754 quam
2371 701 2438 738 ex
2476 685 2672 750 alieno,
2712 683 2968 738 Sallustio
2998 692 3152 749 teste,
3181 684 3433 754 pendere.
3465 683 3574 737 Fu-

1990 791 2116 845 gere
2138 776 2216 830 sic
2238 791 2399 845 quem
2430 791 2488 830 se
2511 776 2744 839 simulat,
2779 776 2866 829 tali
2895 775 3118 829 forsitan
3151 777 3309 830 modo
3345 777 3575 831 mercari

1989 874 2220 920 conatur
2251 867 2510 920 honorem
2538 883 2551 931 ;
2583 867 2944 920 ostentatione
2967 865 3324 928 solummodo,
3370 877 3429 920 ut
3459 883 3575 922 cer-

1990 955 2158 1020 nitur,
2183 965 2394 1026 captat:
2414 972 2596 1010 veram
2619 957 2844 1026 gloriam
2868 973 3003 1010 vana
3028 966 3346 1012 commutat.
3371 957 3575 1022 Labeo,

1991 1059 2194 1110 remur,
2230 1047 2298 1098 ob
2325 1045 2448 1099 talia
2476 1047 2672 1110 factus,
2712 1047 2899 1102 incidit
2930 1049 2980 1102 in
3005 1063 3098 1102 eos
3132 1047 3355 1102 forsitan
3399 1059 3576 1115 actus,

1991 1152 2126 1205 quos
2179 1152 2312 1206 pene
2353 1153 2569 1206 semper
2616 1139 2668 1192 in
2718 1139 2852 1192 suis
2881 1139 3157 1209 deplangit
3206 1141 3578 1201 sermonibus.

1992 1226 2138 1293 (854i
2190 1244 2351 1281 manu
2387 1229 2687 1296 peccatoris
2729 1241 3072 1294 connnotus,
3124 1231 3257 1298 pede
3313 1230 3580 1300 superbia:

1991 1326 2322 1390 calcitratus,
2355 1327 2523 1382 halitu
2553 1327 2851 1382 Bebemoth
2884 1327 3276 1393 inﬂammatus,
3325 1345 3355 1382 a
3402 1329 3578 1399 gratia

1993 1418 2085 1471 Dei
2118 1419 2393 1486 expulsus,
2431 1435 2536 1474 non
2568 1419 2753 1475 valens
2779 1421 3079 1474 consistere
3113 1429 3310 1485 rectus,
3345 1422 3578 1477 immun-

1991 1511 2117 1563 dum
2140 1511 2291 1580 quid,
2326 1511 2554 1580 indeque
2584 1511 2828 1581 iniquum
2860 1512 3086 1566 forsitan
3125 1524 3398 1584 operatus.
3437 1512 3580 1568 Visi-

1993 1611 2112 1656 taus
2134 1604 2276 1657 enim
2299 1605 2533 1673 speciem
2556 1619 2705 1658 suam
2730 1613 2837 1658 tam
2868 1621 3009 1674 smpe
3035 1606 3299 1676 delinquit
3325 1607 3495 1678 (855),
3521 1617 3582 1662 ut

1991 1692 2132 1747 sicut
2158 1692 2244 1747 ille
2275 1693 2545 1762 quondam
2575 1693 2628 1747 in
2656 1691 2885 1746 Tbrenis
2911 1694 2976 1747 de
3005 1694 3146 1759 aliis,
3174 1696 3246 1749 ita
3276 1697 3374 1749 iste
3416 1697 3480 1749 de
3520 1711 3581 1750 se

295 1775 376 1828 nil
409 1777 551 1844 quod
581 1777 792 1833 honori.
845 1780 1030 1836 Manus
1073 1791 1277 1838 tantum
1318 1793 1373 1839 et
1414 1784 1557 1840 labia
1603 1785 1780 1840 cibum
1813 1787 1887 1840 la-
1917 1777 1962 1835 Β
1992 1781 2172 1836 dicere
2211 1783 2476 1837 veraciter
2505 1783 2711 1850 possit:
2744 1780 2940 1836 Oculus
2973 1800 3118 1838 meus
3147 1785 3476 1854 deprtcdatus
3503 1793 3582 1838 est

295 1877 394 1921 vat
434 1879 779 1938 sumpturus,
841 1888 1046 1928 necnon
1094 1885 1149 1929 et
1197 1885 1441 1944 snmpto;
1501 1876 1693 1930 faciem
1742 1894 1884 1932 raro.

297 1959 552 2016 Forsitan
590 1965 644 2016 in
687 1965 865 2034 patria
893 1982 988 2020 sua
1033 1967 1210 2022 fuerat
1241 1969 1507 2024 bacnlaris
1551 1971 1722 2040 (852),
1771 1972 1889 2024 ideo

301 2051 379 2104 illi
428 2062 536 2106 tam
587 2054 761 2109 honor
802 2057 978 2111 omnis
1029 2067 1109 2112 est
1143 2060 1282 2123 vilis,
1343 2060 1499 2130 longe
1547 2063 1701 2114 aliter
1745 2078 1890 2131 swpe

289 2139 429 2195 licet
478 2142 682 2197 dictum
743 2144 814 2199 sit
863 2145 1199 2215 frequentius
1248 2150 1422 2221 nobis,
1477 2150 1616 2204 lilins
1666 2167 1890 2220 carpen-

301 2232 458 2297 tarii;
503 2233 625 2287 ideo
669 2244 778 2288 tam
815 2251 1016 2306 gnarus
1037 2277 1051 2302 ,
1084 2247 1300 2308 tamque
1330 2240 1666 2296 voluntarius
1689 2251 1770 2296 est
1799 2241 1890 2296 ba-

300 2319 484 2376 silicas
526 2325 774 2379 struendi
808 2326 890 2380 vel
928 2328 1261 2394 restruendi;
1296 2329 1499 2400 lapides
1527 2345 1744 2403 semper
1772 2348 1892 2387 ver-

299 2421 389 2464 sat
415 2423 466 2466 et
501 2425 767 2480 reversat,
804 2417 916 2486 ipse
944 2433 1038 2473 eos
1071 2434 1213 2485 saepe
1247 2424 1538 2477 connectit.

373 2503 536 2574 377
557 2507 611 2558 5.
631 2505 761 2572 Qua:
783 2517 906 2561 sunt
931 2523 1207 2563 servorum
1233 2525 1392 2579 agere
1409 2528 1513 2566 non
1539 2513 1889 2584 dedignatur;

301 2597 554 2669 [subaudi
587 2616 773 2655 eorutn
813 2619 933 2672 qua:
965 2603 1111 2675 sunt]
1149 2605 1486 2661 dominorum
1511 2610 1646 2662 adeo
1675 2609 1893 2680 negligit

302 2699 544 2753 usurn,ut
564 2692 874 2759 posthabito
887 2693 1072 2749 curule
1087 2696 1378 2766 pontiﬁcali
1396 2695 1542 2769 (833)
1561 2698 1894 2768 frequentius

302 2779 534 2835 decubet
550 2781 695 2838 humi
717 2801 730 2849 ;
751 2784 1014 2854 Epicurus
1025 2801 1090 2840 ac
1104 2788 1264 2842 veluti
1279 2789 1438 2855 alter,
1453 2804 1718 2844 summum
1736 2793 1786 2847 in
1805 2808 1896 2846 vo-

301 2867 510 2939 luptate
538 2871 736 2926 bonum
758 2875 848 2942 qui
873 2885 1090 2931 censeat
1115 2891 1254 2942 esse,
1285 2879 1328 2933 si
1355 2880 1531 2935 ventri
1562 2881 1697 2936 bene
1718 2890 1820 2948 est,
1849 2883 1894 2937 si

301 2963 536 3032 lateri,si
554 2968 802 3036 pedibus,
825 2971 867 3023 si
887 2970 1086 3027 sibiest
1100 2973 1318 3042 suisque
1338 2973 1609 3030 sufﬁciens
1629 2975 1752 3041 soli,
1767 2991 1894 3031 con—

293 3061 509 3109 tentus.
533 3054 646 3110 Non
660 3059 930 3114 curatsibi
951 3054 1294 3116 manducanti
1317 3073 1497 3118 utrum
1513 3064 1734 3133 quilibet
1757 3066 1894 3119 assi-

1989 1875 2221 1927 animam
2253 1891 2417 1928 meam
2453 1873 2674 1944 (T/tren.
2725 1889 2809 1936 Ill,
2859 1874 2968 1944 51).
3018 1875 3306 1930 Enimvero
3353 1876 3454 1930 nisi
3508 1875 3583 1928 ita

1995 1967 2348 2034 proculdubio
2383 1978 2550 2025 esset.
2592 1975 2645 2020 et
2687 1981 2744 2020 se
2773 1966 2896 2020 talia
2923 1967 3007 2020 vel
3058 1967 3249 2023 fecisse
3279 1968 3360 2021 vel
3399 1969 3583 2022 facere

1993 2057 2132 2109 unde
2167 2055 2457 2110 iufernales
2485 2057 2634 2110 luere
2655 2056 2844 2110 debeat
2866 2072 3075 2126 pmnas,
3099 2074 3205 2112 non
3233 2061 3537 2129 agnovisset
3564 2076 3578 2120 ;

1992 2146 2059 2200 ad
2090 2146 2232 2198 illam
2263 2160 2366 2214 qua
2396 2145 2658 2214 prandent
2702 2147 2884 2199 caeteri
2935 2146 3142 2210 horam,
3182 2162 3304 2201 cum
3345 2149 3413 2202 sit
3456 2149 3584 2201 ela-

1993 2237 2263 2299 cissimus,
2291 2237 2403 2305 ipse
2425 2236 2719 2305 pransisset
2738 2234 2919 2305 (:36);
2949 2252 3167 2291 carnem
3191 2246 3249 2292 ut
3273 2239 3579 2309 aliquoties,

1992 2343 2206 2398 semper
2242 2338 2298 2380 ut
2349 2327 2461 2392 alii,
2511 2326 2874 2390 comedisset;
2927 2335 3004 2380 tot
3038 2327 3203 2382 millia
3237 2329 3466 2396 vicibus,
3522 2338 3584 2384 ut

1992 2419 2139 2473 solus
2174 2419 2413 2474 existens
2441 2433 2601 2489 agere
2627 2429 2899 2482 narratur,
2925 2434 3005 2472 vze
3030 2419 3183 2485 mibi,
3206 2435 3285 2474 va:
3313 2436 3418 2474 non
3441 2436 3580 2491 quo-

1993 2525 2097 2580 que
2129 2510 2436 2566 clamasset.
2471 2511 2586 2565 Non
2619 2510 2814 2565 desunt
2839 2511 2984 2564 enim
3029 2515 3120 2579 qui
3169 2512 3461 2582 saepissime
3487 2528 3585 2567 au-

1994 2599 2294 2653 dianteum
2328 2599 2502 2654 solum
2549 2600 2704 2671 quasi
2754 2615 2876 2653 cum
2920 2600 3093 2656 altero
3143 2602 3331 2666 rixari,
3379 2613 3434 2658 et
3482 2603 3583 2658 ali-

1994 2690 2210 2758 quando
2235 2689 2446 2746 dicere:
2470 2691 2712 2758 Quidvis
2737 2691 2952 2757 iterum,
2980 2691 3226 2746 diabole?
3255 2692 3440 2749 Nonne
3465 2694 3582 2765 jam

1995 2781 2325 2835 conscnuisti
2375 2781 2430 2836 in
2481 2781 2675 2836 talibus
2717 2797 2966 2848 mecum;
3019 2782 3176 2837 ell'eta
3217 2785 3481 2850 membra,
3529 2795 3586 2842 et

1997 2885 2221 2924 enerves
2249 2886 2346 2925 cur
2383 2872 2560 2926 adhuc
2609 2872 2816 2928 laceras
2839 2875 3034 2928 artus?
3079 2873 3266 2930 Nonne
3308 2877 3400 2931 tibi
3451 2878 3585 2934 satis

1997 2976 2116 3015 sum
2147 2962 2412 3016 traditus?
2435 2963 2620 3019 Nonne
2644 2965 2775 3018 satis
2795 2965 3092 3032 gehennam
3118 2965 3289 3021 habeo
3311 2971 3585 3038 emptam?

1999 3052 2136 3119 Quid
2170 3055 2399 3123 amplius
2430 3054 2587 3124 pretii
2617 3054 2857 3123 quazris?
2886 3053 3110 3109 Minoris
3147 3057 3312 3126 potuit
3344 3058 3451 3112 vita
3491 3076 3583 3127 pe-

301 3147 430 3199 dem
463 3157 636 3204 οωιυε,
661 3166 672 3202 ε
702 3163 886 3204 mensa
910 3152 1107 3221 quippe
1134 3153 1275 3208 iuius
1303 3170 1498 3224 expers
1523 3157 1772 3220 divitum,
1805 3174 1892 3212 50.
1923 3144 1966 3205 C
2001 3145 2174 3199 renuis
2196 3147 2319 3198 emi.
2363 3145 2418 3199 Si
2445 3161 2551 3200 non
2584 3144 2855 3201 sufﬁciunt
2881 3160 3006 3200 vero
3039 3162 3160 3217 qua:
3187 3159 3314 3202 sunt
3344 3149 3398 3202 in
3445 3149 3583 3204 libro

302 3233 584 3292 dalitatem
626 3239 772 3293 haud
821 3242 1026 3310 respuit
1058 3257 1156 3297 nec
1185 3244 1479 3315 incongrue
1510 3246 1719 3310 vilium,
1753 3255 1888 3315 pau-

297 3339 490 3394 perem
517 3341 765 3382 asserens
796 3345 1035 3386 mensam
1068 3331 1360 3400 locupletes
1385 3335 1660 3404 dedignari
1704 3338 1888 3390 convi-

299 3433 422 3472 vas.
455 3417 600 3474 Inter
622 3420 856 3476 nobilem
879 3432 932 3474 et
955 3423 1244 3493 ignobilem
1275 3425 1340 3478 ad
1365 3440 1521 3479 sumn
1548 3427 1890 3481 commodum

303 3589 470 3650 quam
514 3589 709 3650 citius.
739 3576 992 3650 Lgobiensi
1035 3579 1319 3634 edidimus.
1362 3579 1418 3633 In
1445 3579 1547 3634 hac
1585 3581 1727 3634 enim
1753 3580 1894 3650 ejus-

301 3645 450 3699 modi
497 3647 712 3719 quidem
762 3648 1054 3719 descriptio
1107 3650 1444 3712 continetur,
1497 3667 1601 3719 qua
1663 3666 1721 3703 se
1779 3645 1893 3719 pri-

304 3732 483 3787 mum,
539 3716 591 3787 id
630 3724 714 3770 est
775 3718 825 3770 in
874 3717 1136 3786 principio
1174 3719 1386 3787 operis,
1446 3716 1890 3785 se'mediastino,

303 3785 361 3861 id
413 3795 518 3861 est_
542 3786 620 3861 ἱιι⁸
649 3788 848 3861 medio,
877 3785 1428 3861 seipsnm'po‘streino,
1462 3790 1512 3844 id
1538 3800 1640 3861 est,
1671 3791 1722 3844 in
1752 3793 1898 3861 ejus-

303 3855 430 3928 dem
479 3854 848 3928 confessionis
894 3854 999 3911 line
1044 3854 1418 3928 reprehendit,
1475 3869 1529 3912 et
1575 3860 1676 3914 hac
1737 3854 1896 3916 occa-

305 3925 465 3998 sione
510 3925 643 3979 alios
693 3926 984 3998 identidem
1017 3925 1221 3998 pnngit.
1277 3929 1407 3983 Cum
1454 3939 1629 3984 tamen
1671 3929 1723 3982 in
1755 3931 1896 3986 Con-

299 3994 548 4069 fessione
588 4010 694 4049 non
715 3995 884 4069 ,feriat
912 3994 1086 4069 omnes
1108 3994 1332 4069 .iita‘ut
1367 3999 1420 4052 in
1449 4009 1647 4053 tactum
1694 4001 1893 4069 deferat

304 4066 566 4140 neminem
584 4106 599 4128 ,
619 4067 1117 4140 “quemadmoduto
1143 4068 1194 4121 in
1241 4066 1671 4140 Cgltronographia
1704 4066 1894 4125 fecisse

306 4135 562 4209 traditur,
587 4134 727 4188 aliud
750 4152 886 4205 opus
907 4137 1240 4209 deperditum
1262 4134 1719 4209 Chronograpbiaa
1741 4141 1894 4194 titulo

306 4205 630 4278 inscriptum
659 4215 930 4274 putamus.
962 4205 1316 4278 Hociquidem
1349 4209 1400 4261 in
1432 4205 1716 4263 [tineiario
1744 4227 1890 4265 num.

305 4275 366 4349 8,
418 4275 612 4349 iterum
649 4285 912 4349 memorat
941 4294 954 4330 :
990 4275 1034 4329 0
1061 4275 1488 4349 Clironograpltiu
1514 4278 1751 4334 Ratherii
1780 4299 1896 4349 pes-

306 4345 478 4397 sima!
507 4345 594 4398 ubi
621 4346 1038 4400 etiamindieare
1062 4345 1294 4413 videtur,
1319 4345 1375 4402 se
1407 4349 1457 4402 in
1487 4363 1548 4404 ea
1572 4345 1894 4405 clericorum

307 4430 530 4468 suorum
584 4431 765 4470 mores
811 4416 1427 4486 perstrinxissewquod
1464 4419 1516 4472 in
1573 4419 1711 4476 libro
1756 4419 1894 4475 Con-

305 4485 551 4552 fessionis
582 4501 686 4539 non
717 4485 977 4542 invenies.
1009 4485 1208 4543 Confer
1236 4485 1430 4542 ibidem
1461 4498 1570 4543 not.

380 4554 526 4625 (850)
568 4555 833 4629 Qonstrue
858 4571 886 4629 :_
902 4557 1091 4629 aliquis
1113 4557 1521 4629 jurefrangerct
1547 4561 1738 4629 digitos
1767 4577 1892 4615 con-

303 4625 746 4696 tumaces_illius,
787 4625 1134 4696 scriptitantes
1184 4627 1312 4681 talia
1363 4625 1622 4682 rentur-is:
1657 4631 1785 4696 Qua:
1816 4634 1892 4685 in-

306 4704 495 4768 nuunt_
530 4694 658 4749 ferri
709 4694 898 4765 posse,
938 4697 984 4768 si
1035 4706 1223 4752 auctor
1267 4698 1377 4751 sola
1427 4700 1603 4768 lingua
1655 4694 1887 4756 feriret:

303 4773 359 4818 at
389 4765 596 4838 scripto
629 4769 818 4821 eadem
860 4766 1112 4838 vulgare,
1159 4776 1213 4820 et
1247 4769 1314 4821 ad
1343 4765 1584 4837 posteros
1623 4773 1892 4825 transmit-

305 4846 422 4907 tere
472 4834 599 4907 ferr_i
653 4852 758 4890 non
793 4834 972 4907 posse.

376 4906 526 4986 (est)
547 4905 727 4986 “Prius
761 4905 866 4961 non
899 4910 1124 4986 comite]:
1146 4918 1430 4986 corrupte,
1470 4918 1529 4962 ut
1559 4910 1883 4986 novissimus

305 4974 580 5045 Spicilcgii
611 4978 789 5032 editor
817 4979 1042 5032 notavit.
1077 4978 1198 5033 Mox
1239 4974 1327 5032 ubi
1381 4980 1670 5032 scamnalia
1712 4983 1887 5037 Acbeo

310 5047 418 5100 rius
491 5048 702 5114 putavit
757 5049 1035 5118 legendum
1095 5047 1362 5102 scamclla.
1423 5050 1694 5104 Laudatus
1754 5068 1885 5107 vero

308 5118 479 5190 editor
509 5118 632 5189 nihil
667 5119 998 5190 putandum
1029 5118 1302 5189 credidit,_
1339 5130 1392 5172 et
1422 5121 1544 5190 jure
1571 5138 1584 5172 :
1630 5136 1752 5174 nam
1782 5122 1885 5177 Ra-

1920 4523 1970 4582 ι)
1995 4502 2136 4582 ""12:

1999 3234 2357 3305 Confessioais
2394 3253 2526 3292 mea:
2553 3237 2839 3306 descripta,
2872 3252 3113 3302 recurre,
3140 3241 3392 3312 maligne,
3416 3243 3582 3314 378

2000 3326 2068 3378 ad
2103 3335 2275 3391 tuum,
2306 3326 2394 3380 ubi
2451 3328 2637 3396 utique
2682 3327 2795 3380 scio
2841 3327 2972 3380 nihil
3021 3329 3284 3385 malorum
3337 3348 3582 3389 meorum

1998 3417 2280 3482 omissum,
2307 3416 2572 3483 sufficere,
2601 3419 2694 3474 sed
2719 3417 2910 3483 fateor,
2935 3429 3186 3488 poterant
3209 3428 3583 3482 tantummodo

1995 3592 2163 3647 suam,
2195 3575 2528 3647 voluntatem
2564 3591 2667 3647 non
2707 3575 2816 3629 adit
2863 3586 3074 3629 vocatus
3123 3577 3456 3647 episcOpum;
3496 3581 3585 3636 ille

1994 3663 2116 3700 suos
2148 3644 2418 3718 (ioculares
2460 3646 2648 3718 mittit,
2679 3655 2726 3697 et
2755 3644 3172 3718 pergpatestatem
3197 3644 3314 3701 eunt
3339 3652 3584 3718 rapiunt,

1995 3727 2041 3772 et
2087 3716 2156 3768 ad
2203 3716 2497 3784 episcopum
2549 3715 2766 3767 ducunt.
2830 3713 3122 3770 Ratberius
3175 3732 3302 3771 vero
3359 3713 3407 3770 a'
3442 3713 3580 3774 non;

1997 3785 2156 3840 nullis
2210 3785 2480 3839 irrisionis
2529 3785 2700 3854 gratia
2753 3784 3036 3838 dicebatur
3067 3784 3233 3841 fuisse
3281 3787 3578 3853 bacularis,

1996 3856 2078 3910 vel
2105 3855 2594 3925 ﬁliuscarpentarii
2616 3871 2635 3908 :
2659 3855 2799 3923 quod
2845 3864 3021 3908 tamen
3059 3855 3210 3924 longe
3235 3857 3388 3910 aliter
3415 3862 3581 3925 nobis,

1997 3927 2184 3998 idhest
2234 3923 2673 3998 Vgoneusibus,
2724 3925 3052 3998 frequentius
3094 3923 3288 3998 dictum
3344 3927 3456 3998 ipse
3495 3923 3585 3985 ca?

1996 3996 2209 4050 villator
2250 3993 2513 4058 afﬁrmat;
2571 3996 2654 4048 vir
2693 3993 2838 4049 enim
2889 3996 3118 4059 nobilis,
3164 3997 3303 4050 sicut
3346 3993 3493 4062 erat,
3527 4010 3587 4055 ut

1997 4068 2048 4136 in
2087 4065 2210 4136 Sita
2265 4065 2353 4136 δι
2401 4066 2768 4127 ostendimus,
2817 4066 2890 4118 ita
2962 4067 3124 4120 etiam
3179 4083 3207 4118 a
3256 4068 3498 4136 pluribus
3553 4087 3585 4126 ο

1995 4126 2291 4191 Germania
2332 4136 2594 4210 Veronam
2627 4126 3076 4210 advenientibus,
3123 4137 3215 4205 qui
3256 4126 3386 4208 'ejns
3415 4156 3586 4210 genus

1996 4215 2287 4280 noverant,
2339 4206 2518 4280 dictus
2565 4205 2682 4259 fuit.
2734 4205 2933 4280 Notaui
2983 4207 3204 4280 dignum
3249 4205 3587 4280 estcorpeu-

1996 4279 2187 4330 tarium
2240 4275 2406 4344 accipi
2459 4276 2524 4330 de
2573 4290 2670 4338 eo,
2723 4277 2812 4343 qui
2862 4277 3023 4330 etiam
3074 4291 3138 4330 ex
3191 4275 3586 4346 lapidibus-ali-

1995 4347 2122 4416 quid
2173 4347 2461 4416 construit.
2502 4346 2817 4400 Ratherium
2871 4347 2921 4399 in
2975 4347 3247 4401 struendis
3301 4358 3462 4416 atque
3501 4366 3586 4404 re-

1995 4415 2267 4473 struendis
2315 4415 2560 4470 ecclesiis
2615 4417 2879 4470 intentum
2920 4416 3045 4470 alibi
3104 4433 3320 4486 quoque
3376 4415 3587 4475 videbi-

2068 4557 2214 4626 (855)
2247 4556 2410 4610 Forte
2434 4555 2687 4623 dignitate
2711 4555 3024 4624 pontiﬁcali,
3055 4557 3129 4610 ait
3158 4557 3457 4624 Acberins;
3488 4562 3581 4614 sed

1996 4627 2238 4697 profecto
2278 4626 2580 4697 aliudhtum
2603 4626 2910 4693 cogitabat;
2951 4642 3074 4680 nam
3107 4628 3306 4681 curulis
3338 4630 3438 4684 hoc
3465 4630 3583 4685 loco

1997 4695 2151 4752 Sedes
2176 4705 2280 4770 est,
2305 4695 3142 4770 qualiutebanIiit'_tnagistrattts
3165 4738 3178 4759 ,
3210 4706 3261 4751 et
3291 4700 3381 4768 qui
3413 4701 3585 4770 digni-

1999 4776 2109 4822 tate
2133 4763 2361 4842 quadam
2391 4763 2598 4834 publica
2633 4763 2923 4842 pollebant.
2949 4767 3052 4842 _lta
3097 4783 3272 4842 novus
3309 4763 3583 4842 Spicil'cgii

1996 4835 2191 4892 editor.
2240 4836 2359 4890 Mox
2393 4843 2645 4910 construe
2674 4854 2686 4888 :
2713 4852 2773 4887 ac
2802 4835 2959 4910 veluti
2989 4836 3122 4910 alter
3169 4835 3451 4906 Epicurus,
3497 4835 3586 4910 q'ni

1994 4920 2196 4962 censeat
2227 4921 2488 4961 summum
2533 4907 2721 4959 bonum
2752 4921 2860 4958 esse
2893 4907 2945 4959 in
2992 4906 3269 4973 rolupmte,
3315 4906 3583 4964 contentus

1991 4981 2037 5033 si
2068 4979 2191 5032 bene
2217 4989 2290 5032 est
2313 4978 2500 5052 centri,
2528 4977 2572 5027 si
2603 4976 2778 5039 lateri,
2816 4977 2860 5028 si
2886 4977 3120 5044 pedibus,
3146 4979 3189 5030 si
3219 4993 3295 5033 est
3329 4982 3585 5052 sufﬁciens

1991 5051 2088 5102 sibi
2115 5048 2211 5100 soli
2239 5057 2286 5101 et
2315 5047 2443 5101 suis.
3392 5047 3416 5052 --
3609 5056 3614 5068 ι

2065 5118 2212 5189 (854)
2242 5118 2365 5172 Haec
2401 5118 2454 5171 in
2490 5116 2820 5190 contrarium
2866 5130 3090 5189 sensum,
3117 5131 3334 5188 sumpta
3381 5139 3443 5177 ex
3491 5119 3593 5172 illis
