4032 5354
418 159 534 217 ΒΞῚ

1626 149 1956 210 RATHERII
1993 148 2206 206 EPISC.
2247 146 2503 206 VERON.

3593 153 3697 213 528

414 276 521 330 illa
549 270 842 345 quac.(8'57)
872 268 1037 331 Italia,
1070 267 1300 323 Francia
1332 274 1536 334 cantat,
1568 275 1623 322 et
1648 264 1862 333 Norica,
1893 280 2013 335 qum
2042 268 2089 327 Α
2118 277 2413 334 nunquam,
2455 260 2523 318 ad
2568 267 2771 318 cortem
2796 263 2944 336 (840)
2989 263 3285 333 rarissime,
3335 274 3392 322 et
3434 266 3481 321 si
3534 266 3711 352 forte,

427 382 534 421 non
563 366 774 437 ignorat
799 359 1130 430 Burgundia,
1162 357 1351 414 recolit
1401 356 1708 422 Provincia,
1764 354 2011 410 meminit

428 453 787 525 Septimania,
811 450 1044 507 Saxonia
1067 448 1327 519 loquitur,
1352 446 1550 504 Suevia
1572 446 1907 503 recordatur.
1931 444 2011 499 In-

418 553 727 600 veteratum
771 541 981 597 dierum
1023 538 1287 593 malorum
1342 552 1432 593 me
1475 535 1762 600 nominari,
1795 534 2009 599 valere,

427 637 673 693 sufﬁcere
726 634 846 700 tibi,
904 632 1138 703 maligne
1164 670 1179 694 ,
1217 637 1428 700 poterat
1466 626 1608 697 jure.
1659 626 1785 683 Scio
1829 635 2010 680 tamen

426 740 666 797 versute,
707 728 850 790 scio,
890 725 1033 797 quod
1059 738 1146 779 me
1176 737 1358 793 quem,
1406 723 1543 792 proh
1588 720 1781 777 dolor!
1834 730 2007 784 tenes,

427 839 534 878 non
555 819 777 893 quaeris,
801 816 893 874 sed
921 830 1018 887 per
1037 828 1125 869 me
1147 812 1429 883 acquirere
1455 812 1601 883 (838)
1630 811 1764 867 alios
1783 809 2006 881 satagis.

495 910 550 964 4.
577 909 702 963 Haec
726 920 849 963 cum
873 902 1142 967 audimus,
1165 899 1353 970 quanti
1376 913 1499 953 eum
1515 898 1714 952 habere
1731 895 2008 950 valemus?

426 1002 538 1056 Deo
560 999 842 1070 displicere
886 995 1038 1050 illum
1082 991 1441 1063 agnovimus;
1488 987 1805 1058 placabilem
1855 985 2011 1041 nobis

424 1111 548 1150 eum
595 1090 865 1164 quomodo
918 1085 1192 1142 facimus?
1235 1081 1640 1151 Desperationis
1693 1079 1839 1135 enim
1886 1093 2009 1133 cum

423 1185 585 1242 verba
604 1185 712 1239 sint
727 1182 849 1245 ista,
873 1178 1002 1249 quid
1024 1177 1090 1232 de
1109 1190 1175 1229 eo
1195 1188 1417 1228 censere
1430 1174 1572 1227 valet
1593 1179 1923 1228 nostra'cum
1945 1184 2011 1225 eo

424 1277 733 1340 aestimatio,
758 1274 831 1329 ita
865 1282 925 1326 ut
945 1271 1217 1339 vituperet
1236 1275 1292 1321 et
1312 1265 1453 1319 sua?
1490 1265 1558 1319 Et
1599 1280 1740 1328 cum,
1788 1272 2011 1319 auctore

413 1366 699 1439 ~Apostolo,
728 1356 1253 1431 irreprchensibilem
1275 1362 1521 1425 oporteat
1552 1355 1863 1423 episcopum
1888 1367 2010 1407 esse
2045 1364 2057 1369 ·

408 1459 476 1531 ~(I
518 1458 651 1513 Tim.
687 1471 771 1520 ιιι,
800 1453 856 1526 2)
884 1469 898 1518 ;
931 1457 1100 1511 tanta,
1149 1456 1256 1501 tam
1303 1445 1749 1516 reprehensibilia
1777 1444 2008 1499 inveniri

406 1550 478 1603 in
506 1563 615 1603 uno
648 1545 847 1609 valere,
871 1541 996 1612 quis
1022 1537 1201 1593 valeat
1237 1536 1423 1591 ferre?
1464 1535 1609 1589 Inter
1655 1534 1838 1588 omnia
1881 1548 2009 1589 vero

2112 371 2219 411 non
2247 364 2458 425 sponte.
2496 354 2554 411 Id
2599 362 2778 410 tamen
2830 356 2877 412 si
2919 356 3069 423 facit,
3110 358 3188 413 ad'
3225 356 3485 429 palatium
3532 359 3705 432 379

2112 443 2402 514 quatriduo
2434 443 2612 515 pergit
2639 442 2830 499 saltem
2862 451 3137 501 transacto
3162 463 3175 499 :
3200 460 3306 516 quo
3336 445 3501 501 citius
3531 448 3697 512 valet,

2112 535 2470 591 diversorium
2516 535 2728 606 repetit,
2779 534 2976 591 librum
3023 546 3284 609 receptat.
3315 537 3395 594 De
3444 538 3593 594 nulla
3642 556 3701 595 re

2110 628 2378 684 Caesarem
2407 627 2661 698 appellat,
2690 628 2765 684 nil
2804 629 2874 684 ab
2916 643 2983 684 eo
3029 630 3242 700 quaerit,
3292 630 3425 686 nulli
3473 646 3704 688 suorum

2110 719 2252 788 apud
2281 719 2400 789 ejus
2437 719 2779 775 clementiam
2811 718 3089 792 sutI'ragat.
3120 720 3379 777 Ecclesiae
3421 737 3536 777 suae
3566 721 3702 780 nihil

2111 810 2374 880 acquirit,
2422 810 2650 881 perdere
2697 810 2931 880 plurima
2991 812 3138 865 sinit.
3187 812 3322 867 Cum
3363 812 3703 882 primoribus

2111 899 2246 954 nihil
2267 900 2454 955 actitat
2472 900 2644 970 regni,
2663 900 2894 972 hospitia
2918 901 3128 956 illorum
3148 916 3253 957 non
3277 902 3407 965 adit,
3428 902 3700 973 colloquia
3729 894 3735 903 ’

2108 991 2459 1061 parvipcndet
2498 1007 2513 1057 ;
2566 991 2630 1046 ad
2692 1007 2847 1046 suum
2908 992 2985 1065 [id
3030 1004 3105 1047 est
3147 994 3463 1067 hospitium]
3507 1009 3700 1051 eorum

2111 1077 2313 1134 nullum
2341 1080 2552 1134 invitat.
2584 1078 2726 1135 Nulli
2755 1080 2970 1136 illorum
2994 1082 3289 1152 quidquam
3318 1082 3568 1153 largitur,
3616 1084 3702 1139 vel

2109 1171 2178 1225 ab
2206 1185 2271 1225 eo
2307 1171 2478 1241 petit;
2507 1171 2727 1243 domum
2750 1187 2970 1244 semper
2998 1190 3198 1232 vacuus
3223 1176 3381 1233 redit.
3413 1176 3701 1246 Jusjuran-

2110 1261 2236 1316 dum
2267 1262 2468 1317 nemini
2515 1262 2694 1330 oﬂ‘ert,
2730 1278 2907 1335 neque
2938 1280 2969 1320 a
3004 1280 3273 1337 quoquatn
3325 1269 3572 1338 requirit.
3622 1268 3702 1324 De

2111 1350 2255 1405 nulla
2287 1352 2445 1423 hujus
2467 1353 2651 1409 saeculi
2673 1354 2842 1424 gloria
2867 1355 3095 1411 aliorum
3126 1371 3185 1412 se
3209 1355 3523 1413 inframittit
3548 1359 3701 1432 (841)

2110 1444 2376 1513 exemplo.
2402 1444 2543 1500 Dicit
2567 1461 2626 1502 se
2653 1446 2878 1518 gloriam
2922 1447 3043 1503 ideo
3071 1449 3345 1519 detestari,
3390 1452 3543 1521 quia,
3573 1467 3703 1508 cum

2108 1535 2295 1601 voluit,
2324 1552 2444 1592 eam
2482 1536 2752 1608 nequierit
2779 1539 3043 1617 adipisci;
3077 1541 3257 1607 modo,
3294 1542 3422 1597 dum
3449 1558 3560 1598 non
3599 1543 3702 1597 da-

410 1640 540 1709 'ejns
566 1646 652 1695 est
684 1636 916 1692 maxime
947 1631 1190 1688 miranda
1223 1627 1540 1698 loquacitas,
1566 1641 1687 1681 cum
1727 1624 2004 1681 disertitu-
2035 1638 2083 1698 Β
2113 1625 2256 1681 bitur
2287 1626 2413 1694 frui,
2446 1628 2824 1684 stultissimum
2872 1644 2990 1685 eam
3015 1631 3088 1685 sit
3120 1630 3381 1688 affectari.
3420 1632 3627 1689 Pedem
3653 1635 3703 1691 si

423 1731 566 1787 dinis
600 1726 744 1783 nulla
771 1723 1173 1791 ciosum-agetur
1211 1717 1459 1782 facultas,
1502 1730 1600 1771 nec
1629 1715 2006 1786 magistrorqu

376 1880 381 1885 ,
422 1820 758 1884 auctoritas,
802 1815 891 1870 vel
934 1814 1196 1868 lectorum
1235 1806 1590 1863 immensitas.
1643 1806 1700 1861 Si
1743 1805 2006 1860 mirabilis

414 1914 607 1983 itaque
636 1907 855 1965 Deusin
883 1904 1088 1961 sanctis
1114 1910 1169 1957 et
1208 1900 1464 1972 operibus
1492 1898 1604 1953 suis
1630 1895 1803 1969 (Psal.
1836 1912 2006 1962 vau,

416 2003 516 2073 56)
543 2019 558 2070 ;
588 1998 907 2061 mirabilior,
935 2004 995 2049 ut
1020 1994 1093 2048 ita
1126 1993 1390 2055 dicamus,
1419 1989 1471 2043 in
1500 1988 1696 2044 talibus
1747 1987 1835 2042 tali
1889 1987 2008 2041 tali-

408 2106 616 2166 terque
657 2087 964 2148 concessis:
992 2085 1156 2140 asina:
1205 2081 1426 2137 Balaam
1472 2078 1666 2151 (Num.
1703 2095 1841 2144 χχιι,
1888 2078 2006 2149 28),

422 2187 510 2242 vel
535 2185 708 2241 eidem
733 2178 1027 2237 idololatrm
1052 2172 1317 2244 sacrilego
1338 2187 1462 2229 eum
1485 2186 1771 2242 possumus
1793 2185 2009 2241 compa-

424 2290 587 2341 rare;
618 2267 961 2344 prophetanti
991 2266 1178 2335 utique
1218 2274 1275 2319 et
1316 2260 1628 2330 decipienti,
1668 2258 2008 2315 benedicenti

421 2376 479 2423 et
504 2360 867 2425 maledicenti,
900 2363 1220 2425 compuncto
1259 2361 1317 2407 et
1350 2351 1653 2416 obdurato;
1698 2349 1840 2415 Eliu,
1886 2364 2008 2404 cum

420 2467 603 2514 tamen
632 2454 773 2511 idem
806 2465 926 2506 esse
953 2448 1044 2519 qui
1087 2455 1143 2501 et
1178 2444 1397 2501 Balaam
1443 2445 1717 2509 credatur,
1763 2441 2009 2515 [subaudi

416 2542 731 2619 possumus]
759 2538 1100 2603 assimilare;
1134 2550 1295 2607 quem
1339 2534 1568 2590 miratur
1600 2534 1860 2589 Dominus
1897 2535 2010 2604 ipse

421 2636 725 2695 sententias
807 2628 1150 2687 sermonibus
1214 2626 1478 2697 imperitis
1543 2625 1820 2680 involvere
1888 2624 2008 2696 (Job

417 2741 655 2792 xxxviii,
692 2724 772 2795 9),
818 2721 963 2791 quod
1008 2733 1171 2790 agere
1217 2731 1325 2772 non
1369 2715 1569 2771 desinit
1608 2715 2010 2770 iste:lucern:e

419 2821 561 2876 alios
589 2814 937 2878 illuminanti,
969 2820 1024 2867 et
1048 2810 1279 2879 seipsam
1326 2807 1503 2863 urenti
1547 2817 1756 2877 aptare.
1790 2807 2010 2862 Bonitas

422 2914 609 2983 itaque
628 2908 678 2965 ei
703 2908 880 2962 inesse
902 2903 946 2959 si
975 2901 1218 2958 cernitur
1250 2898 1451 2969 aliqua,
1490 2898 1795 2970 hypocrisis
1838 2900 2009 2970 magis

2109 1716 2222 1771 vult
2261 1717 2458 1788 aliquis
2493 1720 2725 1775 osculari
2771 1720 2915 1775 illius
2955 1720 3125 1793 (842),
3172 1738 3294 1778 cum
3330 1738 3527 1795 magno
3572 1740 3702 1780 eum

2110 1807 2321 1877 repellit
2350 1809 2602 1866 clamore.
2635 1810 2813 1877 Solus,
2849 1812 2893 1866 si
2922 1811 3129 1878 liceret,
3176 1822 3283 1869 tota
3326 1814 3414 1871 die
3459 1816 3701 1881 sederet,

2110 1897 2276 1954 libros
2297 1909 2543 1955 versaret
2570 1901 2652 1955 vel
2680 1908 3001 1957 reversaret.
3026 1902 3406 1974 Frequentiam
3430 1906 3578 1971 odit,
3607 1920 3702 1960 so-

2113 1986 2395 2044 litudinem
2426 1988 2620 2061 diligit,
2661 1990 2849 2046 trocho
2879 2005 2987 2046 non
3017 1990 3172 2058 ludit,
3202 1991 3375 2048 aleam
3415 1993 3593 2065 fugit,
3630 1995 3701 2050 de

2109 2080 2335 2136 canibus
2355 2079 2429 2135 nil
2459 2089 2631 2145 curat,
2658 2081 2724 2136 de
2745 2082 3094 2152 accipitribus
3120 2082 3272 2138 nihil.
3313 2083 3590 2140 Interdum
3616 2084 3700 2141 lo-

2109 2170 2492 2241 quacissimus,
2529 2170 2801 2227 interdum
2839 2181 2924 2227 est
2948 2173 3103 2243 quasi
3132 2181 3352 2240 mutus;
3385 2174 3499 2229 risu
3527 2175 3705 2230 disso-

2110 2262 2255 2318 lutus
2281 2302 2297 2327 ,
2343 2262 2681 2333 subindeque
2732 2261 3095 2329 tristissimus,
3141 2263 3416 2334 rixarique
3455 2274 3699 2321 actutum

2111 2362 2332 2423 paratus
2358 2372 2370 2407 :
2401 2352 2787 2410 scurrilitatem
2823 2368 2954 2410 vero
2975 2353 3061 2409 vel
3081 2355 3243 2410 verba
3262 2354 3461 2421 otiosa,
3498 2357 3703 2412 risum-

2111 2458 2216 2512 que
2242 2444 2536 2510 moventia,
2587 2445 2733 2500 omni
2779 2444 3044 2516 proferre,
3095 2445 3207 2500 sive
3240 2445 3311 2501 sit
3355 2445 3533 2513 laetus,
3585 2447 3702 2503 sive

2085 2532 2301 2598 _iratus,
2330 2534 2706 2604 paratissimus
2736 2534 2871 2589 hora
2898 2533 3064 2606 (845).
3096 2532 3196 2589 Det
3219 2542 3421 2602 autem,
3453 2550 3561 2591 non
3585 2535 3697 2600 det,

2108 2623 2287 2695 rogari
2313 2623 2458 2679 nullo
2486 2625 2647 2680 modo
2675 2623 2820 2679 volet
2850 2623 2941 2698 [[2,
2976 2624 3110 2692 vult,
3142 2632 3234 2680 aut
3262 2623 3444 2697 vellet]
3463 2664 3483 2692 ,
3524 2624 3700 2696 impa-

2111 2716 2249 2770 tiens
2282 2728 2518 2784 semper,
2546 2714 2974 2785 patientissimus
3010 2728 3189 2786 saepe:
3238 2715 3384 2786 quod
3428 2725 3487 2771 et
3512 2715 3561 2771 si
3605 2717 3699 2771 dat

2107 2807 2288 2874 alicui,
2336 2807 2654 2878 promittere
2696 2808 2902 2880 patitur
2944 2807 3099 2864 nulli.
3149 2807 3593 2875 Fallacissimus,
3648 2810 3697 2864 si

2109 2916 2215 2956 non
2261 2899 2652 2972 dedignaretur
2700 2901 2957 2968 mentiri;
2994 2909 3269 2969 versutus,
3297 2901 3448 2975 (844)
3495 2903 3542 2959 si
3586 2917 3697 2958 non

415 2999 657 3074 putanda
694 3010 858 3069 quam
890 2993 1102 3051 bonitas
1129 3005 1254 3045 vera
1282 3006 1296 3056 ;
1329 2989 1471 3059 quod
1494 2990 1599 3044 etsi
1639 2988 1882 3057 restruit,
1928 2990 2009 3044 in-
2035 2984 2079 3048 C
2107 3005 2304 3047 exosos
2346 2999 2404 3046 et
2437 2990 2554 3061 ipse
2587 2991 2838 3059 haberet,
2887 3001 2946 3049 et
2986 2992 3159 3050 Deum
3201 2992 3451 3050 crederet
3494 2993 3697 3052 habere

322 3122 325 3125 -
416 3088 745 3163 quiunt,-vel
778 3083 1046 3142 construit
1075 3080 1358 3144 basilicas,
1387 3079 1719 3134 ctenodoxia:
1747 3079 1849 3134 hoc
1876 3078 2005 3135 vitio

322 3169 325 3175 ’
418 3182 569 3239 facit.
624 3178 838 3235 Utinam
878 3173 1256 3236 mentirentur,
1309 3169 1391 3226 vel
1440 3169 1620 3239 potius
1648 3166 2001 3223 fallerentur!

416 3271 566 3329 Istud
602 3278 781 3324 tamen
817 3274 920 3331 est,
950 3262 1094 3319 istud
1123 3261 1266 3332 quod
1309 3259 1602 3331 Apostolus
1641 3258 1890 3329 prohibet
1920 3259 2004 3315 di-

419 3378 582 3420 cens-z
610 3359 790 3416 Nolite
818 3345 939 3412 ante
959 3367 1158 3425 tempus
1171 3353 1443 3424 judicare,
1470 3352 1610 3420 quod
1643 3369 1803 3424 usque
1832 3353 2004 3407 veniat

418 3454 699 3516 Dominus,
739 3450 828 3519 qui
864 3459 911 3502 et
960 3444 1278 3499 illuminnbit
1308 3443 1611 3498 abscondita
1654 3444 2003 3509 tenebrarum,

418 3553 468 3600 et
490 3538 842 3610 manifestabit
871 3534 1093 3590 consilia
1115 3532 1348 3587 sordium
1375 3530 1427 3603 (ι
1448 3529 1571 3586 Cor.
1600 3548 1674 3599 tv,
1704 3532 1780 3603 5).
1806 3532 2008 3601 Quam-

416 3636 503 3691 vis
524 3648 612 3689 me
661 3646 768 3686 non
803 3628 872 3684 ab
911 3626 992 3682 eis
1033 3635 1211 3680 tamen
1244 3623 1299 3677 in
1328 3623 1431 3679 hoc
1476 3622 1692 3691 penitus
1719 3623 2006 3680 dissentire

415 3724 594 3779 fatear
627 3722 759 3791 ipse.

492 3812 546 3867 5.
575 3811 713 3878 Quid
749 3808 842 3864 tali
867 3807 1053 3879 igitur,
1079 3804 1349 3874 inquiunt,
1375 3805 2005 3877 episcopatus?lmpera-

420 3902 524 3959 tori
554 3916 664 3956 non
688 3898 877 3965 servit,
906 3896 1026 3953 duci
1057 3894 1205 3968 (859)
1242 3909 1606 3966 nequaquam,
1629 3895 1683 3951 in
1705 3896 2004 3953 exercitum

490 4119 642 4193 (8⁸57)
662 4118 1041 4193 _l_iecenseulur
1068 4114 1402 4193 provinciae,_
1417 4115 1470 4169 in
1498 4117 1697 4193 quibus
1715 4116 2005 4193 Ratberius

421 4184 732 4262 aliquandiu
798 4184 1205 4242 versatus—est.
1256 4184 1456 4241 Confer
1505 4184 1618 4243 not.
1683 4188 1739 4243 in
1805 4187 2000 4245 librum

421 4260 843 4332 Confessionum.

492 4325 637 4405 (8‘58)
669 4328 728 4383 In
765 4326 943 4405 priori
969 4325 1537 4405 Acherianacditione
1562 4344 1657 4405 pro
1701 4345 1783 4384 me
1818 4332 1997 4402 aequi-
2025 4338 2073 4399 ι)

415 4396 551 4455 rer'e.
576 4396 1021 4468 Einendationem
1057 4396 1180 4468 novi
1210 4396 1433 4468 editoris
1457 4396 1779 4468 recepimus.

490 4471 637 4542 (859)
666 4468 821 4542 Daci,
852 4467 905 4521 id
918 4476 1037 4542 est,
1066 4465 1295 4542 Henrico
1321 4465 1536 4542 Qttonis
1562 4465 1993 4542 imperatoriae):

415 4535 586 4598 fratre
609 4535 809 4610 nepoti,
839 4537 933 4608 qui
962 4536 1065 4610 dux
1084 4535 1509 4610 _era_t_Bajoaria2
1535 4547 1590 4594 et
1616 4535 1863 4610 marchio
1892 4539 1996 4597 Ve-

414 4604 704 4676 ronensis;
750 4623 845 4664 seu
861 4604 1051 4678 potius
1077 4604 1577 4678 Judithaafejusdem
1618 4609 1770 4666 ducis
1809 4612 1991 4675 matri,

416 4698 538 4755 qua:
563 4696 661 4752 pro
692 4675 817 4755 '_fili_o
864 4675 1259 4755 adoiescentulo
1287 4675 1541 4755 ducatum
1591 4688 1648 4755 _et
1692 4680 1989 4755 marcltiam

417 4745 632 4825 regens,
666 4752 813 4825 ducis
835 4748 1055 4802 nomine
1092 4756 1171 4801 ter
1212 4760 1242 4799 a
1287 4745 1543 4825 Batherio
1572 4750 1859 4825 _laudatur,
1909 4753 1990 4807 his

415 4818 673 4885 nimirum
704 4821 757 4874 in
795 4820 899 4874 ltoc
922 4831 1085 4887 opere
1114 4831 1261 4887 num.
1288 4818 1320 4870 9
1347 4826 1402 4871 et
1424 4818 1509 4882 i4,
1536 4820 1623 4873 ubi
1660 4833 1776 4874 eam
1805 4821 1990 4875 ducent

414 4892 685 4962 inclytam,
718 4905 818 4962 nec
844 4886 1035 4943 nonin
1061 4886 1342 4962 Ιιὶ-ιξᾳζατςὶο
1366 4903 1519 4962 num.
1537 4888 1589 4951 4,
1620 4889 1710 4962 ubi
1733 4891 1991 4962 euellen-

416 4955 671 5017 tissi'mam
696 4960 879 5034 ducem
906 4965 1104 5034 vocat.“
1125 4955 1380 5034 Videnhaac
1422 4959 1489 5011 de
1519 4972 1576 5012 re
1605 4958 1756 5026 plura
1785 4960 1837 5034 i_n
1873 4961 1990 5034 vita

2111 3092 2377 3139 versutos.
2404 3081 2667 3141 Omnibus
2696 3084 3004 3157 ambiguus,
3040 3085 3275 3158 indeque
3301 3085 3432 3143 nulli
3476 3088 3694 3144 concin-

2106 3192 2227 3232 nus.
2255 3177 2329 3232 Es
2363 3176 2510 3250 (845)
2534 3177 2911 3234 liberalissimo
2933 3187 3214 3249 praeterea,
3255 3190 3329 3247 et,
3357 3187 3420 3236 ut
3445 3181 3696 3237 veracius

2107 3268 2369 3333 dicamus,
2419 3267 2778 3338 dilapidatore
2819 3283 2916 3339 pro
2958 3269 3204 3338 prodigio
3238 3269 3534 3340 quondam,
3587 3279 3696 3326 tam

2106 3350 2188 3415 est
2211 3367 2372 3414 tenax
2423 3373 2596 3431 nuper
2635 3356 2858 3414 eﬂ'ectus
2896 3358 3065 3429 (8‘46),
3119 3359 3275 3429 quasi
3320 3359 3374 3414 in
3413 3359 3579 3415 alium
3625 3360 3696 3415 sit

2105 3450 2281 3505 virum
2309 3458 2548 3504 mutatus
2574 3467 2587 3502 :
2617 3464 2687 3505 ex
2706 3463 2824 3525 quo
2869 3449 3151 3519 perspicue
3191 3450 3521 3506 instabilitas
3552 3450 3695 3506 valet

2106 3539 2298 3611 conjici
2326 3540 2461 3610 ejus.
2493 3540 2676 3605 Dicit,
2705 3540 3004 3594 manduca:
3030 3539 3076 3595 si
3113 3539 3270 3606 nolis,
3315 3541 3389 3595 sit
3424 3541 3523 3597 tibi
3548 3556 3695 3597 eom-

2104 3633 2281 3704 pulsio
2307 3632 2472 3688 nulla.
2497 3631 2629 3687 Bibe
2650 3630 2862 3693 saltem,
2888 3629 2999 3684 ait:
3024 3629 3296 3686 nolentem
3322 3645 3453 3686 vero
3473 3631 3696 3687 minime

2108 3727 2271 3799 cogit.
2304 3725 2444 3782 Sede
2475 3741 2581 3782 non
2608 3727 2705 3782 tibi
2734 3726 2887 3791 dicit,
2917 3740 3024 3780 non
3053 3727 3332 3782 sedentem
3356 3741 3486 3783 vero
3512 3726 3695 3782 excul-

2109 3824 2226 3871 tare
2253 3816 2403 3888 (847)
2432 3830 2769 3887 nequaquam
2802 3817 3026 3872 omittit.
3060 3815 3118 3872 Si
3161 3817 3360 3888 quaeris
3387 3818 3457 3873 ab
3487 3833 3555 3874 eo
3587 3818 3695 3873 im-

2104 3906 2389 3976 portunius
2416 3905 2639 3976 aliquid,
2668 3905 2962 3974 irascitur;
3003 3906 3048 3963 si
3077 3906 3245 3979 380
3267 3907 3412 3978 quod
3438 3921 3690 3975 necesse,

2104 4123 2431 4177 anathemate
2476 4122 2609 4192 [oret
2648 4123 2950 4179 damnatus.
3005 4124 3271 4182 Construe
3325 4133 3550 4181 autem:
3614 4126 3691 4182 De

2104 4193 2249 4248 nulla
2287 4193 2456 4264 gloria
2477 4194 2638 4263 hujus
2664 4194 2845 4248 δαισαΙί
2868 4211 2923 4250 se
2959 4196 3260 4265 inframittit
3287 4194 3523 4266 exemplo
3550 4195 3690 4249 alio-

2103 4279 2239 4320 rum.

2168 4332 2316 4408 (84%)
2345 4332 2482 4408 Nota
2513 4334 3037 4408 tutorenposculandi
3067 4335 3256 4408 pedem
3285 4330 3684 4408 episcoporum.

2176 4404 2326 4475 (845)
2357 4404 2413 4459 Id
2446 4415 2549 4470 est,
2579 4407 2946 4475 paratissimus
2973 4405 3207 4475 proferre
3231 4404 3373 4460 omni
3400 4404 3553 4471 hora,
3584 4406 3689 4461 sive

2102 4476 2167 4530 sit
2188 4474 2367 4538 ’la’tus,
2396 4476 2502 4529 sive
2525 4474 2713 4529 iratus.

2172 4544 2323 4666 (84%
2354 4543 2618 4599 Construe
2644 4562 2657 4598 :
2688 4546 2734 4598 si
2765 4554 2813 4600 et
2846 4546 2955 4616 ipse
2980 4562 3084 4600 non
3107 4545 3334 4614 haberet,
3371 4556 3421 4601 et
3446 4563 3550 4601 non
3578 4561 3687 4601 cre—

2172 4624 2239 4666 ret
2326 4629 2441 4666 eum
2470 4614 2658 4666 habere
2686 4630 2866 4666 exesos
2900 4625 3146 4666 versutos.

2101 4615 2239 4669 deret
2274 4614 2441 4667 Deum
2470 4614 2658 4667 habere
2686 4614 2872 4670 exesos
2900 4625 3146 4670 versutos.

2170 4681 2318 4753 (845)
2348 4683 2472 4737 Haec
2511 4684 2751 4745 Bathcrii
2779 4685 3092 4759 liberalitas,
3143 4701 3265 4759 quae
3307 4686 3373 4759 in
3396 4686 3684 4759 prodigali—

2098 4760 2263 4807 tatem
2289 4761 2564 4825 vergeret,
2593 4762 2811 4809 notatur
2856 4756 3018 4810 etiam
3064 4758 3116 4811 in
3152 4755 3292 4812 libro
3335 4755 3683 4825 Confessionis

2098 4839 2246 4876 num.
2280 4821 2351 4898 ϐε
2388 4821 2700 4898 Prodigum,
2742 4828 2881 4898 quod
2925 4828 3171 4898 usuraria
3209 4829 3383 4881 minus
3423 4821 3678 4898 congruit,

2098 4909 2178 4946 me
2205 4895 2371 4964 magis
2403 4894 2565 4964 fuisse
2588 4905 2635 4948 et
2665 4894 2915 4964 conﬁteor
2934 4906 2980 4949 et
3007 4895 3179 4951 doleo.

2139 4963 2321 5034 .(846)
2352 4964 2476 5019 Haec
2518 4978 2722 5034 nupera
2764 4963 3022 5029 mutatio,
3059 4982 3168 5034 qua
3194 4981 3262 5022 ex
3304 4965 3674 5023 liberalissimo
