4032 5354
299 372 409 428 529

1472 367 1884 436 QUALITATIS
1922 366 2385 423 CONJECTURA.

3459 368 3562 418 530

301 490 484 547 tacet;
518 481 642 537 inde
666 480 846 536 acrius
878 481 1156 545 irritatur;
1186 481 1230 536 si
1259 481 1553 552 ingeniose,
1584 480 1768 550 incipit
1800 480 1876 532 in-
1907 485 1955 547 Α
1982 481 2164 543 mittis,
2211 495 2364 549 quam
2397 478 2521 529 ini/.i
2554 476 2804 543 ﬁduciam
2835 474 3089 528 evadendi
3123 472 3368 543 relinquis
3396 513 3406 525 .
3447 484 3492 525 et
3520 473 3563 524 si

300 573 501 628 sanire.
535 572 593 628 Si
624 572 734 627 vult
769 573 934 628 facias
957 614 972 639 ,
1005 589 1073 628 ne
1109 574 1278 628 facias
1306 574 1478 638 dicit;
1529 573 1574 628 si
1614 587 1718 626 non
1767 571 1879 624 ficri

298 675 475 735 optat,
507 665 669 721 facito
693 666 916 737 profert.
943 666 1148 732 Fallax,
1173 667 1274 721 etsi
1305 681 1690 736 nonnunquam
1715 665 1765 718 in
1800 680 1884 718 re-

297 757 502 813 latibus
524 773 774 814 veracem
798 774 857 814 se
878 773 1088 830 semper
1109 775 1298 830 parere
1320 762 1503 816 conari
1526 761 1590 831 [Γ.
1609 758 1880 830 conatur],

297 845 354 898 in
387 847 670 915 promissis
699 847 892 903 asserit
923 848 1079 903 velle.
1119 848 1201 903 Nil
1227 866 1458 921 unquam
1488 850 1611 906 boui
1655 849 1878 904 inchoa-

296 933 378 988 vit
406 935 549 1003 quod
575 937 642 990 ad
682 936 841 992 tinem
882 939 1213 1007 perduxerit.

370 1025 426 1080 6.
467 1027 705 1084 Caudam
737 1029 884 1101 (848)
913 1033 1102 1087 hostiae
1146 1034 1511 1090 indesinenter
1538 1036 1762 1092 Domino
1791 1037 1880 1092 de-

297 1118 490 1184 trahit,
524 1119 754 1190 indeque
779 1122 1008 1176 salutem
1032 1124 1132 1178 sibi
1165 1125 1278 1193 ipse
1308 1126 1641 1181 miserrimus
1668 1129 1880 1185 adimit.

299 1205 408 1270 Qui
435 1209 580 1262 enim
610 1213 1004 1279 perseveraverit
1034 1212 1087 1266 in
1120 1213 1258 1268 bono
1291 1232 1451 1285 usque
1481 1218 1533 1270 in
1558 1217 1744 1284 ﬁnem,
1773 1223 1875 1286 hic,

296 1302 441 1350 teste
457 1297 702 1364 Domino,
721 1299 914 1366 salvus,
931 1305 1169 1372 exceptis
1190 1305 1373 1374 procul
1395 1306 1532 1371 aliis,
1550 1309 1643 1361 erit
1665 1309 1878 1379 (Manli.

296 1399 452 1446 xxiv,
487 1388 576 1456 15)
603 1403 617 1440 :
643 1403 764 1443 cum
795 1393 1186 1464 econtra'(8-l9)
1218 1395 1307 1463 qui
1340 1407 1671 1462 perseverat,
1697 1407 1752 1451 ut
1783 1400 1882 1452 iste

294 1474 518 1530 videtur
557 1477 840 1545 facturus,
893 1481 944 1533 in
993 1482 1185 1546 malis,
1239 1484 1480 1552 perditus
1529 1486 1732 1555 absque
1786 1488 1882 1540 du-

295 1563 388 1618 bio
425 1567 548 1620 erit.
611 1568 674 1622 Et
722 1570 819 1622 heu
865 1572 1032 1626 miser
1075 1582 1235 1642 atque
1282 1573 1497 1628 infelix!
1557 1575 1736 1641 Quare
1779 1576 1882 1629 sal-

295 1664 407 1708 tem
438 1657 490 1709 in
540 1658 642 1711 isto
670 1675 776 1728 quo
807 1676 949 1715 nunc
976 1670 1104 1727 stat,
1141 1680 1247 1717 non
1278 1666 1613 1720 convertitur
1653 1668 1882 1720 termino

293 1743 465 1797 Viue?
503 1743 607 1800 Sed
654 1749 864 1802 videtur
905 1750 1061 1805 nobis
1095 1753 1236 1820 quod
1277 1752 1396 1807 ideo
1436 1754 1507 1809 sit
1546 1755 1880 1825 desperatus,

1986 587 2016 622 a
2041 569 2377 638 pra'sentibus
2403 566 2553 620 malis
2579 583 2681 620 non
2709 581 2871 630 cesso,
2915 581 3071 634 quam
3099 565 3298 618 veniant
3341 563 3404 616 de
3431 579 3565 631 prcr-
3618 614 3620 617 .

1985 660 2148 712 teritis
2173 674 2322 728 spero
2345 659 2370 710 ?
2401 657 2563 710 Istam
2604 656 2789 724 igitur,
2821 655 2979 709 istam
3007 654 3135 708 dicit
3166 651 3564 707 conclusionem

1986 751 2126 804 illam
2159 749 2414 814 existere,
2449 749 2499 801 in
2530 763 2691 817 quam
2720 747 2764 801 si
2799 747 2920 815 quis
2947 744 3216 810 inciderit,
3241 744 3568 826 aeternaliter

1987 843 2096 896 Deo
2117 841 2488 904 concludenle,
2514 842 2639 894 dum
2667 854 2771 893 non
2796 838 3093 909 aperiente,
3120 829 3334 907 peribit.
3361 834 3568 888 Peribit

1986 948 2114 987 vero
2153 931 2315 1000 juste.
2363 929 2578 984 Justitia
2610 929 2751 984 enim
2781 928 2855 982 nil
2904 926 3080 982 lacere
3108 933 3320 994 potest,
3357 932 3417 978 ut
3467 925 3567 977 iste

1989 1022 2246 1085 declarat,
2272 1020 2491 1088 injuste,
2515 1034 2720 1089 ponens
2739 1017 3043 1088 exemplum
3063 1017 3126 1072 de
3146 1015 3403 1086 Apostolo
3429 1014 3561 1068 tale:

1990 1111 2092 1176 Qui
2119 1112 2290 1179 factus
2316 1085 2389 1164 est
2421 1085 2565 1163 nobis
2595 1126 2626 1162 α
2656 1109 2766 1162 Deo
2787 1085 2999 1176 justitia
3027 1104 3169 1176 (Gal.
3198 1085 3286 1168 tu,
3313 1104 3420 1172 l3).
3449 1103 3564 1168 Qua
3629 1085 3636 1099 ⁸

1987 1202 2170 1268 utique
2196 1199 2310 1266 cjus
2331 1198 2702 1252 mmstitudine
2731 1196 2948 1266 quidam
2980 1202 3287 1249 nostrorum
3317 1193 3519 1263 decepti
3549 1231 3565 1255 ,

1987 1300 2174 1359 putant
2204 1306 2324 1346 cum
2366 1287 2710 1358 prtesulatum
2747 1286 2879 1341 velle
2927 1285 3199 1339 dimittere
3225 1324 3238 1349 ,
3287 1283 3403 1351 ipso
3439 1297 3564 1350 pro-

1983 1391 2239 1452 sequente
2265 1423 2280 1447 ,
2313 1391 2366 1435 et
2397 1396 2500 1432 non
2534 1387 2762 1449 negante
2784 1417 2798 1439 ,
2831 1375 2971 1444 quod
2996 1374 3154 1428 vellet
3179 1385 3233 1427 et
3264 1372 3412 1427 nolit.
3443 1370 3568 1425 Vel-

1981 1469 2058 1527 let
2083 1471 2315 1533 scilicet,
2344 1470 2388 1524 si
2415 1469 2639 1530 liceret;
2672 1466 2824 1527 nolit,
2865 1466 2988 1533 quia
3021 1479 3125 1517 non
3156 1462 3298 1516 licet.

2057 1563 2108 1617 7.
2152 1562 2256 1617 Nos
2307 1569 2564 1630 praeterea
2633 1565 2777 1610 tanta
2827 1557 2893 1610 de
2941 1570 3005 1609 eo
3048 1553 3380 1608 mendaciter
3442 1551 3583 1626 dicit

1984 1654 2323 1724 contingere,
2357 1659 2411 1704 et
2459 1650 2570 1718 ipsa
2607 1645 2942 1702 Solummodo
2983 1642 3398 1698 abominabilem
3452 1655 3573 1693 eum

1984 1743 2235 1800 omnibus
2267 1739 2446 1794 facere
2470 1755 2484 1805 ;
2515 1746 2568 1792 et
2597 1751 2718 1790 cum
2743 1735 2813 1789 sit
2838 1732 3284 1797 animosissimus,
3308 1728 3574 1784 acerrime

293 1834 449 1906 (850)
497 1839 639 1908 quod
676 1839 964 1894 immiserit
1003 1843 1054 1895 in
1105 1819 1195 1896 tali
1245 1854 1358 1898 rete
1387 1846 1574 1914 pedem
1606 1819 1782 1911 suum,
1828 1819 1875 1900 in

1986 1833 2250 1889 cruciare.
2297 1829 2354 1883 ln
2400 1837 2609 1882 tantum
2645 1840 2777 1879 vero
2829 1839 2935 1878 non
2985 1832 3139 1877 curat
3172 1820 3217 1874 si
3256 1819 3378 1888 quis
3413 1819 3478 1872 de
3513 1831 3563 1869 et

291 1926 451 1995 cujus
480 1929 706 1983 maculis
727 1931 1032 1996 ambulans,
1055 1935 1292 2001 expediri
1320 1935 1464 1990 nullo
1495 1937 1652 1990 modo
1693 1939 1880 2005 possit.

289 2017 433 2073 Dum
458 2021 601 2075 enim
632 2025 928 2079 monachus
964 2025 1149 2091 fuerit,
1177 2037 1231 2080 et
1277 2043 1420 2082 nunc
1450 2027 1731 2098 cpiscopus
1775 2029 1841 2084 sit
1867 2047 1879 2094 ;

289 2110 339 2164 si
368 2111 572 2167 relictis
601 2116 792 2170 ovibus
819 2119 1203 2173 monasterium
1229 2121 1446 2188 repetit,
1480 2122 1632 2176 timet
1656 2123 1841 2176 audire
1867 2140 1879 2177 :

292 2201 340 2256 0
368 2215 553 2271 pas.’or
598 2217 645 2260 et
694 2207 891 2260 idolum
935 2209 1298 2280 derelinquens
1329 2229 1532 2282 gregem
1561 2211 1745 2275 (Zaclt.
1785 2230 1837 2267 XI
1866 2255 1879 2278 ,

291 2292 403 2364 17).
430 2293 550 2359 Sin,
594 2295 909 2366 Apostolum
954 2300 1020 2354 de
1068 2316 1127 2356 se
1159 2301 1312 2358 timet
1351 2304 1590 2358 dixisse:
1618 2304 1881 2360 [labentes

286 2384 704 2451 damnationem,
757 2391 882 2458 quia
928 2392 1154 2460 primam
1197 2395 1356 2462 ﬁdem
1396 2396 1601 2450 irritam
1648 2397 1882 2465 fecerunt

287 2473 342 2542 (Ι
386 2475 521 2528 Tim.
571 2492 605 2530 v
633 2519 648 2543 ,
688 2479 796 2546 12).
845 2479 1131 2536 Dominum
1174 2481 1622 2553 quoquezNemo
1670 2487 1878 2540 mittens

286 2579 506 2617 manum
530 2565 600 2617 ad
622 2577 879 2633 aratrum,
911 2579 959 2623 et
987 2571 1244 2639 aspiciens
1272 2584 1428 2640 retro,
1455 2589 1606 2643 aptus
1624 2586 1698 2630 est
1725 2593 1880 2646 regno

284 2651 534 2708 (telorum
560 2654 710 2724 (Luc.
733 2673 810 2721 tx,
835 2658 947 2730 62).
972 2659 1123 2715 Unde
1148 2675 1268 2716 cum
1294 2661 1483 2718 fuisset
1503 2675 1690 2734 captus
1709 2667 1876 2737 (831),

287 2745 451 2813 capit
471 2755 691 2801 cantare
717 2749 1066 2805 stultissimus
1089 2769 1101 2804 :
1128 2752 1263 2807 Ecce
1293 2755 1430 2823 quod
1456 2756 1625 2824 cupivi
1652 2757 1766 2824 jam
1806 2759 1880 2810 ci-

287 2834 405 2888 deo.
431 2834 661 2890 Putabat
690 2839 832 2891 enim
852 2880 864 2903 ,
899 2840 1128 2907 fatetur,
1166 2843 1307 2912 quod
1336 2853 1479 2897 esset
1508 2854 1634 2898 tunc
1664 2847 1878 2914 penizus

287 2925 660 2994 sxpellendus,
709 2938 764 2983 ct
808 2931 1074 2999 gaudebat
1120 2932 1265 3001 quod
1318 2934 1431 3003 ipse
1465 2950 1570 2988 non
1611 2936 1876 2990 dimiserit

286 3019 677 3091 episcOpatum,
712 3025 803 3076 sed
832 3024 1170 3094 episcopatus
1197 3041 1357 3092 eum;
1393 3036 1446 3082 et
1483 3028 1582 3081 hac
1616 3037 1731 3082 arte
1779 3043 1874 3081 vo-

287 3109 450 3176 lebat,
500 3119 559 3165 ut
611 3113 762 3177 dicit,
809 3124 1052 3183 repetere
1093 3117 1498 3183 monasterium,
1550 3119 1873 3187 promittens

1986 1923 2128 1978 male
2181 1922 2432 1990 loquatur
2491 1917 2828 1988 plerumque,
2884 1922 2944 1967 ut
2991 1909 3273 1966 duodecim
3324 1919 3580 1990 nummos

1986 1988 2294 2082 nuperrime
2325 2009 2539 2064 cuidam
2564 2006 2802 2068 dederit,
2853 2002 2942 2072 qui
2973 2003 3023 2056 ei
3053 2010 3164 2055 tota
3190 1999 3277 2054 die
3305 1988 3586 2081 c'onviciai

1985 2117 2156 2170 retur,
2205 2104 2413 2176 prmmii
2462 2102 2602 2157 loco.
2652 2100 2792 2154 Dicit
2837 2113 2895 2153 se
2934 2098 3006 2151 ita
3038 2102 3470 2166 praeoccupatum
3507 2091 3588 2158 ti-I"

1986 2215 2134 2252 more
2175 2197 2454 2265 gehennae,
2488 2202 2546 2248 ut
2579 2192 2714 2247 nihil
2743 2190 2974 2260 amplius
3002 2189 3074 2242 sit
3109 2188 3158 2242 ei
3187 2200 3322 2256 opus
3349 2186 3583 2239 timere._

1986 2289 2161 2344 Unum
2212 2288 2374 2340 etiam
2429 2283 2577 2356 (854)
2619 2283 2842 2336 verbum
2887 2279 3121 2334 otiosum
3150 2316 3164 2341 ,
3217 2284 3272 2330 et
3317 2283 3377 2329 ut
3413 2274 3570 2328 nobis

1985 2379 2043 2450 [ι.
2075 2377 2197 2450 nos]
2256 2376 2477 2431 credere
2526 2373 2710 2442 cogit,
2763 2370 3154 2439 turpissimum,
3211 2365 3471 2421 taliloco
3511 2381 3572 2420 sc

1981 2470 2186 2523 filltllﬂ'
2223 2468 2448 2531 dixisse,
2475 2465 2618 2534 quod
2641 2463 2767 2516 dum
2795 2460 3001 2523 recolit,
3032 2469 3086 2513 et
3114 2459 3180 2512 de
3206 2472 3271 2512 eo
3301 2456 3580 2510 rationem

1980 2558 2315 2613 redditurum
2344 2570 2401 2609 se
2441 2555 2492 2608 in
2521 2554 2609 2609 die
2639 2551 2829 2623 judicii
2855 2549 3027 2613 audit,
3054 2563 3268 2602 onmem
3302 2561 3565 2600 verecun-

1979 2650 2122 2704 diam
2153 2648 2312 2722 hujus
2342 2643 2521 2700 saecnli
2554 2645 2606 2697 in
2640 2641 3044 2709 comparatione
3076 2638 3242 2707 ipsius
3266 2651 3364 2705 pro
3392 2636 3560 2689 nihilo

1979 2739 2145 2803 ducit,
2177 2750 2497 2792 asseverans
2526 2750 2632 2787 non
2676 2746 2835 2802 posse
2875 2729 2980 2783 ullo
3010 2729 3168 2782 modo
3206 2727 3340 2787 ﬁeri,
3387 2735 3446 2780 ut
3473 2726 3567 2793 qui

1981 2829 2040 2900 [Ι.
2069 2827 2180 2898 cui]
2209 2828 2274 2881 de
2305 2826 2393 2880 tali
2425 2824 2609 2887 verbo,
2649 2822 2743 2876 tali
2803 2821 2920 2874 loco
2982 2818 3190 2887 prolato
3218 2859 3231 2881 ,
3279 2815 3568 2870 occasione

1977 2932 2196 2986 quoque
2239 2930 2336 2984 pro
2374 2912 2488 2978 tali,
2529 2912 2792 2966 rationem
2828 2910 2880 2962 in
2932 2909 3016 2962 die
3053 2907 3241 2977 judicii
3283 2903 3569 2974 contigerit

1978 3011 2226 3071 reddere,
2275 3006 2475 3070 Venite,
2522 3005 2772 3058 benedicti
2824 3000 3001 3054 Patris
3051 3000 3179 3062 mei,
3209 2998 3454 3066 percipite
3486 2975 3581 3051 re-i

1976 3117 2134 3170 gnum
2185 3098 2400 3168 (Matth.
2460 3112 2603 3160 xxv,
2651 3095 2766 3162 5-1),
2811 3109 2931 3148 cum
2971 3101 3112 3146 coetu
3164 3091 3352 3145 audire
3389 3089 3586 3144 valeat.

286 3202 388 3258 sibi
415 3213 634 3274 prepter
661 3205 764 3260 hoc
789 3181 989 3261 uix—isse
1019 3207 1302 3262 Dominum
1328 3181 1501 3279 ipsum
1603 3210 1864 3265 σοηυεηί,
1903 3222 1946 3282 C
1978 3190 2259 3245 beatorum
2299 3189 2398 3242 sibi
2445 3187 2733 3257 prolatum.
2773 3184 3057 3238 Beatiludo
3099 3182 3240 3236 enim
3270 3197 3390 3259 cum
3417 3181 3568 3236 omni

284 3294 414 3347 mini
445 3296 513 3348 ad
542 3312 642 3360 me,
675 3305 722 3350 et
753 3314 844 3366 ego
870 3310 1095 3352 revertar
1133 3300 1202 3352 ad
1226 3317 1310 3354 nos
1342 3299 1525 3359 (Zac/t.
1555 3319 1594 3366 l,
1623 3302 1698 3370 5).
1722 3301 1874 3368 Quod

284 3400 406 3439 cum
437 3386 658 3440 minime
684 3390 1028 3455 processerit,
1055 3399 1208 3459 putat
1232 3391 1296 3445 de
1316 3406 1375 3444 se
1410 3392 1876 3460 desperatissimus

285 3474 416 3530 illud
448 3477 719 3546 prolatum
749 3493 762 3530 :
791 3478 850 3533 Si
879 3481 1160 3533 consulari!
1192 3481 1332 3535 Dens
1363 3483 1642 3545 hominem,
1672 3484 1786 3552 quis
1827 3484 1876 3536 ei

284 3566 458 3620 dicere
473 3577 636 3635 potest
660 3568 802 3621 :(Iur
831 3571 900 3622 ita
923 3570 1095 3638 facis?
1118 3571 1240 3643 (Job
1263 3589 1340 3638 Ix,
1371 3574 1478 3644 1‘2.)
1500 3575 1645 3645 (852)
1670 3574 1872 3629 Nedum

285 3654 429 3708 enim
455 3656 520 3710 de
555 3658 841 3712 transactis
869 3675 1029 3728 agerc
1053 3663 1444 3730 pmnitentiam,
1473 3664 1539 3716 de
1567 3664 1720 3717 nudis
1749 3680 1874 3734 per-

284 3747 561 3812 petrandis
587 3747 784 3801 nullam
815 3763 913 3804 nos
934 3751 1111 3805 sinere
1134 3767 1256 3806 eum
1279 3753 1408 3807 dicit
1431 3753 1627 3808 habere
1660 3755 1873 3822 penitus

285 3833 689 3901 abstinentiam,
720 3855 842 3892 cum
867 3850 917 3894 et
942 3856 1038 3908 pro
1061 3844 1276 3909 nostris,
1303 3843 1346 3898 si
1371 3860 1465 3898 sua
1499 3860 1603 3899 non
1629 3846 1870 3910 haberet,

283 3941 473 3998 posset
523 3931 744 3984 omnino
792 3932 1192 3988 damnationem
1243 3945 1556 4004 perpetuam
1608 3947 1872 4002 metuere,

281 4017 446 4089 381
481 4019 811 4083 sceleribus;
853 4038 973 4092 qum
1003 4025 1186 4094 utique
1213 4041 1311 4080 nec
1357 4028 1650 4097 compescit
1693 4028 1871 4094 dictis,

286 4125 392 4166 nec
417 4112 668 4166 emendat
694 4115 979 4183 exemplis,
1009 4132 1106 4171 nec
1134 4118 1291 4172 diluit
1319 4120 1550 4174 meritis.
1579 4120 1694 4188 Qua
1727 4119 1872 4174 scili-

280 4211 374 4258 cet
419 4202 859 4260 incommoditate
902 4207 1099 4276 tripliei
1137 4209 1489 4279 interceptus,
1546 4213 1597 4266 in
1636 4211 1870 4281 quodam

282 4289 436 4362 (853)
463 4306 560 4346 suo
584 4307 747 4361 opere
794 4294 921 4361 alio,
966 4296 1044 4351 sic
1080 4296 1190 4352 Deo
1235 4299 1470 4354 clamare
1516 4301 1866 4370 compulsus:

281 4376 344 4434 Si
371 4395 535 4446 meos,
569 4381 812 4446 Domine,
852 4385 1145 4453 mortiferas
1176 4397 1394 4441 conatus
1424 4391 1721 4459 prosperari
1748 4407 1870 4460 per-

1980 3289 2164 3334 careat
2193 3279 2432 3343 miseria,
2463 3276 2784 3332 verecundia
2817 3289 2944 3328 vero
2972 3274 3037 3326 de
3065 3273 3260 3327 talibus
3291 3257 3358 3326 ad
3400 3272 3569 3326 maxi-

1982 3389 2123 3427 mam
2163 3372 2432 3442 pertineat
2478 3368 2791 3429 miseriam;
2827 3366 2916 3435 qui
2970 3366 3035 3418 de
3081 3364 3169 3417 tali
3216 3377 3465 3417 sermone
3511 3361 3568 3416 in

1979 3471 2272 3533 conspectu
2301 3465 2463 3516 totius
2489 3459 2770 3514 rationalis
2797 3469 3082 3520 creaturae,
3108 3453 3360 3523 angelica:
3380 3453 3566 3520 utique

1979 3563 2141 3622 atque
2171 3553 2450 3618 humanm,
2484 3551 2646 3620 382
2693 3549 2957 3602 rationem
3008 3544 3320 3609 reddiderit,
3373 3545 3568 3598 beatus

1979 3661 2099 3700 esse
2125 3658 2363 3714 unquam
2392 3641 2662 3711 quomodo
2693 3638 2930 3708 poterit?

2049 3736 2103 3791 8.
2135 3735 2272 3801 Quid
2302 3733 2567 3803 amplius?
2593 3731 2692 3797 Qui
2746 3729 2859 3782 vult
2906 3742 3027 3781 eum
3059 3737 3408 3796 cognoscere,
3445 3728 3563 3776 stu»

1978 3829 2104 3884 deat
2158 3827 2356 3881 librum
2407 3822 2760 3892 Confessionis
2818 3819 2959 3874 illius
3015 3828 3183 3872 totum
3231 3815 3564 3886 perlegere:

1978 3935 2102 3975 nam
2133 3919 2179 3974 si
2216 3917 2359 3982 talis,
2397 3923 2455 3969 ut
2484 3914 2595 3968 illic
2624 3912 2838 3977 recitat,
2886 3919 2990 3975 est,
3021 3908 3172 3979 pejor
3199 3908 3290 3962 illo
3318 3921 3478 3962 nemo
3507 3906 3564 3961 in

1976 4007 2175 4064 saeculo
2196 4015 2308 4071 est;
2337 4005 2384 4059 si
2412 4018 2539 4058 vero
2567 4001 2824 4055 mentitur
2862 4014 2920 4053 se
2961 3998 3121 4052 talem
3166 4011 3304 4061 esse,
3339 3995 3576 4051 menda--

1976 4100 2228 4156 eissimus
2278 4096 2619 4154 convincitur
2664 4092 2797 4147 fore.
2849 4090 3034 4144 Nullus
3075 4097 3336 4160 praeterea
3383 4086 3566 4158 liber},

1976 4189 2157 4246 nullus
2190 4203 2394 4251 sermo,
2439 4185 2586 4240 nulla
2638 4183 2805 4252 ipsius
2852 4181 3119 4246 historia,
3166 4179 3242 4234 nil
3291 4187 3578 4250 postremo,

1974 4291 2079 4348 est,
2109 4281 2252 4351 quod
2282 4277 2588 4349 posmritati
2639 4273 2922 4342 legendum
2975 4272 3258 4328 dictaverit
3303 4285 3564 4341 unquam,

1975 4375 2116 4445 quod
2145 4372 2261 4442 ejus
2288 4387 2392 4426 non
2423 4377 2661 4433 accuset,
2724 4367 2767 4420 si
2813 4366 2950 4420 bene
2998 4362 3352 4431 intelligatur,
3401 4361 3562 4415 mali-

343 4603 494 4673 (848)
516 4601 713 4679 Gauda
737 4603 1036 4679 hostiarum
1067 4605 1336 4679 offerenda
1368 4616 1503 4661 erat.
1533 4605 1663 4661 Vide
1697 4607 1866 4661 Exod.
1903 4574 1954 4634 ο
1975 4609 2118 4679 quod
2167 4610 2246 4664 sic
2290 4625 2395 4662 non
2440 4618 2632 4677 Sponte
2677 4606 3058 4679 episcopatum
3090 4603 3407 4679 dimitteret,
3461 4603 3558 4657 sed

282 4692 436 4740 xxix,
471 4688 612 4727 vcrs.
645 4673 755 4734 2'5;
810 4675 981 4730 Levit.
1016 4692 1094 4741 ut,
1123 4693 1262 4730 vers.
1313 4678 1384 4740 9;
1415 4688 1467 4730 ct
1503 4693 1597 4739 vti,
1640 4693 1783 4732 vers.
1814 4679 1866 4732 5.

281 4747 465 4802 Cauda
495 4757 624 4797 vero
662 4758 759 4811 pro
802 4747 1200 4814 perseverantia
1241 4747 1385 4801 finali
1419 4749 1470 4801 in
1499 4749 1638 4802 bono
1667 4749 1753 4802 hic
1782 4762 1871 4801 ac-

284 4817 500 4887 cipitur.

283 4958 308 5012 f
344 4887 502 5012 (849)
534 4890 718 4962 γυιεη
764 4896 811 4945 et
839 4897 1051 4951 crctera,
1098 4886 1188 4942 ubi
1222 4898 1433 4941 econtra
1475 4886 1870 4942 emendandum

307 4977 356 5012 tu
387 4999 402 5012 .

307 4969 402 5013 uit.

349 5030 499 5102 (850)
529 5031 586 5086 In
620 5028 957 5102 Confessione
986 5043 1134 5081 nutu.
1172 5025 1262 5102 28,
1330 5027 1599 5102 rationem
1637 5028 1870 5102 all‘erens

282 5097 378 5154 cur
399 5097 745 5164 impediatur
779 5113 845 5154 ne
891 5100 956 5152 ad
988 5098 1346 5152 monasticam
1386 5097 1716 5164 propositum
1750 5099 1869 5153 red-

1975 4673 2235 4744 coactus;
2267 4687 2322 4732 et
2352 4679 2422 4731 ita
2463 4673 2771 4744 episcopatu
2803 4673 2907 4729 non
2933 4675 3119 4729 illicite
3149 4673 3394 4736 dimisso,
3428 4685 3558 4740 pos-

1975 4759 2058 4803 set
2091 4750 2157 4803 ad
2207 4748 2593 4802 monasterium
2650 4745 2849 4799 redire.
2909 4744 3176 4800 Cantabat
3223 4751 3402 4795 autem
3451 4757 3566 4810 pra:

1975 4819 2168 4889 gaudio
2213 4817 2404 4889 :VEcce
2439 4817 2583 4889 quod
2627 4815 2796 4889 cupici
2838 4815 3056 4889 (nitebas
3110 4812 3400 4889 concupiui)
3439 4811 3563 4877 jam

1973 4881 2143 4950 uideo,
2175 4888 2310 4942 utin
2341 4881 2630 4956 antiphona
2675 4881 2779 4939 diei
2831 4884 2952 4956 festi
3001 4883 3061 4956 S_.
3105 4881 3352 4956 Agnetis,
3401 4893 3564 4956 quam

1973 4948 2175 5012 idcirco
2216 4948 2719 5016 cantassévidetur,
2753 4954 2879 5022 quia
2909 4968 2972 5008 eo
3014 4951 3100 5006 die
3131 4948 3269 5004 festo
3296 4948 3420 5003 anni
3459 4948 3573 5004 965.

1975 5027 2170 5098 Milone
2200 5037 2391 5098 agente
2420 5024 2845 5098 captus‘juerat.

2042 5097 2190 5164 (852)
2222 5089 2524 5151 Construe':
2550 5089 2688 5147 om:
2719 5093 2856 5146 enim
2903 5106 2994 5144 nos
3044 5105 3146 5164 non
3189 5089 3359 5164 sinere
3387 5103 3522 5164 _eu_m
3552 5127 3579 5148 ..
