  <div class='ocr_page' id='page_1' title='image "/cluster/home/n/w/nwhite01/storage/ocr_20150623/136/hvd.32044015471766/269.png"; bbox 0 0 4032 5354; ppageno 0'>
   <div class='ocr_carea' id='block_1_1' title="bbox 488 344 587 395">
    <p class='ocr_par' dir='ltr' id='par_1_1' title="bbox 488 344 587 395">
     <span class='ocr_line' id='line_1_1' title="bbox 488 344 587 395; baseline 0 -1"><span class='ocrx_word' id='word_1_1' title='bbox 488 344 587 395; x_wconf 70' lang='grc'><strong>551</strong></span> 
     </span>
    </p>
   </div>
   <div class='ocr_carea' id='block_1_2' title="bbox 1694 322 2559 397">
    <p class='ocr_par' dir='ltr' id='par_1_2' title="bbox 1694 322 2559 397">
     <span class='ocr_line' id='line_1_2' title="bbox 1694 322 2559 397; baseline 0 -1"><span class='ocrx_word' id='word_1_2' title='bbox 1694 322 2018 397; x_wconf 68' lang='lat' dir='ltr'><strong>unum“</strong></span> <span class='ocrx_word' id='word_1_3' title='bbox 2060 339 2269 397; x_wconf 72' lang='lat' dir='ltr'><strong>srzsc.</strong></span> <span class='ocrx_word' id='word_1_4' title='bbox 2311 339 2559 397; x_wconf 75' lang='lat' dir='ltr'><strong>venou.</strong></span> 
     </span>
    </p>
   </div>
   <div class='ocr_carea' id='block_1_3' title="bbox 3579 300 3749 402">
    <p class='ocr_par' dir='ltr' id='par_1_3' title="bbox 3579 300 3749 402">
     <span class='ocr_line' id='line_1_3' title="bbox 3579 300 3749 402; baseline -0.006 0"><span class='ocrx_word' id='word_1_5' title='bbox 3579 300 3749 402; x_wconf 4' lang='grc' dir='ltr'><strong>γεω</strong></span> 
     </span>
    </p>
   </div>
   <div class='ocr_carea' id='block_1_4' title="bbox 489 448 3752 533">
    <p class='ocr_par' dir='ltr' id='par_1_4' title="bbox 489 448 3752 533">
     <span class='ocr_line' id='line_1_4' title="bbox 489 448 3752 533; baseline 0.002 -25"><span class='ocrx_word' id='word_1_6' title='bbox 489 454 640 508; x_wconf 89' lang='lat' dir='ltr'><strong>tiam.</strong></span> <span class='ocrx_word' id='word_1_7' title='bbox 702 450 850 524; x_wconf 54' lang='lat'><strong>(835)</strong></span> <span class='ocrx_word' id='word_1_8' title='bbox 897 450 1141 533; x_wconf 71' lang='lat' dir='ltr'><strong>_Psalmos</strong></span> <span class='ocrx_word' id='word_1_9' title='bbox 1191 467 1250 509; x_wconf 90' lang='lat' dir='ltr'><strong>se</strong></span> <span class='ocrx_word' id='word_1_10' title='bbox 1300 452 1429 507; x_wconf 90' lang='lat' dir='ltr'><strong>dicit</strong></span> <span class='ocrx_word' id='word_1_11' title='bbox 1477 468 1581 508; x_wconf 90' lang='lat' dir='ltr'><strong>non</strong></span> <span class='ocrx_word' id='word_1_12' title='bbox 1629 448 1770 509; x_wconf 69' lang='lat' dir='ltr'><strong>ideo&#39;</strong></span> <span class='ocrx_word' id='word_1_13' title='bbox 1801 463 2022 509; x_wconf 89' lang='lat' dir='ltr'><strong>cantare</strong></span> <span class='ocrx_word' id='word_1_14' title='bbox 2049 493 2064 518; x_wconf 93' lang='lat'><strong>,</strong></span> <span class='ocrx_word' id='word_1_15' title='bbox 2094 454 2140 513; x_wconf 82' lang='grc' dir='ltr'><strong>Α</strong></span> <span class='ocrx_word' id='word_1_16' title='bbox 2171 466 2250 517; x_wconf 91' lang='lat' dir='ltr'><strong>re,</strong></span> <span class='ocrx_word' id='word_1_17' title='bbox 2276 467 2396 521; x_wconf 67' lang='lat' dir='ltr'><strong>qua:</strong></span> <span class='ocrx_word' id='word_1_18' title='bbox 2432 452 2499 507; x_wconf 91' lang='lat' dir='ltr'><strong>ad</strong></span> <span class='ocrx_word' id='word_1_19' title='bbox 2544 450 2691 507; x_wconf 91' lang='lat' dir='ltr'><strong>illum</strong></span> <span class='ocrx_word' id='word_1_20' title='bbox 2732 452 2986 522; x_wconf 89' lang='lat' dir='ltr'><strong>pertinet,</strong></span> <span class='ocrx_word' id='word_1_21' title='bbox 3019 453 3167 525; x_wconf 83' lang='lat'><strong>(856)</strong></span> <span class='ocrx_word' id='word_1_22' title='bbox 3217 454 3450 525; x_wconf 79' lang='lat' dir='ltr'><strong>aliquam</strong></span> <span class='ocrx_word' id='word_1_23' title='bbox 3492 472 3660 528; x_wconf 82' lang='lat' dir='ltr'><strong>super</strong></span> <span class='ocrx_word' id='word_1_24' title='bbox 3691 474 3752 515; x_wconf 81' lang='lat' dir='ltr'><strong>se</strong></span> 
     </span>
    </p>
   </div>
   <div class='ocr_carea' id='block_1_5' title="bbox 487 540 2068 615">
    <p class='ocr_par' dir='ltr' id='par_1_5' title="bbox 487 540 2068 615">
     <span class='ocr_line' id='line_1_5' title="bbox 487 540 2068 615; baseline -0.001 -16"><span class='ocrx_word' id='word_1_25' title='bbox 487 540 630 615; x_wconf 88' lang='lat' dir='ltr'><strong>quod</strong></span> <span class='ocrx_word' id='word_1_26' title='bbox 658 542 871 597; x_wconf 86' lang='lat' dir='ltr'><strong>noverit</strong></span> <span class='ocrx_word' id='word_1_27' title='bbox 897 541 1229 597; x_wconf 79' lang='lat' dir='ltr'><strong>exaudibiles</strong></span> <span class='ocrx_word' id='word_1_28' title='bbox 1270 557 1383 607; x_wconf 92' lang='lat' dir='ltr'><strong>eos,</strong></span> <span class='ocrx_word' id='word_1_29' title='bbox 1415 558 1535 597; x_wconf 88' lang='lat' dir='ltr'><strong>cmn</strong></span> <span class='ocrx_word' id='word_1_30' title='bbox 1564 558 1778 613; x_wconf 85' lang='lat' dir='ltr'><strong>semper</strong></span> <span class='ocrx_word' id='word_1_31' title='bbox 1802 542 1947 597; x_wconf 85' lang='lat' dir='ltr'><strong>aliud</strong></span> <span class='ocrx_word' id='word_1_32' title='bbox 1977 556 2068 597; x_wconf 85' lang='lat' dir='ltr'><strong>co—</strong></span> 
     </span>
    </p>
   </div>
   <div class='ocr_carea' id='block_1_6' title="bbox 485 633 2067 708">
    <p class='ocr_par' dir='ltr' id='par_1_6' title="bbox 485 633 2067 708">
     <span class='ocr_line' id='line_1_6' title="bbox 485 633 2067 708; baseline -0.001 -19"><span class='ocrx_word' id='word_1_33' title='bbox 485 638 636 708; x_wconf 82' lang='lat' dir='ltr'><strong>gitet,</strong></span> <span class='ocrx_word' id='word_1_34' title='bbox 662 650 816 699; x_wconf 87' lang='lat' dir='ltr'><strong>esse;</strong></span> <span class='ocrx_word' id='word_1_35' title='bbox 848 634 941 688; x_wconf 88' lang='lat' dir='ltr'><strong>sed</strong></span> <span class='ocrx_word' id='word_1_36' title='bbox 972 634 1095 702; x_wconf 88' lang='lat' dir='ltr'><strong>quia</strong></span> <span class='ocrx_word' id='word_1_37' title='bbox 1126 649 1249 688; x_wconf 90' lang='lat' dir='ltr'><strong>cum</strong></span> <span class='ocrx_word' id='word_1_38' title='bbox 1282 634 1482 688; x_wconf 92' lang='lat' dir='ltr'><strong>sentiat</strong></span> <span class='ocrx_word' id='word_1_39' title='bbox 1510 648 1567 689; x_wconf 90' lang='lat' dir='ltr'><strong>se</strong></span> <span class='ocrx_word' id='word_1_40' title='bbox 1596 634 1716 687; x_wconf 92' lang='lat' dir='ltr'><strong>illos</strong></span> <span class='ocrx_word' id='word_1_41' title='bbox 1743 633 2067 704; x_wconf 89' lang='lat' dir='ltr'><strong>perinvitum</strong></span> 
     </span>
    </p>
   </div>
   <div class='ocr_carea' id='block_1_7' title="bbox 486 722 2070 796">
    <p class='ocr_par' dir='ltr' id='par_1_7' title="bbox 486 722 2070 796">
     <span class='ocr_line' id='line_1_7' title="bbox 486 722 2070 796; baseline -0.003 -15"><span class='ocrx_word' id='word_1_42' title='bbox 486 740 704 791; x_wconf 87' lang='lat' dir='ltr'><strong>canere,</strong></span> <span class='ocrx_word' id='word_1_43' title='bbox 752 724 921 796; x_wconf 86' lang='lat' dir='ltr'><strong>ipsam</strong></span> <span class='ocrx_word' id='word_1_44' title='bbox 967 722 1076 776; x_wconf 91' lang='lat' dir='ltr'><strong>vim</strong></span> <span class='ocrx_word' id='word_1_45' title='bbox 1119 737 1305 793; x_wconf 89' lang='lat' dir='ltr'><strong>quam,</strong></span> <span class='ocrx_word' id='word_1_46' title='bbox 1355 731 1549 777; x_wconf 89' lang='lat' dir='ltr'><strong>contra</strong></span> <span class='ocrx_word' id='word_1_47' title='bbox 1601 722 1933 778; x_wconf 77' lang='lat' dir='ltr'><strong>voluntatem</strong></span> <span class='ocrx_word' id='word_1_48' title='bbox 1975 737 2070 777; x_wconf 89' lang='lat' dir='ltr'><strong>eos</strong></span> 
     </span>
    </p>
   </div>
   <div class='ocr_carea' id='block_1_8' title="bbox 485 813 2069 885">
    <p class='ocr_par' dir='ltr' id='par_1_8' title="bbox 485 813 2069 885">
     <span class='ocr_line' id='line_1_8' title="bbox 485 813 2069 885; baseline -0.001 -15"><span class='ocrx_word' id='word_1_49' title='bbox 485 816 742 877; x_wconf 74' lang='lat' dir='ltr'><strong>recitatis,</strong></span> <span class='ocrx_word' id='word_1_50' title='bbox 793 814 894 870; x_wconf 88' lang='lat' dir='ltr'><strong>sibi</strong></span> <span class='ocrx_word' id='word_1_51' title='bbox 942 814 1154 885; x_wconf 80' lang='lat' dir='ltr'><strong>ingerit,</strong></span> <span class='ocrx_word' id='word_1_52' title='bbox 1190 822 1342 885; x_wconf 86' lang='lat' dir='ltr'><strong>putet</strong></span> <span class='ocrx_word' id='word_1_53' title='bbox 1385 814 1453 868; x_wconf 90' lang='lat' dir='ltr'><strong>ad</strong></span> <span class='ocrx_word' id='word_1_54' title='bbox 1501 814 1604 868; x_wconf 92' lang='lat' dir='ltr'><strong>hoc</strong></span> <span class='ocrx_word' id='word_1_55' title='bbox 1650 813 1850 883; x_wconf 90' lang='lat' dir='ltr'><strong>aliquid</strong></span> <span class='ocrx_word' id='word_1_56' title='bbox 1888 813 2069 870; x_wconf 85' lang='lat' dir='ltr'><strong>valere</strong></span> 
     </span>
    </p>
   </div>
   <div class='ocr_carea' id='block_1_9' title="bbox 458 905 2067 976">
    <p class='ocr_par' dir='ltr' id='par_1_9' title="bbox 458 905 2067 976">
     <span class='ocr_line' id='line_1_9' title="bbox 458 905 2067 976; baseline -0.001 -16"><span class='ocrx_word' id='word_1_57' title='bbox 458 906 631 976; x_wconf 41' lang='lat' dir='ltr'><strong>.qnod</strong></span> <span class='ocrx_word' id='word_1_58' title='bbox 669 915 858 962; x_wconf 89' lang='lat' dir='ltr'><strong>contra</strong></span> <span class='ocrx_word' id='word_1_59' title='bbox 889 906 1056 960; x_wconf 88' lang='lat' dir='ltr'><strong>Deum</strong></span> <span class='ocrx_word' id='word_1_60' title='bbox 1094 905 1278 960; x_wconf 86' lang='lat' dir='ltr'><strong>volens</strong></span> <span class='ocrx_word' id='word_1_61' title='bbox 1312 906 1502 960; x_wconf 89' lang='lat' dir='ltr'><strong>actitat</strong></span> <span class='ocrx_word' id='word_1_62' title='bbox 1534 906 1670 975; x_wconf 88' lang='lat' dir='ltr'><strong>ipse,</strong></span> <span class='ocrx_word' id='word_1_63' title='bbox 1697 905 1809 961; x_wconf 91' lang='lat' dir='ltr'><strong>sive</strong></span> <span class='ocrx_word' id='word_1_64' title='bbox 1842 914 1901 960; x_wconf 91' lang='lat' dir='ltr'><strong>ut</strong></span> <span class='ocrx_word' id='word_1_65' title='bbox 1929 905 2067 960; x_wconf 80' lang='lat' dir='ltr'><strong>labia</strong></span> 
     </span>
    </p>
   </div>
   <div class='ocr_carea' id='block_1_10' title="bbox 483 993 2067 1065">
    <p class='ocr_par' dir='ltr' id='par_1_10' title="bbox 483 993 2067 1065">
     <span class='ocr_line' id='line_1_10' title="bbox 483 993 2067 1065; baseline -0.002 -15"><span class='ocrx_word' id='word_1_66' title='bbox 483 994 674 1050; x_wconf 76' lang='lat' dir='ltr'><strong>saltem</strong></span> <span class='ocrx_word' id='word_1_67' title='bbox 715 995 828 1065; x_wconf 90' lang='lat' dir='ltr'><strong>ipsa</strong></span> <span class='ocrx_word' id='word_1_68' title='bbox 872 993 1159 1063; x_wconf 81' lang='lat' dir='ltr'><strong>compellat</strong></span> <span class='ocrx_word' id='word_1_69' title='bbox 1204 993 1315 1048; x_wconf 87' lang='lat' dir='ltr'><strong>Deo</strong></span> <span class='ocrx_word' id='word_1_70' title='bbox 1342 996 1579 1061; x_wconf 82' lang='lat' dir='ltr'><strong>servire,</strong></span> <span class='ocrx_word' id='word_1_71' title='bbox 1616 995 1715 1050; x_wconf 87' lang='lat' dir='ltr'><strong>etsi</strong></span> <span class='ocrx_word' id='word_1_72' title='bbox 1762 994 1929 1051; x_wconf 84' lang='lat' dir='ltr'><strong>corde</strong></span> <span class='ocrx_word' id='word_1_73' title='bbox 1977 1010 2067 1048; x_wconf 84' lang='lat' dir='ltr'><strong>va-</strong></span> 
     </span>
    </p>
   </div>
   <div class='ocr_carea' id='block_1_11' title="bbox 482 1085 2064 1156">
    <p class='ocr_par' dir='ltr' id='par_1_11' title="bbox 482 1085 2064 1156">
     <span class='ocr_line' id='line_1_11' title="bbox 482 1085 2064 1156; baseline 0 -17"><span class='ocrx_word' id='word_1_74' title='bbox 482 1094 666 1154; x_wconf 77' lang='lat' dir='ltr'><strong>gante,</strong></span> <span class='ocrx_word' id='word_1_75' title='bbox 698 1085 1017 1156; x_wconf 67' lang='lat' dir='ltr'><strong>ueterisque</strong></span> <span class='ocrx_word' id='word_1_76' title='bbox 1047 1086 1155 1140; x_wconf 89' lang='lat' dir='ltr'><strong>Deo</strong></span> <span class='ocrx_word' id='word_1_77' title='bbox 1187 1086 1570 1141; x_wconf 76' lang='lat' dir='ltr'><strong>rebellantibus</strong></span> <span class='ocrx_word' id='word_1_78' title='bbox 1605 1086 1894 1152; x_wconf 77' lang='lat' dir='ltr'><strong>membris;</strong></span> <span class='ocrx_word' id='word_1_79' title='bbox 1942 1100 2064 1141; x_wconf 89' lang='lat' dir='ltr'><strong>cum</strong></span> 
     </span>
    </p>
   </div>
   <div class='ocr_carea' id='block_1_12' title="bbox 483 1174 2064 1246">
    <p class='ocr_par' dir='ltr' id='par_1_12' title="bbox 483 1174 2064 1246">
     <span class='ocr_line' id='line_1_12' title="bbox 483 1174 2064 1246; baseline -0.001 -16"><span class='ocrx_word' id='word_1_80' title='bbox 483 1178 537 1230; x_wconf 78' lang='lat' dir='ltr'><strong>e&#39;t</strong></span> <span class='ocrx_word' id='word_1_81' title='bbox 569 1176 622 1229; x_wconf 93' lang='lat' dir='ltr'><strong>in</strong></span> <span class='ocrx_word' id='word_1_82' title='bbox 654 1174 801 1230; x_wconf 90' lang='lat' dir='ltr'><strong>nullo</strong></span> <span class='ocrx_word' id='word_1_83' title='bbox 845 1189 1031 1230; x_wconf 85' lang='lat' dir='ltr'><strong>eorum</strong></span> <span class='ocrx_word' id='word_1_84' title='bbox 1080 1176 1252 1246; x_wconf 87' lang='lat' dir='ltr'><strong>magis</strong></span> <span class='ocrx_word' id='word_1_85' title='bbox 1295 1176 1364 1230; x_wconf 92' lang='lat' dir='ltr'><strong>sit</strong></span> <span class='ocrx_word' id='word_1_86' title='bbox 1409 1176 1475 1230; x_wconf 90' lang='lat' dir='ltr'><strong>ad</strong></span> <span class='ocrx_word' id='word_1_87' title='bbox 1525 1175 1843 1229; x_wconf 87' lang='lat' dir='ltr'><strong>irritandum</strong></span> <span class='ocrx_word' id='word_1_88' title='bbox 1872 1176 2064 1240; x_wconf 91' lang='lat' dir='ltr'><strong>Deum,</strong></span> 
     </span>
    </p>
   </div>
   <div class='ocr_carea' id='block_1_13' title="bbox 482 1263 2068 1335">
    <p class='ocr_par' dir='ltr' id='par_1_13' title="bbox 482 1263 2068 1335">
     <span class='ocr_line' id='line_1_13' title="bbox 482 1263 2068 1335; baseline 0.001 -18"><span class='ocrx_word' id='word_1_89' title='bbox 482 1280 645 1334; x_wconf 89' lang='lat' dir='ltr'><strong>quam</strong></span> <span class='ocrx_word' id='word_1_90' title='bbox 704 1264 756 1318; x_wconf 92' lang='lat' dir='ltr'><strong>in</strong></span> <span class='ocrx_word' id='word_1_91' title='bbox 808 1263 1122 1319; x_wconf 79' lang='lat' dir='ltr'><strong>excessibus</strong></span> <span class='ocrx_word' id='word_1_92' title='bbox 1162 1263 1358 1335; x_wconf 71' lang='lat' dir='ltr'><strong>lingua:</strong></span> <span class='ocrx_word' id='word_1_93' title='bbox 1401 1263 1675 1334; x_wconf 86' lang='lat' dir='ltr'><strong>proclivis.</strong></span> <span class='ocrx_word' id='word_1_94' title='bbox 1716 1263 1861 1318; x_wconf 85' lang='lat' dir='ltr'><strong>Idem</strong></span> <span class='ocrx_word' id='word_1_95' title='bbox 1912 1272 1968 1319; x_wconf 90' lang='lat' dir='ltr'><strong>et</strong></span> <span class='ocrx_word' id='word_1_96' title='bbox 2001 1263 2068 1319; x_wconf 88' lang='lat' dir='ltr'><strong>de</strong></span> 
     </span>
    </p>
   </div>
   <div class='ocr_carea' id='block_1_14' title="bbox 475 1355 2062 1426">
    <p class='ocr_par' dir='ltr' id='par_1_14' title="bbox 475 1355 2062 1426">
     <span class='ocr_line' id='line_1_14' title="bbox 475 1355 2062 1426; baseline 0 -17"><span class='ocrx_word' id='word_1_97' title='bbox 475 1356 702 1426; x_wconf 89' lang='lat' dir='ltr'><strong>jejunio,</strong></span> <span class='ocrx_word' id='word_1_98' title='bbox 740 1365 794 1411; x_wconf 91' lang='lat' dir='ltr'><strong>et</strong></span> <span class='ocrx_word' id='word_1_99' title='bbox 836 1355 1089 1412; x_wconf 88' lang='lat' dir='ltr'><strong>omnibus</strong></span> <span class='ocrx_word' id='word_1_100' title='bbox 1125 1373 1248 1426; x_wconf 85' lang='lat' dir='ltr'><strong>quae</strong></span> <span class='ocrx_word' id='word_1_101' title='bbox 1283 1358 1419 1411; x_wconf 85' lang='lat' dir='ltr'><strong>bene</strong></span> <span class='ocrx_word' id='word_1_102' title='bbox 1449 1357 1662 1411; x_wconf 86' lang='lat' dir='ltr'><strong>videtur</strong></span> <span class='ocrx_word' id='word_1_103' title='bbox 1686 1370 1866 1426; x_wconf 81' lang='lat' dir='ltr'><strong>agere,</strong></span> <span class='ocrx_word' id='word_1_104' title='bbox 1897 1355 2062 1422; x_wconf 90' lang='lat' dir='ltr'><strong>dicit;</strong></span> 
     </span>
    </p>
   </div>
   <div class='ocr_carea' id='block_1_15' title="bbox 482 1448 2067 1513">
    <p class='ocr_par' dir='ltr' id='par_1_15' title="bbox 482 1448 2067 1513">
     <span class='ocr_line' id='line_1_15' title="bbox 482 1448 2067 1513; baseline -0.001 -8"><span class='ocrx_word' id='word_1_105' title='bbox 482 1451 626 1506; x_wconf 89' lang='lat' dir='ltr'><strong>inter</strong></span> <span class='ocrx_word' id='word_1_106' title='bbox 651 1450 794 1505; x_wconf 76' lang='lat' dir='ltr'><strong>enim</strong></span> <span class='ocrx_word' id='word_1_107' title='bbox 840 1449 1021 1504; x_wconf 87' lang='lat' dir='ltr'><strong>omnia</strong></span> <span class='ocrx_word' id='word_1_108' title='bbox 1065 1448 1202 1503; x_wconf 88' lang='lat' dir='ltr'><strong>mala</strong></span> <span class='ocrx_word' id='word_1_109' title='bbox 1245 1449 1547 1503; x_wconf 78' lang='lat' dir='ltr'><strong>desidiosus</strong></span> <span class='ocrx_word' id='word_1_110' title='bbox 1590 1456 1699 1502; x_wconf 90' lang='lat' dir='ltr'><strong>tam</strong></span> <span class='ocrx_word' id='word_1_111' title='bbox 1739 1457 1842 1513; x_wconf 91' lang='lat' dir='ltr'><strong>est,</strong></span> <span class='ocrx_word' id='word_1_112' title='bbox 1874 1456 1935 1502; x_wconf 90' lang='lat' dir='ltr'><strong>ut</strong></span> <span class='ocrx_word' id='word_1_113' title='bbox 1963 1448 2067 1503; x_wconf 92' lang='lat' dir='ltr'><strong>nisi</strong></span> 
     </span>
    </p>
   </div>
   <div class='ocr_carea' id='block_1_16' title="bbox 481 1538 2066 1613">
    <p class='ocr_par' dir='ltr' id='par_1_16' title="bbox 481 1538 2066 1613">
     <span class='ocr_line' id='line_1_16' title="bbox 481 1538 2066 1613; baseline -0.001 -20"><span class='ocrx_word' id='word_1_114' title='bbox 481 1554 702 1608; x_wconf 82' lang='lat' dir='ltr'><strong>semper</strong></span> <span class='ocrx_word' id='word_1_115' title='bbox 743 1550 1019 1609; x_wconf 80' lang='lat' dir='ltr'><strong>operetur,</strong></span> <span class='ocrx_word' id='word_1_116' title='bbox 1066 1547 1284 1608; x_wconf 82' lang='lat' dir='ltr'><strong>torpore</strong></span> <span class='ocrx_word' id='word_1_117' title='bbox 1312 1538 1652 1602; x_wconf 84' lang='lat' dir='ltr'><strong>obdormiat,</strong></span> <span class='ocrx_word' id='word_1_118' title='bbox 1682 1552 1783 1592; x_wconf 88' lang='lat' dir='ltr'><strong>nec</strong></span> <span class='ocrx_word' id='word_1_119' title='bbox 1810 1546 1985 1613; x_wconf 83' lang='lat' dir='ltr'><strong>tamen</strong></span> <span class='ocrx_word' id='word_1_120' title='bbox 2013 1539 2066 1593; x_wconf 93' lang='lat' dir='ltr'><strong>in</strong></span> 
     </span>
    </p>
   </div>
   <div class='ocr_carea' id='block_1_17' title="bbox 482 1628 2066 1697">
    <p class='ocr_par' dir='ltr' id='par_1_17' title="bbox 482 1628 2066 1697">
     <span class='ocr_line' id='line_1_17' title="bbox 482 1628 2066 1697; baseline 0.001 -16"><span class='ocrx_word' id='word_1_121' title='bbox 482 1630 798 1685; x_wconf 84' lang='lat' dir='ltr'><strong>dormieudo</strong></span> <span class='ocrx_word' id='word_1_122' title='bbox 825 1629 1002 1683; x_wconf 77' lang='lat' dir='ltr'><strong>valeat</strong></span> <span class='ocrx_word' id='word_1_123' title='bbox 1031 1629 1251 1694; x_wconf 88' lang='lat' dir='ltr'><strong>durare,</strong></span> <span class='ocrx_word' id='word_1_124' title='bbox 1281 1629 1420 1697; x_wconf 90' lang='lat' dir='ltr'><strong>quod</strong></span> <span class='ocrx_word' id='word_1_125' title='bbox 1458 1638 1637 1683; x_wconf 88' lang='lat' dir='ltr'><strong>tamen</strong></span> <span class='ocrx_word' id='word_1_126' title='bbox 1678 1638 1770 1684; x_wconf 88' lang='lat' dir='ltr'><strong>aut</strong></span> <span class='ocrx_word' id='word_1_127' title='bbox 1805 1628 1861 1682; x_wconf 90' lang='lat' dir='ltr'><strong>in</strong></span> <span class='ocrx_word' id='word_1_128' title='bbox 1888 1643 2066 1684; x_wconf 90' lang='lat' dir='ltr'><strong>scam-</strong></span> 
     </span>
    </p>
   </div>
   <div class='ocr_carea' id='block_1_18' title="bbox 483 1719 2067 1792">
    <p class='ocr_par' dir='ltr' id='par_1_18' title="bbox 483 1719 2067 1792">
     <span class='ocr_line' id='line_1_18' title="bbox 483 1719 2067 1792; baseline 0 -18"><span class='ocrx_word' id='word_1_129' title='bbox 483 1736 555 1774; x_wconf 90' lang='lat' dir='ltr'><strong>no</strong></span> <span class='ocrx_word' id='word_1_130' title='bbox 580 1761 594 1786; x_wconf 95' lang='lat'><strong>,</strong></span> <span class='ocrx_word' id='word_1_131' title='bbox 628 1730 720 1775; x_wconf 90' lang='lat' dir='ltr'><strong>aut</strong></span> <span class='ocrx_word' id='word_1_132' title='bbox 766 1721 913 1775; x_wconf 88' lang='lat' dir='ltr'><strong>humi</strong></span> <span class='ocrx_word' id='word_1_133' title='bbox 954 1721 1209 1777; x_wconf 88' lang='lat' dir='ltr'><strong>libentius</strong></span> <span class='ocrx_word' id='word_1_134' title='bbox 1236 1722 1364 1792; x_wconf 85' lang='lat' dir='ltr'><strong>agit.</strong></span> <span class='ocrx_word' id='word_1_135' title='bbox 1396 1720 1778 1776; x_wconf 76' lang='lat' dir='ltr'><strong>Paenitentiam</strong></span> <span class='ocrx_word' id='word_1_136' title='bbox 1809 1736 1906 1790; x_wconf 88' lang='lat' dir='ltr'><strong>pro</strong></span> <span class='ocrx_word' id='word_1_137' title='bbox 1931 1719 2067 1774; x_wconf 82' lang='lat' dir='ltr'><strong>alio-</strong></span> 
     </span>
    </p>
   </div>
   <div class='ocr_carea' id='block_1_19' title="bbox 2169 541 3751 613">
    <p class='ocr_par' dir='ltr' id='par_1_19' title="bbox 2169 541 3751 613">
     <span class='ocr_line' id='line_1_19' title="bbox 2169 541 3751 613; baseline 0.002 -15"><span class='ocrx_word' id='word_1_138' title='bbox 2169 551 2512 613; x_wconf 87' lang='lat' dir='ltr'><strong>potestatem,</strong></span> <span class='ocrx_word' id='word_1_139' title='bbox 2543 541 2629 597; x_wconf 90' lang='lat' dir='ltr'><strong>cui</strong></span> <span class='ocrx_word' id='word_1_140' title='bbox 2677 557 2781 597; x_wconf 92' lang='lat' dir='ltr'><strong>non</strong></span> <span class='ocrx_word' id='word_1_141' title='bbox 2813 543 3006 599; x_wconf 86' lang='lat' dir='ltr'><strong>audeat</strong></span> <span class='ocrx_word' id='word_1_142' title='bbox 3035 544 3215 611; x_wconf 86' lang='lat' dir='ltr'><strong>reniti,</strong></span> <span class='ocrx_word' id='word_1_143' title='bbox 3248 555 3342 599; x_wconf 90' lang='lat' dir='ltr'><strong>aut</strong></span> <span class='ocrx_word' id='word_1_144' title='bbox 3384 546 3550 601; x_wconf 91' lang='lat' dir='ltr'><strong>etiam</strong></span> <span class='ocrx_word' id='word_1_145' title='bbox 3593 547 3751 611; x_wconf 83' lang='lat' dir='ltr'><strong>nolit,</strong></span> 
     </span>
    </p>
   </div>
   <div class='ocr_carea' id='block_1_20' title="bbox 2169 633 3765 703">
    <p class='ocr_par' dir='ltr' id='par_1_20' title="bbox 2169 633 3765 703">
     <span class='ocr_line' id='line_1_20' title="bbox 2169 633 3765 703; baseline 0.006 -16"><span class='ocrx_word' id='word_1_146' title='bbox 2169 634 2426 688; x_wconf 88' lang='lat' dir='ltr'><strong>attrahat.</strong></span> <span class='ocrx_word' id='word_1_147' title='bbox 2471 633 2717 703; x_wconf 83' lang='lat' dir='ltr'><strong>Amplius</strong></span> <span class='ocrx_word' id='word_1_148' title='bbox 2765 649 2887 690; x_wconf 91' lang='lat' dir='ltr'><strong>cum</strong></span> <span class='ocrx_word' id='word_1_149' title='bbox 2934 637 3131 691; x_wconf 84' lang='lat' dir='ltr'><strong>habeat</strong></span> <span class='ocrx_word' id='word_1_150' title='bbox 3178 637 3430 702; x_wconf 89' lang='lat' dir='ltr'><strong>amicum,</strong></span> <span class='ocrx_word' id='word_1_151' title='bbox 3481 637 3765 697; x_wconf 69' lang='lat' dir='ltr'><strong>facturum.</strong></span> 
     </span>
    </p>
   </div>
   <div class='ocr_carea' id='block_1_21' title="bbox 2169 724 3746 800">
    <p class='ocr_par' dir='ltr' id='par_1_21' title="bbox 2169 724 3746 800">
     <span class='ocr_line' id='line_1_21' title="bbox 2169 724 3746 800; baseline 0.004 -22"><span class='ocrx_word' id='word_1_152' title='bbox 2169 724 2388 796; x_wconf 79' lang='lat' dir='ltr'><strong>quidem</strong></span> <span class='ocrx_word' id='word_1_153' title='bbox 2415 740 2473 781; x_wconf 93' lang='lat' dir='ltr'><strong>se</strong></span> <span class='ocrx_word' id='word_1_154' title='bbox 2499 726 2632 781; x_wconf 88' lang='lat' dir='ltr'><strong>dicit</strong></span> <span class='ocrx_word' id='word_1_155' title='bbox 2673 726 2815 796; x_wconf 89' lang='lat' dir='ltr'><strong>quod</strong></span> <span class='ocrx_word' id='word_1_156' title='bbox 2843 727 3166 783; x_wconf 82' lang='lat' dir='ltr'><strong>inevitabilis</strong></span> <span class='ocrx_word' id='word_1_157' title='bbox 3200 729 3443 800; x_wconf 84' lang='lat' dir='ltr'><strong>praecipit</strong></span> <span class='ocrx_word' id='word_1_158' title='bbox 3470 738 3746 799; x_wconf 86' lang='lat' dir='ltr'><strong>potestas;</strong></span> 
     </span>
    </p>
   </div>
   <div class='ocr_carea' id='block_1_22' title="bbox 2168 814 3752 888">
    <p class='ocr_par' dir='ltr' id='par_1_22' title="bbox 2168 814 3752 888">
     <span class='ocr_line' id='line_1_22' title="bbox 2168 814 3752 888; baseline 0.002 -18"><span class='ocrx_word' id='word_1_159' title='bbox 2168 814 2420 871; x_wconf 88' lang='lat' dir='ltr'><strong>omnibus</strong></span> <span class='ocrx_word' id='word_1_160' title='bbox 2455 823 2633 872; x_wconf 85' lang='lat' dir='ltr'><strong>tamen</strong></span> <span class='ocrx_word' id='word_1_161' title='bbox 2672 817 2890 880; x_wconf 83' lang='lat' dir='ltr'><strong>diebus,</strong></span> <span class='ocrx_word' id='word_1_162' title='bbox 2947 817 3143 888; x_wconf 83' lang='lat' dir='ltr'><strong>quibus</strong></span> <span class='ocrx_word' id='word_1_163' title='bbox 3192 819 3334 888; x_wconf 90' lang='lat' dir='ltr'><strong>quod</strong></span> <span class='ocrx_word' id='word_1_164' title='bbox 3379 818 3560 875; x_wconf 90' lang='lat' dir='ltr'><strong>taliter</strong></span> <span class='ocrx_word' id='word_1_165' title='bbox 3603 820 3752 876; x_wconf 87' lang='lat' dir='ltr'><strong>dedit</strong></span> 
     </span>
    </p>
   </div>
   <div class='ocr_carea' id='block_1_23' title="bbox 2169 904 3764 977">
    <p class='ocr_par' dir='ltr' id='par_1_23' title="bbox 2169 904 3764 977">
     <span class='ocr_line' id='line_1_23' title="bbox 2169 904 3764 977; baseline 0.004 -18"><span class='ocrx_word' id='word_1_166' title='bbox 2169 904 2316 977; x_wconf 80' lang='grc'>(857)</span> <span class='ocrx_word' id='word_1_167' title='bbox 2364 904 2436 970; x_wconf 91' lang='lat' dir='ltr'><strong>ei,</strong></span> <span class='ocrx_word' id='word_1_168' title='bbox 2466 905 2553 960; x_wconf 92' lang='lat' dir='ltr'><strong>cui</strong></span> <span class='ocrx_word' id='word_1_169' title='bbox 2612 904 2798 971; x_wconf 91' lang='lat' dir='ltr'><strong>dedit,</strong></span> <span class='ocrx_word' id='word_1_170' title='bbox 2853 907 3104 971; x_wconf 87' lang='lat' dir='ltr'><strong>tenuerit,</strong></span> <span class='ocrx_word' id='word_1_171' title='bbox 3154 921 3367 976; x_wconf 88' lang='lat' dir='ltr'><strong>semper</strong></span> <span class='ocrx_word' id='word_1_172' title='bbox 3392 910 3441 964; x_wconf 91' lang='lat' dir='ltr'><strong>ei</strong></span> <span class='ocrx_word' id='word_1_173' title='bbox 3491 910 3764 971; x_wconf 80' lang='lat' dir='ltr'><strong>invidiam</strong></span> 
     </span>
    </p>
   </div>
   <div class='ocr_carea' id='block_1_24' title="bbox 2166 995 3751 1069">
    <p class='ocr_par' dir='ltr' id='par_1_24' title="bbox 2166 995 3751 1069">
     <span class='ocr_line' id='line_1_24' title="bbox 2166 995 3751 1069; baseline 0.005 -21"><span class='ocrx_word' id='word_1_174' title='bbox 2166 995 2426 1067; x_wconf 86' lang='lat' dir='ltr'><strong>portabit.</strong></span> <span class='ocrx_word' id='word_1_175' title='bbox 2482 995 2595 1051; x_wconf 85' lang='lat' dir='ltr'><strong>Hoc</strong></span> <span class='ocrx_word' id='word_1_176' title='bbox 2641 995 3011 1069; x_wconf 31' lang='lat' dir='ltr'><strong>duci‘inclytae</strong></span> <span class='ocrx_word' id='word_1_177' title='bbox 3056 997 3200 1067; x_wconf 79' lang='grc'>(858)</span> <span class='ocrx_word' id='word_1_178' title='bbox 3250 999 3389 1054; x_wconf 80' lang='lat' dir='ltr'><strong>dixit</strong></span> <span class='ocrx_word' id='word_1_179' title='bbox 3425 1000 3479 1054; x_wconf 94' lang='lat' dir='ltr'><strong>in</strong></span> <span class='ocrx_word' id='word_1_180' title='bbox 3534 1000 3751 1067; x_wconf 84' lang='lat' dir='ltr'><strong>fronte,</strong></span> 
     </span>
    </p>
   </div>
   <div class='ocr_carea' id='block_1_25' title="bbox 2168 1084 3749 1159">
    <p class='ocr_par' dir='ltr' id='par_1_25' title="bbox 2168 1084 3749 1159">
     <span class='ocr_line' id='line_1_25' title="bbox 2168 1084 3749 1159; baseline 0.004 -20"><span class='ocrx_word' id='word_1_181' title='bbox 2168 1084 2273 1139; x_wconf 86' lang='lat' dir='ltr'><strong>hoc</strong></span> <span class='ocrx_word' id='word_1_182' title='bbox 2329 1087 2649 1140; x_wconf 80' lang='lat' dir='ltr'><strong>monstravit</strong></span> <span class='ocrx_word' id='word_1_183' title='bbox 2699 1086 2753 1141; x_wconf 91' lang='lat' dir='ltr'><strong>in</strong></span> <span class='ocrx_word' id='word_1_184' title='bbox 2804 1085 2996 1142; x_wconf 83' lang='lat' dir='ltr'><strong>Sikero</strong></span> <span class='ocrx_word' id='word_1_185' title='bbox 3059 1087 3222 1159; x_wconf 77' lang='lat'><strong>383</strong></span> <span class='ocrx_word' id='word_1_186' title='bbox 3266 1098 3427 1157; x_wconf 88' lang='lat' dir='ltr'><strong>atque</strong></span> <span class='ocrx_word' id='word_1_187' title='bbox 3474 1089 3749 1146; x_wconf 86' lang='lat' dir='ltr'><strong>Lanzone.</strong></span> 
     </span>
    </p>
   </div>
   <div class='ocr_carea' id='block_1_26' title="bbox 2166 1173 3752 1249">
    <p class='ocr_par' dir='ltr' id='par_1_26' title="bbox 2166 1173 3752 1249">
     <span class='ocr_line' id='line_1_26' title="bbox 2166 1173 3752 1249; baseline 0.006 -20"><span class='ocrx_word' id='word_1_188' title='bbox 2166 1173 2350 1229; x_wconf 87' lang='lat' dir='ltr'><strong>Primo</strong></span> <span class='ocrx_word' id='word_1_189' title='bbox 2392 1177 2535 1231; x_wconf 90' lang='lat' dir='ltr'><strong>enim</strong></span> <span class='ocrx_word' id='word_1_190' title='bbox 2563 1186 2685 1246; x_wconf 90' lang='lat' dir='ltr'><strong>post</strong></span> <span class='ocrx_word' id='word_1_191' title='bbox 2714 1177 2921 1235; x_wconf 78' lang='lat' dir='ltr'><strong>infinita</strong></span> <span class='ocrx_word' id='word_1_192' title='bbox 2956 1178 3118 1244; x_wconf 88' lang='lat' dir='ltr'><strong>mala,</strong></span> <span class='ocrx_word' id='word_1_193' title='bbox 3161 1195 3281 1249; x_wconf 57' lang='lat' dir='ltr'><strong>quas</strong></span> <span class='ocrx_word' id='word_1_194' title='bbox 3310 1181 3359 1235; x_wconf 92' lang='lat' dir='ltr'><strong>ei</strong></span> <span class='ocrx_word' id='word_1_195' title='bbox 3390 1180 3565 1237; x_wconf 89' lang='lat' dir='ltr'><strong>tribus</strong></span> <span class='ocrx_word' id='word_1_196' title='bbox 3610 1181 3752 1238; x_wconf 89' lang='lat' dir='ltr'><strong>idem</strong></span> 
     </span>
    </p>
   </div>
   <div class='ocr_carea' id='block_1_27' title="bbox 2169 1263 3770 1349">
    <p class='ocr_par' dir='ltr' id='par_1_27' title="bbox 2169 1263 3770 1349">
     <span class='ocr_line' id='line_1_27' title="bbox 2169 1263 3770 1349; baseline 0.004 -29"><span class='ocrx_word' id='word_1_197' title='bbox 2169 1263 2392 1321; x_wconf 82' lang='lat' dir='ltr'><strong>Sikerus</strong></span> <span class='ocrx_word' id='word_1_198' title='bbox 2422 1265 2678 1320; x_wconf 90' lang='lat' dir='ltr'><strong>intulerat</strong></span> <span class='ocrx_word' id='word_1_199' title='bbox 2722 1266 2930 1322; x_wconf 75' lang='lat' dir='ltr'><strong>vicibus</strong></span> <span class='ocrx_word' id='word_1_200' title='bbox 2960 1308 2975 1334; x_wconf 95' lang='lat'><strong>,</strong></span> <span class='ocrx_word' id='word_1_201' title='bbox 3014 1267 3158 1339; x_wconf 91' lang='lat' dir='ltr'><strong>(cum</strong></span> <span class='ocrx_word' id='word_1_202' title='bbox 3182 1266 3262 1341; x_wconf 82' lang='lat' dir='ltr'><strong>[id</strong></span> <span class='ocrx_word' id='word_1_203' title='bbox 3312 1279 3387 1324; x_wconf 81' lang='lat' dir='ltr'><strong>est</strong></span> <span class='ocrx_word' id='word_1_204' title='bbox 3432 1267 3770 1349; x_wconf 59' lang='lat' dir='ltr'><strong>Batheriusl</strong></span> 
     </span>
    </p>
   </div>
   <div class='ocr_carea' id='block_1_28' title="bbox 2167 1353 3756 1429">
    <p class='ocr_par' dir='ltr' id='par_1_28' title="bbox 2167 1353 3756 1429">
     <span class='ocr_line' id='line_1_28' title="bbox 2167 1353 3756 1429; baseline 0.003 -20"><span class='ocrx_word' id='word_1_205' title='bbox 2167 1353 2363 1427; x_wconf 77' lang='lat' dir='ltr'><strong>factus)</strong></span> <span class='ocrx_word' id='word_1_206' title='bbox 2390 1364 2534 1411; x_wconf 87' lang='lat' dir='ltr'><strong>esset</strong></span> <span class='ocrx_word' id='word_1_207' title='bbox 2562 1356 2947 1423; x_wconf 90' lang='lat' dir='ltr'><strong>amicissimus,</strong></span> <span class='ocrx_word' id='word_1_208' title='bbox 2995 1366 3051 1413; x_wconf 91' lang='lat' dir='ltr'><strong>et</strong></span> <span class='ocrx_word' id='word_1_209' title='bbox 3083 1358 3133 1413; x_wconf 92' lang='lat' dir='ltr'><strong>ei</strong></span> <span class='ocrx_word' id='word_1_210' title='bbox 3179 1358 3283 1414; x_wconf 88' lang='lat' dir='ltr'><strong>tale</strong></span> <span class='ocrx_word' id='word_1_211' title='bbox 3332 1367 3567 1429; x_wconf 87' lang='lat' dir='ltr'><strong>quatuor</strong></span> <span class='ocrx_word' id='word_1_212' title='bbox 3595 1359 3756 1414; x_wconf 89' lang='lat' dir='ltr'><strong>annis</strong></span> 
     </span>
    </p>
   </div>
   <div class='ocr_carea' id='block_1_29' title="bbox 2169 1446 3756 1521">
    <p class='ocr_par' dir='ltr' id='par_1_29' title="bbox 2169 1446 3756 1521">
     <span class='ocr_line' id='line_1_29' title="bbox 2169 1446 3756 1521; baseline 0.002 -21"><span class='ocrx_word' id='word_1_213' title='bbox 2169 1446 2383 1501; x_wconf 79' lang='lat' dir='ltr'><strong>sivisset</strong></span> <span class='ocrx_word' id='word_1_214' title='bbox 2428 1454 2613 1501; x_wconf 91' lang='lat' dir='ltr'><strong>tenere</strong></span> <span class='ocrx_word' id='word_1_215' title='bbox 2644 1446 2793 1519; x_wconf 85' lang='lat'><strong>(859)</strong></span> <span class='ocrx_word' id='word_1_216' title='bbox 2841 1448 3123 1502; x_wconf 88' lang='lat' dir='ltr'><strong>castellum</strong></span> <span class='ocrx_word' id='word_1_217' title='bbox 3151 1489 3166 1514; x_wconf 92' lang='lat'><strong>,</strong></span> <span class='ocrx_word' id='word_1_218' title='bbox 3198 1450 3359 1514; x_wconf 90' lang='lat' dir='ltr'><strong>unde,</strong></span> <span class='ocrx_word' id='word_1_219' title='bbox 3387 1457 3618 1521; x_wconf 89' lang='lat' dir='ltr'><strong>excepto</strong></span> <span class='ocrx_word' id='word_1_220' title='bbox 3648 1448 3756 1503; x_wconf 88' lang='lat' dir='ltr'><strong>alio</strong></span> 
     </span>
    </p>
   </div>
   <div class='ocr_carea' id='block_1_30' title="bbox 2170 1538 3761 1601">
    <p class='ocr_par' dir='ltr' id='par_1_30' title="bbox 2170 1538 3761 1601">
     <span class='ocr_line' id='line_1_30' title="bbox 2170 1538 3761 1601; baseline 0 -7"><span class='ocrx_word' id='word_1_221' title='bbox 2170 1539 2411 1601; x_wconf 86' lang='lat' dir='ltr'><strong>servitio,</strong></span> <span class='ocrx_word' id='word_1_222' title='bbox 2441 1555 2536 1593; x_wconf 90' lang='lat' dir='ltr'><strong>scx</strong></span> <span class='ocrx_word' id='word_1_223' title='bbox 2579 1538 2748 1593; x_wconf 92' lang='lat' dir='ltr'><strong>libras</strong></span> <span class='ocrx_word' id='word_1_224' title='bbox 2793 1538 3137 1594; x_wconf 89' lang='lat' dir='ltr'><strong>denariorum</strong></span> <span class='ocrx_word' id='word_1_225' title='bbox 3186 1539 3568 1595; x_wconf 83' lang='lat' dir='ltr'><strong>Veneticorum</strong></span> <span class='ocrx_word' id='word_1_226' title='bbox 3607 1542 3761 1595; x_wconf 82' lang='lat' dir='ltr'><strong>omni</strong></span> 
     </span>
    </p>
   </div>
   <div class='ocr_carea' id='block_1_31' title="bbox 2171 1630 3773 1702">
    <p class='ocr_par' dir='ltr' id='par_1_31' title="bbox 2171 1630 3773 1702">
     <span class='ocr_line' id='line_1_31' title="bbox 2171 1630 3773 1702; baseline 0.001 -16"><span class='ocrx_word' id='word_1_227' title='bbox 2171 1632 2372 1686; x_wconf 87' lang='lat' dir='ltr'><strong>habere</strong></span> <span class='ocrx_word' id='word_1_228' title='bbox 2420 1639 2634 1701; x_wconf 85' lang='lat' dir='ltr'><strong>poterat</strong></span> <span class='ocrx_word' id='word_1_229' title='bbox 2689 1646 2866 1697; x_wconf 90' lang='lat' dir='ltr'><strong>anno;</strong></span> <span class='ocrx_word' id='word_1_230' title='bbox 2919 1630 3141 1700; x_wconf 89' lang='lat' dir='ltr'><strong>insuper</strong></span> <span class='ocrx_word' id='word_1_231' title='bbox 3190 1631 3337 1702; x_wconf 77' lang='lat'><strong>(860)</strong></span> <span class='ocrx_word' id='word_1_232' title='bbox 3377 1630 3431 1685; x_wconf 92' lang='lat' dir='ltr'><strong>in</strong></span> <span class='ocrx_word' id='word_1_233' title='bbox 3478 1631 3773 1687; x_wconf 50' lang='lat' dir='ltr'><strong>voluntate.</strong></span> 
     </span>
    </p>
   </div>
   <div class='ocr_carea' id='block_1_32' title="bbox 2170 1721 3770 1792">
    <p class='ocr_par' dir='ltr' id='par_1_32' title="bbox 2170 1721 3770 1792">
     <span class='ocr_line' id='line_1_32' title="bbox 2170 1721 3770 1792; baseline 0.004 -17"><span class='ocrx_word' id='word_1_234' title='bbox 2170 1721 2431 1787; x_wconf 88' lang='lat' dir='ltr'><strong>haberet,</strong></span> <span class='ocrx_word' id='word_1_235' title='bbox 2476 1722 2619 1791; x_wconf 89' lang='lat' dir='ltr'><strong>quod</strong></span> <span class='ocrx_word' id='word_1_236' title='bbox 2661 1736 2877 1777; x_wconf 87' lang='lat' dir='ltr'><strong>onmem</strong></span> <span class='ocrx_word' id='word_1_237' title='bbox 2913 1731 3133 1787; x_wconf 88' lang='lat' dir='ltr'><strong>terram,</strong></span> <span class='ocrx_word' id='word_1_238' title='bbox 3161 1738 3279 1792; x_wconf 85' lang='lat' dir='ltr'><strong>quae</strong></span> <span class='ocrx_word' id='word_1_239' title='bbox 3310 1731 3458 1779; x_wconf 88' lang='lat' dir='ltr'><strong>trans</strong></span> <span class='ocrx_word' id='word_1_240' title='bbox 3481 1723 3659 1779; x_wconf 91' lang='lat' dir='ltr'><strong>lacum</strong></span> <span class='ocrx_word' id='word_1_241' title='bbox 3691 1725 3770 1781; x_wconf 46' lang='lat' dir='ltr'><strong>de.</strong></span> 
     </span>
    </p>
   </div>
   <div class='ocr_carea' id='block_1_33' title="bbox 481 1796 3756 1886">
    <p class='ocr_par' dir='ltr' id='par_1_33' title="bbox 481 1796 3756 1886">
     <span class='ocr_line' id='line_1_33' title="bbox 481 1796 3756 1886; baseline 0.002 -22"><span class='ocrx_word' id='word_1_242' title='bbox 481 1826 604 1865; x_wconf 88' lang='lat' dir='ltr'><strong>rum</strong></span> <span class='ocrx_word' id='word_1_243' title='bbox 632 1826 693 1865; x_wconf 89' lang='lat' dir='ltr'><strong>sc</strong></span> <span class='ocrx_word' id='word_1_244' title='bbox 720 1811 862 1865; x_wconf 89' lang='lat' dir='ltr'><strong>dicit.</strong></span> <span class='ocrx_word' id='word_1_245' title='bbox 895 1825 1077 1880; x_wconf 87' lang='lat' dir='ltr'><strong>agere,</strong></span> <span class='ocrx_word' id='word_1_246' title='bbox 1110 1810 1236 1865; x_wconf 90' lang='lat' dir='ltr'><strong>dum</strong></span> <span class='ocrx_word' id='word_1_247' title='bbox 1280 1826 1452 1880; x_wconf 88' lang='lat' dir='ltr'><strong>usque</strong></span> <span class='ocrx_word' id='word_1_248' title='bbox 1498 1811 1564 1866; x_wconf 91' lang='lat' dir='ltr'><strong>ad</strong></span> <span class='ocrx_word' id='word_1_249' title='bbox 1598 1826 1796 1866; x_wconf 90' lang='lat' dir='ltr'><strong>nonam</strong></span> <span class='ocrx_word' id='word_1_250' title='bbox 1820 1802 2063 1880; x_wconf 69' lang='lat' dir='ltr'><strong>&#39;jejunat,</strong></span> <span class='ocrx_word' id='word_1_251' title='bbox 2096 1796 2143 1855; x_wconf 76' lang='grc' dir='ltr'><strong>Β</strong></span> <span class='ocrx_word' id='word_1_252' title='bbox 2174 1812 2411 1868; x_wconf 84' lang='lat' dir='ltr'><strong>Ecclesia</strong></span> <span class='ocrx_word' id='word_1_253' title='bbox 2453 1813 2749 1868; x_wconf 82' lang='lat' dir='ltr'><strong>Veronensi</strong></span> <span class='ocrx_word' id='word_1_254' title='bbox 2779 1822 2886 1878; x_wconf 90' lang='lat' dir='ltr'><strong>est,</strong></span> <span class='ocrx_word' id='word_1_255' title='bbox 2933 1812 3074 1868; x_wconf 89' lang='lat' dir='ltr'><strong>inter</strong></span> <span class='ocrx_word' id='word_1_256' title='bbox 3104 1812 3251 1868; x_wconf 80' lang='lat' dir='ltr'><strong>illum</strong></span> <span class='ocrx_word' id='word_1_257' title='bbox 3282 1815 3550 1884; x_wconf 88' lang='lat' dir='ltr'><strong>patiretur</strong></span> <span class='ocrx_word' id='word_1_258' title='bbox 3576 1826 3631 1870; x_wconf 90' lang='lat' dir='ltr'><strong>et</strong></span> <span class='ocrx_word' id='word_1_259' title='bbox 3660 1831 3756 1886; x_wconf 78' lang='lat' dir='ltr'><strong>ge-</strong></span> 
     </span>
    </p>
   </div>
   <div class='ocr_carea' id='block_1_34' title="bbox 483 1898 2066 1970">
    <p class='ocr_par' dir='ltr' id='par_1_34' title="bbox 483 1898 2066 1970">
     <span class='ocr_line' id='line_1_34' title="bbox 483 1898 2066 1970; baseline -0.001 -16"><span class='ocrx_word' id='word_1_260' title='bbox 483 1915 607 1954; x_wconf 89' lang='lat' dir='ltr'><strong>cum</strong></span> <span class='ocrx_word' id='word_1_261' title='bbox 636 1908 823 1970; x_wconf 87' lang='lat' dir='ltr'><strong>postea</strong></span> <span class='ocrx_word' id='word_1_262' title='bbox 853 1909 1148 1967; x_wconf 82' lang='lat' dir='ltr'><strong>saturetur,</strong></span> <span class='ocrx_word' id='word_1_263' title='bbox 1178 1900 1448 1970; x_wconf 84' lang='lat' dir='ltr'><strong>peccatis;</strong></span> <span class='ocrx_word' id='word_1_264' title='bbox 1493 1915 1615 1954; x_wconf 91' lang='lat' dir='ltr'><strong>cum</strong></span> <span class='ocrx_word' id='word_1_265' title='bbox 1642 1898 1913 1954; x_wconf 83' lang='lat' dir='ltr'><strong>veraciter</strong></span> <span class='ocrx_word' id='word_1_266' title='bbox 1941 1908 2066 1969; x_wconf 82' lang='lat' dir='ltr'><strong>agat</strong></span> 
     </span>
    </p>
   </div>
   <div class='ocr_carea' id='block_1_35' title="bbox 481 1991 1589 2063">
    <p class='ocr_par' dir='ltr' id='par_1_35' title="bbox 481 1991 1589 2063">
     <span class='ocr_line' id='line_1_35' title="bbox 481 1991 1589 2063; baseline 0.003 -17"><span class='ocrx_word' id='word_1_267' title='bbox 481 2008 582 2063; x_wconf 91' lang='lat' dir='ltr'><strong>pro</strong></span> <span class='ocrx_word' id='word_1_268' title='bbox 608 1993 741 2058; x_wconf 90' lang='lat' dir='ltr'><strong>suis,</strong></span> <span class='ocrx_word' id='word_1_269' title='bbox 775 1991 1289 2048; x_wconf 82' lang='lat' dir='ltr'><strong>insullicicntissime</strong></span> <span class='ocrx_word' id='word_1_270' title='bbox 1315 1993 1589 2063; x_wconf 84' lang='lat' dir='ltr'><strong>quamvis.</strong></span> 
     </span>
    </p>
   </div>
   <div class='ocr_carea' id='block_1_36' title="bbox 553 2083 2069 2154">
    <p class='ocr_par' dir='ltr' id='par_1_36' title="bbox 553 2083 2069 2154">
     <span class='ocr_line' id='line_1_36' title="bbox 553 2083 2069 2154; baseline -0.001 -15"><span class='ocrx_word' id='word_1_271' title='bbox 553 2083 605 2139; x_wconf 88' lang='lat'><strong>9.</strong></span> <span class='ocrx_word' id='word_1_272' title='bbox 646 2084 974 2151; x_wconf 83' lang='lat' dir='ltr'><strong>Quibusdam</strong></span> <span class='ocrx_word' id='word_1_273' title='bbox 1012 2099 1139 2139; x_wconf 89' lang='lat' dir='ltr'><strong>vero</strong></span> <span class='ocrx_word' id='word_1_274' title='bbox 1179 2099 1284 2138; x_wconf 90' lang='lat' dir='ltr'><strong>uno</strong></span> <span class='ocrx_word' id='word_1_275' title='bbox 1318 2092 1558 2154; x_wconf 90' lang='lat' dir='ltr'><strong>tempore</strong></span> <span class='ocrx_word' id='word_1_276' title='bbox 1587 2094 1692 2138; x_wconf 91' lang='lat' dir='ltr'><strong>tam</strong></span> <span class='ocrx_word' id='word_1_277' title='bbox 1723 2093 1805 2139; x_wconf 91' lang='lat' dir='ltr'><strong>est</strong></span> <span class='ocrx_word' id='word_1_278' title='bbox 1835 2084 2069 2138; x_wconf 78' lang='lat' dir='ltr'><strong>benevo-</strong></span> 
     </span>
    </p>
   </div>
   <div class='ocr_carea' id='block_1_37' title="bbox 480 2174 2066 2241">
    <p class='ocr_par' dir='ltr' id='par_1_37' title="bbox 480 2174 2066 2241">
     <span class='ocr_line' id='line_1_37' title="bbox 480 2174 2066 2241; baseline -0.001 -13"><span class='ocrx_word' id='word_1_279' title='bbox 480 2174 585 2240; x_wconf 87' lang='lat' dir='ltr'><strong>lus,</strong></span> <span class='ocrx_word' id='word_1_280' title='bbox 619 2183 726 2229; x_wconf 90' lang='lat' dir='ltr'><strong>tam</strong></span> <span class='ocrx_word' id='word_1_281' title='bbox 754 2174 861 2230; x_wconf 92' lang='lat' dir='ltr'><strong>alio</strong></span> <span class='ocrx_word' id='word_1_282' title='bbox 892 2174 1207 2241; x_wconf 77' lang='lat' dir='ltr'><strong>malevolus,</strong></span> <span class='ocrx_word' id='word_1_283' title='bbox 1253 2182 1310 2228; x_wconf 89' lang='lat' dir='ltr'><strong>ut</strong></span> <span class='ocrx_word' id='word_1_284' title='bbox 1337 2190 1527 2230; x_wconf 90' lang='lat' dir='ltr'><strong>omnes</strong></span> <span class='ocrx_word' id='word_1_285' title='bbox 1567 2174 1847 2229; x_wconf 88' lang='lat' dir='ltr'><strong>mirentur.</strong></span> <span class='ocrx_word' id='word_1_286' title='bbox 1876 2174 2066 2228; x_wconf 83' lang='lat' dir='ltr'><strong>Mirum</strong></span> 
     </span>
    </p>
   </div>
   <div class='ocr_carea' id='block_1_38' title="bbox 480 2262 2070 2335">
    <p class='ocr_par' dir='ltr' id='par_1_38' title="bbox 480 2262 2070 2335">
     <span class='ocr_line' id='line_1_38' title="bbox 480 2262 2070 2335; baseline -0.001 -17"><span class='ocrx_word' id='word_1_287' title='bbox 480 2279 639 2330; x_wconf 85' lang='lat' dir='ltr'><strong>vero;</strong></span> <span class='ocrx_word' id='word_1_288' title='bbox 659 2266 802 2335; x_wconf 91' lang='lat' dir='ltr'><strong>quod</strong></span> <span class='ocrx_word' id='word_1_289' title='bbox 838 2265 1160 2321; x_wconf 80' lang='lat' dir='ltr'><strong>mirantibus</strong></span> <span class='ocrx_word' id='word_1_290' title='bbox 1207 2264 1433 2327; x_wconf 79' lang='lat' dir='ltr'><strong>referre,</strong></span> <span class='ocrx_word' id='word_1_291' title='bbox 1471 2280 1569 2320; x_wconf 90' lang='lat' dir='ltr'><strong>cur</strong></span> <span class='ocrx_word' id='word_1_292' title='bbox 1597 2265 1700 2320; x_wconf 84' lang='lat' dir='ltr'><strong>hoc</strong></span> <span class='ocrx_word' id='word_1_293' title='bbox 1727 2262 1889 2318; x_wconf 79' lang='lat' dir='ltr'><strong>faciat</strong></span> <span class='ocrx_word' id='word_1_294' title='bbox 1919 2303 1933 2330; x_wconf 92' lang='lat'><strong>,</strong></span> <span class='ocrx_word' id='word_1_295' title='bbox 1974 2278 2070 2317; x_wconf 86' lang='lat' dir='ltr'><strong>au-</strong></span> 
     </span>
    </p>
   </div>
   <div class='ocr_carea' id='block_1_39' title="bbox 483 2356 2068 2429">
    <p class='ocr_par' dir='ltr' id='par_1_39' title="bbox 483 2356 2068 2429">
     <span class='ocr_line' id='line_1_39' title="bbox 483 2356 2068 2429; baseline -0.002 -18"><span class='ocrx_word' id='word_1_296' title='bbox 483 2357 592 2413; x_wconf 89' lang='lat' dir='ltr'><strong>det.</strong></span> <span class='ocrx_word' id='word_1_297' title='bbox 638 2357 780 2413; x_wconf 90' lang='lat' dir='ltr'><strong>Dicit</strong></span> <span class='ocrx_word' id='word_1_298' title='bbox 809 2359 953 2415; x_wconf 88' lang='lat' dir='ltr'><strong>enim</strong></span> <span class='ocrx_word' id='word_1_299' title='bbox 985 2360 1128 2429; x_wconf 91' lang='lat' dir='ltr'><strong>quod</strong></span> <span class='ocrx_word' id='word_1_300' title='bbox 1164 2372 1325 2414; x_wconf 90' lang='lat' dir='ltr'><strong>nemo</strong></span> <span class='ocrx_word' id='word_1_301' title='bbox 1357 2358 1428 2413; x_wconf 91' lang='lat' dir='ltr'><strong>sit</strong></span> <span class='ocrx_word' id='word_1_302' title='bbox 1460 2358 1511 2412; x_wconf 91' lang='lat' dir='ltr'><strong>in</strong></span> <span class='ocrx_word' id='word_1_303' title='bbox 1546 2367 1712 2423; x_wconf 89' lang='lat' dir='ltr'><strong>terra,</strong></span> <span class='ocrx_word' id='word_1_304' title='bbox 1755 2357 1846 2428; x_wconf 81' lang='lat' dir='ltr'><strong>qui</strong></span> <span class='ocrx_word' id='word_1_305' title='bbox 1880 2358 1932 2412; x_wconf 91' lang='lat' dir='ltr'><strong>in</strong></span> <span class='ocrx_word' id='word_1_306' title='bbox 1980 2356 2068 2411; x_wconf 87' lang='lat' dir='ltr'><strong>illa</strong></span> 
     </span>
    </p>
   </div>
   <div class='ocr_carea' id='block_1_40' title="bbox 556 2611 2069 2685">
    <p class='ocr_par' dir='ltr' id='par_1_40' title="bbox 556 2611 2069 2685">
     <span class='ocr_line' id='line_1_40' title="bbox 556 2611 2069 2685; baseline 0 -18"><span class='ocrx_word' id='word_1_307' title='bbox 556 2611 703 2685; x_wconf 69' lang='lat'><strong>(855)</strong></span> <span class='ocrx_word' id='word_1_308' title='bbox 743 2613 1011 2685; x_wconf 71' lang='lat' dir='ltr'><strong>Constrne</strong></span> <span class='ocrx_word' id='word_1_309' title='bbox 1066 2630 1078 2665; x_wconf 95' lang='lat'><strong>:</strong></span> <span class='ocrx_word' id='word_1_310' title='bbox 1134 2613 1269 2666; x_wconf 85' lang='lat' dir='ltr'><strong>Dicit</strong></span> <span class='ocrx_word' id='word_1_311' title='bbox 1310 2629 1364 2666; x_wconf 84' lang='lat' dir='ltr'><strong>se</strong></span> <span class='ocrx_word' id='word_1_312' title='bbox 1413 2621 1629 2685; x_wconf 79' lang='lat' dir='ltr'><strong>cantare</strong></span> <span class='ocrx_word' id='word_1_313' title='bbox 1669 2613 1933 2682; x_wconf 82' lang='lat' dir='ltr'><strong>psalmos,</strong></span> <span class='ocrx_word' id='word_1_314' title='bbox 1969 2630 2069 2667; x_wconf 83' lang='lat' dir='ltr'><strong>non</strong></span> 
     </span>
    </p>
   </div>
   <div class='ocr_carea' id='block_1_41' title="bbox 482 2682 2072 2753">
    <p class='ocr_par' dir='ltr' id='par_1_41' title="bbox 482 2682 2072 2753">
     <span class='ocr_line' id='line_1_41' title="bbox 482 2682 2072 2753; baseline -0.001 -16"><span class='ocrx_word' id='word_1_315' title='bbox 482 2682 600 2753; x_wconf 79' lang='lat' dir='ltr'><strong>ideo</strong></span> <span class='ocrx_word' id='word_1_316' title='bbox 626 2682 1010 2753; x_wconf 76' lang='lat' dir='ltr'><strong>quoduoverit</strong></span> <span class='ocrx_word' id='word_1_317' title='bbox 1054 2699 1139 2734; x_wconf 80' lang='lat' dir='ltr'><strong>eos</strong></span> <span class='ocrx_word' id='word_1_318' title='bbox 1178 2698 1288 2735; x_wconf 79' lang='lat' dir='ltr'><strong>esse</strong></span> <span class='ocrx_word' id='word_1_319' title='bbox 1317 2682 1665 2747; x_wconf 73' lang='lat' dir='ltr'><strong>exaudibiles,</strong></span> <span class='ocrx_word' id='word_1_320' title='bbox 1707 2699 1823 2735; x_wconf 79' lang='lat' dir='ltr'><strong>cum</strong></span> <span class='ocrx_word' id='word_1_321' title='bbox 1862 2700 2072 2753; x_wconf 83' lang='lat' dir='ltr'><strong>semper</strong></span> 
     </span>
    </p>
   </div>
   <div class='ocr_carea' id='block_1_42' title="bbox 483 2751 2071 2821">
    <p class='ocr_par' dir='ltr' id='par_1_42' title="bbox 483 2751 2071 2821">
     <span class='ocr_line' id='line_1_42' title="bbox 483 2751 2071 2821; baseline 0.001 -15"><span class='ocrx_word' id='word_1_322' title='bbox 483 2751 649 2806; x_wconf 71' lang='lat' dir='ltr'><strong>aliud</strong></span> <span class='ocrx_word' id='word_1_323' title='bbox 683 2751 904 2821; x_wconf 77' lang='lat' dir='ltr'><strong>cogitet;</strong></span> <span class='ocrx_word' id='word_1_324' title='bbox 949 2752 1038 2805; x_wconf 81' lang='lat' dir='ltr'><strong>sed</strong></span> <span class='ocrx_word' id='word_1_325' title='bbox 1082 2754 1229 2819; x_wconf 85' lang='lat' dir='ltr'><strong>quia,</strong></span> <span class='ocrx_word' id='word_1_326' title='bbox 1279 2768 1396 2806; x_wconf 88' lang='lat' dir='ltr'><strong>cum</strong></span> <span class='ocrx_word' id='word_1_327' title='bbox 1427 2753 1617 2805; x_wconf 87' lang='lat' dir='ltr'><strong>sentiat</strong></span> <span class='ocrx_word' id='word_1_328' title='bbox 1663 2768 1720 2805; x_wconf 88' lang='lat' dir='ltr'><strong>se</strong></span> <span class='ocrx_word' id='word_1_329' title='bbox 1757 2752 2071 2821; x_wconf 82' lang='lat' dir='ltr'><strong>perinvitum</strong></span> 
     </span>
    </p>
   </div>
   <div class='ocr_carea' id='block_1_43' title="bbox 485 2821 2069 2891">
    <p class='ocr_par' dir='ltr' id='par_1_43' title="bbox 485 2821 2069 2891">
     <span class='ocr_line' id='line_1_43' title="bbox 485 2821 2069 2891; baseline 0.001 -16"><span class='ocrx_word' id='word_1_330' title='bbox 485 2838 673 2877; x_wconf 86' lang='lat' dir='ltr'><strong>canere</strong></span> <span class='ocrx_word' id='word_1_331' title='bbox 694 2821 842 2891; x_wconf 81' lang='lat' dir='ltr'><strong>illos,</strong></span> <span class='ocrx_word' id='word_1_332' title='bbox 868 2832 1009 2890; x_wconf 84' lang='lat' dir='ltr'><strong>putet</strong></span> <span class='ocrx_word' id='word_1_333' title='bbox 1039 2822 1205 2891; x_wconf 82' lang='lat' dir='ltr'><strong>ipsum</strong></span> <span class='ocrx_word' id='word_1_334' title='bbox 1226 2823 1348 2881; x_wconf 82' lang='lat' dir='ltr'><strong>vim,</strong></span> <span class='ocrx_word' id='word_1_335' title='bbox 1385 2838 1543 2891; x_wconf 78' lang='lat' dir='ltr'><strong>quam</strong></span> <span class='ocrx_word' id='word_1_336' title='bbox 1573 2822 1796 2891; x_wconf 72' lang='lat' dir='ltr'><strong>recitatis</strong></span> <span class='ocrx_word' id='word_1_337' title='bbox 1826 2837 1911 2875; x_wconf 85' lang='lat' dir='ltr'><strong>eos</strong></span> <span class='ocrx_word' id='word_1_338' title='bbox 1943 2839 2069 2877; x_wconf 84' lang='lat' dir='ltr'><strong>con-</strong></span> 
     </span>
    </p>
   </div>
   <div class='ocr_carea' id='block_1_44' title="bbox 484 2890 2069 2960">
    <p class='ocr_par' dir='ltr' id='par_1_44' title="bbox 484 2890 2069 2960">
     <span class='ocr_line' id='line_1_44' title="bbox 484 2890 2069 2960; baseline -0.001 -15"><span class='ocrx_word' id='word_1_339' title='bbox 484 2903 570 2946; x_wconf 66' lang='lat' dir='ltr'><strong>t*a</strong></span> <span class='ocrx_word' id='word_1_340' title='bbox 617 2890 937 2946; x_wconf 82' lang='lat' dir='ltr'><strong>voluntatem</strong></span> <span class='ocrx_word' id='word_1_341' title='bbox 970 2890 1156 2957; x_wconf 76' lang='lat' dir='ltr'><strong>ingerit</strong></span> <span class='ocrx_word' id='word_1_342' title='bbox 1204 2892 1342 2953; x_wconf 84' lang='lat' dir='ltr'><strong>sibi,</strong></span> <span class='ocrx_word' id='word_1_343' title='bbox 1390 2890 1559 2945; x_wconf 78' lang='lat' dir='ltr'><strong>valere</strong></span> <span class='ocrx_word' id='word_1_344' title='bbox 1607 2890 1807 2960; x_wconf 82' lang='lat' dir='ltr'><strong>aliquid</strong></span> <span class='ocrx_word' id='word_1_345' title='bbox 1852 2891 1922 2943; x_wconf 84' lang='lat' dir='ltr'><strong>ad</strong></span> <span class='ocrx_word' id='word_1_346' title='bbox 1954 2893 2069 2953; x_wconf 81' lang='lat' dir='ltr'><strong>hoc,</strong></span> 
     </span>
    </p>
   </div>
   <div class='ocr_carea' id='block_1_45' title="bbox 484 2960 2074 3030">
    <p class='ocr_par' dir='ltr' id='par_1_45' title="bbox 484 2960 2074 3030">
     <span class='ocr_line' id='line_1_45' title="bbox 484 2960 2074 3030; baseline 0 -15"><span class='ocrx_word' id='word_1_347' title='bbox 484 2962 625 3021; x_wconf 81' lang='lat' dir='ltr'><strong>quod</strong></span> <span class='ocrx_word' id='word_1_348' title='bbox 654 2962 763 3030; x_wconf 83' lang='lat' dir='ltr'><strong>ipse</strong></span> <span class='ocrx_word' id='word_1_349' title='bbox 801 2960 973 3030; x_wconf 63' lang='lat' dir='ltr'><strong>uolens</strong></span> <span class='ocrx_word' id='word_1_350' title='bbox 1001 2962 1383 3014; x_wconf 74' lang='lat' dir='ltr'><strong>actitatrontra</strong></span> <span class='ocrx_word' id='word_1_351' title='bbox 1419 2961 1604 3025; x_wconf 82' lang='lat' dir='ltr'><strong>Deum,</strong></span> <span class='ocrx_word' id='word_1_352' title='bbox 1629 2961 1734 3014; x_wconf 85' lang='lat' dir='ltr'><strong>sive</strong></span> <span class='ocrx_word' id='word_1_353' title='bbox 1762 2969 1815 3012; x_wconf 86' lang='lat' dir='ltr'><strong>ut</strong></span> <span class='ocrx_word' id='word_1_354' title='bbox 1851 2961 2074 3030; x_wconf 85' lang='lat' dir='ltr'><strong>compel-</strong></span> 
     </span>
    </p>
   </div>
   <div class='ocr_carea' id='block_1_46' title="bbox 485 3027 2076 3100">
    <p class='ocr_par' dir='ltr' id='par_1_46' title="bbox 485 3027 2076 3100">
     <span class='ocr_line' id='line_1_46' title="bbox 485 3027 2076 3100; baseline 0.003 -18"><span class='ocrx_word' id='word_1_355' title='bbox 485 3033 561 3084; x_wconf 82' lang='lat' dir='ltr'><strong>Iul</strong></span> <span class='ocrx_word' id='word_1_356' title='bbox 588 3027 701 3099; x_wconf 82' lang='lat' dir='ltr'><strong>ipsa</strong></span> <span class='ocrx_word' id='word_1_357' title='bbox 734 3027 918 3083; x_wconf 81' lang='lat' dir='ltr'><strong>saltem</strong></span> <span class='ocrx_word' id='word_1_358' title='bbox 949 3032 1089 3083; x_wconf 83' lang='lat' dir='ltr'><strong>labia</strong></span> <span class='ocrx_word' id='word_1_359' title='bbox 1127 3033 1319 3084; x_wconf 77' lang='lat' dir='ltr'><strong>servire</strong></span> <span class='ocrx_word' id='word_1_360' title='bbox 1363 3030 1471 3084; x_wconf 83' lang='lat' dir='ltr'><strong>Deo</strong></span> <span class='ocrx_word' id='word_1_361' title='bbox 1493 3071 1506 3091; x_wconf 94' lang='lat'><strong>,</strong></span> <span class='ocrx_word' id='word_1_362' title='bbox 1537 3031 1634 3084; x_wconf 89' lang='lat' dir='ltr'><strong>etsi</strong></span> <span class='ocrx_word' id='word_1_363' title='bbox 1669 3030 1826 3083; x_wconf 82' lang='lat' dir='ltr'><strong>corde</strong></span> <span class='ocrx_word' id='word_1_364' title='bbox 1856 3027 2076 3100; x_wconf 78' lang='lat' dir='ltr'><strong>vagante</strong></span> 
     </span>
    </p>
   </div>
   <div class='ocr_carea' id='block_1_47' title="bbox 484 3100 2073 3170">
    <p class='ocr_par' dir='ltr' id='par_1_47' title="bbox 484 3100 2073 3170">
     <span class='ocr_line' id='line_1_47' title="bbox 484 3100 2073 3170; baseline -0.001 -14"><span class='ocrx_word' id='word_1_365' title='bbox 484 3103 787 3170; x_wconf 67' lang='lat' dir='ltr'><strong>materiaque</strong></span> <span class='ocrx_word' id='word_1_366' title='bbox 815 3101 1055 3154; x_wconf 85' lang='lat' dir='ltr'><strong>membris</strong></span> <span class='ocrx_word' id='word_1_367' title='bbox 1087 3100 1452 3154; x_wconf 80' lang='lat' dir='ltr'><strong>rebellantibus</strong></span> <span class='ocrx_word' id='word_1_368' title='bbox 1479 3100 1751 3170; x_wconf 67' lang='lat' dir='ltr'><strong>Deo,cuut</strong></span> <span class='ocrx_word' id='word_1_369' title='bbox 1770 3108 1817 3153; x_wconf 85' lang='lat' dir='ltr'><strong>et</strong></span> <span class='ocrx_word' id='word_1_370' title='bbox 1846 3101 1900 3153; x_wconf 88' lang='lat' dir='ltr'><strong>in</strong></span> <span class='ocrx_word' id='word_1_371' title='bbox 1929 3101 2073 3156; x_wconf 81' lang='lat' dir='ltr'><strong>nullo</strong></span> 
     </span>
    </p>
   </div>
   <div class='ocr_carea' id='block_1_48' title="bbox 484 3168 2069 3241">
    <p class='ocr_par' dir='ltr' id='par_1_48' title="bbox 484 3168 2069 3241">
     <span class='ocr_line' id='line_1_48' title="bbox 484 3168 2069 3241; baseline -0.001 -16"><span class='ocrx_word' id='word_1_372' title='bbox 484 3188 666 3225; x_wconf 88' lang='lat' dir='ltr'><strong>eorum</strong></span> <span class='ocrx_word' id='word_1_373' title='bbox 695 3168 862 3241; x_wconf 78' lang='lat' dir='ltr'><strong>magis</strong></span> <span class='ocrx_word' id='word_1_374' title='bbox 891 3170 955 3241; x_wconf 87' lang='lat' dir='ltr'><strong>sit</strong></span> <span class='ocrx_word' id='word_1_375' title='bbox 992 3170 1233 3239; x_wconf 85' lang='lat' dir='ltr'><strong>proclivis</strong></span> <span class='ocrx_word' id='word_1_376' title='bbox 1261 3171 1328 3224; x_wconf 83' lang='lat' dir='ltr'><strong>ad</strong></span> <span class='ocrx_word' id='word_1_377' title='bbox 1368 3170 1685 3224; x_wconf 81' lang='lat' dir='ltr'><strong>irritandam</strong></span> <span class='ocrx_word' id='word_1_378' title='bbox 1718 3168 1885 3222; x_wconf 87' lang='lat' dir='ltr'><strong>Deum</strong></span> <span class='ocrx_word' id='word_1_379' title='bbox 1911 3187 2069 3241; x_wconf 81' lang='lat' dir='ltr'><strong>quam</strong></span> 
     </span>
    </p>
   </div>
   <div class='ocr_carea' id='block_1_49' title="bbox 486 3240 1116 3310">
    <p class='ocr_par' dir='ltr' id='par_1_49' title="bbox 486 3240 1116 3310">
     <span class='ocr_line' id='line_1_49' title="bbox 486 3240 1116 3310; baseline -0.003 -16"><span class='ocrx_word' id='word_1_380' title='bbox 486 3242 544 3295; x_wconf 86' lang='lat' dir='ltr'><strong>in</strong></span> <span class='ocrx_word' id='word_1_381' title='bbox 576 3240 872 3295; x_wconf 74' lang='lat' dir='ltr'><strong>excessibus</strong></span> <span class='ocrx_word' id='word_1_382' title='bbox 900 3240 1116 3310; x_wconf 82' lang='lat' dir='ltr'><strong>lingum.</strong></span> 
     </span>
    </p>
   </div>
   <div class='ocr_carea' id='block_1_50' title="bbox 562 3309 2068 3383">
    <p class='ocr_par' dir='ltr' id='par_1_50' title="bbox 562 3309 2068 3383">
     <span class='ocr_line' id='line_1_50' title="bbox 562 3309 2068 3383; baseline -0.003 -15"><span class='ocrx_word' id='word_1_383' title='bbox 562 3311 710 3383; x_wconf 80' lang='lat'><strong>(856)</strong></span> <span class='ocrx_word' id='word_1_384' title='bbox 739 3309 792 3365; x_wconf 91' lang='lat' dir='ltr'><strong>Id</strong></span> <span class='ocrx_word' id='word_1_385' title='bbox 823 3322 901 3364; x_wconf 89' lang='lat' dir='ltr'><strong>est</strong></span> <span class='ocrx_word' id='word_1_386' title='bbox 926 3350 941 3374; x_wconf 93' lang='lat'><strong>,</strong></span> <span class='ocrx_word' id='word_1_387' title='bbox 969 3312 1059 3380; x_wconf 86' lang='lat' dir='ltr'><strong>qui</strong></span> <span class='ocrx_word' id='word_1_388' title='bbox 1089 3311 1140 3383; x_wconf 80' lang='lat' dir='ltr'><strong>in</strong></span> <span class='ocrx_word' id='word_1_389' title='bbox 1168 3310 1260 3364; x_wconf 87' lang='lat' dir='ltr'><strong>illa</strong></span> <span class='ocrx_word' id='word_1_390' title='bbox 1291 3327 1346 3364; x_wconf 88' lang='lat' dir='ltr'><strong>re</strong></span> <span class='ocrx_word' id='word_1_391' title='bbox 1369 3350 1384 3375; x_wconf 93' lang='lat'><strong>,</strong></span> <span class='ocrx_word' id='word_1_392' title='bbox 1407 3327 1525 3381; x_wconf 76' lang='lat' dir='ltr'><strong>qum</strong></span> <span class='ocrx_word' id='word_1_393' title='bbox 1554 3311 1625 3364; x_wconf 87' lang='lat' dir='ltr'><strong>ad</strong></span> <span class='ocrx_word' id='word_1_394' title='bbox 1648 3310 1798 3365; x_wconf 86' lang='lat' dir='ltr'><strong>illum</strong></span> <span class='ocrx_word' id='word_1_395' title='bbox 1824 3311 2068 3381; x_wconf 85' lang='lat' dir='ltr'><strong>pertinet,</strong></span> 
     </span>
    </p>
   </div>
   <div class='ocr_carea' id='block_1_51' title="bbox 485 3381 2071 3451">
    <p class='ocr_par' dir='ltr' id='par_1_51' title="bbox 485 3381 2071 3451">
     <span class='ocr_line' id='line_1_51' title="bbox 485 3381 2071 3451; baseline -0.001 -16"><span class='ocrx_word' id='word_1_396' title='bbox 485 3381 720 3437; x_wconf 77' lang='lat' dir='ltr'><strong>attrahat</strong></span> <span class='ocrx_word' id='word_1_397' title='bbox 761 3396 918 3450; x_wconf 84' lang='lat' dir='ltr'><strong>super</strong></span> <span class='ocrx_word' id='word_1_398' title='bbox 947 3397 1001 3435; x_wconf 86' lang='lat' dir='ltr'><strong>se</strong></span> <span class='ocrx_word' id='word_1_399' title='bbox 1032 3381 1283 3451; x_wconf 78' lang='lat' dir='ltr'><strong>aliquam</strong></span> <span class='ocrx_word' id='word_1_400' title='bbox 1317 3390 1641 3451; x_wconf 82' lang='lat' dir='ltr'><strong>potestatem,</strong></span> <span class='ocrx_word' id='word_1_401' title='bbox 1693 3384 1777 3434; x_wconf 88' lang='lat' dir='ltr'><strong>cui</strong></span> <span class='ocrx_word' id='word_1_402' title='bbox 1828 3399 1934 3436; x_wconf 84' lang='lat' dir='ltr'><strong>non</strong></span> <span class='ocrx_word' id='word_1_403' title='bbox 1976 3398 2071 3434; x_wconf 85' lang='lat' dir='ltr'><strong>au-</strong></span> 
     </span>
    </p>
   </div>
   <div class='ocr_carea' id='block_1_52' title="bbox 484 3450 2068 3519">
    <p class='ocr_par' dir='ltr' id='par_1_52' title="bbox 484 3450 2068 3519">
     <span class='ocr_line' id='line_1_52' title="bbox 484 3450 2068 3519; baseline -0.001 -12"><span class='ocrx_word' id='word_1_404' title='bbox 484 3451 630 3515; x_wconf 87' lang='lat' dir='ltr'><strong>deat,</strong></span> <span class='ocrx_word' id='word_1_405' title='bbox 653 3460 745 3505; x_wconf 89' lang='lat' dir='ltr'><strong>aut</strong></span> <span class='ocrx_word' id='word_1_406' title='bbox 772 3459 926 3504; x_wconf 71' lang='lat' dir='ltr'><strong>etiam</strong></span> <span class='ocrx_word' id='word_1_407' title='bbox 954 3450 1079 3504; x_wconf 89' lang='lat' dir='ltr'><strong>nolit</strong></span> <span class='ocrx_word' id='word_1_408' title='bbox 1110 3450 1283 3503; x_wconf 83' lang='lat' dir='ltr'><strong>reniti.</strong></span> <span class='ocrx_word' id='word_1_409' title='bbox 1313 3450 1549 3519; x_wconf 82' lang='lat' dir='ltr'><strong>Amplius</strong></span> <span class='ocrx_word' id='word_1_410' title='bbox 1576 3468 1693 3504; x_wconf 87' lang='lat' dir='ltr'><strong>cum</strong></span> <span class='ocrx_word' id='word_1_411' title='bbox 1717 3452 1901 3505; x_wconf 87' lang='lat' dir='ltr'><strong>habeat</strong></span> <span class='ocrx_word' id='word_1_412' title='bbox 1932 3452 2068 3505; x_wconf 88' lang='lat' dir='ltr'><strong>ami-</strong></span> 
     </span>
    </p>
   </div>
   <div class='ocr_carea' id='block_1_53' title="bbox 484 3520 2071 3590">
    <p class='ocr_par' dir='ltr' id='par_1_53' title="bbox 484 3520 2071 3590">
     <span class='ocr_line' id='line_1_53' title="bbox 484 3520 2071 3590; baseline -0.001 -15"><span class='ocrx_word' id='word_1_413' title='bbox 484 3539 627 3586; x_wconf 86' lang='lat' dir='ltr'><strong>cum,</strong></span> <span class='ocrx_word' id='word_1_414' title='bbox 657 3521 783 3575; x_wconf 87' lang='lat' dir='ltr'><strong>dicit</strong></span> <span class='ocrx_word' id='word_1_415' title='bbox 819 3522 1027 3590; x_wconf 83' lang='lat' dir='ltr'><strong>quidem</strong></span> <span class='ocrx_word' id='word_1_416' title='bbox 1056 3537 1111 3574; x_wconf 78' lang='lat' dir='ltr'><strong>se</strong></span> <span class='ocrx_word' id='word_1_417' title='bbox 1135 3521 1400 3589; x_wconf 80' lang='lat' dir='ltr'><strong>facturum</strong></span> <span class='ocrx_word' id='word_1_418' title='bbox 1422 3520 1563 3588; x_wconf 84' lang='lat' dir='ltr'><strong>quod</strong></span> <span class='ocrx_word' id='word_1_419' title='bbox 1595 3529 1817 3588; x_wconf 79' lang='lat' dir='ltr'><strong>potestas</strong></span> <span class='ocrx_word' id='word_1_420' title='bbox 1852 3522 2071 3575; x_wconf 84' lang='lat' dir='ltr'><strong>inevita-</strong></span> 
     </span>
    </p>
   </div>
   <div class='ocr_carea' id='block_1_54' title="bbox 487 3591 2070 3659">
    <p class='ocr_par' dir='ltr' id='par_1_54' title="bbox 487 3591 2070 3659">
     <span class='ocr_line' id='line_1_54' title="bbox 487 3591 2070 3659; baseline -0.001 -14"><span class='ocrx_word' id='word_1_421' title='bbox 487 3592 625 3656; x_wconf 77' lang='lat' dir='ltr'><strong>bilis,</strong></span> <span class='ocrx_word' id='word_1_422' title='bbox 673 3591 724 3644; x_wconf 92' lang='lat' dir='ltr'><strong>id</strong></span> <span class='ocrx_word' id='word_1_423' title='bbox 756 3601 842 3646; x_wconf 89' lang='lat' dir='ltr'><strong>est</strong></span> <span class='ocrx_word' id='word_1_424' title='bbox 889 3591 1184 3651; x_wconf 57' lang='lat' dir='ltr'><strong>saecularis,</strong></span> <span class='ocrx_word' id='word_1_425' title='bbox 1218 3591 1489 3658; x_wconf 73' lang='lat' dir='ltr'><strong>prtecipit;</strong></span> <span class='ocrx_word' id='word_1_426' title='bbox 1540 3606 1740 3659; x_wconf 87' lang='lat' dir='ltr'><strong>semper</strong></span> <span class='ocrx_word' id='word_1_427' title='bbox 1786 3601 1960 3644; x_wconf 84' lang='lat' dir='ltr'><strong>tamen</strong></span> <span class='ocrx_word' id='word_1_428' title='bbox 2000 3591 2070 3655; x_wconf 86' lang='lat' dir='ltr'><strong>ei,</strong></span> 
     </span>
    </p>
   </div>
   <div class='ocr_carea' id='block_1_55' title="bbox 486 3660 2069 3730">
    <p class='ocr_par' dir='ltr' id='par_1_55' title="bbox 486 3660 2069 3730">
     <span class='ocr_line' id='line_1_55' title="bbox 486 3660 2069 3730; baseline -0.002 -14"><span class='ocrx_word' id='word_1_429' title='bbox 486 3663 574 3716; x_wconf 88' lang='lat' dir='ltr'><strong>cui</strong></span> <span class='ocrx_word' id='word_1_430' title='bbox 601 3660 802 3730; x_wconf 80' lang='lat' dir='ltr'><strong>aliquid</strong></span> <span class='ocrx_word' id='word_1_431' title='bbox 837 3662 1003 3725; x_wconf 83' lang='lat' dir='ltr'><strong>dedit,</strong></span> <span class='ocrx_word' id='word_1_432' title='bbox 1031 3660 1256 3730; x_wconf 77' lang='lat' dir='ltr'><strong>portabit</strong></span> <span class='ocrx_word' id='word_1_433' title='bbox 1303 3661 1554 3714; x_wconf 77' lang='lat' dir='ltr'><strong>invidiam</strong></span> <span class='ocrx_word' id='word_1_434' title='bbox 1598 3660 1837 3714; x_wconf 82' lang='lat' dir='ltr'><strong>omnibus</strong></span> <span class='ocrx_word' id='word_1_435' title='bbox 1865 3660 2069 3730; x_wconf 85' lang='lat' dir='ltr'><strong>diebus,</strong></span> 
     </span>
    </p>
   </div>
   <div class='ocr_carea' id='block_1_56' title="bbox 485 3729 2073 3801">
    <p class='ocr_par' dir='ltr' id='par_1_56' title="bbox 485 3729 2073 3801">
     <span class='ocr_line' id='line_1_56' title="bbox 485 3729 2073 3801; baseline -0.001 -16"><span class='ocrx_word' id='word_1_436' title='bbox 485 3734 926 3801; x_wconf 79' lang='lat' dir='ltr'><strong>quibustenuerit</strong></span> <span class='ocrx_word' id='word_1_437' title='bbox 966 3732 1107 3801; x_wconf 5' lang='lat' dir='ltr'><strong>quod,</strong></span> <span class='ocrx_word' id='word_1_438' title='bbox 1137 3729 1313 3783; x_wconf 85' lang='lat' dir='ltr'><strong>taliter</strong></span> <span class='ocrx_word' id='word_1_439' title='bbox 1340 3730 1480 3785; x_wconf 80' lang='lat' dir='ltr'><strong>dedit</strong></span> <span class='ocrx_word' id='word_1_440' title='bbox 1513 3732 1578 3784; x_wconf 91' lang='lat' dir='ltr'><strong>ei.</strong></span> <span class='ocrx_word' id='word_1_441' title='bbox 1608 3729 1694 3801; x_wconf 9' lang='lat' dir='ltr'><strong>Evr</strong></span> <span class='ocrx_word' id='word_1_442' title='bbox 1722 3729 2073 3801; x_wconf 82' lang='lat' dir='ltr'><strong>sequentibus</strong></span> 
     </span>
    </p>
   </div>
   <div class='ocr_carea' id='block_1_57' title="bbox 487 3799 2074 3871">
    <p class='ocr_par' dir='ltr' id='par_1_57' title="bbox 487 3799 2074 3871">
     <span class='ocr_line' id='line_1_57' title="bbox 487 3799 2074 3871; baseline -0.002 -15"><span class='ocrx_word' id='word_1_443' title='bbox 487 3799 754 3871; x_wconf 78' lang='lat' dir='ltr'><strong>exemplis</strong></span> <span class='ocrx_word' id='word_1_444' title='bbox 807 3799 985 3869; x_wconf 75' lang='lat' dir='ltr'><strong>hujus</strong></span> <span class='ocrx_word' id='word_1_445' title='bbox 1013 3800 1113 3871; x_wconf 64' lang='lat' dir='ltr'><strong>luci</strong></span> <span class='ocrx_word' id='word_1_446' title='bbox 1156 3814 1363 3871; x_wconf 10' lang='lat' dir='ltr'><strong>sensus,</strong></span> <span class='ocrx_word' id='word_1_447' title='bbox 1403 3801 1537 3855; x_wconf 86' lang='lat' dir='ltr'><strong>satis</strong></span> <span class='ocrx_word' id='word_1_448' title='bbox 1579 3799 1864 3871; x_wconf 83' lang='lat' dir='ltr'><strong>colligitur.</strong></span> <span class='ocrx_word' id='word_1_449' title='bbox 1908 3799 2074 3853; x_wconf 84' lang='lat' dir='ltr'><strong>Erant</strong></span> 
     </span>
    </p>
   </div>
   <div class='ocr_carea' id='block_1_58' title="bbox 488 3870 2076 3939">
    <p class='ocr_par' dir='ltr' id='par_1_58' title="bbox 488 3870 2076 3939">
     <span class='ocr_line' id='line_1_58' title="bbox 488 3870 2076 3939; baseline -0.001 -14"><span class='ocrx_word' id='word_1_450' title='bbox 488 3871 748 3925; x_wconf 87' lang='lat' dir='ltr'><strong>nimirum</strong></span> <span class='ocrx_word' id='word_1_451' title='bbox 785 3872 875 3938; x_wconf 87' lang='lat' dir='ltr'><strong>qui</strong></span> <span class='ocrx_word' id='word_1_452' title='bbox 909 3870 1086 3925; x_wconf 60' lang='lat' dir='ltr'><strong>satculi</strong></span> <span class='ocrx_word' id='word_1_453' title='bbox 1120 3870 1476 3939; x_wconf 83' lang='lat' dir='ltr'><strong>potestatibus</strong></span> <span class='ocrx_word' id='word_1_454' title='bbox 1507 3870 1800 3939; x_wconf 82' lang='lat' dir='ltr'><strong>utebantur</strong></span> <span class='ocrx_word' id='word_1_455' title='bbox 1823 3909 1838 3934; x_wconf 95' lang='lat'><strong>,</strong></span> <span class='ocrx_word' id='word_1_456' title='bbox 1890 3878 1949 3923; x_wconf 92' lang='lat' dir='ltr'><strong>ut</strong></span> <span class='ocrx_word' id='word_1_457' title='bbox 1980 3885 2076 3937; x_wconf 89' lang='lat' dir='ltr'><strong>per</strong></span> 
     </span>
    </p>
   </div>
   <div class='ocr_carea' id='block_1_59' title="bbox 489 3938 2072 4008">
    <p class='ocr_par' dir='ltr' id='par_1_59' title="bbox 489 3938 2072 4008">
     <span class='ocr_line' id='line_1_59' title="bbox 489 3938 2072 4008; baseline -0.001 -14"><span class='ocrx_word' id='word_1_458' title='bbox 489 3955 584 3995; x_wconf 84' lang='lat' dir='ltr'><strong>eas</strong></span> <span class='ocrx_word' id='word_1_459' title='bbox 611 3954 640 3992; x_wconf 87' lang='lat' dir='ltr'><strong>a</strong></span> <span class='ocrx_word' id='word_1_460' title='bbox 683 3939 942 3996; x_wconf 78' lang='lat' dir='ltr'><strong>Ratlierio</strong></span> <span class='ocrx_word' id='word_1_461' title='bbox 992 3940 1195 4008; x_wconf 89' lang='lat' dir='ltr'><strong>aliquid</strong></span> <span class='ocrx_word' id='word_1_462' title='bbox 1241 3954 1309 3993; x_wconf 86' lang='lat' dir='ltr'><strong>ex</strong></span> <span class='ocrx_word' id='word_1_463' title='bbox 1341 3939 1495 3994; x_wconf 90' lang='lat' dir='ltr'><strong>bonis</strong></span> <span class='ocrx_word' id='word_1_464' title='bbox 1541 3938 1800 3994; x_wconf 68' lang='lat' dir='ltr'><strong>Ecclesia:</strong></span> <span class='ocrx_word' id='word_1_465' title='bbox 1835 3940 1902 3994; x_wconf 89' lang='lat' dir='ltr'><strong>ad</strong></span> <span class='ocrx_word' id='word_1_466' title='bbox 1948 3954 2072 3994; x_wconf 89' lang='lat' dir='ltr'><strong>eum</strong></span> 
     </span>
    </p>
   </div>
   <div class='ocr_carea' id='block_1_60' title="bbox 490 4009 2073 4080">
    <p class='ocr_par' dir='ltr' id='par_1_60' title="bbox 490 4009 2073 4080">
     <span class='ocr_line' id='line_1_60' title="bbox 490 4009 2073 4080; baseline 0 -17"><span class='ocrx_word' id='word_1_467' title='bbox 490 4010 891 4080; x_wconf 85' lang='lat' dir='ltr'><strong>pertinentibus</strong></span> <span class='ocrx_word' id='word_1_468' title='bbox 935 4017 1340 4080; x_wconf 81' lang='lat' dir='ltr'><strong>extorquerent,</strong></span> <span class='ocrx_word' id='word_1_469' title='bbox 1390 4009 1478 4080; x_wconf 83' lang='lat' dir='ltr'><strong>vel</strong></span> <span class='ocrx_word' id='word_1_470' title='bbox 1523 4017 1584 4063; x_wconf 90' lang='lat' dir='ltr'><strong>ut</strong></span> <span class='ocrx_word' id='word_1_471' title='bbox 1609 4022 1861 4080; x_wconf 80' lang='lat' dir='ltr'><strong>concessa</strong></span> <span class='ocrx_word' id='word_1_472' title='bbox 1897 4009 1964 4063; x_wconf 90' lang='lat' dir='ltr'><strong>ab</strong></span> <span class='ocrx_word' id='word_1_473' title='bbox 2008 4024 2073 4063; x_wconf 89' lang='lat' dir='ltr'><strong>eo</strong></span> 
     </span>
    </p>
   </div>
   <div class='ocr_carea' id='block_1_61' title="bbox 488 4077 2073 4150">
    <p class='ocr_par' dir='ltr' id='par_1_61' title="bbox 488 4077 2073 4150">
     <span class='ocr_line' id='line_1_61' title="bbox 488 4077 2073 4150; baseline 0 -18"><span class='ocrx_word' id='word_1_474' title='bbox 488 4077 697 4150; x_wconf 67' lang='lat' dir='ltr'><strong>praedia</strong></span> <span class='ocrx_word' id='word_1_475' title='bbox 725 4079 1014 4150; x_wconf 81' lang='lat' dir='ltr'><strong>diplomate</strong></span> <span class='ocrx_word' id='word_1_476' title='bbox 1054 4079 1235 4150; x_wconf 88' lang='lat' dir='ltr'><strong>aliquo</strong></span> <span class='ocrx_word' id='word_1_477' title='bbox 1263 4078 1557 4150; x_wconf 82' lang='lat' dir='ltr'><strong>munirent,</strong></span> <span class='ocrx_word' id='word_1_478' title='bbox 1588 4093 1658 4150; x_wconf 78' lang='lat' dir='ltr'><strong>ne</strong></span> <span class='ocrx_word' id='word_1_479' title='bbox 1678 4077 1784 4150; x_wconf 79' lang='lat' dir='ltr'><strong>ulla</strong></span> <span class='ocrx_word' id='word_1_480' title='bbox 1806 4079 1884 4150; x_wconf 79' lang='lat' dir='ltr'><strong>_de</strong></span> <span class='ocrx_word' id='word_1_481' title='bbox 1913 4093 2073 4150; x_wconf 86' lang='lat' dir='ltr'><strong>causa</strong></span> 
     </span>
    </p>
   </div>
   <div class='ocr_carea' id='block_1_62' title="bbox 489 4146 2074 4218">
    <p class='ocr_par' dir='ltr' id='par_1_62' title="bbox 489 4146 2074 4218">
     <span class='ocr_line' id='line_1_62' title="bbox 489 4146 2074 4218; baseline -0.001 -15"><span class='ocrx_word' id='word_1_482' title='bbox 489 4146 660 4218; x_wconf 74' lang='lat' dir='ltr'><strong>repeti</strong></span> <span class='ocrx_word' id='word_1_483' title='bbox 701 4146 937 4218; x_wconf 77' lang='lat' dir='ltr'><strong>possent.</strong></span> <span class='ocrx_word' id='word_1_484' title='bbox 971 4146 1160 4203; x_wconf 81' lang='lat' dir='ltr'><strong>Tradit</strong></span> <span class='ocrx_word' id='word_1_485' title='bbox 1200 4155 1380 4218; x_wconf 85' lang='lat' dir='ltr'><strong>autem</strong></span> <span class='ocrx_word' id='word_1_486' title='bbox 1427 4148 1481 4202; x_wconf 93' lang='lat' dir='ltr'><strong>in</strong></span> <span class='ocrx_word' id='word_1_487' title='bbox 1525 4148 1685 4202; x_wconf 87' lang='lat' dir='ltr'><strong>rebus</strong></span> <span class='ocrx_word' id='word_1_488' title='bbox 1730 4146 2032 4216; x_wconf 89' lang='lat' dir='ltr'><strong>hujusmodi</strong></span> <span class='ocrx_word' id='word_1_489' title='bbox 2059 4189 2074 4211; x_wconf 95' lang='lat'><strong>,</strong></span> 
     </span>
    </p>
   </div>
   <div class='ocr_carea' id='block_1_63' title="bbox 491 4217 2074 4290">
    <p class='ocr_par' dir='ltr' id='par_1_63' title="bbox 491 4217 2074 4290">
     <span class='ocr_line' id='line_1_63' title="bbox 491 4217 2074 4290; baseline 0.001 -19"><span class='ocrx_word' id='word_1_490' title='bbox 491 4217 613 4290; x_wconf 71' lang='lat' dir='ltr'><strong>qum</strong></span> <span class='ocrx_word' id='word_1_491' title='bbox 643 4217 711 4272; x_wconf 86' lang='lat' dir='ltr'><strong>ad</strong></span> <span class='ocrx_word' id='word_1_492' title='bbox 735 4235 793 4275; x_wconf 89' lang='lat' dir='ltr'><strong>se</strong></span> <span class='ocrx_word' id='word_1_493' title='bbox 819 4220 1184 4290; x_wconf 88' lang='lat' dir='ltr'><strong>pertinebant,</strong></span> <span class='ocrx_word' id='word_1_494' title='bbox 1211 4217 1413 4290; x_wconf 77' lang='lat' dir='ltr'><strong>nullam</strong></span> <span class='ocrx_word' id='word_1_495' title='bbox 1457 4225 1779 4290; x_wconf 80' lang='lat' dir='ltr'><strong>potestatem</strong></span> <span class='ocrx_word' id='word_1_496' title='bbox 1816 4232 1957 4280; x_wconf 87' lang='lat' dir='ltr'><strong>esse,</strong></span> <span class='ocrx_word' id='word_1_497' title='bbox 1989 4220 2074 4274; x_wconf 84' lang='lat' dir='ltr'><strong>cui</strong></span> 
     </span>
    </p>
   </div>
   <div class='ocr_carea' id='block_1_64' title="bbox 492 4286 2074 4358">
    <p class='ocr_par' dir='ltr' id='par_1_64' title="bbox 492 4286 2074 4358">
     <span class='ocr_line' id='line_1_64' title="bbox 492 4286 2074 4358; baseline -0.002 -13"><span class='ocrx_word' id='word_1_498' title='bbox 492 4286 601 4345; x_wconf 79' lang='lat' dir='ltr'><strong>non</strong></span> <span class='ocrx_word' id='word_1_499' title='bbox 628 4286 851 4345; x_wconf 75' lang='lat' dir='ltr'><strong>auderet</strong></span> <span class='ocrx_word' id='word_1_500' title='bbox 893 4298 984 4344; x_wconf 90' lang='lat' dir='ltr'><strong>aut</strong></span> <span class='ocrx_word' id='word_1_501' title='bbox 1017 4289 1184 4344; x_wconf 89' lang='lat' dir='ltr'><strong>nollet</strong></span> <span class='ocrx_word' id='word_1_502' title='bbox 1211 4286 1486 4343; x_wconf 77' lang='lat' dir='ltr'><strong>resistere.</strong></span> <span class='ocrx_word' id='word_1_503' title='bbox 1511 4286 1663 4353; x_wconf 85' lang='lat' dir='ltr'><strong>Quod</strong></span> <span class='ocrx_word' id='word_1_504' title='bbox 1695 4289 1734 4341; x_wconf 89' lang='lat' dir='ltr'><strong>si</strong></span> <span class='ocrx_word' id='word_1_505' title='bbox 1766 4288 1817 4341; x_wconf 88' lang='lat' dir='ltr'><strong>in</strong></span> <span class='ocrx_word' id='word_1_506' title='bbox 1845 4290 2074 4358; x_wconf 79' lang='lat' dir='ltr'><strong>gratiam</strong></span> 
     </span>
    </p>
   </div>
   <div class='ocr_carea' id='block_1_65' title="bbox 492 4358 2076 4429">
    <p class='ocr_par' dir='ltr' id='par_1_65' title="bbox 492 4358 2076 4429">
     <span class='ocr_line' id='line_1_65' title="bbox 492 4358 2076 4429; baseline 0.002 -18"><span class='ocrx_word' id='word_1_507' title='bbox 492 4374 701 4422; x_wconf 79' lang='lat' dir='ltr'><strong>eorum,</strong></span> <span class='ocrx_word' id='word_1_508' title='bbox 732 4362 822 4429; x_wconf 90' lang='lat' dir='ltr'><strong>qui</strong></span> <span class='ocrx_word' id='word_1_509' title='bbox 868 4368 1050 4415; x_wconf 88' lang='lat' dir='ltr'><strong>essent</strong></span> <span class='ocrx_word' id='word_1_510' title='bbox 1090 4358 1271 4422; x_wconf 90' lang='lat' dir='ltr'><strong>amici,</strong></span> <span class='ocrx_word' id='word_1_511' title='bbox 1309 4358 1508 4427; x_wconf 77' lang='lat' dir='ltr'><strong>aliquid</strong></span> <span class='ocrx_word' id='word_1_512' title='bbox 1553 4358 1898 4422; x_wconf 87' lang='lat' dir='ltr'><strong>concederet,</strong></span> <span class='ocrx_word' id='word_1_513' title='bbox 1934 4360 2076 4427; x_wconf 88' lang='lat' dir='ltr'><strong>quod</strong></span> 
     </span>
    </p>
   </div>
   <div class='ocr_carea' id='block_1_66' title="bbox 462 4429 2078 4498">
    <p class='ocr_par' dir='ltr' id='par_1_66' title="bbox 462 4429 2078 4498">
     <span class='ocr_line' id='line_1_66' title="bbox 462 4429 2078 4498; baseline -0.002 -12"><span class='ocrx_word' id='word_1_514' title='bbox 462 4429 820 4487; x_wconf 59' lang='lat' dir='ltr'><strong>.incvitabilis</strong></span> <span class='ocrx_word' id='word_1_515' title='bbox 871 4438 1110 4498; x_wconf 89' lang='lat' dir='ltr'><strong>potestas</strong></span> <span class='ocrx_word' id='word_1_516' title='bbox 1169 4430 1613 4492; x_wconf 73' lang='lat' dir='ltr'><strong>concedendum,</strong></span> <span class='ocrx_word' id='word_1_517' title='bbox 1662 4437 1755 4481; x_wconf 90' lang='lat' dir='ltr'><strong>aut</strong></span> <span class='ocrx_word' id='word_1_518' title='bbox 1806 4438 1979 4481; x_wconf 87' lang='lat' dir='ltr'><strong>ratmn</strong></span> <span class='ocrx_word' id='word_1_519' title='bbox 2021 4438 2078 4483; x_wconf 92' lang='lat' dir='ltr'><strong>et</strong></span> 
     </span>
    </p>
   </div>
   <div class='ocr_carea' id='block_1_67' title="bbox 2101 3143 3511 3230">
    <p class='ocr_par' dir='ltr' id='par_1_67' title="bbox 2101 3143 3511 3230">
     <span class='ocr_line' id='line_1_67' title="bbox 2101 3143 3511 3230; baseline -0.005 -5"><span class='ocrx_word' id='word_1_520' title='bbox 2101 3143 2145 3206; x_wconf 77' lang='lat' dir='ltr'><strong>C</strong></span> <span class='ocrx_word' id='word_1_521' title='bbox 2535 3185 2597 3224; x_wconf 85' lang='lat' dir='ltr'><strong>ex</strong></span> <span class='ocrx_word' id='word_1_522' title='bbox 2644 3143 2851 3224; x_wconf 67' lang='lat' dir='ltr'><strong>duobus</strong></span> <span class='ocrx_word' id='word_1_523' title='bbox 2881 3167 3119 3223; x_wconf 87' lang='lat' dir='ltr'><strong>castellis</strong></span> <span class='ocrx_word' id='word_1_524' title='bbox 3160 3143 3351 3222; x_wconf 62' lang='grc' dir='ltr'><strong>[ιοηᾶῑί</strong></span> <span class='ocrx_word' id='word_1_525' title='bbox 3382 3207 3397 3230; x_wconf 87' lang='grc'><em>,</em></span> <span class='ocrx_word' id='word_1_526' title='bbox 3426 3143 3511 3218; x_wconf 72' lang='grc' dir='ltr'><strong>νὲι</strong></span> 
     </span>
    </p>
   </div>
   <div class='ocr_carea' id='block_1_68' title="bbox 2170 1902 3756 1976">
    <p class='ocr_par' dir='ltr' id='par_1_68' title="bbox 2170 1902 3756 1976">
     <span class='ocr_line' id='line_1_68' title="bbox 2170 1902 3756 1976; baseline 0.002 -20"><span class='ocrx_word' id='word_1_527' title='bbox 2170 1917 2359 1956; x_wconf 78' lang='lat' dir='ltr'><strong>nerunt</strong></span> <span class='ocrx_word' id='word_1_528' title='bbox 2382 1902 2525 1972; x_wconf 86' lang='lat' dir='ltr'><strong>ejus;</strong></span> <span class='ocrx_word' id='word_1_529' title='bbox 2546 1906 2643 1971; x_wconf 84' lang='lat' dir='ltr'><strong>pro</strong></span> <span class='ocrx_word' id='word_1_530' title='bbox 2675 1918 2739 1957; x_wconf 88' lang='lat' dir='ltr'><strong>eo</strong></span> <span class='ocrx_word' id='word_1_531' title='bbox 2755 1902 2925 1957; x_wconf 89' lang='lat' dir='ltr'><strong>solum</strong></span> <span class='ocrx_word' id='word_1_532' title='bbox 2948 1902 3091 1973; x_wconf 91' lang='lat' dir='ltr'><strong>quod</strong></span> <span class='ocrx_word' id='word_1_533' title='bbox 3114 1918 3179 1958; x_wconf 90' lang='lat' dir='ltr'><strong>eo</strong></span> <span class='ocrx_word' id='word_1_534' title='bbox 3205 1904 3314 1969; x_wconf 91' lang='lat' dir='ltr'><strong>die,</strong></span> <span class='ocrx_word' id='word_1_535' title='bbox 3337 1921 3445 1975; x_wconf 89' lang='lat' dir='ltr'><strong>quo</strong></span> <span class='ocrx_word' id='word_1_536' title='bbox 3462 1905 3590 1960; x_wconf 80' lang='lat' dir='ltr'><strong>Milo</strong></span> <span class='ocrx_word' id='word_1_537' title='bbox 3610 1905 3756 1976; x_wconf 83' lang='grc'>(861)</span> 
     </span>
    </p>
   </div>
   <div class='ocr_carea' id='block_1_69' title="bbox 2168 1994 3763 2064">
    <p class='ocr_par' dir='ltr' id='par_1_69' title="bbox 2168 1994 3763 2064">
     <span class='ocr_line' id='line_1_69' title="bbox 2168 1994 3763 2064; baseline 0.001 -17"><span class='ocrx_word' id='word_1_538' title='bbox 2168 2001 2451 2064; x_wconf 77' lang='lat' dir='ltr'><strong>potaverat</strong></span> <span class='ocrx_word' id='word_1_539' title='bbox 2510 1994 2840 2064; x_wconf 85' lang='lat' dir='ltr'><strong>episc0pium</strong></span> <span class='ocrx_word' id='word_1_540' title='bbox 2906 2009 3070 2063; x_wconf 89' lang='lat' dir='ltr'><strong>super</strong></span> <span class='ocrx_word' id='word_1_541' title='bbox 3122 2009 3245 2050; x_wconf 90' lang='lat' dir='ltr'><strong>eum</strong></span> <span class='ocrx_word' id='word_1_542' title='bbox 3306 1996 3617 2062; x_wconf 82' lang='lat' dir='ltr'><strong>evincere,</strong></span> <span class='ocrx_word' id='word_1_543' title='bbox 3653 1999 3763 2051; x_wconf 84' lang='lat' dir='ltr'><strong>mi-.</strong></span> 
     </span>
    </p>
   </div>
   <div class='ocr_carea' id='block_1_70' title="bbox 2171 2083 3757 2157">
    <p class='ocr_par' dir='ltr' id='par_1_70' title="bbox 2171 2083 3757 2157">
     <span class='ocr_line' id='line_1_70' title="bbox 2171 2083 3757 2157; baseline 0.003 -19"><span class='ocrx_word' id='word_1_544' title='bbox 2171 2086 2241 2138; x_wconf 86' lang='lat' dir='ltr'><strong>sit</strong></span> <span class='ocrx_word' id='word_1_545' title='bbox 2266 2085 2316 2139; x_wconf 90' lang='lat' dir='ltr'><strong>ei</strong></span> <span class='ocrx_word' id='word_1_546' title='bbox 2340 2086 2391 2138; x_wconf 89' lang='lat' dir='ltr'><strong>in</strong></span> <span class='ocrx_word' id='word_1_547' title='bbox 2425 2084 2701 2140; x_wconf 84' lang='lat' dir='ltr'><strong>breviculo</strong></span> <span class='ocrx_word' id='word_1_548' title='bbox 2736 2083 2850 2153; x_wconf 87' lang='lat' dir='ltr'><strong>jam</strong></span> <span class='ocrx_word' id='word_1_549' title='bbox 2882 2084 2968 2139; x_wconf 89' lang='lat' dir='ltr'><strong>bis</strong></span> <span class='ocrx_word' id='word_1_550' title='bbox 3000 2083 3141 2140; x_wconf 83' lang='lat' dir='ltr'><strong>fatus</strong></span> <span class='ocrx_word' id='word_1_551' title='bbox 3168 2084 3393 2142; x_wconf 82' lang='lat' dir='ltr'><strong>Sikerus</strong></span> <span class='ocrx_word' id='word_1_552' title='bbox 3418 2088 3602 2142; x_wconf 87' lang='lat' dir='ltr'><strong>omnia</strong></span> <span class='ocrx_word' id='word_1_553' title='bbox 3635 2103 3757 2157; x_wconf 70' lang='lat' dir='ltr'><strong>qua:</strong></span> 
     </span>
    </p>
   </div>
   <div class='ocr_carea' id='block_1_71' title="bbox 2172 2173 3758 2243">
    <p class='ocr_par' dir='ltr' id='par_1_71' title="bbox 2172 2173 3758 2243">
     <span class='ocr_line' id='line_1_71' title="bbox 2172 2173 3758 2243; baseline 0.001 -15"><span class='ocrx_word' id='word_1_554' title='bbox 2172 2174 2284 2243; x_wconf 88' lang='lat' dir='ltr'><strong>ipse</strong></span> <span class='ocrx_word' id='word_1_555' title='bbox 2315 2175 2389 2229; x_wconf 92' lang='lat' dir='ltr'><strong>illi</strong></span> <span class='ocrx_word' id='word_1_556' title='bbox 2419 2174 2723 2228; x_wconf 87' lang='lat' dir='ltr'><strong>amicaliter</strong></span> <span class='ocrx_word' id='word_1_557' title='bbox 2765 2173 3092 2237; x_wconf 88' lang='lat' dir='ltr'><strong>contulerat,</strong></span> <span class='ocrx_word' id='word_1_558' title='bbox 3127 2189 3377 2229; x_wconf 84' lang='lat' dir='ltr'><strong>asserens</strong></span> <span class='ocrx_word' id='word_1_559' title='bbox 3425 2189 3483 2229; x_wconf 90' lang='lat' dir='ltr'><strong>se</strong></span> <span class='ocrx_word' id='word_1_560' title='bbox 3530 2174 3620 2229; x_wconf 91' lang='lat' dir='ltr'><strong>illa</strong></span> <span class='ocrx_word' id='word_1_561' title='bbox 3652 2191 3758 2230; x_wconf 86' lang='lat' dir='ltr'><strong>non</strong></span> 
     </span>
    </p>
   </div>
   <div class='ocr_carea' id='block_1_72' title="bbox 2172 2263 3760 2335">
    <p class='ocr_par' dir='ltr' id='par_1_72' title="bbox 2172 2263 3760 2335">
     <span class='ocr_line' id='line_1_72' title="bbox 2172 2263 3760 2335; baseline 0 -16"><span class='ocrx_word' id='word_1_562' title='bbox 2172 2266 2386 2319; x_wconf 84' lang='lat' dir='ltr'><strong>dedisse</strong></span> <span class='ocrx_word' id='word_1_563' title='bbox 2414 2280 2511 2334; x_wconf 91' lang='lat' dir='ltr'><strong>pro</strong></span> <span class='ocrx_word' id='word_1_564' title='bbox 2539 2264 2645 2318; x_wconf 89' lang='lat' dir='ltr'><strong>ulla</strong></span> <span class='ocrx_word' id='word_1_565' title='bbox 2674 2263 3067 2334; x_wconf 88' lang='lat' dir='ltr'><strong>compositione</strong></span> <span class='ocrx_word' id='word_1_566' title='bbox 3088 2303 3102 2325; x_wconf 87' lang='lat'><strong>,</strong></span> <span class='ocrx_word' id='word_1_567' title='bbox 3133 2264 3225 2319; x_wconf 91' lang='lat' dir='ltr'><strong>sed</strong></span> <span class='ocrx_word' id='word_1_568' title='bbox 3255 2279 3354 2334; x_wconf 86' lang='lat' dir='ltr'><strong>pro</strong></span> <span class='ocrx_word' id='word_1_569' title='bbox 3398 2272 3542 2319; x_wconf 87' lang='lat' dir='ltr'><strong>terra</strong></span> <span class='ocrx_word' id='word_1_570' title='bbox 3574 2266 3760 2335; x_wconf 86' lang='lat' dir='ltr'><strong>acqui—</strong></span> 
     </span>
    </p>
   </div>
   <div class='ocr_carea' id='block_1_73' title="bbox 2172 2353 3759 2427">
    <p class='ocr_par' dir='ltr' id='par_1_73' title="bbox 2172 2353 3759 2427">
     <span class='ocr_line' id='line_1_73' title="bbox 2172 2353 3759 2427; baseline 0.001 -17"><span class='ocrx_word' id='word_1_571' title='bbox 2172 2356 2372 2421; x_wconf 87' lang='lat' dir='ltr'><strong>rcnda;</strong></span> <span class='ocrx_word' id='word_1_572' title='bbox 2400 2353 2565 2427; x_wconf 63' lang='lat'><strong>334</strong></span> <span class='ocrx_word' id='word_1_573' title='bbox 2593 2369 2825 2424; x_wconf 90' lang='lat' dir='ltr'><strong>cumque</strong></span> <span class='ocrx_word' id='word_1_574' title='bbox 2873 2354 2946 2410; x_wconf 91' lang='lat' dir='ltr'><strong>illi</strong></span> <span class='ocrx_word' id='word_1_575' title='bbox 2985 2355 3292 2425; x_wconf 87' lang='lat' dir='ltr'><strong>episcopus,</strong></span> <span class='ocrx_word' id='word_1_576' title='bbox 3336 2365 3396 2411; x_wconf 93' lang='lat' dir='ltr'><strong>ut</strong></span> <span class='ocrx_word' id='word_1_577' title='bbox 3438 2364 3523 2411; x_wconf 91' lang='lat' dir='ltr'><strong>est</strong></span> <span class='ocrx_word' id='word_1_578' title='bbox 3572 2357 3759 2427; x_wconf 88' lang='lat' dir='ltr'><strong>utique</strong></span> 
     </span>
    </p>
   </div>
   <div class='ocr_carea' id='block_1_74' title="bbox 2172 2607 3755 2673">
    <p class='ocr_par' dir='ltr' id='par_1_74' title="bbox 2172 2607 3755 2673">
     <span class='ocr_line' id='line_1_74' title="bbox 2172 2607 3755 2673; baseline -0.003 -5"><span class='ocrx_word' id='word_1_579' title='bbox 2172 2612 2466 2668; x_wconf 76' lang='lat' dir='ltr'><strong>exisumet.</strong></span> <span class='ocrx_word' id='word_1_580' title='bbox 2492 2618 2625 2667; x_wconf 81' lang='lat' dir='ltr'><strong>t.um</strong></span> <span class='ocrx_word' id='word_1_581' title='bbox 2670 2612 2814 2667; x_wconf 90' lang='lat' dir='ltr'><strong>enim</strong></span> <span class='ocrx_word' id='word_1_582' title='bbox 2855 2608 3119 2666; x_wconf 76' lang='lat' dir='ltr'><strong>Henricus</strong></span> <span class='ocrx_word' id='word_1_583' title='bbox 3157 2607 3220 2673; x_wconf 91' lang='lat' dir='ltr'><strong>ll,</strong></span> <span class='ocrx_word' id='word_1_584' title='bbox 3249 2618 3410 2664; x_wconf 87' lang='lat' dir='ltr'><strong>natus</strong></span> <span class='ocrx_word' id='word_1_585' title='bbox 3441 2624 3588 2665; x_wconf 90' lang='lat' dir='ltr'><strong>anno</strong></span> <span class='ocrx_word' id='word_1_586' title='bbox 3622 2609 3755 2673; x_wconf 63' lang='lat'><strong>951,</strong></span> 
     </span>
    </p>
   </div>
   <div class='ocr_carea' id='block_1_75' title="bbox 2175 2678 3748 2752">
    <p class='ocr_par' dir='ltr' id='par_1_75' title="bbox 2175 2678 3748 2752">
     <span class='ocr_line' id='line_1_75' title="bbox 2175 2678 3748 2752; baseline -0.003 -14"><span class='ocrx_word' id='word_1_587' title='bbox 2175 2685 2275 2739; x_wconf 91' lang='lat' dir='ltr'><strong>hoc</strong></span> <span class='ocrx_word' id='word_1_588' title='bbox 2304 2693 2561 2752; x_wconf 77' lang='lat' dir='ltr'><strong>tempore,</strong></span> <span class='ocrx_word' id='word_1_589' title='bbox 2612 2698 2703 2737; x_wconf 86' lang='lat' dir='ltr'><strong>seu</strong></span> <span class='ocrx_word' id='word_1_590' title='bbox 2750 2681 3061 2752; x_wconf 19' lang='lat' dir='ltr'><strong>annoh966,</strong></span> <span class='ocrx_word' id='word_1_591' title='bbox 3103 2681 3259 2735; x_wconf 88' lang='lat' dir='ltr'><strong>valde</strong></span> <span class='ocrx_word' id='word_1_592' title='bbox 3310 2689 3455 2752; x_wconf 83' lang='lat' dir='ltr'><strong>esset</strong></span> <span class='ocrx_word' id='word_1_593' title='bbox 3495 2678 3748 2752; x_wconf 79' lang='lat' dir='ltr'><strong>juvenis;</strong></span> 
     </span>
    </p>
   </div>
   <div class='ocr_carea' id='block_1_76' title="bbox 2176 2749 3756 2819">
    <p class='ocr_par' dir='ltr' id='par_1_76' title="bbox 2176 2749 3756 2819">
     <span class='ocr_line' id='line_1_76' title="bbox 2176 2749 3756 2819; baseline -0.004 -11"><span class='ocrx_word' id='word_1_594' title='bbox 2176 2755 2315 2808; x_wconf 85' lang='lat' dir='ltr'><strong>haud</strong></span> <span class='ocrx_word' id='word_1_595' title='bbox 2345 2749 2614 2807; x_wconf 86' lang='lat' dir='ltr'><strong>credimus</strong></span> <span class='ocrx_word' id='word_1_596' title='bbox 2638 2752 2857 2806; x_wconf 84' lang='lat' dir='ltr'><strong>duxisse</strong></span> <span class='ocrx_word' id='word_1_597' title='bbox 2883 2750 3110 2813; x_wconf 88' lang='lat' dir='ltr'><strong>Gislam,</strong></span> <span class='ocrx_word' id='word_1_598' title='bbox 3142 2752 3277 2804; x_wconf 84' lang='lat' dir='ltr'><strong>adeo</strong></span> <span class='ocrx_word' id='word_1_599' title='bbox 3311 2757 3369 2802; x_wconf 88' lang='lat' dir='ltr'><strong>ut</strong></span> <span class='ocrx_word' id='word_1_600' title='bbox 3414 2751 3529 2804; x_wconf 67' lang='lat' dir='ltr'><strong>haac</strong></span> <span class='ocrx_word' id='word_1_601' title='bbox 3576 2749 3756 2819; x_wconf 87' lang='lat' dir='ltr'><strong>potius</strong></span> 
     </span>
    </p>
   </div>
   <div class='ocr_carea' id='block_1_77' title="bbox 2174 2819 3452 2894">
    <p class='ocr_par' dir='ltr' id='par_1_77' title="bbox 2174 2819 3452 2894">
     <span class='ocr_line' id='line_1_77' title="bbox 2174 2819 3452 2894; baseline -0.005 -18"><span class='ocrx_word' id='word_1_602' title='bbox 2174 2820 2582 2894; x_wconf 74' lang='lat' dir='ltr'><strong>quam_._luditha</strong></span> <span class='ocrx_word' id='word_1_603' title='bbox 2614 2833 2788 2875; x_wconf 89' lang='lat' dir='ltr'><strong>mater</strong></span> <span class='ocrx_word' id='word_1_604' title='bbox 2818 2822 2922 2875; x_wconf 86' lang='lat' dir='ltr'><strong>hoc</strong></span> <span class='ocrx_word' id='word_1_605' title='bbox 2951 2820 3067 2894; x_wconf 74' lang='lat' dir='ltr'><strong>loco</strong></span> <span class='ocrx_word' id='word_1_606' title='bbox 3097 2819 3452 2894; x_wconf 65' lang='lat' dir='ltr'><strong>signiﬁcetur.</strong></span> 
     </span>
    </p>
   </div>
   <div class='ocr_carea' id='block_1_78' title="bbox 2247 2886 3769 2963">
    <p class='ocr_par' dir='ltr' id='par_1_78' title="bbox 2247 2886 3769 2963">
     <span class='ocr_line' id='line_1_78' title="bbox 2247 2886 3769 2963; baseline -0.005 -17"><span class='ocrx_word' id='word_1_607' title='bbox 2247 2891 2392 2963; x_wconf 74' lang='lat'><strong>(859)</strong></span> <span class='ocrx_word' id='word_1_608' title='bbox 2430 2892 2760 2963; x_wconf 8' lang='lat' dir='ltr'><strong>Cnmgterra,</strong></span> <span class='ocrx_word' id='word_1_609' title='bbox 2784 2905 2946 2963; x_wconf 82' lang='lat' dir='ltr'><strong>quam</strong></span> <span class='ocrx_word' id='word_1_610' title='bbox 2975 2886 3197 2963; x_wconf 63' lang='lat' dir='ltr'><strong>Sikertis</strong></span> <span class='ocrx_word' id='word_1_611' title='bbox 3241 2904 3271 2941; x_wconf 90' lang='lat' dir='ltr'><strong>a</strong></span> <span class='ocrx_word' id='word_1_612' title='bbox 3316 2887 3576 2963; x_wconf 78' lang='lat' dir='ltr'><strong>Ratherio</strong></span> <span class='ocrx_word' id='word_1_613' title='bbox 3620 2886 3769 2941; x_wconf 88' lang='lat' dir='ltr'><strong>obti-.</strong></span> 
     </span>
    </p>
   </div>
   <div class='ocr_carea' id='block_1_79' title="bbox 2174 2957 3753 3025">
    <p class='ocr_par' dir='ltr' id='par_1_79' title="bbox 2174 2957 3753 3025">
     <span class='ocr_line' id='line_1_79' title="bbox 2174 2957 3753 3025; baseline -0.004 -8"><span class='ocrx_word' id='word_1_614' title='bbox 2174 2957 2386 3025; x_wconf 71' lang='lat' dir='ltr'><strong>nuerat,</strong></span> <span class='ocrx_word' id='word_1_615' title='bbox 2410 2961 2761 3022; x_wconf 83' lang='lat' dir='ltr'><strong>trauslacum,</strong></span> <span class='ocrx_word' id='word_1_616' title='bbox 2787 2957 2838 3014; x_wconf 79' lang='lat' dir='ltr'><strong>id</strong></span> <span class='ocrx_word' id='word_1_617' title='bbox 2860 2968 2964 3023; x_wconf 89' lang='lat' dir='ltr'><strong>est,</strong></span> <span class='ocrx_word' id='word_1_618' title='bbox 2992 2958 3427 3013; x_wconf 84' lang='lat' dir='ltr'><strong>trans’Benaeum</strong></span> <span class='ocrx_word' id='word_1_619' title='bbox 3451 2957 3553 3010; x_wconf 89' lang='lat' dir='ltr'><strong>sita</strong></span> <span class='ocrx_word' id='word_1_620' title='bbox 3578 2964 3753 3019; x_wconf 87' lang='lat' dir='ltr'><strong>esset;</strong></span> 
     </span>
    </p>
   </div>
   <div class='ocr_carea' id='block_1_80' title="bbox 2174 3027 3773 3100">
    <p class='ocr_par' dir='ltr' id='par_1_80' title="bbox 2174 3027 3773 3100">
     <span class='ocr_line' id='line_1_80' title="bbox 2174 3027 3773 3100; baseline -0.004 -13"><span class='ocrx_word' id='word_1_621' title='bbox 2174 3034 2278 3087; x_wconf 82' lang='lat' dir='ltr'><strong>hoc</strong></span> <span class='ocrx_word' id='word_1_622' title='bbox 2322 3046 2537 3100; x_wconf 90' lang='lat' dir='ltr'><strong>quoque</strong></span> <span class='ocrx_word' id='word_1_623' title='bbox 2568 3030 2839 3083; x_wconf 76' lang='lat' dir='ltr'><strong>castellum</strong></span> <span class='ocrx_word' id='word_1_624' title='bbox 2879 3028 3230 3100; x_wconf 78' lang='lat' dir='ltr'><strong>probabiliter</strong></span> <span class='ocrx_word' id='word_1_625' title='bbox 3267 3028 3320 3082; x_wconf 90' lang='lat' dir='ltr'><strong>in</strong></span> <span class='ocrx_word' id='word_1_626' title='bbox 3371 3027 3559 3081; x_wconf 87' lang='lat' dir='ltr'><strong>eadem</strong></span> <span class='ocrx_word' id='word_1_627' title='bbox 3606 3032 3773 3094; x_wconf 44' lang='lat' dir='ltr'><strong>parte:</strong></span> 
     </span>
    </p>
   </div>
   <div class='ocr_carea' id='block_1_81' title="bbox 2178 3098 3763 3165">
    <p class='ocr_par' dir='ltr' id='par_1_81' title="bbox 2178 3098 3763 3165">
     <span class='ocr_line' id='line_1_81' title="bbox 2178 3098 3763 3165; baseline -0.003 -10"><span class='ocrx_word' id='word_1_628' title='bbox 2178 3098 2810 3156; x_wconf 26' lang='lat' dir='ltr'><strong>dimcesis’Veronensis</strong></span> <span class='ocrx_word' id='word_1_629' title='bbox 2881 3098 3299 3162; x_wconf 87' lang='lat' dir='ltr'><strong>continebatur;</strong></span> <span class='ocrx_word' id='word_1_630' title='bbox 3353 3111 3416 3151; x_wconf 91' lang='lat' dir='ltr'><strong>ac</strong></span> <span class='ocrx_word' id='word_1_631' title='bbox 3469 3105 3763 3165; x_wconf 80' lang='lat' dir='ltr'><strong>propterea.</strong></span> 
     </span>
    </p>
   </div>
   <div class='ocr_carea' id='block_1_82' title="bbox 3602 3180 3752 3219">
    <p class='ocr_par' dir='ltr' id='par_1_82' title="bbox 3602 3180 3752 3219">
     <span class='ocr_line' id='line_1_82' title="bbox 3602 3180 3752 3219; baseline 0 -2"><span class='ocrx_word' id='word_1_632' title='bbox 3602 3180 3752 3219; x_wconf 64' lang='lat' dir='ltr'><strong>DSCH&#39;</strong></span> 
     </span>
    </p>
   </div>
   <div class='ocr_carea' id='block_1_83' title="bbox 2174 3235 3758 3310">
    <p class='ocr_par' dir='ltr' id='par_1_83' title="bbox 2174 3235 3758 3310">
     <span class='ocr_line' id='line_1_83' title="bbox 2174 3235 3758 3310; baseline -0.005 -13"><span class='ocrx_word' id='word_1_633' title='bbox 2174 3242 2329 3304; x_wconf 88' lang='lat' dir='ltr'><strong>tiani,</strong></span> <span class='ocrx_word' id='word_1_634' title='bbox 2372 3254 2492 3310; x_wconf 62' lang='lat' dir='ltr'><strong>qum</strong></span> <span class='ocrx_word' id='word_1_635' title='bbox 2531 3239 2672 3293; x_wconf 88' lang='lat' dir='ltr'><strong>inter</strong></span> <span class='ocrx_word' id='word_1_636' title='bbox 2699 3240 3001 3310; x_wconf 89' lang='lat' dir='ltr'><strong>antiquiora</strong></span> <span class='ocrx_word' id='word_1_637' title='bbox 3034 3238 3203 3310; x_wconf 40' lang='lat' dir='ltr'><strong>bona“</strong></span> <span class='ocrx_word' id='word_1_638' title='bbox 3216 3236 3561 3310; x_wconf 67' lang='lat' dir='ltr'><strong>episcopatus</strong></span> <span class='ocrx_word' id='word_1_639' title='bbox 3593 3235 3758 3310; x_wconf 66' lang='lat' dir='ltr'><strong>Vero:</strong></span> 
     </span>
    </p>
   </div>
   <div class='ocr_carea' id='block_1_84' title="bbox 2144 3303 3771 3379">
    <p class='ocr_par' dir='ltr' id='par_1_84' title="bbox 2144 3303 3771 3379">
     <span class='ocr_line' id='line_1_84' title="bbox 2144 3303 3771 3379; baseline -0.005 -13"><span class='ocrx_word' id='word_1_640' title='bbox 2144 3303 2357 3377; x_wconf 91' lang='lat' dir='ltr'><strong>_nensis</strong></span> <span class='ocrx_word' id='word_1_641' title='bbox 2386 3303 2741 3379; x_wconf 73' lang='lat' dir='ltr'><strong>recensentur.</strong></span> <span class='ocrx_word' id='word_1_642' title='bbox 2771 3303 3137 3379; x_wconf 59' lang='lat' dir='ltr'><strong>in&#39;privilegio</strong></span> <span class='ocrx_word' id='word_1_643' title='bbox 3165 3303 3389 3379; x_wconf 79' lang='lat' dir='ltr'><strong>Eugenii</strong></span> <span class='ocrx_word' id='word_1_644' title='bbox 3414 3305 3478 3379; x_wconf 80' lang='lat' dir='ltr'><strong>ill</strong></span> <span class='ocrx_word' id='word_1_645' title='bbox 3503 3320 3594 3379; x_wconf 82' lang='lat' dir='ltr'><strong>a_r_t.</strong></span> <span class='ocrx_word' id='word_1_646' title='bbox 3621 3303 3771 3359; x_wconf 66' lang='grc'><strong>1145</strong></span> 
     </span>
    </p>
   </div>
   <div class='ocr_carea' id='block_1_85' title="bbox 2174 3372 3753 3451">
    <p class='ocr_par' dir='ltr' id='par_1_85' title="bbox 2174 3372 3753 3451">
     <span class='ocr_line' id='line_1_85' title="bbox 2174 3372 3753 3451; baseline -0.006 -15"><span class='ocrx_word' id='word_1_647' title='bbox 2174 3382 2315 3451; x_wconf 90' lang='lat' dir='ltr'><strong>apud</strong></span> <span class='ocrx_word' id='word_1_648' title='bbox 2344 3378 2719 3451; x_wconf 66' lang='lat' dir='ltr'><strong>Biancolinum</strong></span> <span class='ocrx_word' id='word_1_649' title='bbox 2759 3372 2890 3451; x_wconf 56' lang='lat' dir='ltr'><strong>Ioni:</strong></span> <span class='ocrx_word' id='word_1_650' title='bbox 2938 3378 2957 3451; x_wconf 71' lang='grc' dir='ltr'>ι</span> <span class='ocrx_word' id='word_1_651' title='bbox 3005 3372 3151 3451; x_wconf 68' lang='grc' dir='ltr'><strong>Πξιζε</strong></span> <span class='ocrx_word' id='word_1_652' title='bbox 3198 3372 3365 3431; x_wconf 69' lang='lat' dir='ltr'><strong>cliie’se</strong></span> <span class='ocrx_word' id='word_1_653' title='bbox 3413 3376 3468 3429; x_wconf 90' lang='lat' dir='ltr'><strong>di</strong></span> <span class='ocrx_word' id='word_1_654' title='bbox 3510 3372 3753 3451; x_wconf 49' lang='lat' dir='ltr'><strong>Xenone,</strong></span> 
     </span>
    </p>
   </div>
   <div class='ocr_carea' id='block_1_86' title="bbox 2175 3444 3755 3521">
    <p class='ocr_par' dir='ltr' id='par_1_86' title="bbox 2175 3444 3755 3521">
     <span class='ocr_line' id='line_1_86' title="bbox 2175 3444 3755 3521; baseline -0.003 -21"><span class='ocrx_word' id='word_1_655' title='bbox 2175 3444 2295 3521; x_wconf 52' lang='lat' dir='ltr'><strong>pag.</strong></span> <span class='ocrx_word' id='word_1_656' title='bbox 2332 3451 2454 3505; x_wconf 76' lang='grc'><strong>195.</strong></span> <span class='ocrx_word' id='word_1_657' title='bbox 2500 3449 2822 3521; x_wconf 85' lang='lat' dir='ltr'><strong>Fredericus</strong></span> <span class='ocrx_word' id='word_1_658' title='bbox 2871 3447 2912 3521; x_wconf 81' lang='lat' dir='ltr'><strong>l_</strong></span> <span class='ocrx_word' id='word_1_659' title='bbox 2940 3449 2991 3502; x_wconf 91' lang='lat' dir='ltr'><strong>in</strong></span> <span class='ocrx_word' id='word_1_660' title='bbox 3025 3446 3315 3516; x_wconf 86' lang='lat' dir='ltr'><strong>diplomate</strong></span> <span class='ocrx_word' id='word_1_661' title='bbox 3360 3444 3662 3521; x_wconf 67' lang='lat' dir='ltr'><strong>an.__l_15_l__</strong></span> <span class='ocrx_word' id='word_1_662' title='bbox 3691 3445 3755 3497; x_wconf 87' lang='lat' dir='ltr'><strong>ad</strong></span> 
     </span>
    </p>
   </div>
   <div class='ocr_carea' id='block_1_87' title="bbox 2176 3513 3756 3588">
    <p class='ocr_par' dir='ltr' id='par_1_87' title="bbox 2176 3513 3756 3588">
     <span class='ocr_line' id='line_1_87' title="bbox 2176 3513 3756 3588; baseline -0.006 -13"><span class='ocrx_word' id='word_1_663' title='bbox 2176 3513 2470 3576; x_wconf 40' lang='lat' dir='ltr'><strong>Te‘baldmn</strong></span> <span class='ocrx_word' id='word_1_664' title='bbox 2517 3520 2825 3588; x_wconf 78' lang='lat' dir='ltr'><strong>episcopum</strong></span> <span class='ocrx_word' id='word_1_665' title='bbox 2874 3513 3236 3572; x_wconf 67' lang='lat' dir='ltr'><strong>\‘eronensetn</strong></span> <span class='ocrx_word' id='word_1_666' title='bbox 3284 3516 3422 3588; x_wconf 88' lang='lat' dir='ltr'><strong>apud</strong></span> <span class='ocrx_word' id='word_1_667' title='bbox 3456 3513 3756 3588; x_wconf 58' lang='lat' dir='ltr'><strong>ligliglium</strong></span> 
     </span>
    </p>
   </div>
   <div class='ocr_carea' id='block_1_88' title="bbox 2176 3582 3757 3655">
    <p class='ocr_par' dir='ltr' id='par_1_88' title="bbox 2176 3582 3757 3655">
     <span class='ocr_line' id='line_1_88' title="bbox 2176 3582 3757 3655; baseline -0.007 -10"><span class='ocrx_word' id='word_1_668' title='bbox 2176 3600 2307 3645; x_wconf 91' lang='lat' dir='ltr'><strong>tom.</strong></span> <span class='ocrx_word' id='word_1_669' title='bbox 2343 3590 2405 3655; x_wconf 84' lang='lat' dir='ltr'><strong>V,</strong></span> <span class='ocrx_word' id='word_1_670' title='bbox 2433 3589 2536 3645; x_wconf 89' lang='lat' dir='ltr'><strong>col.</strong></span> <span class='ocrx_word' id='word_1_671' title='bbox 2552 3582 2686 3653; x_wconf 63' lang='lat'><strong>795,</strong></span> <span class='ocrx_word' id='word_1_672' title='bbox 2704 3582 2894 3644; x_wconf 70' lang='lat' dir='ltr'><strong>locum</strong></span> <span class='ocrx_word' id='word_1_673' title='bbox 2917 3597 3200 3648; x_wconf 86' lang='lat' dir='ltr'><strong>memorat,</strong></span> <span class='ocrx_word' id='word_1_674' title='bbox 3223 3582 3558 3655; x_wconf 46' lang='lat' dir='ltr'><strong>qui&#39;vocatur</strong></span> <span class='ocrx_word' id='word_1_675' title='bbox 3580 3582 3757 3655; x_wconf 75' lang='lat' dir='ltr'><strong>Disiu-</strong></span> 
     </span>
    </p>
   </div>
   <div class='ocr_carea' id='block_1_89' title="bbox 2178 3652 3756 3727">
    <p class='ocr_par' dir='ltr' id='par_1_89' title="bbox 2178 3652 3756 3727">
     <span class='ocr_line' id='line_1_89' title="bbox 2178 3652 3756 3727; baseline -0.008 -12"><span class='ocrx_word' id='word_1_676' title='bbox 2178 3652 2399 3715; x_wconf 80' lang='lat' dir='ltr'><strong>riauum</strong></span> <span class='ocrx_word' id='word_1_677' title='bbox 2431 3676 2548 3713; x_wconf 82' lang='lat' dir='ltr'><strong>cum</strong></span> <span class='ocrx_word' id='word_1_678' title='bbox 2591 3652 2792 3712; x_wconf 78' lang='lat' dir='ltr'><strong>cunctis</strong></span> <span class='ocrx_word' id='word_1_679' title='bbox 2832 3655 3142 3727; x_wconf 78' lang='lat' dir='ltr'><strong>adjacentiis</strong></span> <span class='ocrx_word' id='word_1_680' title='bbox 3184 3652 3245 3710; x_wconf 74' lang='lat' dir='ltr'><strong>et</strong></span> <span class='ocrx_word' id='word_1_681' title='bbox 3275 3653 3601 3727; x_wconf 80' lang='lat' dir='ltr'><strong>pertinentiis</strong></span> <span class='ocrx_word' id='word_1_682' title='bbox 3627 3652 3756 3716; x_wconf 78' lang='lat' dir='ltr'><strong>suis,</strong></span> 
     </span>
    </p>
   </div>
   <div class='ocr_carea' id='block_1_90' title="bbox 2177 3724 3756 3800">
    <p class='ocr_par' dir='ltr' id='par_1_90' title="bbox 2177 3724 3756 3800">
     <span class='ocr_line' id='line_1_90' title="bbox 2177 3724 3756 3800; baseline -0.006 -16"><span class='ocrx_word' id='word_1_683' title='bbox 2177 3732 2230 3784; x_wconf 90' lang='lat' dir='ltr'><strong>in</strong></span> <span class='ocrx_word' id='word_1_684' title='bbox 2259 3731 2729 3800; x_wconf 28' lang='lat' dir='ltr'><strong>quibuscastrum:</strong></span> <span class='ocrx_word' id='word_1_685' title='bbox 2760 3724 3269 3800; x_wconf 80' lang='lat' dir='ltr'><strong>comprehenditur_._</strong></span> <span class='ocrx_word' id='word_1_686' title='bbox 3303 3725 3547 3800; x_wconf 65' lang='lat' dir='ltr'><strong>Quatuor</strong></span> <span class='ocrx_word' id='word_1_687' title='bbox 3576 3731 3756 3800; x_wconf 76' lang='lat' dir='ltr'><strong>autem</strong></span> 
     </span>
    </p>
   </div>
   <div class='ocr_carea' id='block_1_91' title="bbox 2176 3790 3761 3867">
    <p class='ocr_par' dir='ltr' id='par_1_91' title="bbox 2176 3790 3761 3867">
     <span class='ocr_line' id='line_1_91' title="bbox 2176 3790 3761 3867; baseline -0.006 -12"><span class='ocrx_word' id='word_1_688' title='bbox 2176 3790 2326 3861; x_wconf 77' lang='lat' dir='ltr'><strong>amii,</strong></span> <span class='ocrx_word' id='word_1_689' title='bbox 2377 3798 2572 3867; x_wconf 89' lang='lat' dir='ltr'><strong>quibus</strong></span> <span class='ocrx_word' id='word_1_690' title='bbox 2609 3790 2901 3852; x_wconf 79' lang='lat' dir='ltr'><strong>Bathcrius</strong></span> <span class='ocrx_word' id='word_1_691' title='bbox 2952 3796 3056 3850; x_wconf 90' lang='lat' dir='ltr'><strong>hoc</strong></span> <span class='ocrx_word' id='word_1_692' title='bbox 3084 3790 3366 3867; x_wconf 77' lang='lat' dir='ltr'><strong>castellum</strong></span> <span class='ocrx_word' id='word_1_693' title='bbox 3386 3791 3589 3867; x_wconf 70' lang='lat' dir='ltr'><strong>§ikero</strong></span> <span class='ocrx_word' id='word_1_694' title='bbox 3638 3790 3761 3867; x_wconf 76' lang='lat' dir='ltr'><strong>reli-</strong></span> 
     </span>
    </p>
   </div>
   <div class='ocr_carea' id='block_1_92' title="bbox 2177 3860 3775 3939">
    <p class='ocr_par' dir='ltr' id='par_1_92' title="bbox 2177 3860 3775 3939">
     <span class='ocr_line' id='line_1_92' title="bbox 2177 3860 3775 3939; baseline -0.003 -19"><span class='ocrx_word' id='word_1_695' title='bbox 2177 3860 2320 3939; x_wconf 87' lang='lat' dir='ltr'><strong>quit,</strong></span> <span class='ocrx_word' id='word_1_696' title='bbox 2343 3860 2586 3939; x_wconf 78' lang='lat' dir='ltr'><strong>sumendi</strong></span> <span class='ocrx_word' id='word_1_697' title='bbox 2617 3877 2742 3921; x_wconf 89' lang='lat' dir='ltr'><strong>sunt</strong></span> <span class='ocrx_word' id='word_1_698' title='bbox 2783 3868 2851 3939; x_wconf 82' lang='lat' dir='ltr'><strong>ab</strong></span> <span class='ocrx_word' id='word_1_699' title='bbox 2894 3872 3126 3939; x_wconf 76' lang='lat' dir='ltr'><strong>exeunte</strong></span> <span class='ocrx_word' id='word_1_700' title='bbox 3156 3878 3299 3918; x_wconf 84' lang='lat' dir='ltr'><strong>anno</strong></span> <span class='ocrx_word' id='word_1_701' title='bbox 3322 3861 3467 3939; x_wconf 88' lang='lat' dir='ltr'><strong>_96l,</strong></span> <span class='ocrx_word' id='word_1_702' title='bbox 3514 3877 3628 3939; x_wconf 72' lang='lat' dir='ltr'><strong>quo</strong></span> <span class='ocrx_word' id='word_1_703' title='bbox 3669 3860 3775 3939; x_wconf 63' lang='lat' dir='ltr'><strong>ille.</strong></span> 
     </span>
    </p>
   </div>
   <div class='ocr_carea' id='block_1_93' title="bbox 2178 3930 3775 4007">
    <p class='ocr_par' dir='ltr' id='par_1_93' title="bbox 2178 3930 3775 4007">
     <span class='ocr_line' id='line_1_93' title="bbox 2178 3930 3775 4007; baseline -0.007 -12"><span class='ocrx_word' id='word_1_704' title='bbox 2178 3930 2476 3995; x_wconf 57' lang='lat' dir='ltr'><strong>Veronensi</strong></span> <span class='ocrx_word' id='word_1_705' title='bbox 2505 3936 2833 4007; x_wconf 88' lang='lat' dir='ltr'><strong>episcopatui</strong></span> <span class='ocrx_word' id='word_1_706' title='bbox 2867 3935 2932 3990; x_wconf 86' lang='lat' dir='ltr'><strong>ab</strong></span> <span class='ocrx_word' id='word_1_707' title='bbox 2978 3933 3174 4007; x_wconf 80' lang='lat' dir='ltr'><strong>Ottone</strong></span> <span class='ocrx_word' id='word_1_708' title='bbox 3205 3933 3488 4007; x_wconf 80' lang='lat' dir='ltr'><strong>restitutus</strong></span> <span class='ocrx_word' id='word_1_709' title='bbox 3511 3931 3633 3988; x_wconf 80' lang='lat' dir='ltr'><strong>fuit.</strong></span> <span class='ocrx_word' id='word_1_710' title='bbox 3667 3930 3775 4007; x_wconf 52' lang='lat' dir='ltr'><strong>Sic»</strong></span> 
     </span>
    </p>
   </div>
   <div class='ocr_carea' id='block_1_94' title="bbox 2177 4001 3763 4077">
    <p class='ocr_par' dir='ltr' id='par_1_94' title="bbox 2177 4001 3763 4077">
     <span class='ocr_line' id='line_1_94' title="bbox 2177 4001 3763 4077; baseline -0.006 -14"><span class='ocrx_word' id='word_1_711' title='bbox 2177 4009 2320 4063; x_wconf 82' lang='lat' dir='ltr'><strong>enim</strong></span> <span class='ocrx_word' id='word_1_712' title='bbox 2354 4024 2449 4077; x_wconf 91' lang='lat' dir='ltr'><strong>per</strong></span> <span class='ocrx_word' id='word_1_713' title='bbox 2487 4001 2657 4061; x_wconf 74' lang='lat' dir='ltr'><strong>atinos</strong></span> <span class='ocrx_word' id='word_1_714' title='bbox 2688 4001 2922 4077; x_wconf 82' lang='lat' dir='ltr'><strong>quatuor</strong></span> <span class='ocrx_word' id='word_1_715' title='bbox 2949 4046 2964 4070; x_wconf 95' lang='lat'><strong>,</strong></span> <span class='ocrx_word' id='word_1_716' title='bbox 3007 4004 3202 4077; x_wconf 77' lang='lat' dir='ltr'><strong>quibus</strong></span> <span class='ocrx_word' id='word_1_717' title='bbox 3232 4003 3370 4056; x_wconf 87' lang='lat' dir='ltr'><strong>idem</strong></span> <span class='ocrx_word' id='word_1_718' title='bbox 3403 4010 3647 4077; x_wconf 66' lang='lat' dir='ltr'><strong>castrum</strong></span> <span class='ocrx_word' id='word_1_719' title='bbox 3680 4001 3763 4055; x_wconf 80' lang='lat' dir='ltr'><strong>Si-</strong></span> 
     </span>
    </p>
   </div>
   <div class='ocr_carea' id='block_1_95' title="bbox 2178 4069 3775 4152">
    <p class='ocr_par' dir='ltr' id='par_1_95' title="bbox 2178 4069 3775 4152">
     <span class='ocr_line' id='line_1_95' title="bbox 2178 4069 3775 4152; baseline -0.004 -20"><span class='ocrx_word' id='word_1_720' title='bbox 2178 4080 2308 4152; x_wconf 71' lang='lat' dir='ltr'><strong>itero</strong></span> <span class='ocrx_word' id='word_1_721' title='bbox 2338 4069 2593 4152; x_wconf 65' lang='lat' dir='ltr'><strong>reliquit,</strong></span> <span class='ocrx_word' id='word_1_722' title='bbox 2626 4069 2937 4145; x_wconf 77' lang='lat' dir='ltr'><strong>pervenitur</strong></span> <span class='ocrx_word' id='word_1_723' title='bbox 2984 4069 3053 4127; x_wconf 82' lang='lat' dir='ltr'><strong>ad</strong></span> <span class='ocrx_word' id='word_1_724' title='bbox 3101 4072 3260 4126; x_wconf 81' lang='lat' dir='ltr'><strong>iidem</strong></span> <span class='ocrx_word' id='word_1_725' title='bbox 3312 4072 3438 4152; x_wconf 74' lang='lat' dir='ltr'><strong>armi</strong></span> <span class='ocrx_word' id='word_1_726' title='bbox 3655 4085 3775 4140; x_wconf 73' lang='lat' dir='ltr'><strong>quo.</strong></span> 
     </span>
    </p>
   </div>
   <div class='ocr_carea' id='block_1_96' title="bbox 2179 4142 3761 4216">
    <p class='ocr_par' dir='ltr' id='par_1_96' title="bbox 2179 4142 3761 4216">
     <span class='ocr_line' id='line_1_96' title="bbox 2179 4142 3761 4216; baseline -0.007 -12"><span class='ocrx_word' id='word_1_727' title='bbox 2179 4150 2305 4204; x_wconf 79' lang='lat' dir='ltr'><strong>Milo</strong></span> <span class='ocrx_word' id='word_1_728' title='bbox 2334 4164 2393 4202; x_wconf 88' lang='lat' dir='ltr'><strong>se</strong></span> <span class='ocrx_word' id='word_1_729' title='bbox 2421 4142 2788 4216; x_wconf 79' lang='lat' dir='ltr'><strong>episcopatum</strong></span> <span class='ocrx_word' id='word_1_730' title='bbox 2818 4158 3121 4216; x_wconf 80' lang='lat' dir='ltr'><strong>supereum</strong></span> <span class='ocrx_word' id='word_1_731' title='bbox 3153 4142 3405 4216; x_wconf 70' lang='lat' dir='ltr'><strong>sperabat</strong></span> <span class='ocrx_word' id='word_1_732' title='bbox 3431 4142 3761 4204; x_wconf 88' lang='lat' dir='ltr'><strong>evicturum,</strong></span> 
     </span>
    </p>
   </div>
   <div class='ocr_carea' id='block_1_97' title="bbox 2180 4211 3760 4285">
    <p class='ocr_par' dir='ltr' id='par_1_97' title="bbox 2180 4211 3760 4285">
     <span class='ocr_line' id='line_1_97' title="bbox 2180 4211 3760 4285; baseline -0.006 -13"><span class='ocrx_word' id='word_1_733' title='bbox 2180 4230 2239 4273; x_wconf 85' lang='lat' dir='ltr'><strong>ut</strong></span> <span class='ocrx_word' id='word_1_734' title='bbox 2270 4220 2322 4272; x_wconf 86' lang='lat' dir='ltr'><strong>in</strong></span> <span class='ocrx_word' id='word_1_735' title='bbox 2364 4211 2481 4272; x_wconf 75' lang='lat' dir='ltr'><strong>Vita</strong></span> <span class='ocrx_word' id='word_1_736' title='bbox 2514 4211 2684 4270; x_wconf 80' lang='lat' dir='ltr'><strong>fusius</strong></span> <span class='ocrx_word' id='word_1_737' title='bbox 2729 4211 3136 4285; x_wconf 82' lang='lat' dir='ltr'><strong>explicavimus.</strong></span> <span class='ocrx_word' id='word_1_738' title='bbox 3183 4211 3435 4269; x_wconf 84' lang='lat' dir='ltr'><strong>Notando</strong></span> <span class='ocrx_word' id='word_1_739' title='bbox 3459 4224 3623 4285; x_wconf 79' lang='lat' dir='ltr'><strong>porro</strong></span> <span class='ocrx_word' id='word_1_740' title='bbox 3663 4225 3760 4285; x_wconf 69' lang='lat' dir='ltr'><strong>vox</strong></span> 
     </span>
    </p>
   </div>
   <div class='ocr_carea' id='block_1_98' title="bbox 2178 4280 3779 4356">
    <p class='ocr_par' dir='ltr' id='par_1_98' title="bbox 2178 4280 3779 4356">
     <span class='ocr_line' id='line_1_98' title="bbox 2178 4280 3779 4356; baseline -0.006 -12"><span class='ocrx_word' id='word_1_741' title='bbox 2178 4289 2408 4352; x_wconf 77' lang='lat' dir='ltr'><strong>servitio,</strong></span> <span class='ocrx_word' id='word_1_742' title='bbox 2436 4303 2558 4356; x_wconf 64' lang='lat' dir='ltr'><strong>qute</strong></span> <span class='ocrx_word' id='word_1_743' title='bbox 2584 4280 2861 4354; x_wconf 76' lang='lat' dir='ltr'><strong>quodlibet</strong></span> <span class='ocrx_word' id='word_1_744' title='bbox 2889 4283 3205 4356; x_wconf 69' lang='lat' dir='ltr'><strong>obsequium</strong></span> <span class='ocrx_word' id='word_1_745' title='bbox 3235 4296 3262 4333; x_wconf 89' lang='lat' dir='ltr'><strong>a</strong></span> <span class='ocrx_word' id='word_1_746' title='bbox 3312 4280 3522 4335; x_wconf 89' lang='lat' dir='ltr'><strong>castelli</strong></span> <span class='ocrx_word' id='word_1_747' title='bbox 3541 4350 3551 4356; x_wconf 85' lang='lat'>_</span> <span class='ocrx_word' id='word_1_748' title='bbox 3572 4280 3779 4356; x_wconf 77' lang='lat' dir='ltr'><strong>incolis.</strong></span> 
     </span>
    </p>
   </div>
   <div class='ocr_carea' id='block_1_99' title="bbox 2179 4349 3765 4430">
    <p class='ocr_par' dir='ltr' id='par_1_99' title="bbox 2179 4349 3765 4430">
     <span class='ocr_line' id='line_1_99' title="bbox 2179 4349 3765 4430; baseline -0.007 -17"><span class='ocrx_word' id='word_1_749' title='bbox 2179 4349 2545 4430; x_wconf 68' lang='lat' dir='ltr'><strong>prmstanditm</strong></span> <span class='ocrx_word' id='word_1_750' title='bbox 2594 4349 2891 4430; x_wconf 53' lang='lat' dir='ltr'><strong>signiﬁcat.</strong></span> <span class='ocrx_word' id='word_1_751' title='bbox 2919 4349 3163 4430; x_wconf 74' lang='lat' dir='ltr'><strong>Notanda</strong></span> <span class='ocrx_word' id='word_1_752' title='bbox 3212 4359 3473 4430; x_wconf 65' lang='lat' dir='ltr'><strong>praeterea</strong></span> <span class='ocrx_word' id='word_1_753' title='bbox 3514 4350 3765 4430; x_wconf 78' lang='lat' dir='ltr'><strong>denario-</strong></span> 
     </span>
    </p>
   </div>
   <div class='ocr_carea' id='block_1_100' title="bbox 2181 4421 3762 4492">
    <p class='ocr_par' dir='ltr' id='par_1_100' title="bbox 2181 4421 3762 4492">
     <span class='ocr_line' id='line_1_100' title="bbox 2181 4421 3762 4492; baseline -0.007 -9"><span class='ocrx_word' id='word_1_754' title='bbox 2181 4421 2298 4483; x_wconf 54' lang='lat' dir='ltr'><strong>tum</strong></span> <span class='ocrx_word' id='word_1_755' title='bbox 2336 4421 2691 4480; x_wconf 74' lang='lat' dir='ltr'><strong>Veneticoruiu</strong></span> <span class='ocrx_word' id='word_1_756' title='bbox 2731 4425 2950 4487; x_wconf 90' lang='lat' dir='ltr'><strong>mentio,</strong></span> <span class='ocrx_word' id='word_1_757' title='bbox 2991 4437 3112 4491; x_wconf 67' lang='lat' dir='ltr'><strong>quae</strong></span> <span class='ocrx_word' id='word_1_758' title='bbox 3149 4421 3307 4492; x_wconf 86' lang='lat' dir='ltr'><strong>hujus</strong></span> <span class='ocrx_word' id='word_1_759' title='bbox 3344 4429 3575 4475; x_wconf 68' lang='lat' dir='ltr'><strong>monetae</strong></span> <span class='ocrx_word' id='word_1_760' title='bbox 3603 4434 3762 4475; x_wconf 87' lang='lat' dir='ltr'><strong>usum</strong></span> 
     </span>
    </p>
   </div>
   <div class='ocr_carea' id='block_1_101' title="bbox 494 4494 3079 4575">
    <p class='ocr_par' dir='ltr' id='par_1_101' title="bbox 494 4494 3079 4575">
     <span class='ocr_line' id='line_1_101' title="bbox 494 4494 3079 4575; baseline -0.003 -21"><span class='ocrx_word' id='word_1_761' title='bbox 494 4500 707 4554; x_wconf 76' lang='lat' dir='ltr'><strong>firmum</strong></span> <span class='ocrx_word' id='word_1_762' title='bbox 743 4494 1046 4575; x_wconf 81' lang='lat' dir='ltr'><strong>habendum</strong></span> <span class='ocrx_word' id='word_1_763' title='bbox 1083 4499 1463 4575; x_wconf 70' lang='lat' dir='ltr'><strong>praecepisset;</strong></span> <span class='ocrx_word' id='word_1_764' title='bbox 1494 4498 1595 4575; x_wconf 78' lang='lat' dir='ltr'><strong>etsi</strong></span> <span class='ocrx_word' id='word_1_765' title='bbox 1627 4513 1732 4553; x_wconf 89' lang='lat' dir='ltr'><strong>non</strong></span> <span class='ocrx_word' id='word_1_766' title='bbox 1777 4498 2074 4575; x_wconf 77' lang='lat' dir='ltr'><strong>resisteret,</strong></span> <span class='ocrx_word' id='word_1_767' title='bbox 2106 4497 2835 4575; x_wconf 39' lang='lat' dir='ltr'><strong>DsimAnLet&quot;antiquitatem</strong></span> <span class='ocrx_word' id='word_1_768' title='bbox 2867 4494 3079 4575; x_wconf 87' lang='lat' dir='ltr'><strong>probat.</strong></span> 
     </span>
    </p>
   </div>
   <div class='ocr_carea' id='block_1_102' title="bbox 493 4568 2078 4641">
    <p class='ocr_par' dir='ltr' id='par_1_102' title="bbox 493 4568 2078 4641">
     <span class='ocr_line' id='line_1_102' title="bbox 493 4568 2078 4641; baseline -0.002 -16"><span class='ocrx_word' id='word_1_769' title='bbox 493 4585 709 4641; x_wconf 87' lang='lat' dir='ltr'><strong>semper</strong></span> <span class='ocrx_word' id='word_1_770' title='bbox 739 4580 916 4626; x_wconf 87' lang='lat' dir='ltr'><strong>tamen</strong></span> <span class='ocrx_word' id='word_1_771' title='bbox 950 4570 1019 4641; x_wconf 82' lang='lat' dir='ltr'><strong>ab</strong></span> <span class='ocrx_word' id='word_1_772' title='bbox 1047 4568 1127 4641; x_wconf 90' lang='lat' dir='ltr'><strong>eis</strong></span> <span class='ocrx_word' id='word_1_773' title='bbox 1152 4569 1334 4623; x_wconf 87' lang='lat' dir='ltr'><strong>animo</strong></span> <span class='ocrx_word' id='word_1_774' title='bbox 1362 4580 1481 4624; x_wconf 91' lang='lat' dir='ltr'><strong>erat</strong></span> <span class='ocrx_word' id='word_1_775' title='bbox 1522 4568 1749 4632; x_wconf 86' lang='lat' dir='ltr'><strong>alienus,</strong></span> <span class='ocrx_word' id='word_1_776' title='bbox 1779 4568 1953 4641; x_wconf 77' lang='lat' dir='ltr'><strong>quoad</strong></span> <span class='ocrx_word' id='word_1_777' title='bbox 1999 4579 2078 4623; x_wconf 90' lang='lat' dir='ltr'><strong>te-</strong></span> 
     </span>
    </p>
   </div>
   <div class='ocr_carea' id='block_1_103' title="bbox 493 4638 2078 4764">
    <p class='ocr_par' dir='ltr' id='par_1_103' title="bbox 493 4638 2078 4764">
     <span class='ocr_line' id='line_1_103' title="bbox 493 4638 2078 4764; baseline -0.001 -69"><span class='ocrx_word' id='word_1_778' title='bbox 493 4638 685 4764; x_wconf 33' lang='lat' dir='ltr'><strong>peorent</strong></span> <span class='ocrx_word' id='word_1_779' title='bbox 713 4642 854 4712; x_wconf 91' lang='lat' dir='ltr'><strong>quod</strong></span> <span class='ocrx_word' id='word_1_780' title='bbox 889 4640 982 4695; x_wconf 89' lang='lat' dir='ltr'><strong>tali</strong></span> <span class='ocrx_word' id='word_1_781' title='bbox 1012 4640 1169 4696; x_wconf 91' lang='lat' dir='ltr'><strong>modo</strong></span> <span class='ocrx_word' id='word_1_782' title='bbox 1215 4653 1531 4694; x_wconf 87' lang='lat' dir='ltr'><strong>concessum</strong></span> <span class='ocrx_word' id='word_1_783' title='bbox 1573 4648 1668 4693; x_wconf 89' lang='lat' dir='ltr'><strong>aut</strong></span> <span class='ocrx_word' id='word_1_784' title='bbox 1697 4638 2078 4693; x_wconf 82' lang='lat' dir='ltr'><strong>conﬁrmatum</strong></span> 
     </span>
     <span class='ocr_line' id='line_1_104' title="bbox 519 4722 705 4764; baseline 0 0"><span class='ocrx_word' id='word_1_785' title='bbox 519 4722 705 4764; x_wconf 71' lang='lat' dir='ltr'><strong>lllSSCl.</strong></span> 
     </span>
    </p>
   </div>
   <div class='ocr_carea' id='block_1_104' title="bbox 519 4712 705 4766">
    <p class='ocr_par' dir='ltr' id='par_1_104' title="bbox 519 4712 705 4766">
     <span class='ocr_line' id='line_1_105' title="bbox 519 4712 705 4766; baseline 0 -1"><span class='ocrx_word' id='word_1_786' title='bbox 519 4712 705 4766; x_wconf 85' lang='lat' dir='ltr'><strong>&#39;uisset.</strong></span> 
     </span>
    </p>
   </div>
   <div class='ocr_carea' id='block_1_105' title="bbox 568 4779 1612 4850">
    <p class='ocr_par' dir='ltr' id='par_1_105' title="bbox 568 4779 1612 4850">
     <span class='ocr_line' id='line_1_106' title="bbox 568 4779 1612 4850; baseline -0.006 -13"><span class='ocrx_word' id='word_1_787' title='bbox 568 4783 716 4850; x_wconf 80' lang='grc'>(857)</span> <span class='ocrx_word' id='word_1_788' title='bbox 756 4781 1009 4838; x_wconf 85' lang='lat' dir='ltr'><strong>Mendose</strong></span> <span class='ocrx_word' id='word_1_789' title='bbox 1037 4779 1317 4850; x_wconf 86' lang='lat' dir='ltr'><strong>legebatur</strong></span> <span class='ocrx_word' id='word_1_790' title='bbox 1348 4781 1477 4842; x_wconf 83' lang='lat' dir='ltr'><strong>Deo,</strong></span> <span class='ocrx_word' id='word_1_791' title='bbox 1508 4779 1612 4833; x_wconf 82' lang='lat' dir='ltr'><strong>cui.</strong></span> 
     </span>
    </p>
   </div>
   <div class='ocr_carea' id='block_1_106' title="bbox 567 4846 2079 4917">
    <p class='ocr_par' dir='ltr' id='par_1_106' title="bbox 567 4846 2079 4917">
     <span class='ocr_line' id='line_1_107' title="bbox 567 4846 2079 4917; baseline -0.002 -11"><span class='ocrx_word' id='word_1_792' title='bbox 567 4846 714 4915; x_wconf 72' lang='grc'>(858)</span> <span class='ocrx_word' id='word_1_793' title='bbox 755 4853 897 4914; x_wconf 72' lang='lat' dir='ltr'><strong>Dux,</strong></span> <span class='ocrx_word' id='word_1_794' title='bbox 950 4867 1043 4906; x_wconf 82' lang='lat' dir='ltr'><strong>seu</strong></span> <span class='ocrx_word' id='word_1_795' title='bbox 1090 4846 1305 4905; x_wconf 78' lang='lat' dir='ltr'><strong>ducissa</strong></span> <span class='ocrx_word' id='word_1_796' title='bbox 1354 4850 1548 4917; x_wconf 83' lang='lat' dir='ltr'><strong>inclyta</strong></span> <span class='ocrx_word' id='word_1_797' title='bbox 1592 4857 1675 4902; x_wconf 89' lang='lat' dir='ltr'><strong>est</strong></span> <span class='ocrx_word' id='word_1_798' title='bbox 1712 4846 1930 4902; x_wconf 75' lang='lat' dir='ltr'><strong>Juditlla</strong></span> <span class='ocrx_word' id='word_1_799' title='bbox 1973 4849 2079 4903; x_wconf 80' lang='lat' dir='ltr'><strong>Ar-</strong></span> 
     </span>
    </p>
   </div>
   <div class='ocr_carea' id='block_1_107' title="bbox 495 4916 2078 4991">
    <p class='ocr_par' dir='ltr' id='par_1_107' title="bbox 495 4916 2078 4991">
     <span class='ocr_line' id='line_1_108' title="bbox 495 4916 2078 4991; baseline -0.003 -15"><span class='ocrx_word' id='word_1_800' title='bbox 495 4917 643 4976; x_wconf 82' lang='lat' dir='ltr'><strong>noldi</strong></span> <span class='ocrx_word' id='word_1_801' title='bbox 684 4923 940 4991; x_wconf 72' lang='lat' dir='ltr'><strong>Bajoaria:</strong></span> <span class='ocrx_word' id='word_1_802' title='bbox 962 4922 1115 4975; x_wconf 89' lang='lat' dir='ltr'><strong>ducis</strong></span> <span class='ocrx_word' id='word_1_803' title='bbox 1149 4919 1279 4982; x_wconf 80' lang='lat' dir='ltr'><strong>lilia,</strong></span> <span class='ocrx_word' id='word_1_804' title='bbox 1318 4935 1453 4973; x_wconf 84' lang='lat' dir='ltr'><strong>uxor</strong></span> <span class='ocrx_word' id='word_1_805' title='bbox 1476 4917 1700 4991; x_wconf 80' lang='lat' dir='ltr'><strong>_llcn_t_‘ici</strong></span> <span class='ocrx_word' id='word_1_806' title='bbox 1732 4916 1771 4991; x_wconf 81' lang='lat' dir='ltr'><strong>l,</strong></span> <span class='ocrx_word' id='word_1_807' title='bbox 1803 4917 2078 4984; x_wconf 85' lang='lat' dir='ltr'><strong>Bajoario—</strong></span> 
     </span>
    </p>
   </div>
   <div class='ocr_carea' id='block_1_108' title="bbox 495 4985 2076 5056">
    <p class='ocr_par' dir='ltr' id='par_1_108' title="bbox 495 4985 2076 5056">
     <span class='ocr_line' id='line_1_109' title="bbox 495 4985 2076 5056; baseline -0.003 -10"><span class='ocrx_word' id='word_1_808' title='bbox 495 5006 617 5046; x_wconf 82' lang='lat' dir='ltr'><strong>vum</strong></span> <span class='ocrx_word' id='word_1_809' title='bbox 655 4985 780 5048; x_wconf 79' lang='lat' dir='ltr'><strong>item</strong></span> <span class='ocrx_word' id='word_1_810' title='bbox 812 4993 984 5055; x_wconf 88' lang='lat' dir='ltr'><strong>ducis,</strong></span> <span class='ocrx_word' id='word_1_811' title='bbox 1031 5005 1095 5045; x_wconf 87' lang='lat' dir='ltr'><strong>ac</strong></span> <span class='ocrx_word' id='word_1_812' title='bbox 1120 5000 1289 5043; x_wconf 84' lang='lat' dir='ltr'><strong>mater</strong></span> <span class='ocrx_word' id='word_1_813' title='bbox 1325 4989 1537 5042; x_wconf 89' lang='lat' dir='ltr'><strong>llenrici</strong></span> <span class='ocrx_word' id='word_1_814' title='bbox 1587 4985 1651 5051; x_wconf 89' lang='lat' dir='ltr'><strong>ll,</strong></span> <span class='ocrx_word' id='word_1_815' title='bbox 1681 4989 1772 5056; x_wconf 90' lang='lat' dir='ltr'><strong>qui</strong></span> <span class='ocrx_word' id='word_1_816' title='bbox 1801 5003 1922 5041; x_wconf 90' lang='lat' dir='ltr'><strong>cum</strong></span> <span class='ocrx_word' id='word_1_817' title='bbox 1951 4997 2076 5056; x_wconf 88' lang='lat' dir='ltr'><strong>post</strong></span> 
     </span>
    </p>
   </div>
   <div class='ocr_carea' id='block_1_109' title="bbox 537 5058 2076 5117">
    <p class='ocr_par' dir='ltr' id='par_1_109' title="bbox 537 5058 2076 5117">
     <span class='ocr_line' id='line_1_110' title="bbox 537 5058 2076 5117; baseline -0.001 -5"><span class='ocrx_word' id='word_1_818' title='bbox 537 5063 669 5116; x_wconf 85' lang='lat' dir='ltr'><strong>atris</strong></span> <span class='ocrx_word' id='word_1_819' title='bbox 718 5070 944 5117; x_wconf 90' lang='lat' dir='ltr'><strong>mortem</strong></span> <span class='ocrx_word' id='word_1_820' title='bbox 1010 5061 1259 5115; x_wconf 86' lang='lat' dir='ltr'><strong>ducatum</strong></span> <span class='ocrx_word' id='word_1_821' title='bbox 1318 5059 1587 5112; x_wconf 81' lang='lat' dir='ltr'><strong>laudatum</strong></span> <span class='ocrx_word' id='word_1_822' title='bbox 1656 5068 1708 5112; x_wconf 87' lang='lat' dir='ltr'><strong>et</strong></span> <span class='ocrx_word' id='word_1_823' title='bbox 1776 5058 2076 5111; x_wconf 76' lang='lat' dir='ltr'><strong>ntareltiam</strong></span> 
     </span>
    </p>
   </div>
   <div class='ocr_carea' id='block_1_110' title="bbox 495 5076 2080 5192">
    <p class='ocr_par' dir='ltr' id='par_1_110' title="bbox 495 5076 2080 5192">
     <span class='ocr_line' id='line_1_111' title="bbox 537 5076 2076 5117; baseline -0.001 -5"><span class='ocrx_word' id='word_1_824' title='bbox 537 5076 669 5116; x_wconf 73' lang='lat' dir='ltr'><strong>.‘lll‘lS</strong></span> <span class='ocrx_word' id='word_1_825' title='bbox 718 5076 944 5117; x_wconf 87' lang='lat' dir='ltr'><strong>mortem</strong></span> <span class='ocrx_word' id='word_1_826' title='bbox 1010 5076 1259 5115; x_wconf 78' lang='lat' dir='ltr'><strong>ducatum</strong></span> <span class='ocrx_word' id='word_1_827' title='bbox 1318 5076 1587 5112; x_wconf 70' lang='grc' dir='ltr'><strong>Ιίιιιιιιιῑιιιιι</strong></span> <span class='ocrx_word' id='word_1_828' title='bbox 1656 5076 1708 5112; x_wconf 67' lang='grc' dir='ltr'><strong>ει</strong></span> <span class='ocrx_word' id='word_1_829' title='bbox 1776 5076 2076 5111; x_wconf 80' lang='lat' dir='ltr'><strong>ntarcntam</strong></span> 
     </span>
     <span class='ocr_line' id='line_1_112' title="bbox 495 5076 2080 5192; baseline -0.003 -7"><span class='ocrx_word' id='word_1_830' title='bbox 495 5076 866 5187; x_wconf 44' lang='lat' dir='ltr'><strong>Qt‘runeusem</strong></span> <span class='ocrx_word' id='word_1_831' title='bbox 896 5131 1238 5192; x_wconf 74' lang='lat' dir='ltr'><strong>obtinuisset,</strong></span> <span class='ocrx_word' id='word_1_832' title='bbox 1286 5130 1375 5183; x_wconf 88' lang='lat' dir='ltr'><strong>illa</strong></span> <span class='ocrx_word' id='word_1_833' title='bbox 1425 5128 1533 5182; x_wconf 84' lang='lat' dir='ltr'><strong>lilio</strong></span> <span class='ocrx_word' id='word_1_834' title='bbox 1561 5128 1735 5181; x_wconf 92' lang='lat' dir='ltr'><strong>adhuc</strong></span> <span class='ocrx_word' id='word_1_835' title='bbox 1764 5128 2080 5181; x_wconf 84' lang='lat' dir='ltr'><strong>adolescen-</strong></span> 
     </span>
    </p>
   </div>
   <div class='ocr_carea' id='block_1_111' title="bbox 499 5197 2074 5256">
    <p class='ocr_par' dir='ltr' id='par_1_111' title="bbox 499 5197 2074 5256">
     <span class='ocr_line' id='line_1_113' title="bbox 499 5197 2074 5256; baseline -0.002 -2"><span class='ocrx_word' id='word_1_836' title='bbox 499 5201 610 5254; x_wconf 82' lang='lat' dir='ltr'><strong>tulo</strong></span> <span class='ocrx_word' id='word_1_837' title='bbox 647 5217 911 5255; x_wconf 86' lang='lat' dir='ltr'><strong>summam</strong></span> <span class='ocrx_word' id='word_1_838' title='bbox 941 5202 1317 5256; x_wconf 86' lang='lat' dir='ltr'><strong>auctoritatem</strong></span> <span class='ocrx_word' id='word_1_839' title='bbox 1343 5200 1397 5253; x_wconf 91' lang='lat' dir='ltr'><strong>in</strong></span> <span class='ocrx_word' id='word_1_840' title='bbox 1426 5198 1613 5253; x_wconf 87' lang='lat' dir='ltr'><strong>eadem</strong></span> <span class='ocrx_word' id='word_1_841' title='bbox 1646 5197 1886 5251; x_wconf 91' lang='lat' dir='ltr'><strong>marchia</strong></span> <span class='ocrx_word' id='word_1_842' title='bbox 1913 5212 2074 5252; x_wconf 86' lang='lat' dir='ltr'><strong>exer-</strong></span> 
     </span>
    </p>
   </div>
   <div class='ocr_carea' id='block_1_112' title="bbox 500 5268 2077 5354">
    <p class='ocr_par' dir='ltr' id='par_1_112' title="bbox 500 5268 2077 5354">
     <span class='ocr_line' id='line_1_114' title="bbox 500 5268 2077 5354; baseline -0.001 -30"><span class='ocrx_word' id='word_1_843' title='bbox 500 5272 656 5324; x_wconf 87' lang='lat' dir='ltr'><strong>cebat</strong></span> <span class='ocrx_word' id='word_1_844' title='bbox 682 5288 695 5324; x_wconf 91' lang='lat'><strong>:</strong></span> <span class='ocrx_word' id='word_1_845' title='bbox 727 5287 791 5327; x_wconf 93' lang='lat' dir='ltr'><strong>ac</strong></span> <span class='ocrx_word' id='word_1_846' title='bbox 824 5281 1110 5354; x_wconf 78' lang='lat' dir='ltr'><strong>propterea</strong></span> <span class='ocrx_word' id='word_1_847' title='bbox 1134 5269 1357 5354; x_wconf 40' lang='lat' dir='ltr'><strong>haec-{illa</strong></span> <span class='ocrx_word' id='word_1_848' title='bbox 1389 5269 1511 5350; x_wconf 66' lang='lat' dir='ltr'><strong>fuit,</strong></span> <span class='ocrx_word' id='word_1_849' title='bbox 1533 5284 1674 5354; x_wconf 66' lang='lat' dir='ltr'><strong>qum,</strong></span> <span class='ocrx_word' id='word_1_850' title='bbox 1695 5276 1755 5354; x_wconf 65' lang='lat' dir='ltr'><strong>pt</strong></span> <span class='ocrx_word' id='word_1_851' title='bbox 1786 5268 2077 5354; x_wconf 51' lang='lat' dir='ltr'><strong>Rather&#39;ius</strong></span> 
     </span>
    </p>
   </div>
   <div class='ocr_carea' id='block_1_113' title="bbox 2254 4557 3762 4640">
    <p class='ocr_par' dir='ltr' id='par_1_113' title="bbox 2254 4557 3762 4640">
     <span class='ocr_line' id='line_1_115' title="bbox 2254 4557 3762 4640; baseline -0.007 -18"><span class='ocrx_word' id='word_1_852' title='bbox 2254 4568 2399 4640; x_wconf 84' lang='lat'><strong>(860)</strong></span> <span class='ocrx_word' id='word_1_853' title='bbox 2440 4557 2845 4640; x_wconf 60' lang='lat' dir='ltr'><strong>Siltcrus__hanc</strong></span> <span class='ocrx_word' id='word_1_854' title='bbox 2868 4557 3073 4640; x_wconf 57' lang='lat' dir='ltr'><strong>terram</strong></span> <span class='ocrx_word' id='word_1_855' title='bbox 3094 4631 3106 4640; x_wconf 33' lang='grc' dir='ltr'>ι</span> <span class='ocrx_word' id='word_1_856' title='bbox 3122 4561 3309 4640; x_wconf 80' lang='lat' dir='ltr'><strong>utique</strong></span> <span class='ocrx_word' id='word_1_857' title='bbox 3347 4557 3683 4640; x_wconf 62' lang='lat' dir='ltr'><strong>possidebat,</strong></span> <span class='ocrx_word' id='word_1_858' title='bbox 3703 4567 3762 4611; x_wconf 87' lang='lat' dir='ltr'><strong>ut</strong></span> 
     </span>
    </p>
   </div>
   <div class='ocr_carea' id='block_1_114' title="bbox 2180 4629 3759 4705">
    <p class='ocr_par' dir='ltr' id='par_1_114' title="bbox 2180 4629 3759 4705">
     <span class='ocr_line' id='line_1_116' title="bbox 2180 4629 3759 4705; baseline -0.008 -13"><span class='ocrx_word' id='word_1_859' title='bbox 2180 4629 2632 4705; x_wconf 60' lang='lat' dir='ltr'><strong>exsequentibus</strong></span> <span class='ocrx_word' id='word_1_860' title='bbox 2665 4634 2851 4704; x_wconf 88' lang='lat' dir='ltr'><strong>liquet.</strong></span> <span class='ocrx_word' id='word_1_861' title='bbox 2883 4631 3060 4705; x_wconf 64' lang='lat' dir='ltr'><strong>verba</strong></span> <span class='ocrx_word' id='word_1_862' title='bbox 3093 4629 3257 4701; x_wconf 85' lang='lat' dir='ltr'><strong>igitur</strong></span> <span class='ocrx_word' id='word_1_863' title='bbox 3278 4632 3332 4683; x_wconf 82' lang='lat' dir='ltr'><strong>in</strong></span> <span class='ocrx_word' id='word_1_864' title='bbox 3355 4629 3635 4705; x_wconf 42' lang='lat' dir='ltr'><strong>uoluntate</strong></span> <span class='ocrx_word' id='word_1_865' title='bbox 3663 4630 3759 4681; x_wconf 80' lang='lat' dir='ltr'><strong>ha-</strong></span> 
     </span>
    </p>
   </div>
   <div class='ocr_carea' id='block_1_115' title="bbox 2182 4700 3757 4771">
    <p class='ocr_par' dir='ltr' id='par_1_115' title="bbox 2182 4700 3757 4771">
     <span class='ocr_line' id='line_1_117' title="bbox 2182 4700 3757 4771; baseline -0.008 -9"><span class='ocrx_word' id='word_1_866' title='bbox 2182 4700 2502 4771; x_wconf 42' lang='lat' dir='ltr'><strong>beret,’ete.,</strong></span> <span class='ocrx_word' id='word_1_867' title='bbox 2542 4704 2593 4758; x_wconf 91' lang='lat' dir='ltr'><strong>id</strong></span> <span class='ocrx_word' id='word_1_868' title='bbox 2623 4700 2872 4767; x_wconf 72' lang='lat' dir='ltr'><strong>inuitant,</strong></span> <span class='ocrx_word' id='word_1_869' title='bbox 2918 4700 3237 4771; x_wconf 79' lang='lat' dir='ltr'><strong>Ratherimn</strong></span> <span class='ocrx_word' id='word_1_870' title='bbox 3286 4700 3538 4761; x_wconf 84' lang='lat' dir='ltr'><strong>voluisse,</strong></span> <span class='ocrx_word' id='word_1_871' title='bbox 3590 4708 3648 4751; x_wconf 90' lang='lat' dir='ltr'><strong>ut</strong></span> <span class='ocrx_word' id='word_1_872' title='bbox 3694 4713 3757 4771; x_wconf 80' lang='lat' dir='ltr'><strong>ea</strong></span> 
     </span>
    </p>
   </div>
   <div class='ocr_carea' id='block_1_116' title="bbox 2114 4767 3757 4844">
    <p class='ocr_par' dir='ltr' id='par_1_116' title="bbox 2114 4767 3757 4844">
     <span class='ocr_line' id='line_1_118' title="bbox 2114 4767 3757 4844; baseline -0.006 -12"><span class='ocrx_word' id='word_1_873' title='bbox 2114 4798 2125 4820; x_wconf 72' lang='grc' dir='ltr'>ι</span> <span class='ocrx_word' id='word_1_874' title='bbox 2181 4767 2347 4841; x_wconf 77' lang='lat' dir='ltr'><strong>terra,</strong></span> <span class='ocrx_word' id='word_1_875' title='bbox 2378 4767 2540 4843; x_wconf 84' lang='lat' dir='ltr'><strong>quam</strong></span> <span class='ocrx_word' id='word_1_876' title='bbox 2572 4776 2670 4844; x_wconf 90' lang='lat' dir='ltr'><strong>ipsi</strong></span> <span class='ocrx_word' id='word_1_877' title='bbox 2701 4773 2943 4838; x_wconf 88' lang='lat' dir='ltr'><strong>dederat,</strong></span> <span class='ocrx_word' id='word_1_878' title='bbox 2982 4782 3089 4826; x_wconf 88' lang='lat' dir='ltr'><strong>tota</strong></span> <span class='ocrx_word' id='word_1_879' title='bbox 3135 4769 3251 4844; x_wconf 73' lang='lat' dir='ltr'><strong>ejus</strong></span> <span class='ocrx_word' id='word_1_880' title='bbox 3301 4786 3406 4825; x_wconf 90' lang='lat' dir='ltr'><strong>non</strong></span> <span class='ocrx_word' id='word_1_881' title='bbox 3452 4777 3634 4833; x_wconf 89' lang='lat' dir='ltr'><strong>esset,</strong></span> <span class='ocrx_word' id='word_1_882' title='bbox 3663 4767 3757 4822; x_wconf 87' lang='lat' dir='ltr'><strong>sed</strong></span> 
     </span>
    </p>
   </div>
   <div class='ocr_carea' id='block_1_117' title="bbox 2179 4842 3324 4917">
    <p class='ocr_par' dir='ltr' id='par_1_117' title="bbox 2179 4842 3324 4917">
     <span class='ocr_line' id='line_1_119' title="bbox 2179 4842 3324 4917; baseline -0.005 -19"><span class='ocrx_word' id='word_1_883' title='bbox 2179 4842 2625 4917; x_wconf 61' lang='lat' dir='ltr'><strong>partireturinter</strong></span> <span class='ocrx_word' id='word_1_884' title='bbox 2648 4846 2818 4917; x_wconf 75' lang='lat' dir='ltr'><strong>ipsum</strong></span> <span class='ocrx_word' id='word_1_885' title='bbox 2839 4853 2903 4917; x_wconf 85' lang='lat' dir='ltr'><strong>_e_t_</strong></span> <span class='ocrx_word' id='word_1_886' title='bbox 2914 4858 3164 4917; x_wconf 75' lang='lat' dir='ltr'><strong>generum</strong></span> <span class='ocrx_word' id='word_1_887' title='bbox 3190 4842 3324 4917; x_wconf 77' lang='lat' dir='ltr'><strong>ejus.</strong></span> 
     </span>
    </p>
   </div>
   <div class='ocr_carea' id='block_1_118' title="bbox 2253 4908 3765 4986">
    <p class='ocr_par' dir='ltr' id='par_1_118' title="bbox 2253 4908 3765 4986">
     <span class='ocr_line' id='line_1_120' title="bbox 2253 4908 3765 4986; baseline -0.007 -16"><span class='ocrx_word' id='word_1_888' title='bbox 2253 4914 2398 4986; x_wconf 83' lang='lat' dir='ltr'><strong>(86l)</strong></span> <span class='ocrx_word' id='word_1_889' title='bbox 2436 4913 2559 4986; x_wconf 78' lang='lat' dir='ltr'><strong>Milo</strong></span> <span class='ocrx_word' id='word_1_890' title='bbox 2589 4914 2801 4986; x_wconf 64' lang='lat' dir='ltr'><strong>scilicet</strong></span> <span class='ocrx_word' id='word_1_891' title='bbox 2838 4908 3050 4986; x_wconf 79' lang='lat' dir='ltr'><strong>Milonis</strong></span> <span class='ocrx_word' id='word_1_892' title='bbox 3075 4911 3292 4986; x_wconf 79' lang='lat' dir='ltr'><strong>comitis</strong></span> <span class='ocrx_word' id='word_1_893' title='bbox 3320 4908 3645 4986; x_wconf 76' lang='lat' dir='ltr'><strong>Vero_nensi_s</strong></span> <span class='ocrx_word' id='word_1_894' title='bbox 3671 4923 3765 4986; x_wconf 45' lang='lat' dir='ltr'><strong>ne:</strong></span> 
     </span>
    </p>
   </div>
   <div class='ocr_carea' id='block_1_119' title="bbox 2141 4976 3753 5055">
    <p class='ocr_par' dir='ltr' id='par_1_119' title="bbox 2141 4976 3753 5055">
     <span class='ocr_line' id='line_1_121' title="bbox 2141 4976 3753 5055; baseline -0.004 -18"><span class='ocrx_word' id='word_1_895' title='bbox 2141 4976 2424 5055; x_wconf 63' lang='lat' dir='ltr'><strong>&#39;jtolttltts,</strong></span> <span class='ocrx_word' id='word_1_896' title='bbox 2475 4984 2563 5055; x_wconf 72' lang='lat' dir='ltr'><strong>uti</strong></span> <span class='ocrx_word' id='word_1_897' title='bbox 2605 5001 2635 5038; x_wconf 90' lang='lat' dir='ltr'><strong>a</strong></span> <span class='ocrx_word' id='word_1_898' title='bbox 2681 4982 2941 5055; x_wconf 69' lang='lat' dir='ltr'><strong>Ratherig</strong></span> <span class='ocrx_word' id='word_1_899' title='bbox 2997 4989 3220 5055; x_wconf 79' lang='lat' dir='ltr'><strong>vocatur</strong></span> <span class='ocrx_word' id='word_1_900' title='bbox 3280 4981 3332 5035; x_wconf 89' lang='lat' dir='ltr'><strong>in</strong></span> <span class='ocrx_word' id='word_1_901' title='bbox 3385 4979 3544 5047; x_wconf 87' lang='lat' dir='ltr'><strong>epist.</strong></span> <span class='ocrx_word' id='word_1_902' title='bbox 3598 4976 3753 5055; x_wconf 76' lang='lat' dir='ltr'><strong>5_ad</strong></span> 
     </span>
    </p>
   </div>
   <div class='ocr_carea' id='block_1_120' title="bbox 2181 5048 3750 5119">
    <p class='ocr_par' dir='ltr' id='par_1_120' title="bbox 2181 5048 3750 5119">
     <span class='ocr_line' id='line_1_122' title="bbox 2181 5048 3750 5119; baseline -0.008 -9"><span class='ocrx_word' id='word_1_903' title='bbox 2181 5048 2439 5110; x_wconf 69' lang='lat' dir='ltr'><strong>Joannem</strong></span> <span class='ocrx_word' id='word_1_904' title='bbox 2475 5052 2567 5107; x_wconf 83' lang='lat' dir='ltr'><strong>Xll</strong></span> <span class='ocrx_word' id='word_1_905' title='bbox 2614 5069 2761 5107; x_wconf 88' lang='lat' dir='ltr'><strong>num.</strong></span> <span class='ocrx_word' id='word_1_906' title='bbox 2796 5052 2845 5104; x_wconf 92' lang='lat'><strong>7.</strong></span> <span class='ocrx_word' id='word_1_907' title='bbox 2889 5052 3022 5106; x_wconf 77' lang='lat' dir='ltr'><strong>Cum</strong></span> <span class='ocrx_word' id='word_1_908' title='bbox 3064 5052 3109 5105; x_wconf 91' lang='lat' dir='ltr'><strong>is</strong></span> <span class='ocrx_word' id='word_1_909' title='bbox 3148 5049 3261 5118; x_wconf 89' lang='lat' dir='ltr'><strong>jam</strong></span> <span class='ocrx_word' id='word_1_910' title='bbox 3311 5061 3432 5119; x_wconf 91' lang='lat' dir='ltr'><strong>post</strong></span> <span class='ocrx_word' id='word_1_911' title='bbox 3464 5048 3750 5119; x_wconf 85' lang='lat' dir='ltr'><strong>secundam</strong></span> 
     </span>
    </p>
   </div>
   <div class='ocr_carea' id='block_1_121' title="bbox 2183 5117 3749 5196">
    <p class='ocr_par' dir='ltr' id='par_1_121' title="bbox 2183 5117 3749 5196">
     <span class='ocr_line' id='line_1_123' title="bbox 2183 5117 3749 5196; baseline -0.01 -15"><span class='ocrx_word' id='word_1_912' title='bbox 2183 5127 2421 5196; x_wconf 82' lang='lat' dir='ltr'><strong>ejusdem</strong></span> <span class='ocrx_word' id='word_1_913' title='bbox 2478 5123 2726 5196; x_wconf 78' lang='lat' dir='ltr'><strong>Ratberii</strong></span> <span class='ocrx_word' id='word_1_914' title='bbox 2754 5122 3123 5196; x_wconf 82' lang='lat' dir='ltr'><strong>expulsionem</strong></span> <span class='ocrx_word' id='word_1_915' title='bbox 3153 5117 3527 5196; x_wconf 64' lang='lat' dir='ltr'><strong>Veronense!!!</strong></span> <span class='ocrx_word' id='word_1_916' title='bbox 3574 5117 3749 5196; x_wconf 48' lang='lat' dir='ltr'><strong>sedeant</strong></span> 
     </span>
    </p>
   </div>
   <div class='ocr_carea' id='block_1_122' title="bbox 2182 5185 3752 5265">
    <p class='ocr_par' dir='ltr' id='par_1_122' title="bbox 2182 5185 3752 5265">
     <span class='ocr_line' id='line_1_124' title="bbox 2182 5185 3752 5265; baseline -0.008 -14"><span class='ocrx_word' id='word_1_917' title='bbox 2182 5185 2527 5265; x_wconf 56' lang='lat' dir='ltr'><strong>occupasset;</strong></span> <span class='ocrx_word' id='word_1_918' title='bbox 2569 5185 3007 5265; x_wconf 45' lang='lat' dir='ltr'><strong>eumdem-tertio</strong></span> <span class='ocrx_word' id='word_1_919' title='bbox 3038 5191 3417 5265; x_wconf 26' lang='lat' dir='ltr'><strong>reversum‘in</strong></span> <span class='ocrx_word' id='word_1_920' title='bbox 3467 5202 3625 5265; x_wconf 73' lang='lat' dir='ltr'><strong>suam</strong></span> <span class='ocrx_word' id='word_1_921' title='bbox 3656 5185 3752 5239; x_wconf 80' lang='lat' dir='ltr'><strong>Ec-</strong></span> 
     </span>
    </p>
   </div>
   <div class='ocr_carea' id='block_1_123' title="bbox 2183 5257 3747 5354">
    <p class='ocr_par' dir='ltr' id='par_1_123' title="bbox 2183 5257 3747 5354">
     <span class='ocr_line' id='line_1_125' title="bbox 2183 5257 3747 5354; baseline -0.008 -34"><span class='ocrx_word' id='word_1_922' title='bbox 2183 5257 2401 5354; x_wconf 62' lang='lat' dir='ltr'><strong>clesium</strong></span> <span class='ocrx_word' id='word_1_923' title='bbox 2428 5307 2441 5329; x_wconf 98' lang='lat'><strong>,</strong></span> <span class='ocrx_word' id='word_1_924' title='bbox 2466 5261 3213 5354; x_wconf 31' lang='lat' dir='ltr'><strong>l(«inspiratique&quot;“excitata.g</strong></span> <span class='ocrx_word' id='word_1_925' title='bbox 3250 5257 3747 5354; x_wconf 43' lang='lat' dir='ltr'><strong>“pf-imo-</strong></span> 
     </span>
    </p>
   </div>
   <div class='ocr_carea' id='block_1_124' title="bbox 2194 5329 3745 5354">
    <p class='ocr_par' dir='ltr' id='par_1_124' title="bbox 2194 5329 3745 5354">
     <span class='ocr_line' id='line_1_126' title="bbox 2194 5329 3745 5354; baseline 0 0"><span class='ocrx_word' id='word_1_926' title='bbox 2194 5336 2234 5354; x_wconf 80' lang='grc'><strong>,1</strong></span> <span class='ocrx_word' id='word_1_927' title='bbox 2276 5337 2288 5354; x_wconf 87' lang='lat' dir='ltr'><strong>l</strong></span> <span class='ocrx_word' id='word_1_928' title='bbox 2380 5351 2389 5354; x_wconf 83' lang='grc'><strong>-</strong></span> <span class='ocrx_word' id='word_1_929' title='bbox 2420 5352 2423 5354; x_wconf 96' lang='grc'>.</span> <span class='ocrx_word' id='word_1_930' title='bbox 2466 5343 2478 5354; x_wconf 79' lang='grc' dir='ltr'>ι</span> <span class='ocrx_word' id='word_1_931' title='bbox 2576 5329 2671 5354; x_wconf 61' lang='grc' dir='ltr'><strong>Ι,ξ.-</strong></span> <span class='ocrx_word' id='word_1_932' title='bbox 2730 5334 2822 5354; x_wconf 73' lang='grc'><strong>-.-1-</strong></span> <span class='ocrx_word' id='word_1_933' title='bbox 2877 5331 3033 5354; x_wconf 54' lang='grc' dir='ltr'><strong>Πη..---</strong></span> <span class='ocrx_word' id='word_1_934' title='bbox 3092 5331 3213 5354; x_wconf 63' lang='grc' dir='ltr'><strong>Λ-.-ἶ</strong></span> <span class='ocrx_word' id='word_1_935' title='bbox 3404 5343 3520 5354; x_wconf 68' lang='grc' dir='ltr'><strong>..ιιι-ι</strong></span> <span class='ocrx_word' id='word_1_936' title='bbox 3572 5329 3745 5354; x_wconf 66' lang='grc' dir='ltr'><strong>ιιηιιιὶιιι</strong></span> 
     </span>
    </p>
   </div>
  </div>
