4032 5354
322 248 433 304 533

1484 244 1896 312 QUALITATIS
1934 247 2419 308 CONJECTURA.‘

3479 258 3586 315 εδδ

323 364 552 420 scardus
580 363 747 433 (869.),
782 363 1171 428 remandasset,
1201 379 1305 417 non
1335 379 1393 419 sc
1441 364 1515 418 illi
1547 366 1778 436 amplius
1813 366 1907 419 da-
1936 373 1983 429 Α
2015 369 2136 424 tatis
2180 371 2378 427 sinitur
2405 372 2668 430 diabolus.
2702 376 2832 442 Quis
2863 390 2992 446 ergo
3021 376 3180 430 talem
3211 393 3392 433 amare
3419 395 3581 449 queat

325 466 506 510 turum
539 455 741 524 aliquid
769 453 872 509 nisi
908 454 978 509 de
1003 454 1465 523 archiepiscopum
1497 453 1902 522 Mediolanensi,

323 549 448 615 quia
481 549 548 601 de
585 547 878 601 V’cronensi
926 563 1026 602 nec
1075 547 1374 612 dimidium,
1427 557 1484 601 ut
1529 563 1629 602 nec
1675 548 1902 602 faciebat

323 650 510 694 tenere
573 639 720 709 (863)
773 641 954 709 utique
1004 656 1287 703 mansum;
1346 639 1608 693 sulliceret
1659 641 1708 694 ei
1761 638 1902 707 quod

325 733 442 798 ipse
502 729 722 783 dederat
787 739 1061 795 castrum;
1132 739 1188 784 et
1250 730 1340 784 ille
1389 729 1756 784 remandasset
1807 732 1897 795 ei,

320 819 466 887 quod
504 819 584 874 sic
636 819 795 874 vellet
839 835 962 874 eum
1017 828 1203 876 tenere
1253 837 1352 890 pro
1397 837 1494 877 suo
1543 833 1716 892 gratu,
1762 823 1901 876 sicut

324 927 425 978 pro
471 925 580 964 uno
621 908 849 974 fellone,
889 910 1015 980 quia
1067 926 1164 982 per
1208 911 1406 966 donum
1459 912 1800 982 imperatoris
1847 919 1902 966 et

321 1000 687 1068 imperatricis
739 999 899 1064 illud,
953 1017 1075 1056 cum
1134 1003 1499 1067 mentiretur,
1556 1011 1806 1057 teneret:
1845 1003 1899 1057 in

323 1104 533 1145 tnttlaln
581 1093 716 1148 iram
775 1093 981 1148 exarsit
1025 1094 1115 1149 ille
1177 1104 1395 1150 sanctus
1441 1096 1759 1166 cpiscopus,
1813 1095 1900 1150 ille

322 1187 687 1253 przedicator,
739 1176 1035 1242 abstemius
1081 1188 1205 1253 ille,
1244 1189 1511 1242 veraciter
1553 1204 1681 1242 vero
1732 1189 1901 1257 hypo-

322 1280 483 1342 crita,
511 1279 624 1346 ipse
653 1286 711 1333 ut
747 1280 796 1333 ei
827 1280 1006 1333 statim
1038 1280 1181 1334 illam
1217 1281 1425 1334 tolleret
1468 1288 1693 1334 terram.
1719 1280 1899 1336 Lanzo

319 1385 452 1423 vero
485 1370 654 1438 (861),
701 1385 821 1424 cum
870 1372 1133 1424 Arnostus
1178 1381 1225 1425 ct
1279 1371 1452 1424 Bucco
1495 1386 1616 1425 cum
1660 1371 1898 1426 maximo

321 1458 510 1512 labore.
536 1468 591 1512 et
632 1458 931 1529 promissis,
971 1460 1112 1528 quod
1142 1462 1279 1529 apud
1309 1461 1692 1530 imperatorem
1734 1461 1896 1532 385

320 1549 480 1618 longe
507 1550 770 1618 optimum
794 1550 843 1604 ci
870 1551 1231 1620 acquirerent,
1258 1553 1363 1613 vix,
1403 1561 1586 1620 utpote
1613 1553 1754 1620 apud
1788 1562 1894 1606 tam

321 1639 565 1692 ferocem
599 1639 989 1703 adversarium,
1021 1638 1381 1694 oltinuisscnt
1406 1681 1421 1704 ,
1471 1649 1530 1695 ut
1575 1641 1894 1698 beneﬁciqu

2003 460 2405 516 adversarium?
2429 463 2527 530 Qui
2563 476 2741 520 tamen
2772 466 2815 520 si
2844 467 2980 520 forte
3004 467 3178 536 placet
3205 468 3385 535 alicui,
3411 473 3580 540 magis

2001 569 2099 622 pro
2138 557 2463 613 scurrilitate
2511 576 2673 630 quam
2702 575 2797 629 pro
2825 577 2919 616 sua
2953 562 3026 616 illi
3055 563 3230 631 placet
3281 563 3456 634 aliqua
3486 564 3580 617 bo-
3639 565 3656 586 '

2002 645 2200 710 nitate;
2251 661 2358 715 qua
2427 647 2609 717 utique
2667 651 2994 706 scurrilitate
3069 661 3255 722 gratus
3318 653 3578 722 probatur

2003 733 2134 804 ipsis
2164 735 2327 789 etiam
2368 736 2600 792 inimicis
2625 739 2877 794 existere.

2074 823 2159 878 10.
2202 825 2417 881 Munera
2448 827 2868 883 vicissitudinem
2891 831 3156 901 esigentia
3201 847 3305 886 non
3336 833 3470 887 adeo
3491 832 3586 888 di-r

2001 912 2146 982 ligit;
2174 915 2218 968 si
2251 930 2454 984 pauper
2478 931 2605 971 vero
2626 917 2673 971 ei
2699 917 2959 986 quidlibet
2990 919 3166 982 atl'ert,
3197 935 3319 974 eum
3350 921 3572 975 stultum

2001 1003 2250 1072 appellat,
2280 1006 2369 1074 qui
2426 1007 2610 1074 utique
2661 1016 2752 1062 aut
2804 1008 2903 1062 sibi
2958 1009 3084 1062 illud
3133 1026 3235 1063 non
3270 1011 3574 1071 retinuerit.

2001 1103 2093 1150 aut.
2110 1097 2312 1150 meliori
2333 1113 2436 1150 non
2461 1099 2729 1152 detulerit.
2758 1097 2952 1152 Mavult
2967 1098 3233 1154 sufﬁciens
3251 1117 3408 1168 quam
3425 1102 3576 1154 dives

1999 1199 2153 1249 esse;
2187 1186 2422 1255 indigere
2447 1228 2460 1249 ,
2509 1201 2669 1255 quam
2693 1187 3570 1260 abundantius[fudmndantihus]

2001 1274 2201 1344 aliquid
2217 1285 2435 1345 cogatur
2453 1278 2687 1331 tribuere
2704 1295 2714 1338 ;
2734 1279 2784 1330 in
2801 1279 2900 1332 hoc
2913 1280 3108 1333 saaculo
3122 1280 3298 1334 omnia
3314 1280 3576 1349 dilapida-

2001 1379 2078 1428 re,
2101 1380 2258 1432 quam
2287 1376 2400 1434 post
2423 1374 2647 1420 mortem
2687 1381 2836 1421 suam
2863 1368 3154 1420 abundanti
3178 1368 3333 1422 alicui
3370 1369 3436 1423 de
3457 1370 3573 1438 ejus

2000 1456 2236 1526 contigat
2257 1455 2411 1510 bonis
2431 1457 2681 1526 gaudere.
2707 1457 2952 1513 Loricam
2977 1459 3237 1514 Galiverti
3263 1460 3451 1513 medici
3484 1477 3570 1514 re—

1999 1547 2209 1602 cordari
2233 1549 2481 1601 omnibus
2519 1549 2745 1605 suadere
2788 1567 2894 1604 non
2926 1561 3121 1611 cessat,
3146 1551 3384 1606 fraudem
3412 1563 3574 1620 atque

2000 1639 2278 1706 perﬁdiam
2328 1642 2718 1710 rogatatiorum
2745 1643 2923 1712 ($.65);
2958 1643 3173 1698 divitias
3199 1645 3568 1712 episcoporum

319 1729 621 1782 maximum
672 1727 780 1783 ﬁlio
809 1727 924 1797 ejus
965 1729 1254 1799 largiretur
1284 1749 1295 1783 :
1331 1730 1508 1786 L'tnzo
1551 1732 1736 1801 utique
1777 1742 1900 1802 post
1932 1707 1972 1764 Β
2003 1728 2159 1794 injus
2196 1707 2440 1784 redactas
2487 1732 2677 1786 merito
2710 1707 2914 1800 regumi
2943 1733 3171 1788 Audiaut
3206 1707 3568 1804 igitur-reges,

319 1819 460 1881 lucc,
492 1834 650 1872 onme
683 1817 810 1872 illud
839 1819 1132 1873 maximum
1163 1821 1490 1875 beneﬁcium
1517 1838 1638 1876 cum
1673 1823 1775 1878 sibi
1815 1838 1899 1878 re-

319 1912 526 1974 tinens,
573 1910 706 1963 nihil
752 1910 875 1964 inde
904 1910 1034 1974 ﬁlio,
1059 1926 1180 1966 cum
1207 1911 1277 1965 sit
1301 1913 1452 1966 miles
1479 1913 1675 1977 bonus,
1701 1923 1754 1967 et
1781 1914 1896 1983 epi-

316 2016 488 2070 scopo
514 2000 888 2064 cbarissimus,
935 2001 1079 2055 sinat
1121 2010 1325 2067 tenere,
1359 2003 1453 2058 sed
1498 2005 1896 2073 pauperrimum

317 2091 762 2145 indecentissime
805 2091 1090 2160 compellat
1138 2108 1235 2146 suo
1283 2093 1482 2147 seniori
1529 2095 1764 2158 servire;
1799 2109 1896 2163 pro

318 2183 426 2236 hoc
459 2181 672 2238 tantillo
700 2182 1012 2246 commisso,
1060 2181 1380 2235 furibundus
1412 2183 1514 2237 iste
1540 2183 1785 2238 diabolus
1822 2184 1893 2236 ita

312 2287 442 2324 cum
473 2271 634 2325 habet
664 2287 907 2336 exosum,
940 2281 998 2326 nt
1027 2287 1125 2327 nec
1169 2281 1317 2327 recto
1351 2275 1467 2327 visu
1495 2273 1692 2328 intueri
1720 2273 1896 2329 valeat

315 2360 489 2414 illum.
527 2361 678 2427 Quod
709 2376 832 2416 cum
855 2370 911 2417 et
951 2360 1227 2416 Grimaldo
1254 2372 1308 2416 et
1344 2361 1608 2428 Conrado,
1651 2363 1742 2432 qui
1773 2378 1895 2419 con-

314 2455 401 2504 rra
463 2453 634 2520 ipsum
688 2461 888 2506 terram
938 2451 1078 2506 illius
1119 2453 1371 2508 volebant
1413 2460 1612 2516 tenere,
1659 2451 1892 2517 fecisset,

310 2545 672 2614 emuitmsque
722 2544 794 2597 sit
839 2544 1240 2608 infestissimus,
1292 2544 1380 2612 qui
1433 2561 1529 2612 per
1575 2553 1891 2611 potestatem

312 2631 542 2699 alicujus
571 2635 776 2700 alisque
803 2633 924 2702 jure
976 2641 1160 2686 tenere
1191 2641 1453 2685 conantur
1501 2633 1701 2702 aliquid
1748 2633 1891 2702 quod

313 2723 383 2776 ad
409 2722 499 2792 jus
529 2723 763 2791 pertinet
797 2723 993 2791 ipsius;
1023 2722 1214 2775 mirum
1243 2721 1474 2790 qualiter
1499 2721 1686 2775 saltem
1711 2722 1892 2776 vivere

310 2872 531 2943 dedisse
579 2889 679 2924 non
709 2889 802 2943 pro
834 2872 940 2925 ulla
971 2873 1361 2940 compositione,
1405 2889 1495 2927 seu
1539 2890 1634 2943 pro
1660 2876 1888 2943 quadam

309 2942 580 2995 mlutione
611 2942 826 3014 inultm,
875 2943 957 2994 vel
1004 2957 1176 3011 parua:
1227 2942 1634 3014 redemptione,
1664 2942 1755 2998 sed
1797 2963 1889 3014 pro

311 3021 456 3063 terra
521 3012 872 3079 acquirendo;
917 3027 980 3064 ex
1033 3026 1138 3080 quo
1181 3013 1537 3066 contendebat
1587 3013 1730 3066 illam
1786 3012 1887 3066 ter-

307 3095 428 3132 ram
459 3080 620 3132 veluti
648 3090 882 3145 emptam
919 3095 1068 3134 suam
1097 3096 1234 3142 esse,
1270 3096 1367 3134 nec
1398 3081 1464 3136 ad
1487 3098 1602 3136 eam
1635 3083 1883 3137 Ecclesiae

314 3149 639 3202 reddendam
672 3149 961 3217 aliquando
990 3150 1104 3218 cogi
1135 3165 1313 3218 posse.
1358 3151 1515 3206 Forte
1545 3153 1645 3205 hac
1672 3153 1881 3207 ratione

309 3219 615 3271 enutiouent
655 3219 886 3287 aliquam
934 3234 963 3272 a
996 3219 1250 3272 Ratherio
1279 3221 1491 3273 volebat
1516 3222 1780 3282 obtinere,
1817 3238 1884 3276 ne

309 3287 440 3354 quid
471 3289 730 3358 molestize
775 3304 812 3358 a7
836 3289 1043 3349 Milone,
1091 3304 1248 3356 quem
1278 3289 1532 3343 credebat
1575 3292 1881 3358 episcopum

312 3372 437 3410 mox
467 3356 732 3418 futurum,
771 3357 912 3410 circa
947 3359 1190 3412 eamdem
1219 3367 1418 3412 terram
1455 3359 1556 3413 sibi
1580 3356 1878 3413 o‘bveniret.

383 3425 528 3496 (362)
573 3425 824 3491 Scordus,
881 3428 930 3481 id
977 3437 1058 3481 est
1106 3443 1339 3496 parcus,
1405 3444 1562 3496 parce
1617 3429 1876 3495 largiens;

310 3497 452 3567 unde
477 3496 656 3549 Italica
682 3512 781 3550 vos
805 3499 1012 3567 seardo,
1034 3507 1086 3550 et
1108 3497 1309 3550 Gallica
1337 3499 1564 3550 esclmrs.
1591 3497 1880 3567 Sequentia

311 3566 395 3618 sic
439 3567 774 3637 explicanda.
829 3564 1059 3634 Cumque
1111 3567 1378 3637 episcopus
1407 3607 1422 3631 ,
1472 3578 1526 3619 ut
1575 3577 1650 3620 est
1681 3564 1881 3637 'utique

308 3635 534 3708 scargus
559 3675 572 3698 ,
613 3635 692 3687 illi
729 3637 1090 3708 roniandttsset
1113 3675 1127 3697 ,
1178 3636 1228 3708 id
1279 3646 1364 3708 est
1403 3635 1803 3708 respondisset,
1827 3653 1881 3690 se

312 3721 417 3756 ttatt
439 3704 689 3774 daturum
722 3704 797 3757 illi
829 3705 1024 3774 aliquid
1060 3705 1282 3772 amplius
1313 3705 1413 3757 nisi
1442 3707 1503 3760 de
1536 3707 1880 3774 arcltiepiscoo

308 3783 440 3840 pitlu
473 3771 846 3826 Mediolanensi
878 3771 995 3837 {ex
1053 3771 1205 3842 cujus
1243 3775 1396 3828 bonis
1443 3790 1563 3828 cum
1614 3771 1744 3828 nihil
1787 3777 1878 3829 ha-

309 3843 490 3912 beret,
514 3842 648 3896 nihil
675 3858 734 3897 se
778 3846 1024 3896 daturum
1055 3844 1153 3897 hac
1182 3842 1404 3898 lortnula
1442 3845 1730 3908 indicabat,
1753 3846 1878 3912 quia

307 3913 378 3982 de
413 3909 689 3964 Veronensi
716 3914 1042 3982 episcopatu,
1070 3928 1227 3982 quem
1259 3913 1578 3982 possidebat,
1607 3929 1698 3966 nec
1723 3909 1878 3966 diuti-

307 3981 460 4032 dium
490 3982 658 4034 mansi
687 3981 908 4050 amplius
940 3981 1186 4034 daturum
1217 3981 1534 4040 allirmahat,
1575 3984 1652 4035 uti
1680 3999 1770 4036 nec
1796 3984 1878 4050 fa-

305 4050 501 4113 ciebat,
541 4050 590 4103 id
637 4062 723 4105 est
776 4067 873 4104 nec
925 4053 1289 4120 permittebat,
1331 4067 1422 4104 s.-u
1475 4051 1688 4106 uolebat
1729 4067 1874 4109 eum.

306 4129 481 4173 tenere
511 4122 691 4186 utique
715 4136 978 4190 mutuum,
1024 4136 1115 4174 seu
1163 4130 1359 4173 terram
1393 4121 1556 4184 illam,
1587 4136 1748 4189 quam
1775 4123 1876 4190 ipsi

308 4201 673 4244 concesserat.
703 4188 964 4258 Sutﬁccret
992 4191 1037 4243 ei
1067 4200 1317 4255 castrum,
1344 4190 1481 4258 quod
1508 4188 1619 4255 ipse
1639 4188 1871 4244 dederat.

309 4259 418 4312 Hoc
469 4269 681 4312 tantum
739 4259 809 4312 illi
862 4259 1230 4328 relinquebat,
1270 4269 1317 4311 et
1363 4259 1451 4311 ille
1486 4260 1707 4315 Sikerus
1753 4276 1874 4314 cum

308 4332 664 4382 reutandasset
712 4329 760 4381 ei
816 4330 952 4397 quod
1002 4331 1075 4382 sic
1137 4329 1284 4382 vellet
1327 4338 1498 4381 tenere
1545 4346 1660 4382 eum
1723 4345 1876 4383 man-

2000 1820 2238 1889 cogitent
2267 1819 2559 1886 cujusutodi
2578 1820 2664 1873 tali
2701 1820 2936 1876 referant
2961 1831 3164 1891 grates.
3191 1824 3322 1876 Tam
3355 1841 3413 1877 se
3437 1823 3572 1880 velle

1998 1907 2128 1962 dicit
2146 1909 2279 1963 mori
2306 1911 2622 1969 mendicum.
2647 1919 2701 1964 ut
2725 1910 2946 1966 alterius
2960 1915 3290 1983 eleemosyua
3307 1912 3419 1979 ejus
3442 1929 3572 1968 con-

1998 2006 2210 2068 tegatur
2258 2000 2518 2063 cadaver;
2552 2001 2623 2053 ita
2652 2000 2795 2053 enim
2829 2017 2938 2069 prae
2970 2001 3171 2056 vilitate
3198 2002 3341 2069 (866)
3373 2018 3570 2071 corpus

1995 2089 2237 2143 nominat
2273 2103 2447 2143 suum.
2488 2089 2808 2158 Acquireudi
2834 2106 2977 2146 nunc
2998 2092 3203 2154 avidus,
3237 2092 3570 2160 suliimlcquo

1995 2178 2278 2246 profusus;
2307 2179 2642 2233 continenter
2671 2179 2907 2244 enervis,
2944 2179 3212 2233 enerviter
3246 2180 3562 2241 continens;

1993 2267 2473 2323 tnonstratnullum
2504 2268 2603 2322 sibi
2623 2267 2733 2322 fore
2751 2269 3104 2323 voluntarium
3131 2268 3324 2322 bonum
3349 2267 3447 2338 [f.,
3474 2284 3566 2335 pu-

1995 2358 2133 2429 tius]
2162 2358 2292 2427 pati,
2313 2373 2473 2427 quam
2506 2359 2753 2427 amplecti
2786 2357 3058 2412 Dominica
3091 2375 3117 2410 a
3153 2359 3388 2425 peccatis
3418 2358 3566 2408 cutti-

1992 2447 2173 2500 hentia
2205 2447 2367 2500 dicta.
2409 2447 2720 2501 Atl'ectaudo
2764 2456 3031 2500 terrenam
3079 2445 3211 2516 fugit
3253 2446 3563 2514 prodigium

1992 2551 2190 2606 genere
2246 2535 2509 2606 gloriam,
2565 2536 2814 2607 fugiendo
2863 2545 3111 2605 captatur
3165 2536 3272 2608 [f.,
3310 2537 3560 2606 captat];

1990 2641 2279 2696 pomposus
2321 2627 2433 2695 ipse
2477 2642 2665 2680 vanam
2697 2625 2852 2693 hujus
2881 2625 3059 2680 saeculi
3088 2642 3192 2680 non
3226 2636 3400 2680 cessat
3445 2643 3568 2680 car-

1990 2733 2118 2787 pere
2169 2732 2440 2786 pompam,
2506 2717 2923 2772 scelestissimus
2982 2717 3184 2772 scelera
3248 2719 3557 2787 reproharc.

2060 2877 2202 2946 (864)
2244 2876 2444 2938 Lanzo,
2477 2877 2566 2946 qui
2600 2876 2873 2930 canonicis
2902 2875 3303 2946 Veronensibus
3341 2875 3559 2946 donavit

1989 2944 2197 3001 curteni
2239 2944 2569 3000 nominatam
2603 2946 2796 3010 Quinto
2843 2946 3000 3000 sitam
3034 2945 3085 2998 in
3117 2945 3374 2999 comitatu
3415 2944 3564 2996 Mun—

1989 3017 2236 3074 silicano,
2267 3025 2596 3069 memoratur
2620 3018 2669 3068 in
2699 3014 2986 3082 diplomate
3011 3014 3222 3067 Ottonis
3250 3013 3288 3066 ll
3314 3015 3435 3066 anni
3455 3014 3578 3067 985'

1987 3087 2127 3153 apud
2171 3085 2466 3154 Ugltt‘llittm
2503 3096 2632 3138 tottt.
2675 3086 2738 3142 Υ.
2769 3085 2873 3138 rol.
2918 3084 3042 3154 716,
3083 3083 3416 3154 anpuldus,
3469 3087 3577 3154 qui--

1991 3152 2164 3208 Lonzo
2197 3152 2426 3216 rocatur,
2473 3155 2779 3207 ricecomilis
2820 3152 2974 3205 titulo
3012 3154 3239 3204 donatus
3284 3152 3473 3217 legitur
3505 3153 3590 3206 int

1985 3223 2391 3292 pseudoplacito
2440 3223 2762 3292 patriarclne
2813 3221 3066 3274 Rodoaldi
3101 3221 3224 3272 anni
3253 3223 3380 3292 968,
3415 3224 3555 3288 (μην-ι

1988 3293 2038 3345 iu
2091 3291 2383 3359 appendice
2412 3293 2619 3345 edetur.
2667 3291 2720 3343 In
2763 3292 2972 3344 sincero
3020 3299 3199 3342 autem
3233 3291 3557 3343 documento

1984 3362 2109 3414 anui
2148 3361 2270 3421 969,
2301 3361 2440 3429 quod
2476 3362 2615 3413 inter
2643 3360 3281 3429 vetustioraAdocumenta
3324 3359 3552 3425 Capituli

1984 3427 2330 3484 Veronensis
2359 3429 2594 3493 vulgavit
2642 3429 2883 3481 marchio
2935 3427 3166 3480 Joannes
3211 3427 3442 3479 licentius
3487 3429 3576 3479 de-

1983 3500 2253 3568 l)ionysiis
2312 3500 2607 3568 canonicus
2663 3514 2808 3568 num.
2855 3498 2945 3554 26,
2975 3497 3070 3568 hic
3123 3498 3277 3568 ίιιοιιιΔ
3312 3494 3555 3568 Lampet-

1982 3569 2080 3622 dus
2105 3564 2137 3629 ,’
2185 3569 2299 3638 qui
2344 3567 2536 3621 Lanzio
2602 3567 2834 3638 dicitur,
2884 3567 2983 3619 etsi
3028 3565 3355 3638 viceromitis
3402 3564 3556 3616 titulo

1982 3635 2206 3701 careat,
2234 3637 2412 3704 aliqua
2452 3646 2628 3690 tamen
2675 3635 2933 3704 dignitate
2977 3635 3232 3703 praeditus
3269 3649 3333 3686 ex
3365 3650 3429 3687 eo
3459 3649 3550 3688 co-

1983 3707 2280 3772 gnoscitur,
2327 3703 2468 3774 quod
2511 3707 2573 3758 de
2617 3703 2762 3772 parte
2807 3704 3013 3774 publica
3049 3703 3248 3774 missus
3285 3705 3546 3774 tral'atur.

1984 3777 2117 3829 Num
2156 3772 2602 3828 Lanzo'Ratherii
2638 3775 2775 3827 idem
2795 3815 2809 3836 ,
2838 3789 2905 3825 an
2937 3773 3180 3825 diversus
3211 3773 3298 3832 sit,
3340 3772 3553 3838 ignora-

1983 3862 2118 3898 mus.
2162 3845 2334 3897 Bucco
2367 3845 2467 3896 hoc
2520 3853 2759 3910 tempore
2807 3851 2926 3895 erat
2973 3858 3157 3895 comes
3191 3839 3413 3894 Verunze
3441 3881 3452 3901 ,
3487 3843 3552 3893 de

1981 3933 2088 3983 quo
2109 3916 2360 3982 deinceps
2385 3913 2579 3966 rcdihit
2600 3928 2796 3983 sermo.
2824 3913 3112 3983 Aruostus._
3132 3911 3222 3983 qui
3258 3911 3382 3983 huic
3411 3926 3550 3983 prag-

1982 3978 2230 4043 mittitur,
2264 3978 2491 4053 potioris
2528 3981 2804 4048 dignitatis
2833 3991 2885 4053 et
2911 3981 3246 4053 auctoritatis
3275 3978 3550 4053 t'uisse‘vi-

1981 4054 2153 4107 dctur.
2183 4049 2449 4107 Construe
2489 4061 2689 4114 autem,
2717 4061 2773 4103 ut
2800 4051 3026 4108 videtur,
3060 4051 3199 4103 hunc
3228 4049 3400 4101 locum
3425 4049 3504 4101 sic
3534 4063 3548 4101 :

1982 4122 2158 4175 Lnnzo
2189 4139 2346 4182 vero,
2389 4138 2507 4174 cum
2538 4121 2792 4174 Arnostus
2840 4131 2886 4173 et
2934 4119 3106 4172 Bucco
3155 4135 3271 4170 cum
3324 4119 3552 4171 maxime

1980 4193 2157 4244 lulmre
2183 4202 2228 4243 et
2256 4192 2524 4260 promissis
2570 4193 2653 4243 vix
2679 4189 3040 4260 obtinuissent,
3089 4198 3262 4260 utpote
3290 4187 3430 4260 apud
3457 4189 3553 4260 ad.

1982 4255 2266 4315 versarium
2303 4270 2407 4312 tum
2437 4259 2678 4328 ferocem,
2721 4258 2770 4328 id
2802 4268 2884 4310 est
2924 4255 3261 4328 Ratherium,
3294 4255 3348 4309 ut
3385 4255 3547 4326 largi-

1983 4342 2122 4382 retur
2149 4332 2257 4394 filio
2285 4330 2397 4399 ejus
2427 4326 3064 4399 maximumbeneﬁcium,
3109 4326 3360 4387 militare,
3407 4329 3548 4399 quod

307 4415 447 4468 sum,
473 4413 564 4452 seu
607 4414 728 4451 eam
767 4394 962 4451 terram
993 4416 1085 4467 pro
1110 4414 1204 4452 suo
1230 4409 1404 4468 grata,
1435 4399 1484 4450 id
1514 4408 1620 4462 est,
1652 4413 1750 4466 pro
1775 4415 1872 4453 sua
1908 4402 1954 4460 Β
1980 4394 2343 4468 (requirerent,
2396 4400 2442 4452 ei
2506 4397 2740 4450 Lauzoni
2811 4397 2949 4462 apud
2994 4398 3373 4468 itttperatorem
3403 4394 3557 4462 longe

308 4467 600 4530 voluntate,
632 4469 749 4521 loco
777 4483 960 4521 eorum
993 4465 1114 4534 quae
1138 4465 1251 4535 ipse
1276 4465 1532 4520 Ratherio
1555 4465 1873 4532 contulerat,

306 4539 440 4590 sicut
470 4554 562 4606 pro
593 4554 698 4588 uno
729 4536 938 4603 fellone,
979 4537 1230 4590 nimirum
1276 4536 1415 4589 sicut
1443 4537 1508 4589 de
1549 4537 1702 4592 bonis
1728 4538 1876 4592 telle-

306 4621 435 4659 num
473 4622 565 4660 seu
608 4606 884 4658 rebellium
927 4607 1122 4675 agitur,
1163 4621 1282 4674 qua:
1327 4621 1354 4658 a
1403 4607 1530 4659 tisco
1579 4617 1756 4675 empta
1801 4617 1878 4660 te-

306 4684 523 4746 nentur.
585 4675 836 4727 Castrum
885 4691 1014 4746 vero
1078 4675 1247 4730 noluit
1320 4675 1558 4746 llathcrii
1608 4677 1874 4746 largitioni

304 4745 624 4814 atrtrihuere,
671 4748 817 4814 quia,
860 4745 925 4797 ad
965 4755 1200 4798 castrum
1239 4744 1379 4811 quod
1425 4746 1635 4807 attinet,
1683 4744 1875 4798 teneret

303 4813 440 4867 illud
483 4831 574 4882 per
618 4813 814 4867 donum
870 4815 1196 4882 imperatoris
1249 4824 1293 4864 et
1345 4814 1704 4881 imperatricr‘s,
1755 4831 1873 4867 cum

306 4894 482 4936 t.-unen
521 4884 574 4936 in
617 4884 721 4938 hoc
758 4885 1080 4946 mentiretur,
1131 4883 1328 4951 quippe
1370 4897 1496 4951 vere
1541 4898 1570 4936 a
1615 4883 1873 4938 Ratherio

305 4954 433 5004 illud
488 4961 796 5022 acceperat.
861 4951 967 5007 Hac
1031 4953 1098 5007 de
1151 4950 1357 5022 cauda
1401 4950 1688 5005 liatherius
1738 4952 1874 5006 indi-

303 5030 496 5090 gnatus
549 5021 725 5075 eidem
783 5031 981 5075 terram
1031 5021 1270 5075 abstulit.
1324 5021 1513 5073 Vocem
1560 5033 1738 5090 gratus
1780 5038 1874 5090 pro

304 5093 562 5146 roluntate
602 5094 1056 5160 interpretandum
1087 5091 1349 5157 intelliges
1377 5105 1444 5142 ex
1466 5107 1624 5160 num.
1672 5091 1754 5153 15,
1786 5094 1873 5146 ubi

305 5161 568 5215 habetur:
605 5159 778 5226 Quam
812 5171 1003 5213 terram
1038 5160 1346 5228 perac/tiqui
1376 5159 1494 5224 mei,
1520 5171 1565 5213 et
1603 5161 1756 5213 etiam
1781 5162 1878 5214 ini-

305 5232 568 5285 micissimi
593 5235 708 5286 sine
734 5242 884 5301 grata
916 5238 1245 5306 tneortenent.
1296 5298 1305 5306 .

1461 5297 1492 5309 Α
1539 5299 1548 5309 ο
1593 5298 1624 5310 ιι

1981 4463 2263 4533 optimum;
2292 4468 2468 4520 Lauso
2497 4468 2671 4535 utique
2716 4477 2828 4532 post
2871 4469 2981 4518 lucc
3009 4466 3241 4535 retinens
3275 4463 3373 4535 sibi
3401 4479 3553 4516 omne

1981 4537 2113 4589 illud
2165 4538 2449 4589 maximum
2501 4533 2827 4597 beneﬁcium,
2882 4550 3000 4586 cum
3053 4533 3182 4585 nihil
3226 4533 3346 4584 inde
3382 4542 3550 4584 tenere

1979 4608 2116 4658 sinat
2138 4605 2270 4673 lilio,
2303 4621 2418 4657 cum
2460 4606 2525 4658 sit
2563 4603 2710 4656 miles
2741 4607 2904 4656 bonus
2932 4613 2978 4656 et
3025 4602 3258 4673 episcopo
3306 4600 3552 4673 charissi-

1980 4691 2115 4736 mus,
2139 4671 2244 4727 sed
2273 4673 2542 4741 compellat
2565 4687 2686 4726 eum
2717 4674 3105 4741 pauperrimum
3137 4671 3550 4741 indecentissime

1977 4745 2170 4796 servire
2216 4760 2310 4795 suo
2357 4739 2570 4800 seniori,
2622 4742 2672 4793 id
2712 4739 2795 4794 est.
2824 4739 3006 4795 eidem
3045 4742 3300 4806 episcopo
3326 4777 3342 4800 ,
3373 4739 3548 4807 'cujus

1977 4821 2094 4866 erat
2125 4812 2297 4875 miles,
2325 4827 2416 4864 seu
2449 4810 2740 4875 vassztllus;
2799 4825 2894 4879 pro
2932 4811 3026 4862 hoc
3054 4807 3258 4860 tantillo
3307 4808 3549 4859 commis-

1975 4899 2054 4944 so,
2081 4890 2185 4933 etc.

2047 4951 2192 5020 (865)
2235 4949 2500 5018 Rogatarii
2551 4949 2691 5003 idem
2722 4956 2847 5002 sunt
2880 4964 2958 5020 _ac
3000 4943 3301 5012 erogatarii,
3448 4955 3576 5020 est,..

1977 5012 2434 5092 testamentoruilr
2471 5017 2937 5092 exsecutores.._ln
2983 5023 3318 5092 testamentq
3336 5012 3554 5092 _l:3ngel-_-

1975 5089 2111 5144 herti
2131 5100 2252 5144 acto
2272 5089 2324 5142 in
2348 5088 2546 5143 Erbcto
2566 5086 2814 5140 dimcesis
2833 5083 3256 5139 Veronensisan.
3288 5083 3393 5136 διδ
3410 5086 3550 5144 apud

1977 5159 2246 5212 laudatum
2281 5160 2594 5212 canonicum
2628 5157 2692 5210 de
2726 5155 2996 5224 Dionysiis
3033 5150 3245 5224 num.)
3283 5150 3551 5224 appellau-

1978 5241 2066 5282 tur
2092 5236 2371 5316 rogatores.
2404 5229 2698 5316 Conitrt‘m:
2730 5218 3041 5316 Non'c'essut
3069 5218 3289 5316 suadere
3317 5218 3556 5275 omnibus

2127 5297 2148 5316 γι
2193 5297 2234 5316 .-3
2307 5296 2403 5316 -..2-
2449 5313 2489 5316 ν.-
2593 5313 2598 5315 .
2629 5296 2670 5316 2..
2686 5291 2772 5316 -..12
2801 5307 2896 5316 .u...
2923 5291 2987 5316 :..:
3047 5299 3090 5316 Α,
3155 5305 3268 5316 ..ι-ιιι
3294 5308 3364 5316 Α...
3406 5301 3549 5316 -.Ι-...Α

2127 5296 2160 5316 1⁷
2193 5297 2234 5316 .-3
2279 5296 2403 5316 Ι-..Ξ-
2449 5313 2489 5316 ν..
2526 5296 2563 5316 I‘
2593 5296 2772 5316 .l.‘..-..l.'
2801 5296 2987 5316 .u-.l.'...'
3047 5299 3090 5316 Α,
3133 5296 3364 5316 1⁷..ι-..,Ι,....
3406 5301 3549 5316 -.ι....⁴

2663 5291 2772 5316 .-ηιξ
2801 5291 2987 5316 ...-.12..2
3047 5299 3090 5316 λι
3133 5290 3364 5316 fni-“.1--.
3406 5311 3427 5316 -.
