4032 5354
464 315 569 374 535

1663 304 2011 369 .RATIIERII
2050 300 2263 361 EPISC.
2308 299 2560 360 VERON.

3628 292 3735 350 556

462 428 818 501 Decipiendos
842 442 940 484 suo
972 426 1186 498 ingenio
1215 441 1325 481 non
1375 433 1538 496 negat
1576 422 1799 479 minime
1825 421 2042 487 multos,
2073 422 2121 480 Δ
2149 437 2256 493 bon
2301 438 2434 493 dicit
2483 435 2627 506 quod
2677 434 2939 490 Dominus
2980 433 3139 489 ses“;
3183 431 3458 497 Christus,
3502 431 3601 501 qui
3645 444 3738 484 me

456 524 507 578 si
534 536 643 577 non
673 518 845 593 (867),
875 519 1017 589 quod
1050 533 1155 573 non
1201 532 1392 588 parum
1418 524 1656 582 veretur,
1678 515 2045 586 juramentum

459 617 530 672 ab
567 629 633 671 eo
658 620 947 670 exaCturos
978 620 1224 667 nosceret
1245 610 1384 677 illos,
1411 608 1578 681 386
1606 606 1687 663 vel
1723 607 1856 661 sicut
1884 620 2046 659 nova—

457 706 582 764 cula
611 716 771 761 acuta
797 704 966 774 fecisti
982 703 1170 779 dolum
1194 700 1365 775 (Psal.
1391 716 1463 767 ιι,
1494 699 1573 771 4),
1602 698 1656 755 in
1682 696 1789 754 ﬁne
1813 695 1914 753 sibi
1939 709 2049 753 non

469 795 685 857 .imeret
718 794 991 851 dicturum
1018 792 1315 855 diabolum.
1358 808 1362 813 '

531 889 619 944 il.
660 888 795 944 Cum
822 885 1075 942 omnibus
1111 900 1242 941 vero
1268 884 1339 940 sit
1366 882 1561 948 malus,
1586 878 1786 949 Iudaeis
1813 887 1897 935 est
1921 892 2048 949 pes-

467 990 632 1037 ilmus
668 979 814 1052 (868)
841 998 860 1034 :
889 994 994 1034 non
1019 977 1144 1048 quia
1166 991 1261 1033 eos
1287 974 1537 1047 ﬂagellet,
1567 973 1818 1043 quianon
1848 969 2042 1035 audet;

460 1089 570 1130 non
598 1072 743 1143 quod
774 1073 915 1128 bona
946 1085 1136 1127 eorum
1163 1068 1405 1139 diripiat,
1435 1067 1530 1122 sed
1568 1064 1827 1139 [subaudi
1864 1060 2043 1134 quod]

460 1162 833 1219 indesinenter
865 1162 945 1217 eis
978 1159 1268 1217 conviciari
1304 1174 1411 1214 non
1439 1166 1636 1213 cessat.
1680 1153 2048 1225 Reprehendit

460 1270 673 1322 omnes,
695 1255 787 1326 qui
810 1268 974 1325 super
995 1252 1336 1308 Christianos
1357 1266 1456 1307 eos
1471 1247 1734 1306 extollunt
1760 1246 1930 1319 (869),
1952 1245 2046 1317 qui

459 1333 750 1402 Dominum
778 1343 961 1401 Jesum
998 1342 1295 1409 Christum,
1326 1351 1381 1398 et
1420 1341 1589 1412 ipsius
1613 1348 1854 1397 sanctam
1881 1337 2050 1395 Geni-

463 1436 652 1491 tricem
684 1449 784 1491 eos
810 1433 1189 1505 hlasphemare
1228 1431 1567 1503 permittunt.
1611 1431 1714 1485 Dat
1737 1428 2045 1499 exemplum

458 1528 526 1582 de
551 1527 788 1599 regibus,
812 1535 1066 1581 utrumne
1089 1524 1256 1580 velint
1275 1540 1398 1580 eum
1421 1539 1521 1595 pro
1546 1523 1689 1579 ﬁdeli
1719 1532 1925 1589 tenere,
1953 1522 2047 1594 qui

456 1617 727 1687 patienter
755 1616 972 1679 tolerat,
1002 1614 1045 1670 si
1086 1614 1235 1669 audit
1284 1614 1428 1684 quod
1474 1613 1671 1684 aliquis
1699 1613 1766 1668 de
1796 1612 1903 1669 illis
1931 1628 2055 1667 ma-

459 1706 696 1762 lum'aut
722 1705 1209 1762 exbonorationem
1257 1704 1495 1775 aliquam
1529 1705 1697 1761 dicat.
1731 1703 2047 1774 Reprehen-

458 1799 540 1853 dit
568 1813 713 1863 eum,
751 1799 843 1868 qui
895 1812 991 1853 eos
1033 1797 1229 1857 saltem
1275 1774 1498 1864 salutat,
1538 1806 1634 1853 aut
1682 1796 2046 1853 salutantibus
2074 1774 2121 1834 Β

457 1870 772 1959 respondet,
799 1888 996 1943 nedum
1024 1888 1105 1944 eis
1132 1888 1376 1945 osculum
1414 1888 1600 1954 donet,
1632 1886 1779 1960 (870)
1807 1888 1893 1944 vel
1921 1902 2047 1943 cum

461 1982 543 2036 eis
567 1980 873 2036 manducet.
904 1980 1007 2036 Dat
1036 1981 1415 2036 auctoritatem
1454 1982 1522 2036 de
1566 1978 1829 2051 Apostolo
1865 1978 2048 2034 dicen-

464 2080 561 2127 te:
615 2069 673 2125 Si
711 2070 827 2141 quis
883 2086 985 2123 non
1025 2080 1169 2123 autat
1219 2069 1505 2124 Dominum
1550 2069 1733 2125 .Iesum
1780 2068 2046 2123 Christum

461 2161 529 2232 (I
564 2161 687 2216 Cor.
725 2178 835 2227 xvi,
866 2160 996 2233 22),
1050 2178 1169 2215 cum
1200 2161 1457 2231 ejusmodi
1502 2178 1593 2216 nee
1642 2161 1813 2215 cibum
1844 2176 2048 2215 sumere

459 2253 511 2321 (Ι
535 2252 655 2308 Cor.
690 2270 742 2307 ν.
772 2254 889 2323 ll);
921 2263 968 2307 et
990 2254 1081 2323 qui
1106 2252 1266 2307 dicit:
1290 2251 1413 2318 Ave,
1439 2253 1786 2307 communicat
1809 2251 2047 2322 operibus

465 2345 582 2415 ejus
605 2344 850 2416 malignis
883 2343 986 2415 (ΙΙ
1019 2344 1180 2399 Joan.
1222 2360 1264 2411 ι,
1314 2344 1436 2412 11).
1465 2343 1830 2415 Reprehendit
1861 2358 2050 2398 omnes

459 2434 552 2503 qui
586 2433 842 2489 libentius
875 2448 996 2488 cum
1023 2434 1104 2489 eis
1133 2428 1500 2504 negotiantur,
1529 2448 1694 2503 quam
1740 2448 1866 2488 cum
1894 2432 2051 2488 Chri-

459 2525 670 2581 stianis.
710 2525 813 2580 Dat
842 2526 1210 2582 testimonium
1247 2528 1314 2581 de
1340 2526 1810 2582 maledictionihus
1837 2527 1888 2581 in
1917 2526 2048 2581 Pcu-

461 2619 717 2672 tateucho
763 2632 926 2687 super
951 2632 1046 2672 eos
1094 2616 1341 2687 prolatis,
1399 2616 1488 2671 ubi
1544 2617 1710 2673 etiam
1763 2616 2049 2672 maledicta

461 2704 662 2759 dicitur
689 2705 985 2775 negotiatio
1025 2719 1238 2759 eorum.
1278 2703 1394 2760 Non
1440 2706 1786 2775 reprehendit
1811 2720 1961 2771 vero,
2002 2706 2049 2761 si

462 2794 822 2850 defendamur
879 2810 910 2849 a
966 2795 1185 2865 regibus
1222 2804 1279 2850 et
1327 2794 1664 2866 principibus
1700 2794 2046 2850 Christianis.

462 2888 607 2943 Dicit
639 2887 739 2943 sub
775 2902 1007 2958 persona
1053 2887 1267 2945 illorum
1298 2888 1493 2943 Isaiam
1520 2887 1689 2959 (871)
1717 2887 1940 2942 Christo
1971 2887 2050 2942 di-

461 2978 650 3034 xisse:
686 2977 794 3034 Sub
831 2978 1017 3034 umbra
1057 2986 1150 3031 tua
1192 2978 1422 3032 vivemus
1463 2977 1518 3032 in
1562 2975 1797 3048 gentibus
1829 2974 2046 3047 (Thren.

461 3082 541 3132 tv,
566 3066 680 3138 20).
714 3067 782 3122 Et
802 3066 1140 3122 Psalmistam
1161 3084 1179 3121 :
1206 3064 1275 3121 Et
1301 3067 1441 3121 dedit
1469 3082 1555 3121 eos
1583 3066 1638 3120 in
1661 3065 2048 3120 misericordias

460 3160 518 3213 in
546 3168 816 3222 conspectu
865 3158 1094 3211 omnium
1118 3156 1209 3228 qui
1238 3164 1478 3227 ceperant
1504 3171 1590 3210 eos
1614 3153 1786 3227 (Psal.
1816 3169 1904 3220 cv,
1933 3152 2046 3223 46).

464 3248 862 3304 Tantummodo
896 3248 1245 3318 reprehendit
1286 3248 1430 3319 quod
1460 3246 1715 3303 sinuntur
1742 3246 2050 3318 vituperare

464 3355 664 3398 nomen
698 3339 911 3397 Domini
944 3339 1071 3396 Iesu
1105 3339 1336 3404 Christi,
1372 3349 1427 3395 et
1475 3348 1725 3396 astruere
1768 3340 1913 3409 quod
1941 3354 2075 3393 non.

463 3433 537 3485 sit
578 3422 747 3496 Deus,
777 3438 833 3485 et
888 3437 1075 3485 sancta
1109 3428 1226 3498 ejus
1254 3427 1501 3485 Genitrix
1544 3444 1651 3484 non
1696 3428 1859 3485 fuerit
1900 3429 2052 3500 virgo

462 3530 593 3576 ante
643 3531 880 3591 partum,
932 3520 1087 3592 virgo
1138 3520 1190 3574 in
1230 3518 1419 3591 part-u,’
1443 3520 1594 3589 virgo
1631 3527 1755 3591 post
1811 3529 2048 3592 partum,

462 3625 641 3681 neque
668 3610 915 3682 genuerit
952 3611 1142 3665 Deum.
1175 3609 1307 3677 Quis
1336 3611 1505 3676 enim,
1530 3611 1628 3677 ait,
1655 3611 1925 3681 patienter
1950 3612 2053 3668 hoc

460 3700 621 3765 ferat,
653 3701 753 3756 nisi
786 3698 903 3771 ipse
927 3699 1217 3755 diabolus?
1243 3699 1377 3756 Cum
1407 3716 1567 3755 nemo
1591 3702 1764 3772 possit
1790 3700 1957 3767 ferre,
1993 3709 2053 3756 ut

465 3791 619 3863 (879.)
650 3791 851 3847 malum
893 3792 1078 3846 audiat
1127 3791 1360 3862 aliquem
1387 3791 1571 3847 dicere
1597 3793 1666 3847 de
1692 3808 1791 3847 suo
1815 3794 2050 3860 seniore,

462 3884 572 3940 nisi
604 3884 695 3953 qui
725 3884 992 3939 maximus
1023 3882 1146 3939 lcllo
1185 3883 1529 3939 convincitur
1557 3897 1697 3939 esse.
1738 3883 1907 3941 Filius
1937 3886 2049 3940 dia-

539 4034 687 4105 (867)
725 4035 990 4091 Construe
1015 4051 1030 4089 :
1061 4034 1123 4090 Si
1147 4052 1249 4091 non
1274 4044 1505 4091 nosceret
1536 4035 1655 4091 illos
1677 4047 1954 4093 exacturos
1984 4039 2048 4092 ab

466 4123 528 4161 eo
549 4107 933 4176 juramentum.
961 4106 1101 4176 quod
1144 4122 1246 4176 non
1275 4122 1464 4173 parum
1492 4117 1715 4176 veretur,
1748 4106 1828 4160 vel
1856 4108 1902 4161 si
1946 4124 2052 4162 non

467 4174 671 4230 timeret
698 4174 1090 4229 diabolum'sibi
1113 4175 1379 4230 dicturum
1405 4176 1460 4229 in
1482 4175 1619 4240 ﬁne:
1646 4177 1780 4230 sicut
1818 4193 2050 4239 novacu-

466 4247 521 4300 la
546 4255 702 4298 aeuta
729 4245 897 4300 fecisti
918 4245 1119 4299 dolum.

539 4314 688 4385 (868)
726 4313 895 4369 Erant
915 4315 1089 4386 igitur
1121 4314 1326 4386 saeculo
1349 4313 1561 4386 decimo
1584 4316 1752 4372 Judaei
1781 4316 2046 4384 Veronae;

464 4392 672 4456 postea,
705 4399 835 4439 vero
879 4384 1170 4456 aliquando
1211 4385 1438 4452 exclusi,
1479 4401 1580 4441 nec
1607 4386 1709 4441 nisi
1760 4388 1958 4443 szeculo
1983 4405 2053 4445 xv

469 4455 699 4509 recenti.

722 4525 1039 4593 Agohardus
1060 4526 1345 4598 episcopus
1370 4524 1765 4598 Lugdunensis,
1796 4528 1886 4597 qui
1908 4543 2048 4598 prte-

469 4586 682 4650 cedenti
726 4586 870 4649 nono
918 4586 1114 4650 δίνουιό
1152 4586 1350 4660 ὒονὶιίι,
1376 4595 1429 4649 in
1454 4586 1611 4651 'libro
1650 4596 1725 4651 De
1756 4586 2052 4654 insolentia

468 4664 785 4735 Judrcorum
820 4664 904 4720 his
947 4665 1145 4719 similia
1195 4679 1324 4735 erga
1366 4663 1579 4721 Judmos
1626 4666 1682 4720 in
1731 4667 2056 4725 Christianis

465 4733 811 4807 reprehendit
811 4751 859 4807 _;_
899 4749 1102 4807 eosque
1148 4733 1325 4805 arguit
1354 4736 1444 4804 qui
1488 4736 1727 4791 meliores
1770 4753 1857 4791 eos
1898 4739 2057 4794 habe-

467 4803 593 4859 bant
618 4803 1150 4874 quam—Christianos.

437 4933 443 4944 ε
476 4944 502 4954 _
724 4873 868 4930 ldem
894 4873 1209 4954 Aﬁgobardus
1233 4875 1287 4929 in
1312 4874 1451 4954 libro
1483 4875 2052 4954 Desuperstitionibus

463 4943 709 4999 Judaicis
747 4960 897 4999 num.
922 4943 976 5007 2’,
1020 4943 1189 5000 refert
1215 4960 1281 4999 ex
1312 4944 1434 4999 Vita
1482 4944 1542 4999 S.
1580 4945 1788 5010 llilarii,
1820 4947 1893 5000 ita
1932 4965 2052 5002 eum

463 5015 726 5085 ejusmodi
766 5015 937 5070 hostes
963 5014 1215 5069 Ecclesia:
1256 5015 1419 5085 fuisse
1468 5026 1813 5080 exsecratum,
1862 5029 1916 5071 ut
1947 5035 2051 5071 non

465 5083 638 5184 solum
665 5086 981 5184 colitviviun‘t,
1012 5085 1101 5140 sed
1134 5102 1225 5166 nec
1251 5083 1501 5167 salutatio
1527 5085 1735 5184 quidem
1766 5088 1813 5140 ei
1840 5090 2052 5184 exstite-

467 5171 515 5184 υ.
569 5172 681 5184 -.ηι-
730 5171 791 5184 ..ι
820 5171 928 5184 ...η-ι
958 5166 1154 5184 ...ειυς-ο.
1186 5172 1468 5184 -Αωωιικιρ
1490 5169 1502 5181 ο
1531 5170 1560 5184 Α
1613 5171 1663 5184 ..ι
1705 5158 1949 5184 μηδι-η...ιὲ
1974 5172 2052 5184 ...ι-

467 5154 536 5184 ..Σο
569 5172 681 5184 -..ιιι
714 5154 791 5184 In...
820 5156 1156 5184 ..διαιρεθειαοῖ
1186 5157 1468 5184 Ακκηιμεικῖα
1490 5169 1502 5181 ο
1531 5164 1580 5184 AI
1613 5156 1663 5184 τρι
1705 5158 2054 5184 οηηιιηνιοῖιιιιη

2148 527 2374 592 creavit,
2424 527 2518 596 qui
2567 539 2653 579 me
2695 523 2946 585 redemit.
2975 523 3067 593 qui
3108 536 3195 576 me
3224 519 3486 583 coartiuet,
3535 518 3739 588 pascit,

2148 615 2409 682 defendit,
2444 616 2612 671 vitam
2642 622 2903 671 mternam
2933 621 3210 685 postremo
3259 612 3391 666 mihi
3442 611 3737 681 promittit.

2147 723 2255 763 non
2285 708 2354 763 sit
2393 705 2743 772 FiliusDei;
2791 714 2848 761 et
2888 719 2990 776 ego
3052 719 3157 758 non
3212 703 3424 758 irascar
3465 701 3555 757 ei?
3581 699 3743 767 Quod

2048 804 2053 809 '
2148 799 2319 855 Mater
2352 800 2469 871 ejus
2518 813 2623 854 non
2671 797 2884 869 peperit
2940 796 3107 852 ﬁlium
3162 795 3231 850 de
3284 794 3490 864 Spiritu
3543 802 3741 848 sancto

2146 890 2318 962 (875),
2349 889 2458 957 cui,
2487 888 2731 955 Domine,
2761 887 2976 958 adjutor
3001 902 3169 951 meus,
3192 893 3240 940 et
3268 885 3565 954 redemptor
3589 899 3745 937 meus

2148 980 2321 1050 (Psal.
2350 996 2509 1047 svnt,
2536 979 2646 1052 15),
2683 979 2921 1035 clamare
2951 992 3059 1032 non
3093 990 3270 1041 cesso,
3298 973 3432 1031 dicit
3456 973 3742 1044 malignis-

2147 1072 2317 1128 simus
2343 1070 2467 1127 fello
2491 1088 2507 1139 ;
2536 1085 2642 1125 non
2672 1069 2941 1140 indigner,
2980 1068 3091 1123 imo
3115 1065 3385 1122 insaniam
3428 1065 3568 1136 ego?
3595 1065 3745 1122 Dicit

2146 1161 2290 1234 quod
2313 1162 2493 1217 anima
2513 1159 2659 1233 (874)
2682 1160 2855 1216 sancti
2879 1159 3031 1215 Petri
3046 1157 3153 1213 illic
3173 1157 3246 1212 sit
3268 1154 3553 1211 uhianima
3568 1155 3745 1225 patris

2146 1253 2272 1321 sui;
2301 1261 2357 1308 et
2378 1266 2478 1323 ego
2520 1252 2612 1322 qui
2639 1266 2762 1307 sum
2788 1264 2979 1306 servus
3005 1247 3180 1303 sancti
3211 1244 3386 1312 Petri,
3411 1245 3581 1317 387
3604 1245 3743 1300 ami-

2147 1360 2244 1402 cus
2271 1345 2372 1400 sim
2398 1344 2446 1399 ei
2468 1344 2491 1398 ?
2515 1342 2657 1398 ldola
2697 1356 2783 1397 me
2820 1340 2953 1396 dicit
2982 1340 3242 1405 adorare;
3285 1347 3341 1393 et
3371 1352 3481 1409 ego
3506 1337 3585 1392 illi
3629 1352 3741 1391 non

2147 1435 2405 1507 dedigner
2433 1433 2673 1489 osculum
2719 1431 3016 1502 porrigere,
3049 1431 3152 1486 etsi
3198 1445 3305 1486 neu
3334 1430 3563 1484 audeam
3591 1428 3739 1484 cola-

2146 1526 2313 1596 phum
2326 1524 2456 1581 dare
2473 1526 2497 1579 ?
2516 1524 2670 1595 Pejor
2694 1523 3027 1595 ipsandreo,
3051 1522 3347 1579 consimilis
3374 1522 3488 1592 ipse
3508 1531 3596 1577 est
3618 1520 3740 1576 dia-

2146 1613 2290 1679 bolo,
2321 1613 2412 1684 qui
2433 1614 2646 1684 proprie
2668 1629 2773 1670 non
2811 1614 3078 1669 irascatur
3103 1612 3215 1667 tali.
3239 1611 3410 1683 Negat
3431 1611 3625 1677 Deum,
3646 1611 3742 1682 qui

2147 1714 2435 1776 negantem
2461 1705 2625 1760 Deum
2655 1713 2803 1759 amat
2823 1703 3088 1759 Judaeum.
3118 1703 3237 1758 Non
3261 1711 3349 1758 est
3371 1702 3741 1768 Christianus,

2148 1797 2232 1852 cui
2256 1794 2657 1865 blasphemator
2686 1794 2887 1850 Christi
2917 1794 3091 1864 placet
3118 1792 3356 1849 Judaeus.
3388 1793 3506 1848 Non
3530 1803 3619 1849 est
3645 1792 3742 1848 Dei

2148 1888 2376 1953 amicus,
2428 1888 2515 1943 cui
2562 1887 2655 1942 Dei
2707 1886 3006 1958 complacet
3038 1886 3311 1941 inimicus.
3344 1885 3462 1943 Non
3503 1896 3593 1941 est
3625 1886 3745 1959 regi

2149 1978 2344 2045 ﬁdelis,
2370 1978 2455 2034 cui
2485 1978 2595 2049 regi
2626 1994 2735 2033 non
2755 1977 3002 2048 displicet
3028 1975 3282 2030 inﬁdelis.
3309 1974 3367 2031 Si
3393 1976 3474 2031 sic
3492 1976 3744 2046 judicant

2148 2085 2305 2143 reges
2339 2070 2405 2125 de
2430 2071 2623 2140 seipsis
2667 2079 2723 2126 et
2770 2069 3079 2124 inﬁdelibus
3117 2068 3254 2136 suis,
3301 2083 3469 2138 quare
3498 2069 3642 2124 idem
3677 2069 3745 2126 de

2148 2162 2366 2219 Christo
2385 2170 2438 2217 et
2468 2161 2639 2232 ipsius
2664 2176 2772 2216 non
2786 2158 3034 2228 iudicant
3063 2158 3343 2214 inimicis?
3368 2159 3502 2215 Cum
3527 2159 3643 2229 ipse
3668 2159 3743 2213 sit

2148 2252 2265 2307 Rex
2295 2267 2502 2322 regum,
2528 2261 2582 2308 et
2608 2254 2722 2323 ipse
2741 2253 2820 2307 eis
2840 2249 3051 2306 dederit
3068 2249 3212 2318 quod
3240 2251 3339 2320 ipsi
3357 2253 3458 2305 sub
3486 2265 3545 2306 se
3567 2250 3744 2320 possi-

2149 2346 2279 2403 dere
2306 2356 2360 2401 et
2388 2359 2578 2416 regere
2630 2344 2861 2399 debeant
2904 2358 3165 2414 regnum;
3198 2356 3367 2413 quare
3412 2356 3589 2413 genus
3633 2340 3744 2395 Deo

2151 2438 2432 2494 inimicum
2462 2437 2604 2492 intra
2628 2435 2731 2491 sibi
2761 2435 3111 2490 commissum
3136 2448 3362 2506 regnum
3401 2441 3596 2489 contra
3618 2447 3741 2488 cum

2150 2531 2352 2586 latrare
2372 2526 2730 2599 permittunt?
2759 2524 3059 2581 Sull‘ecerat
3087 2525 3131 2580 si
3163 2539 3258 2580 eos
3286 2524 3471 2579 vivere
3500 2522 3745 2578 sinerent

2150 2632 2443 2691 utcunque,
2500 2633 2610 2674 non
2655 2618 3033 2688 permitterent
3084 2630 3179 2670 eos
3226 2614 3511 2670 Dominum
3556 2611 3744 2669 Jesum

2150 2715 2427 2771 Christum
2487 2721 2594 2767 tam
2654 2709 2867 2780 publice
2917 2708 3297 2778 blasphemare
3347 2704 3506 2761 :Sub
3558 2705 3747 2758 umbra

2151 2806 2286 2859 enim
2309 2813 2399 2859 tua
2425 2804 2654 2858 vivemus
2682 2800 2900 2872 (Tltren.
2927 2815 3001 2867 tv,
3024 2799 3137 2870 20),
3160 2799 3290 2855 dicit
3315 2798 3380 2852 de
3402 2797 3484 2851 eis
3512 2796 3746 2867 prophe-

2154 2903 2225 2949 ta.
2269 2893 2532 2957 Vivemus,
2568 2892 2765 2961 inquit,
2799 2906 2908 2946 non
2938 2889 3361 2946 oblectabimur:
3394 2889 3464 2943 Et
3490 2889 3635 2943 dedit
3655 2904 3744 2942 eos

2152 2986 2208 3040 in
2235 2986 2625 3040 misericordias
2648 2983 2821 3057 (Psul.
2858 2999 2945 3049 cv,
2972 2983 3088 3052 46),
3130 2999 3237 3038 non
3286 2984 3339 3037 in
3378 2982 3742 3038 extollentias.

2154 3090 2261 3129 non
2290 3075 2342 3129 in
2372 3056 2688 3138 amicitiam,
2718 3088 2823 3128 non
2855 3056 2915 3127 in
2942 3073 3111 3127 ullum
3141 3073 3424 3129 honorem.
3460 3070 3634 3138 Quale
3658 3081 3745 3128 est

2155 3172 2355 3228 autem,
2387 3168 2530 3233 quod
2559 3163 2765 3218 clerico
2778 3163 3136 3218 cantendcnte
3165 3177 3264 3232 pro
3286 3160 3527 3229 Christo,
3557 3161 3747 3218 Iudaeo

2152 3252 2561 3322 blasphemante
2600 3251 2894 3314 Christum,
2940 3266 3119 3322 pugna
3180 3260 3464 3317 conserta,
3512 3250 3746 3309 clericus

2152 3342 2649 3407 ludsrumJudmus
2671 3343 2717 3397 si
2751 3343 2984 3412 percutit
3010 3343 3291 3408 clericum,
3324 3342 3433 3397 imo
3461 3343 3514 3397 in
3546 3341 3748 3398 clerico

2155 3433 2302 3505 (875)
2330 3431 2602 3487 Christum
2628 3473 2642 3497 ,
2675 3433 2753 3487 sic
2782 3432 2925 3487 enim
2958 3430 3122 3487 Saulo
3157 3439 3244 3487 est
3273 3432 3474 3487 dictum
3498 3431 3639 3503 (Act.
3668 3450 3745 3499 rx,

2152 3524 2232 3595 4),
2285 3522 2619 3577 Erimbcrtus
2655 3531 2839 3578 uoster
2881 3524 3173 3579 verborum
3222 3531 3523 3588 contortor,
3569 3523 3748 3591 legum

2154 3614 2287 3671 dicit
2322 3615 2599 3676 distortor,
2630 3613 2843 3685 triplam
2868 3614 3316 3684 compositionem
3343 3615 3410 3670 de
3430 3613 3601 3671 Judaei
3626 3630 3748 3685 per-

2155 3705 2406 3761 cussione
2462 3705 2572 3774 regi
2627 3705 2841 3770 cedere,
2906 3705 2972 3760 de
3028 3704 3211 3759 clerici
3274 3703 3479 3758 nullam
3539 3704 3750 3765 alicui?

2154 3794 2198 3850 0
2221 3802 2406 3850 sancte
2429 3793 2689 3864 Josaphat
2723 3793 2892 3864 (876),
2918 3808 3013 3847 rex
3052 3792 3107 3847 in
3132 3793 3347 3849 caeteris
3384 3792 3609 3862 optime,
3638 3793 3747 3847 uti-

2154 3898 2279 3939 nam
2320 3883 2408 3937 hic
2458 3881 2685 3948 fuisses;
2718 3882 2927 3938 diceres
2964 3880 3095 3951 quid
3145 3880 3239 3937 tibi
3281 3881 3622 3937 mandaverit
3651 3895 3750 3952 per

2156 4038 2329 4094 Mater
2388 4039 2503 4109 ejus
2544 4037 2742 4109 (Iesus)
2798 4054 2902 4109 non
2941 4037 3137 4109 peperit
3193 4036 3258 4109 de
3306 4035 3511 4109 Spiritu
3561 4042 3748 4091 sancta

2152 4110 2341 4178 filium,
2373 4104 2457 4164 cui
2482 4104 2585 4163 non
2606 4104 2746 4162 cesso
2769 4104 3308 4178 clantare':iDomine,
3331 4104 3747 4178 adjutormeus,

2154 4175 2210 4261 et
2235 4180 2733 4261 milemptorrtreus.
2771 4177 2881 4248 Ego
2909 4193 3014 4231 non
3039 4175 3302 4247 indigner,
3330 4175 3436 4230 imo
3477 4192 3586 4230 non
3606 4177 3750 4230 insa-

2157 4249 2373 4389 πηξὲῑἸΞ)
2412 4317 2621 4389 Confer
2655 4315 3001 4389 Agebardum
3038 4315 3115 4370 De
3145 4315 3605 4389 superstitionibus
3648 4316 3751 4389 Ju—

2157 4384 2394 4443 dae'orum
2419 4403 2570 4443 num.
2599 4387 2656 4453 9,
2676 4384 2766 4443 ubi
2794 4395 2850 4442 et
2869 4386 2924 4441 in
2947 4386 3301 4456 sequentibus
3327 4400 3451 4440 cum
3482 4384 3753 4441 Ratherio

2084 4491 2130 4549 ι)
2159 4458 2419 4549 conficit:

2227 4526 2374 4598 (875)
2413 4526 2718 4598 Legebatur
2760 4526 2818 4580 in
2853 4525 3000 4598 creto.
3054 4527 3115 4598 lu
3164 4524 3370 4598 erratis
3402 4525 3747 4598 novissimus

2156 4593 2333 4655 editor
2356 4593 2761 4653 emendandum
2790 4594 3019 4650 credidit
3048 4597 3102 4650 in
3125 4595 3283 4650 clero.
3316 4593 3507 4650 Melius
3534 4595 3747 4650 videtur

2154 4670 2213 4723 in
2259 4665 2468 4721 clerico.
2524 4664 2762 4722 Contrue
2796 4680 2944 4720 vero-
2969 4666 3049 4719 sic
3084 4683 3098 4719 :
3156 4663 3219 4735 Si
3260 4665 3485 4718 clericus
3525 4667 3743 4735 percutit

2157 4736 2427 4799 Judteum,
2458 4735 2681 4789 Judwus
2710 4735 2977 4800 clericum,
3013 4736 3119 4788 imo
3154 4732 3422 4788 Christum
3455 4736 3511 4788 in
3526 4732 3741 4799 clerico,

2158 4809 2233 4861 sic
2281 4807 2418 4858 enim
2448 4805 2645 4859 dictum
2684 4816 2759 4858 est
2792 4803 2993 4869 Saulo;
3046 4803 3375 4857 Erintbertus
3419 4815 3595 4858 noster
3622 4820 3741 4858 con-

2160 4884 2326 4930 tortor
2347 4874 2635 4939 verborum,
2658 4876 2908 4929 distortor
2931 4874 3125 4942 legum,
3145 4872 3276 4926 dicit
3304 4872 3515 4942 triplam
3539 4890 3741 4942 compo-

2161 4948 2424 5008 sitionem,
2450 4945 2502 4998 id
2529 4955 2614 5000 est
2650 4943 2895 5007 multam,
2920 4944 2985 4997 de
3006 4944 3341 5014 percussione
3358 4943 3540 5014 [ιιάωὶ
3564 4943 3737 4997 cedere

2163 5016 2293 5086 regi.
2327 5014 2527 5086 nullam
2567 5012 3204 5086 compositionem'cedere
3228 5013 3491 5086 alicui‘de
3536 5029 3740 5083 percus-

2161 5081 2308 5184 siolne
2358 5085 2555 5184 clerici.
2612 5081 2713 5184 llic
2758 5082 3094 5184 E'Ijtllll'lﬁrlgi
3127 5081 3368 5184 Σειδὲἓὲ
3390 5081 3567 5184 itide:
3605 5092 3739 5184 (Ξιτὲέ,

2164 5155 2496 5184 ιιι-ιιιιιισιξηιηη
2528 5162 2848 5184 οηοιηιιτηιὶιη
2889 5150 3094 5184 υἷΙΛιιῖο
3127 5152 3423 5184 Μη-ηιιῖηιιῖ
