4032 5354
287 187 390 242 537

287 387 374 438 bes
404 385 683 441 auxilium.
736 392 780 435 et
842 382 930 450 qui
992 381 1214 434 oderunt
1275 379 1580 440 Dominum,
1639 379 1872 430 amicitia

277 477 522 546 jungeris
565 472 649 543 (11
703 471 887 526 Paral.
941 472 1078 540 itis).
1107 470 1242 536 Quid
1275 479 1360 524 est
1405 469 1548 523 hoc?
1579 467 1690 522 lloc
1729 468 1874 521 enim

288 567 590 635 iisdemque
630 563 807 619 verbis
837 563 1011 618 solent
1039 577 1196 632 reges
1248 561 1427 616 dicere
1472 561 1537 616 de
1584 577 1642 615 se
1687 570 1742 614 et
1771 559 1873 613 illis

283 658 375 725 qui
402 654 565 710 amici
596 663 722 709 sunt
753 653 1057 708 infidelibus
1098 653 1230 707 suis.
1277 652 1438 719 Quid,
1476 666 1623 720 rogo,
1654 661 1779 706 tunc
1806 651 1873 705 de

282 744 526 810 Christo,
560 746 627 799 de
657 760 736 808 se,
761 754 810 799 et
851 744 917 798 de
956 743 1157 798 Judmis
1199 742 1402 798 Christi
1441 742 1586 813 regis
1631 742 1874 811 cogitant

284 836 524 890 inimicis
544 837 569 888 2
598 834 730 890 Cum
772 850 902 889 vero
926 835 1271 889 veracissime
1322 834 1498 889 sciant
1530 833 1672 904 quod
1701 831 1870 888 Judazi

281 942 502 997 semper
546 926 685 980 male
716 926 783 980 de
823 925 1055 984 Domino
1079 927 1277 986 dicant,
1317 936 1370 980 et
1397 941 1493 980 eos
1521 925 1713 979 saltem
1765 938 1872 978 non

278 1015 609 1085 prohibent;
657 1015 786 1086 quid
829 1015 897 1070 de
948 1030 1034 1079 eo,
1065 1016 1211 1085 quod
1241 1016 1369 1069 dicit
1412 1014 1723 1084 Apostolus,
1747 1029 1873 1068 cen-

279 1109 446 1164 sent?
490 1108 614 1163 Non
637 1108 805 1163 solum
833 1110 923 1179 qui
961 1108 1187 1177 faciunt,
1216 1109 1306 1161 scd
1332 1119 1380 1162 et
1419 1108 1509 1178 qui
1546 1108 1872 1161 consentiunt

278 1199 621 1270 facientibus,
649 1201 793 1270 digni
835 1209 956 1254 sunt
1004 1201 1208 1268 mortc(
1237 1199 1388 1254 Rom.
1426 1215 1464 1262 I,
1491 1199 1620 1269 59.),
1645 1198 1873 1268 legimus

279 1291 432 1345 illum
463 1293 682 1348 dixisse.
719 1293 783 1346 Et
813 1293 927 1348 haec
975 1293 1190 1361 quidem
1227 1293 1292 1347 de
1321 1292 1522 1347 Judaeis
1571 1302 1685 1346 rata
1712 1301 1873 1363 atque

271 1381 422 1450 justa
454 1383 628 1454 (877),
659 1383 876 1454 Dcoque
905 1384 1208 1453 plaeensilli
1227 1385 1352 1437 dum
1379 1383 1629 1439 videatur
1648 1391 1869 1439 senten-

279 1476 373 1542 tia,
400 1491 524 1531 cum
549 1477 621 1530 sit
646 1478 755 1532 imo
781 1477 1005 1546 garritio
1024 1492 1199 1532 cassa.

351 1568 441 1623 12.
481 1568 564 1622 Ad
605 1569 775 1639 ipsius
804 1569 891 1641 [id
933 1579 1007 1622 cst
1041 1568 1310 1640 Ratberii]
1358 1578 1417 1622 ut
1449 1569 1645 1624 iterum
1690 1582 1874 1624 mores

275 1658 502 1714 redeam
532 1658 855 1728 carpe-idos,
901 1659 1210 1729 specialiter
1249 1674 1307 1714 se
1337 1659 1471 1714 dicit
1512 1659 1781 1714 neminem
1814 1659 1868 1714 in

273 1749 501 1814 saeculo,
529 1751 698 1820 388
727 1751 829 1806 nisi
870 1751 1208 1806 solummodo
1262 1751 1669 1821 imperatorem,
1704 1764 1870 1820 seque

274 1840 456 1910 ipsum
505 1841 753 1912 diligere,
814 1843 1142 1914 generaliter
1180 1843 1451 1898 neminem
1509 1843 1710 1898 odisse.
1756 1843 1870 1900 Hoc

271 1947 408 1986 vero
431 1932 562 2002 quid
614 1932 706 1995 sit.
732 1933 1020 2001 nequimus
1069 1933 1372 1987 advertere.
1422 1932 1866 2002 Consanguineo-

272 2039 396 2078 rum
429 2024 578 2079 nul'a
604 2040 726 2078 eum
755 2025 920 2080 aliicit
961 2039 1114 2087 cura,
1147 2025 1260 2078 sive
1283 2024 1406 2092 quia
1440 2023 1512 2077 nil
1543 2038 1637 2078 eos
1664 2025 1718 2078 in
1748 2032 1869 2078 tan-

271 2124 391 2169 tum
436 2115 640 2186 cogitat
668 2117 926 2186 indigere,
956 2125 1012 2170 ut
1058 2130 1116 2170 se
1145 2116 1318 2170 solum
1361 2124 1415 2170 et
1447 2115 1668 2170 fratrem
1697 2129 1763 2169 ex
1790 2115 1872 2168 eis

270 2207 489 2262 noverit
524 2222 791 2278 pauperes
823 2207 972 2273 fore;
1001 2209 1114 2262 sive
1140 2209 1266 2277 quia
1292 2207 1639 2261 interdictum
1669 2204 1868 2260 sibieis

272 2297 482 2367 aliquid
513 2298 643 2353 dare
670 2299 883 2353 noverit
909 2299 1174 2354 canonica
1199 2299 1354 2368 lege;
1389 2298 1503 2353 sive
1527 2297 1651 2366 quia
1682 2296 1870 2351 decre-

267 2392 391 2460 pito
415 2390 516 2445 sibi
552 2390 726 2446 nullos
763 2392 963 2461 cogitat
1001 2406 1138 2452 esse,
1165 2405 1285 2444 cum
1309 2399 1363 2444 et
1390 2389 1479 2458 qui
1505 2397 1650 2453 sunt,
1673 2389 1786 2458 jam
1811 2388 1865 2442 in

269 2491 430 2536 sexta
477 2483 587 2536 sint
622 2483 696 2536 illi
743 2492 922 2543 (etate.
950 2491 1004 2537 ct
1034 2482 1151 2536 loco
1197 2480 1422 2536 fratrum
1453 2481 1623 2534 series
1651 2494 1872 2535 succes-

271 2573 414 2628 serit
438 2574 763 2642 abnepotum
791 2592 804 2627 :
853 2574 956 2628 hoc
986 2572 1132 2639 licet,
1165 2581 1224 2627 ut
1271 2582 1354 2627 cst
1382 2573 1569 2640 utique
1597 2570 1864 2641 garrulus,

273 2661 573 2731 garruliter
601 2677 664 2716 ac
705 2662 1120 2716 mendaeissime
1171 2662 1331 2716 dicat.
1379 2660 1716 2715 Salutantem
1759 2675 1867 2715 non

273 2753 535 2817 resultat,
589 2753 684 2807 sed
714 2755 884 2821 magis
913 2754 1168 2808 irascitur
1198 2755 1268 2820 ei,
1305 2754 1511 2818 dicens,
1540 2753 1665 2822 quia
1693 2753 1737 2808 si
1769 2753 1868 2806 ini-

272 2843 425 2897 mico
450 2858 548 2897 suo
596 2844 897 2906 obviasset.
947 2844 1197 2898 similiter
1235 2857 1356 2896 eum
1402 2843 1710 2897 salutasset.
1747 2843 1869 2913 Eju-

272 2934 390 2988 lire
419 2950 561 2998 eum,
593 2937 721 2989 dum
747 2950 888 3005 saepe
919 2936 1128 3000 audias,
1158 2937 1265 2989 imo
1286 2936 1464 3005 potius
1487 2935 1714 3000 ululare,
1744 2951 1867 2990 raro

271 3026 460 3078 videas
481 3025 630 3088 ﬂere,
660 3026 1015 3081 obluratione
1060 3029 1278 3091 mentis,
1330 3028 1642 3097 pariterque
1681 3028 1868 3082 formi-

271 3114 404 3168 dine
433 3115 580 3169 illum
633 3118 818 3170 vexari
847 3117 992 3170 vales
1024 3119 1324 3173 advertere.
1361 3119 1699 3188 Sacri/icium
1758 3119 1867 3174 Deo

270 3205 493 3273 spiritus
547 3207 926 3261 contribulium
958 3207 1130 3266 (l’sal.
1170 3225 1222 3275 1.,
1256 3210 1364 3277 19),
1395 3209 1488 3264 sed
1520 3210 1644 3263 dum
1687 3218 1870 3264 cantat

271 3312 422 3366 saepe
478 3297 644 3367 (878).
687 3299 852 3361 idem,
906 3314 1109 3364 remur,
1157 3302 1432 3355 tristitiam
1490 3301 1670 3356 cordis
1718 3311 1871 3372 putat

270 3386 526 3442 conferre
573 3390 716 3458 quod
757 3388 960 3444 ﬂetum.
1011 3392 1368 3462 Augustinum
1409 3408 1626 3464 quoque
1665 3394 1868 3448 dixisse

270 3481 404 3534 dum
451 3480 659 3546 recolit,
717 3483 859 3552 qttod
896 3499 1173 3553 nunquam
1209 3484 1279 3538 sit
1324 3486 1442 3539 sine
1467 3485 1669 3553 gemitu
1711 3499 1874 3538 oran-

269 3570 444 3634 dum;
481 3571 627 3626 aliud
681 3589 804 3628 esse
857 3576 1116 3644 gemitum
1167 3575 1362 3639 credit,
1413 3583 1687 3644 putamus,
1724 3575 1868 3629 aliud

267 3659 461 3715 ﬂetum
505 3672 561 3717 et
587 3664 842 3734 gemitum
890 3665 1005 3719 ﬁeri
1043 3665 1161 3720 sine
1187 3665 1444 3737 lacrymis
1476 3680 1654 3734 posse,
1684 3664 1869 3719 ﬂetum

268 3767 408 3809 vero
440 3769 783 3825 nequaquam
813 3775 825 3809 :
853 3757 971 3811 loco
996 3757 1141 3811 enim
1164 3757 1505 3811 ubidicitur:
1539 3756 1606 3809 Et
1637 3772 1871 3825 egressus

267 3846 421 3915 {oras
455 3842 641 3900 Petrus
689 3849 830 3916 [lerit
863 3865 1042 3902 amare
1083 3846 1301 3918 (Matth.
1336 3861 1483 3912 xxvi,
1509 3845 1630 3916 75):
1662 3844 1871 3900 Felices

267 3936 516 4006 quidem,
546 3938 641 4002 ait,
664 3937 842 4004 Petre,
869 3937 1116 4010 lacrymae
1140 3948 1260 3994 tuae.

343 4067 494 4151 (877)
513 4067 817 4151 ‘Constrne:
845 4067 909 4121 Et
938 4070 1048 4123 liwc
1073 4069 1280 4150 quidem
1305 4067 1560 4151 sententia
1577 4068 1640 4121 de
1661 4067 1869 4151 lui-{rcis

267 4140 400 4192 dum
440 4137 676 4193 videatur
710 4139 786 4192 illi
833 4151 946 4192 rata
996 4151 1147 4210 atque
1185 4141 1337 4210 justa
1387 4149 1433 4192 et
1478 4137 1686 4208 placens
1737 4138 1867 4204 Deo,

268 4226 392 4263 tum
424 4211 530 4261 imo
557 4211 624 4261 sit
657 4210 1069 4278 garritiocassa.
1372 4249 1390 4265 .

344 4279 493 4351 (878)
522 4276 790 4351 Construe
817 4298 828 4332 :
856 4276 965 4351 (Sed
991 4280 1114 4332 dum
1139 4297 1274 4348 sirpe
1295 4288 1494 4342 cantat,
1521 4280 1860 4336 Sacrificium

1461 179 1874 248 QUALITATIS
1909 180 2376 241 CONJECTURA.

287 312 443 350 suum
471 293 731 349 Dominus
750 290 1020 362 quondam
1050 291 1388 362 prophetam,
1409 288 1600 358 Impia,
1619 289 1713 352 ait,
1737 305 1875 358 prm-
1911 295 1954 350 Α

3451 195 3554 254 558

2055 291 2140 344 15.
2185 291 2239 346 Si
2286 294 2333 347 ei
2385 293 2580 363 aliquis
2632 295 2807 350 dicit:
2850 298 2995 353 Vade
3035 301 3100 354 ad
3154 302 3555 372 imperatorem,

1975 400 2102 452 roga
2161 387 2369 442 restitui
2415 388 2506 442 tibi
2565 405 2684 458 quae
2718 388 2858 444 'suut
2914 394 3161 448 ecclesize
3219 397 3326 450 tuis
3369 395 3558 450 diebus

1973 474 2172 541 ablata,
2209 478 2531 547 respondet:
2565 479 2705 547 Quid
2756 482 2887 536 mihi
2928 485 3159 553 amplius
3191 487 3295 540 isto
3325 489 3559 541 triennio

1973 565 2238 621 morituro
2263 569 2520 624 necesse?
2548 571 2630 624 An
2652 577 2711 624 ut
2733 571 2892 626 modo
2929 573 3233 627 silicernius
3257 575 3556 628 exercitum

1975 655 2227 726 incipiam
2259 658 2325 712 ad
2357 661 2666 729 procinctus
2688 661 2952 716 bellorum
2985 663 3315 729 conducere,
3347 666 3561 733 praedas

1972 763 2252 813 exercere,
2298 752 2554 806 excubias
2578 753 2793 821 regibus
2820 754 3154 818 ministrare,
3205 755 3419 809 divitias
3456 755 3560 810 illis

1972 854 2060 895 me
2084 841 2135 894 in
2167 841 2379 897 inferno
2404 851 2617 898 retruso
2634 845 2987 914 possidendas
3015 861 3330 914 congerere,
3363 846 3561 901 milites

1973 941 2093 1002 post
2142 948 2228 988 me
2282 942 2510 988 venturo
2538 932 2637 1004 [id
2689 946 2760 990 est
2805 935 3128 1007 successori]
3167 938 3469 1005 acquirere,
3504 947 3560 992 et

1972 1023 2126 1092 quasi
2157 1023 2266 1079 filio
2291 1023 2430 1093 quod
2463 1025 2535 1078 illi
2563 1025 2821 1080 succedat
2859 1028 3088 1094 parare?
3112 1026 3261 1096 (879)
3288 1026 3561 1080 Stultissi-

1975 1130 2093 1169 mus
2115 1114 2160 1169 si
2187 1114 2310 1169 talia
2336 1113 2574 1170 facerem
2607 1117 2848 1186 gentium
2875 1133 2889 1181 ;
2919 1116 3059 1171 intra
3092 1116 3423 1172 suﬂicientia:
3453 1127 3560 1173 ter-

1973 1208 2152 1264 minos
2195 1223 2320 1262 nam
2351 1208 2568 1278 degenti
2601 1209 2730 1280 quid
2759 1211 2934 1276 deest,
2964 1211 3064 1266 nisi
3092 1213 3354 1282 probitas,
3381 1212 3510 1266 mihi
3537 1212 3562 1265 ?

1974 1296 2192 1353 Meliore
2212 1299 2288 1352 uti
2311 1312 2415 1354 non
2437 1314 2622 1369 quzero
2641 1301 2837 1356 vestitu
2864 1320 2876 1356 :
2901 1303 3248 1372 quotidianus
3280 1318 3412 1357 mete
3432 1317 3562 1357 con-

1972 1405 2174 1462 gruens
2211 1390 2427 1446 utilitati
2454 1391 2556 1464 [f.,
2581 1393 2798 1465 vilitati]
2844 1411 2949 1450 non
2979 1394 3161 1450 deﬁcit
3187 1397 3378 1452 victus.
3409 1396 3563 1464 Quod

1974 1490 2029 1536 et
2049 1480 2095 1536 si
2124 1480 2354 1552 amplius
2379 1482 2666 1547 haberem,
2690 1499 2798 1538 non
2824 1485 3073 1540 sinerent
3100 1486 3294 1541 divites
3335 1502 3398 1541 ea
3429 1486 3559 1541 mihi

1974 1585 2072 1640 pro
2093 1571 2272 1626 anima
2321 1571 2468 1642 (880)
2507 1572 2676 1638 dare;
2725 1584 2987 1644 cogerent
3013 1575 3194 1648 potius
3241 1575 3292 1629 in
3328 1577 3565 1630 vanitate

1972 1677 2310 1718 consumere.
2362 1662 2481 1718 Non
2534 1662 2747 1719 inticior
2795 1673 2974 1719 tamen
3036 1664 3476 1720 afﬂuentissimus
3504 1675 3564 1719 ut

1973 1770 2147 1811 essem
2168 1755 2457 1827 percupide
2481 1756 2772 1826 optavisse,
2802 1757 2847 1812 si
2889 1765 3102 1826 tempus
3133 1756 3340 1811 fruendi
3365 1757 3563 1811 sensis-

1972 1863 2086 1904 sem
2137 1848 2268 1902 mihi
2318 1847 2539 1913 adesse,
2574 1847 2659 1902 vel
2706 1848 2776 1913 si,
2825 1857 2886 1903 ut
2934 1849 3147 1913 vellem,
3189 1848 3565 1902 dareturmihi

1935 1963 1946 1974 -
1971 1940 2114 2010 quod
2140 1940 2394 1994 haberem
2419 1940 2745 2008 expendere.
2776 1940 2924 2010 (88!)
2945 1939 3313 2010 Quadraginta
3341 1938 3453 2006 jam
3486 1939 3566 1992 fe-

1971 2047 2032 2086 re
2075 2033 2374 2094 suntanni,
2411 2044 2478 2083 ex
2509 2046 2618 2101 quo
2655 2031 2864 2084 ambire
2911 2031 3206 2100 potentiam
3238 2032 3389 2099 cepi;
3425 2047 3563 2084 nun-

1970 2137 2131 2192 quam
2169 2121 2336 2192 389
2360 2120 2505 2175 valui
2559 2121 2705 2174 illam
2753 2120 3000 2189 adipisci,
3034 2129 3126 2174 aut
3170 2121 3214 2175 si
3265 2136 3383 2175 smn
3433 2135 3557 2174 eam

1972 2210 2219 2280 adeptus,
2252 2225 2572 2279 permanere
2602 2223 2812 2262 mecum
2847 2209 3090 2278 nequivit
3121 2209 3341 2262 diutius.
3393 2207 3559 2262 Mori-

1972 2309 2096 2356 turo
2122 2315 2265 2353 nunc
2291 2299 2422 2353 mihi
2454 2300 2499 2353 si
2533 2300 2775 2363 daretur,
2806 2298 2933 2368 quid
2967 2314 3093 2367 rogo
3121 2297 3411 2363 conferret,
3443 2307 3565 2353 cum

1971 2406 2035 2447 ea
2066 2390 2197 2445 mihi
2250 2390 2355 2444 frui
2389 2405 2489 2444 nec
2523 2405 2666 2444 anno
2713 2389 2944 2444 liceret?
2974 2389 3118 2455 (882)
3170 2386 3397 2457 Propter
3429 2390 3567 2443 hanc

1972 2480 2168 2546 solum,
2201 2478 2329 2544 Fili,
2365 2481 2642 2534 recordare
2665 2496 2784 2550 qua:
2815 2479 3052 2550 recepisti
3090 2479 3223 2532 bona
3255 2481 3307 2533 in
3337 2481 3438 2532 vita
3471 2490 3564 2532 tua

1973 2571 2126 2643 (Luc.
2158 2572 2408 2643 “1,25),
2463 2571 2517 2625 in
2565 2571 2780 2626 inferno
2829 2585 2914 2626 me
2958 2569 3143 2625 audire
3185 2570 3229 2623 si
3263 2569 3564 2640 praesertim

1973 2665 2346 2735 contingeret,
2386 2673 2438 2718 et
2465 2663 2686 2734 prannia
2730 2663 2988 2733 perdere.
3034 2661 3102 2714 ad
3154 2677 3294 2730 quae,
3347 2669 3566 2714 auctore

1971 2754 2252 2824 Gregorio,
2286 2769 2444 2809 nemo
2476 2762 2650 2824 potest
2688 2753 2972 2822 pervenire
3011 2753 3128 2808 sine
3159 2770 3352 2822 magno
3384 2752 3568 2806 labore

1973 2845 2157 2918 (Haut.
2184 2845 2253 2900 57
2280 2847 2334 2899 in
2358 2844 2606 2916 Evang.).
2657 2845 2791 2901 Cum
2819 2861 2948 2900 vero
2983 2847 3033 2900 in
3066 2845 3166 2899 hac
3195 2846 3367 2914 patria
3414 2860 3564 2897 sum-

1971 2948 2143 3010 plum,
2173 2953 2333 3008 quem
2376 2939 2660 3008 requirunt
2695 2938 3084 3008 pompaticum,
3120 2937 3314 3006 aliquis
3341 2935 3564 3003 adipisci

1973 3043 2081 3082 non
2123 3027 2301 3083 valeat
2327 3029 2446 3083 sine
2485 3036 2708 3098 peccato
2743 3028 2982 3081 maximo
3034 3035 3242 3080 tantum
3273 3025 3566 3096 (885),:10—

1974 3119 2101 3174 dum
2147 3133 2278 3190 epes
2326 3118 2498 3188 possit
2554 3118 2848 3183 maximas,
2897 3117 3039 3186 quod
3070 3125 3123 3170 et
3170 3125 3565 3184 consequenter

1972 3210 2287 3281 requiritur,
2340 3210 2582 3264 invenire
2613 3228 2624 3262 :
2655 3223 2832 3262 nonne
2880 3223 3051 3263 essem
3102 3207 3561 3272 dementissimus,

1973 3301 2068 3363 ait,
2098 3301 2143 3356 si
2174 3301 2239 3354 de
2267 3300 2459 3354 animae
2487 3299 2789 3369 perditione
2827 3299 2947 3353 aliis
2977 3299 3190 3352 divitias
3223 3298 3562 3366 acquirerem

1973 3392 2147 3447 mete?
2202 3391 2604 3446 Accersientem
2643 3406 2728 3444 me
2759 3405 2889 3445 sane
2929 3389 3042 3457 jam
3089 3389 3238 3451 olim,
3291 3390 3386 3453 ait,
3434 3387 3563 3442 dum

1973 3483 2309 3538 considerem
2358 3483 2504 3554 (88t)
2555 3483 2777 3537 missum
2811 3481 2876 3535 ad
2911 3481 3174 3536 rationein
3227 3479 3557 3534 reddendam

1975 3574 2040 3628 de
2072 3571 2454 3627 administrato
2491 3573 2740 3640 nequiter
2788 3571 2995 3625 diutino
3041 3579 3346 3639 potentatu,
3393 3584 3560 3638 exag-

1975 3678 2170 3734 gerare
2206 3663 2339 3718 mihi
2387 3663 2503 3732 ipse
2556 3661 2784 3716 rationis
2826 3661 3110 3716 reddendae
3139 3674 3330 3714 vecors
3360 3674 3464 3713 non
3500 3658 3562 3712 ti-

1974 3770 2149 3810 meam
2175 3754 2404 3809 causas?
2423 3753 2546 3808 Jam
2571 3770 2672 3807 non
2696 3754 2888 3822 poteris
2912 3750 3144 3805 rillicare
3169 3749 3316 3822 (Luc.
3347 3765 3454 3810 xvi,
3479 3748 3561 3818 2),

1971 3856 2184 3902 tetatem
2229 3846 2400 3917 ipsam
2448 3844 2687 3914 intelligo
2720 3844 2958 3898 clamare
3001 3841 3182 3913 (885);
3228 3854 3283 3896 ct
3315 3840 3562 3894 villarum

1971 3931 2492 3989 administrationem
2529 3930 2760 4002 plurium
2797 3929 2928 3983 mihi
2969 3927 3233 3983 committi
3263 3925 3563 3982 desiderem

1972 4073 2252 4135 scopatum
2297 4063 2551 4135 obtinuit.
2580 4060 2730 4135 Tunc
2776 4059 2920 4135 enim
2950 4058 3278 4135 promissum
3331 4053 3430 4109 fuit
3456 4054 3564 4135 Ba-

1972 4126 2148 4191 therio
2181 4137 2317 4198 fore,
2349 4143 2408 4187 ut
2435 4132 2688 4188 llilduino
2727 4131 2792 4185 ad
2821 4126 2980 4184 aliam
3009 4129 3310 4183 Ecclesium
3335 4126 3564 4198 transla-

1973 4217 2058 4270 to,
2122 4208 2234 4276 ipse
2299 4196 2594 4276 Vgroncnsi
2661 4202 2918 4276 Ecclesia:
2985 4199 3371 4276 prfcliceretur.
3428 4196 3564 4276 Vide

1976 4266 2204 4347 episth
2239 4276 2305 4329 ad
2341 4273 2602 4347 Joannem
2659 4271 2925 4347 Xll_n._5,
2954 4266 3008 4323 et
3046 4268 3360 4347 [fulminanti
3389 4283 3437 4321 c.
3471 4266 3559 4346 19.

267 4336 385 4405 Dea
415 4336 640 4418 spiritus
693 4349 1108 4412 contribulatus,
1139 4336 1311 4419 μαῖαι,
1360 4336 1554 4418 remur,
1587 4352 1859 4406 tristitiam
1887 4343 1940 4403 D
1967 4336 2167 4419 confer
2204 4361 2336 4419 qua;
2374 4346 2484 4419 Irae
2525 4343 2592 4397 de
2624 4358 2682 4396 re
2727 4342 2938 4419 plenius
2985 4339 3471 4393 animadvertimus
3508 4336 3562 4389 in

268 4421 445 4474 cordis
474 4421 611 4473 idem
643 4419 878 4489 conferre
905 4421 1042 4489 quod
1060 4422 1259 4489 ﬂetum.

343 4491 491 4559 (879)
531 4489 678 4543 Libet
711 4490 810 4542 hoc
833 4488 942 4541 loco
975 4488 1212 4543 lectorem
1243 4490 1450 4554 docere,
1500 4502 1623 4561 quot
1655 4491 1859 4546 mendis

269 4570 469 4631 textum
499 4563 594 4616 hoc
624 4561 738 4612 loco
764 4561 1190 4631 purgaverimus;
1223 4577 1342 4631 nam
1367 4569 1422 4612 ut
1452 4561 1673 4631 singula:
1712 4571 1862 4615 erant

271 4630 427 4695 leves,
458 4632 530 4685 ita
555 4646 734 4685 omnes
759 4629 937 4701 simul,
956 4631 1253 4701 quominus
1279 4628 1565 4701 Rat/terius
1597 4631 1858 4701 intellige-

271 4712 435 4763 retur,
481 4701 780 4754 obstabant.
819 4699 906 4753 Sic
948 4699 1107 4767 igitur
1131 4709 1240 4752 erat
1269 4700 1324 4753 in
1370 4701 1536 4769 priori
1582 4699 1860 4756 editione:

272 4771 635 4826 Srultissimus
696 4785 872 4824 sc.....
919 4785 1022 4823 non
1080 4769 1312 4824 sinerem
1367 4771 1672 4824 divites.....
1718 4772 1860 4839 quod

270 4856 404 4912 rugo
429 4841 800 4896 conferret....
843 4840 895 4912 in
927 4839 1215 4912 infernum
1239 4839 1448 4912 audire.
1476 4839 1579 4894 Hic
1624 4857 1857 4912 accesse-

273 4909 388 4965 rant
420 4914 540 4967 vitia
577 4911 1079 4978 iuterpunctionum,
1129 4909 1342 4978 vulgare
1367 4911 1565 4977 prioris
1613 4910 1858 4966 editionis

269 4981 483 5036 malum.
520 4983 593 5036 Ita
636 4981 968 5036 novissimus
998 4980 1276 5049 Spicilegii
1309 4981 1506 5034 editor.

339 5053 484 5125 (88d)
529 5052 633 5106 Pro
662 5052 869 5125 anima,
898 5049 958 5125 _id
987 5060 1068 5125 est
1105 5066 1202 5121 pro
1247 5051 1494 5125 remedio,
1526 5051 1857 5125 seu_redem-

271 5119 439 5190 ptioue
466 5119 682 5185 animm,
723 5121 802 5174 uti
835 5119 1234 5176 solemnis‘erat
1265 5119 1492 5175 formula
1527 5123 1580 5176 in
1611 5121 1858 5177 donatio-

272 5194 424 5246 nibus
452 5210 662 5253 eorum,
694 5208 818 5261 quae
844 5192 1082 5246 ecclesiis
1113 5191 1567 5246 concedebantur.

341 5264 480 5308 tRRtt
518 5265 654 5310 Cum
682 5259 785 5310 hoc
820 5263 1132 5312 onusmlnm
1162 5261 1419 5314 scrintum
1443 5261 1605 5315 fuerit
1637 5259 1860 5316 Veronae

1972 4418 2094 4474 Vita
2118 4411 2421 4484 Auctoris§
2455 4414 2510 4477 5,
2551 4427 2700 4484 num.
2730 4411 2817 4465 15.

2045 4485 2192 4556 (882)
2218 4480 2487 4556 Construe
2509 4497 2523 4536 :
2631 4481 2922 4556 urajsertiiit
2965 4480 3308 4556 contingeret,
3333 4491 3412 4530 me
3431 4490 3558 4543 pro-

1968 4547 2082 4627 pte‘r
2103 4547 2237 4610 lianc
2261 4554 2428 4609 solum
2452 4547 2703 4627 audirein
2727 4551 2933 4627 inferno
2949 4564 2965 4600 :
2983 4547 3402 4627 Fili,lrccortlare
3419 4561 3559 4627 quis,

1967 4615 2054 4682 vel
2091 4641 2212 4680 cum
2252 4633 2400 4680 textu
2443 4622 2690 4691 vulgatae,
2732 4615 2854 4690 quia
2907 4615 3142 4686 recepisti
3187 4618 3320 4670 bona
3355 4616 3410 4668 in
3453 4615 3557 4668 vita

1967 4706 2097 4758 tua;
2139 4707 2184 4749 et
2213 4695 2425 4765 perdere
2446 4693 2686 4764 pueritia,
2720 4691 2788 4742 ad
2815 4707 2954 4760 quin,
2980 4699 3084 4743 etc.

1980 4774 1984 4778 ’
2040 4755 2187 4837 (885)
2213 4755 2282 4820 ἸιΙ
2314 4772 2419 4829 est,
2443 4755 2648 4816 lautum
2693 4755 2959 4829 sumptum
3007 4755 3378 4828 pompaticum,
3412 4767 3563 4823 queat

1971 4837 2262 4908 requirunt.
2401 4905 2414 4908 _
3223 4901 3234 4908 ,
3256 4907 3261 4908 γ
3430 4906 3440 4908 _

2039 4901 2186 4976 (88$)
2219 4906 2370 4962 lltmc
2401 4905 2578 4976 locum
2617 4910 2766 4976 certe
2795 4909 3115 4976 corruptum
3147 4901 3566 4976 putavitaiovis:

1967 4962 2140 5032 simus
2164 4962 2438 5045 Spicilegii
2470 4974 2668 5036 editor,
2705 4970 2859 5045 haud
2879 4962 3335 5045 intidligenanuid
3365 4962 3570 5045 indicet

1969 5031 2069 5101 vox
2117 5031 2516 5100 mis-summe
2547 5031 2675 5096 vero
2713 5039 2991 5093 credimus
3016 5032 3266 5110 _iII1(‘-l|igi
3316 5044 3476 5110 posse
3503 5031 3573 5110 de

1966 5119 2154 5180 misso,
2190 5132 2283 5169 seu
2313 5117 2502 5170 nuntio
2534 5113 2748 5173 mortis,
2782 5123 2948 5182 quam
2979 5106 3289 5182 obotetatem
3327 5101 3575 5182 decrepi-

1969 5167 2162 5242 ἱξιὶῐίέὲ
2178 5167 2291 5255 jam
2313 5167 2838 5255 aliiiiiaccersientetit
2867 5181 2940 5232 ad
2950 5173 3225 5255 “rationem
3257 5167 3580 5255 reddendam

1972 5257 2104 5320 Deo,
2134 5245 2194 5311 ei
2216 5255 2329 5320 jam
2355 5257 2587 5309 vicinam
2621 5245 2915 5303 sentiebat.
2949 5247 3040 5302 Sic
3070 5249 3250 5320 autem
3280 5249 3536 5319 construe
