4044 5348
125 330 130 334 ‘
179 311 278 366 5H

1355 307 1773 376 QUALITATIS
1809 311 2282 370 CONJECTURA.

3348 314 3454 368 542

180 424 291 477 lum
325 436 448 474 nam
491 421 544 475 in
575 421 679 476 hoc
709 417 908 475 saeculo
947 419 1131 474 utilem
1166 419 1266 473 nisi
1320 420 1492 488 ipsum
1539 417 1761 486 habere,
1795 428 1842 488 Α
1870 435 1976 474 non
2029 420 2195 491 ignoti
2225 421 2395 491 (899).
2453 419 2592 486 Quid
2642 419 2856 491 magis?
2905 419 3184 474 Neminem
3237 435 3456 484 accuso,

181 514 433 585 quamvis
459 522 516 568 et
547 514 659 583 ipse
688 512 920 566 inimicis
959 513 1071 566 suis
1115 520 1301 565 contra
1335 526 1457 564 eum
1490 527 1594 566 non
1625 512 1769 568 desi-

182 615 280 661 nat
303 606 565 676 juvamen
597 604 855 673 prcebere,
887 602 1130 673 £1392
1167 602 1267 656 sibi
1305 603 1482 655 ablata
1514 603 1617 656 illis
1646 618 1775 657 con-

185 697 355 751 ferre.
406 694 557 748 Talis
585 694 788 762 itaque,
821 692 941 745 talis
970 708 1113 755 cum,
1145 700 1202 745 ut
1233 707 1341 745 non
1370 691 1623 763 denegat,
1655 691 1774 745 nul-

184 787 296 840 lum
333 795 505 848 amet,
542 800 639 839 nec
669 794 882 838 ametur
909 783 977 838 ab
1005 783 1131 850 ullo,
1179 783 1331 854 quid,
1377 783 1550 848 aiunt,
1579 783 1775 839 saeculo

184 893 218 929 v
255 877 374 930 let?
408 876 522 939 Nil,
555 876 796 945 inquam,
828 874 922 927 nil.

258 972 348 1027 Η.
383 972 524 1040 Quid
552 972 717 1034 enim,
749 971 792 1024 si
831 970 964 1024 tales
996 969 1256 1025 interiora
1285 984 1401 1024 mea
1432 973 1774 1038 pernossent,

183 1071 238 1116 ct
283 1077 388 1116 cur
427 1060 738 1130 bujusmodi
784 1060 885 1114 sim
932 1060 1097 1114 animi
1155 1061 1428 1114 scissent?
1488 1057 1779 1126 Suspectos

183 1167 318 1208 vero
347 1152 566 1206 eosdem
595 1150 661 1205 de
689 1149 844 1204 istius
879 1151 1078 1204 montis
1105 1166 1172 1204 ne
1200 1150 1439 1218 linquam
1471 1146 1615 1219 (896)
1645 1162 1779 1202 con-

193 1258 413 1308 :censu,
446 1241 761 1309 diutinoque
792 1240 844 1294 in
873 1254 938 1294 eo
963 1249 1197 1304 moratu,
1227 1240 1366 1294 unde
1394 1239 1598 1293 scilicet
1622 1237 1780 1291 modo

185 1333 418 1404 amplius
446 1331 679 1388 cruciari
725 1331 978 1386 verisono
1003 1345 1098 1387 eos
1125 1331 1341 1400 percepi
1379 1329 1573 1392 relatu,
1601 1328 1782 1382 adsint

185 1440 338 1494 rogo,
368 1431 425 1478 et
452 1423 596 1477 dico.
624 1419 1006 1491 I-lujuscemodi
1056 1420 1108 1474 in
1140 1434 1227 1475 me
1265 1419 1371 1475 dux
1400 1418 1546 1489 (897)
1580 1418 1778 1489 inclyta

184 1513 531 1584 comperiens
555 1528 756 1576 mores,
783 1511 1015 1580 indeque
1039 1509 1170 1564 mihi
1200 1510 1449 1564 inimicos
1473 1508 1778 1578 perplures,

185 1606 616 1672 destitutumque
652 1603 950 1656 amicorum
983 1602 1234 1671 praesidio
1261 1601 1434 1672 (898),
1475 1609 1657 1670 utpote
1686 1601 1782 1654 ad-

184 1710 406 1759 venam,
445 1694 689 1750 omnium
733 1709 746 1744 :
792 1692 964 1746 verita
997 1707 1064 1746 ne
1090 1691 1240 1761 pejus
1263 1692 1427 1746 etiam
1460 1692 1590 1746 mihi
1619 1707 1780 1760 quam

1877 509 2144 564 neminem
2193 523 2426 570 excuso;
2478 508 2719 576 vitupero
2771 508 3060 574 neminem,
3088 509 3251 563 etiam
3301 509 3460 565 laudo

1878 617 1982 653 non
2011 600 2247 670 aliquem
2277 620 2289 653 :
2315 608 2505 670 captus
2537 613 2654 652 sum
2679 599 2850 667 (900),
2874 600 3158 666 abductus,
3184 595 3483 679 reductus:

1877 691 2022 746 Dixit
2050 706 2230 746 cernes
2264 691 2377 760 jam
2409 701 2605 757 tactus,
2644 707 2760 744 mea
2794 691 2922 744 milii
2967 692 3020 745 id
3049 693 3461 758 improvidentia

1877 785 2167 852 contigisse
2193 802 2204 837 :
2232 784 2496 853 siquidem
2523 784 2671 838 illurn
2701 781 2930 855 [l.illud]
2957 784 3262 852 praesidium
3286 783 3463 855 (90l),

1877 874 2039 945 393
2085 875 2226 943 quod
2267 873 2532 927 Palatium
2570 883 2820 938 vocatur,
2846 872 3267 928 conscenderem
3301 891 3458 928 man-

1880 967 2110 1028 davisse,
2140 981 2226 1020 me
2257 966 2514 1019 noluisse.
2549 965 2754 1020 Monuit
2799 981 2867 1020 ne
2896 965 3076 1020 domui
3126 966 3272 1037 (902)
3319 967 3460 1021 ultra

1879 1073 1966 1112 me
2001 1057 2276 1112 creYerem
2310 1056 2408 1122 illi,
2443 1057 2493 1110 in
2525 1071 2629 1125 qua
2675 1055 2778 1110 alia
2826 1055 3056 1126 pertuli;
3110 1056 3205 1110 sed
3254 1065 3461 1112 curtem

1880 1149 2042 1202 altam
2075 1148 2220 1218 (905)
2244 1190 2258 1213 ,
2296 1163 2415 1218 ane
2458 1147 2719 1201 munitior
2758 1155 2936 1212 esset,
2972 1147 3160 1215 utique
3195 1147 3468 1202 inliabitae

1884 1255 2016 1293 rem.
2045 1237 2284 1302 Credidi,
2319 1238 2423 1309 egi,
2457 1247 2511 1292 et
2541 1254 2606 1292 ex
2643 1238 2851 1292 munita
2886 1239 3302 1292 munitissimam
3339 1238 3464 1295 feci.

1882 1327 2155 1381 Mandavit
2184 1316 2402 1391 iterum,
2429 1327 2473 1380 si
2504 1342 2567 1382 ea
2596 1327 2782 1381 relicta
2807 1327 3062 1394 palatium
3094 1329 3464 1392 ascenderem,

1885 1419 2052 1472 tutius
2082 1417 2228 1481 fore;
2263 1416 2665 1485 obtemperavi;
2701 1417 3069 1470 vastissimum
3113 1426 3264 1481 erat;
3314 1433 3468 1472 recu—

1883 1509 2059 1580 perari
2090 1509 2237 1579 (904)
2271 1507 2398 1562 illud
2426 1509 2577 1562 ocius
2608 1507 2731 1562 feci.
2764 1508 3015 1570 Peracto,
3046 1508 3321 1562 mandavit
3349 1525 3466 1560 rur-

1883 1617 2023 1666 sum,
2056 1610 2116 1656 ttt
2145 1616 2368 1655 uxorem
2399 1615 2551 1654 suam
2579 1614 2702 1654 cum
2747 1597 3045 1653 infantibus
3077 1614 3286 1651 mecum
3316 1598 3469 1652 babi—

1886 1705 1999 1749 tare
2028 1695 2262 1749 sinerem
2296 1693 2402 1757 ibi;
2451 1693 2566 1763 ipse
2594 1693 2644 1746 in
2675 1691 2891 1746 Circum
2923 1691 3092 1762 (903),
3123 1691 3262 1759 quod
3291 1691 3468 1743 Arena

183 1786 436 1856 contigit,
469 1784 733 1850 eveniret,
771 1783 1174 1839 commendavit
1204 1799 1288 1838 me
1321 1783 1529 1839 tuitioui
1560 1782 1774 1838 comitis
1805 1774 1848 1833 Β
1878 1789 2094 1852 dicitur,
2127 1789 2195 1842 ob
2227 1787 2528 1842 custodiam
2562 1786 2904 1850 mansitaret,
2950 1793 3008 1838 nt
3038 1795 3093 1839 et
3138 1784 3356 1853 inccepit
3385 1782 3467 1834 fa-

254 1941 404 2008 (896)
448 1940 628 2009 Vulg.,
659 1940 913 1994 mendose
970 1939 1228 2008 linguam.
1277 1938 1460 2009 Novus
1502 1936 1774 2009 Spicilegii

183 2007 362 2067 editor
407 2007 615 2064 monuit
660 2011 713 2064 in
741 2010 964 2063 vocibus
1009 2007 1204 2062 montis
1230 2026 1291 2062 ne
1332 2008 1566 2078 linguam
1609 2007 1775 2060 latere

184 2084 389 2136 montis
419 2080 700 2148 cujusdam
738 2081 851 2148 agri
886 2079 1215 2134 Veronensis
1261 2093 1453 2132 nomen
1490 2096 1502 2129 :
1539 2079 1633 2132 sed
1665 2093 1775 2148 rne-

183 2152 287 2206 lius
318 2153 370 2205 in
398 2146 597 2205 erratis
625 2146 1023 2204 emendandum
1060 2149 1266 2202 notavit
1290 2148 1524 2218 linquam
1548 2163 1646 2217 pro
1673 2146 1778 2199 liu-

183 2239 364 2290 gtmm.
417 2221 508 2274 Ille
535 2231 715 2274 autem
766 2234 918 2290 mons
949 2219 1212 2290 inanitur,
1244 2219 1309 2272 de
1338 2233 1444 2286 quo
1472 2218 1523 2270 in
1552 2219 1775 2286 antiqua

183 2287 604 2360 ichnograpbica
637 2289 814 2343 tabula
846 2289 1086 2360 civitatis
1109 2287 1356 2353 Veronze,
1386 2303 1544 2360 quam
1573 2304 1639 2340 ex
1666 2303 1772 2360 ins.

183 2357 709 2414 Lobiensi’Ratberii
740 2374 900 2427 opera
930 2357 1241 2412 continente
1273 2359 1582 2426 nuperrime
1611 2357 1779 2427 edidit

184 2430 344 2510 Joan.
370 2430 609 2510 Baptista
635 2425 984 2510 Bianc‘oliuus
1015 2430 1066 2482 in
1099 2429 1234 2510 libro
1264 2429 1522 2510 inscripto
1549 2427 1646 2508 Dei
1683 2425 1779 2481 Ve-

181 2501 324 2554 δι·ουὶ
359 2517 388 2552 e
411 2497 757 2552 (ἕσται-παιοτὶ
778 2500 831 2550 tli
862 2497 1088 2562 Verona,
1127 2499 1213 2552 hic
1246 2513 1434 2552 versus
1464 2497 1657 2565 legitur
1689 2515 1702 2549 :

314 2589 393 2639 De
415 2601 602 2638 summo
626 2589 805 2637 montis
828 2596 1037 2638 castrum
1063 2595 1338 2650 prOSpectat
1361 2590 1406 2636 in
1433 2589 1624 2636 urbem.

184 2662 438 2716 Castrum
466 2670 647 2714 autem
675 2661 973 2713 vocabatur
1000 2669 1166 2712 totum
1199 2659 1323 2712 illud
1354 2667 1605 2726 spatium,
1636 2658 1776 2726 quod

185 2743 343 2784 trans
370 2731 613 2784 Athesim
645 2731 914 2783 mamilius
943 2731 1277 2799 cingebatur,
1307 2739 1361 2782 ct
1390 2731 1442 2782 in
1469 2743 1576 2796 quo
1603 2729 1777 2780 adhuc

187 2809 271 2854 cst
301 2801 359 2854 S.
388 2799 524 2852 Petri
557 2799 818 2864 ecclesia;
848 2815 911 2853 ac
932 2808 1212 2868 propterea
1241 2801 1352 2852 haec
1380 2799 1432 2852 in
1457 2800 1779 2852 documento

192 2871 519 2943 ttatberiano
536 2869 664 2943 anni
690 2869 812 2943 9Ii7,
831 2869 1050 2943 quo_d_in
1073 2869 1403 2943 collectione
1429 2868 1778 2943 diplomatum

187 2937 394 2994 éditum
423 2947 504 2994 est
534 2955 564 3010 a
594 2937 900 3010 Marchione
931 2939 1474 3010 Dionysiogcanonico
1505 2953 1626 3010 pag.
1654 2937 1778 3010 ill,

188 3012 392 3063 dicitur
412 3011 510 3062 sita
536 3009 590 3061 in
615 3019 786 3062 castro
817 3006 1122 3062 Veronensi.
1173 3008 1287 3062 Iluc
1330 3009 1381 3060 in
1416 3009 1671 3060 tutiorem
1705 3006 1780 3058 lo-

189 3095 312 3134 cum
346 3093 464 3134 sese
487 3078 778 3132 Batherius
809 3088 1085 3146 receperat
1110 3079 1339 3133 desertis
1369 3077 1627 3146 episcopii
1656 3078 1780 3130 aedi-

189 3150 319 3214 bus,
353 3151 404 3203 in
434 3148 628 3219 quibus
659 3160 847 3217 captus
884 3148 1082 3211 fuerat,
1117 3157 1172 3202 ut
1210 3165 1275 3202 ex
1302 3149 1653 3217 sequentibus
1687 3162 1777 3219 pa:

190 3219 298 3272 latn
350 3216 468 3273 fiet:
511 3219 773 3271 Similiter
819 3219 982 3272 etiam
1037 3219 1194 3287 paulo
1229 3229 1354 3271 ante
1385 3216 1775 3271 lanlovicuslll

189 3289 420 3343 Bosonis
448 3287 588 3342 filius
621 3289 672 3340 in
701 3291 944 3341 eamdem
975 3289 1030 3341 S.
1061 3289 1200 3341 Petri
1234 3288 1519 3342 ecclesiam
1550 3288 1693 3341 velut
1727 3288 1778 3339 in

190 3360 374 3413 locum
404 3368 572 3412 tutum
613 3360 837 3412 recessit
862 3376 875 3410 :
902 3375 1009 3425 quo
1051 3368 1227 3412 tamen
1256 3359 1614 3426 Berengarius
1643 3358 1656 3410 l
1689 3374 1782 3412 cu-

190 3431 438 3483 stodibus
471 3428 741 3496 corruptis
789 3438 948 3482 noctu
1002 3428 1298 3496 ingressus,
1333 3429 1584 3482 eumdem
1637 3428 1781 3494 cepit

190 3509 244 3551 rt
283 3499 578 3552 excaecavit
625 3508 759 3551 teste
809 3499 1140 3566 l.iulprando
1183 3499 1274 3551 lib.
1317 3515 1352 3552 ιι
1398 3497 1562 3560 llist.,
1614 3514 1661 3551 c.
1690 3498 1776 3550 ll.

189 3571 462 3622 tionstrue
505 3576 685 3621 autem
738 3569 879 3623 hunc
915 3569 1090 3621 locum
1131 3584 1144 3620 :
1198 3567 1390 3621 Verum
1440 3584 1502 3620 ne
1545 3568 1779 3635 linquam

188 3640 395 3692 eosdem
420 3648 682 3706 suspectos
703 3639 767 3690 de
789 3655 1066 3691 conscensa
1091 3639 1281 3692 montis
1306 3639 1477 3697 istius,
1505 3648 1552 3690 et
1575 3649 1780 3690 moram

189 3712 398 3762 diutino
426 3709 479 3761 in
506 3724 583 3768 eo,
611 3709 748 3760 unde
770 3708 964 3761 scilicet
994 3711 1196 3776 percepi
1220 3709 1385 3760 relatu
1412 3709 1668 3770 verisono,
1695 3722 1780 3759 eos

191 3779 346 3830 modo
392 3777 617 3846 amplius
669 3778 916 3840 cruciari,
972 3779 1144 3830 adsint
1198 3795 1340 3846 rogo,
1393 3787 1440 3830 et
1492 3780 1627 3840 (lico,
1669 3786 1777 3831 etc.

191 3847 507 3901 blorabatur
553 3861 682 3915 ergo
713 3847 999 3900 liatberins
1043 3848 1094 3899 in
1145 3859 1328 3902 monte
1375 3846 1610 3910 laudato,
1655 3847 1778 3900 dum

190 3920 304 3971 lure
327 3916 623 3980 scribebat,
653 3917 832 3983 etjatn
861 3917 1065 3970 diutius
1088 3919 1285 3972 ibidem
1315 3919 1642 3978 morabatur,
1675 3931 1782 3984 quo

187 3990 350 4058 paulo
375 3998 496 4055 post
522 3987 726 4040 Pascha
773 3989 896 4058 armi
929 3990 1282 4058 pt‘iBCelitfnliS
1310 3988 1414 4042 965
1440 3988 1778 4041 ascenderat.

257 4059 412 4128 (897)
445 4058 586 4128 Dux,
634 4059 683 4111 id
720 4067 804 4111 est
835 4057 1076 4128 .luditba,
1102 4057 1316 4111 llenrici
1345 4058 1386 4111 ll
1418 4058 1572 4128 ducis
1599 4058 1783 4126 Bajoa-

188 4121 493 4252 ῐίίίτιιὲῑέὃοι
521 4127 850 4182 Marcbionis
879 4127 1204 4183 Veronensis
1234 4137 1424 4183 mater.
1456 4121 1589 4183 Vide
1619 4121 1780 4197 supra

188 4209 301 4252 ltiti.
447 4240 459 4251 .

187 4209 301 4252 Itast.
330 4200 459 4254 858.

257 4270 408 4339 (898)
441 4269 705 4323 Similiter
729 4269 1020 4337 imperator
1046 4268 1169 4324 Otto
1190 4269 1229 4329 l,
1254 4269 1306 4322 in
1335 4268 1623 4336 diplomate
1651 4267 1778 4322 anni

183 4342 310 4404 907,
345 4341 412 4392 de
438 4339 694 4393 Itatherio
727 4342 842 4410 ait:
884 4340 1020 4405 Quia
1048 4342 1156 4410 ipse
1192 4356 1380 4406 egenus
1414 4349 1462 4392 et
1486 4340 1706 4410 advena,
1731 4349 1778 4391 et

184 4413 328 4466 omni
362 4427 548 4462 carens
582 4412 684 4463 nisi
712 4409 805 4461 Dei
834 4421 879 4462 et
911 4409 1088 4464 nostro
1131 4410 1354 4475 auxilio,
1385 4409 1549 4462 multa
1567 4409 1681 4478 jam
1703 4416 1780 4461 est

183 4495 462 4548 perpessus
488 4480 842 4539 incommoda,
867 4490 973 4534 etc.

256 4551 408 4619 (899)
463 4548 558 4603 Hic
618 4565 804 4602 comes
831 4549 1006 4604 Bucco
1056 4552 1371 4613 vocabatur,
1416 4549 1524 4603 sub
1560 4564 1666 4617 quo
1712 4565 1774 4604 ea

184 4619 494 4686 conjuratio
519 4621 768 4689 contigit,
794 4620 857 4673 dc
885 4637 988 4689 qua
1019 4620 1308 4674 Ratherius
1337 4622 1386 4673 in
1417 4620 1575 4688 epist.
1607 4619 1674 4672 1'2
1709 4621 1776 4673 ad

185 4691 532 4744 Ambrosium
581 4707 732 4744 ntnn.
763 4690 796 4742 '5
833 4692 908 4743 ait
935 4709 947 4743 :
979 4691 1236 4744 But-conis
1261 4692 1317 4742 in
1357 4691 1631 4759 prtesentia
1655 4706 1778 4743 con-

180 4761 504 4830 jurationem
525 4777 684 4828 super
706 4777 821 4832 eum
848 4778 1026 4832 meque
1067 4762 1312 4832 fecerunt
1343 4774 1360 4811 :
1403 4776 1519 4832 eam
1549 4760 1774 4832 scilicet,

185 4848 350 4900 quam
383 4832 437 4884 in
470 4829 822 4900 sequentibus
874 4829 1091 4886 indicat.
1135 4831 1268 4883 Num
1305 4831 1392 4884 hic
1421 4830 1559 4884 idem
1592 4831 1677 4883 ille
1708 4833 1780 4884 sit

185 4899 383 4964 Bucco,
408 4901 496 4968 qui
523 4899 842 4970 comitatuin
871 4902 1210 4970 imperatoris
1234 4912 1450 4954 secutus
1476 4901 1615 4953 inter
1639 4916 1778 4952 mor-

189 4981 309 5024 tuos
359 4972 412 5024 itt
437 4971 686 5025 Calabria
743 4969 958 5024 infelici
993 4971 1177 5039 prtulio
1213 4973 1312 5024 sub
1339 4971 1533 5024 Ottoue
1566 4971 1604 5023 II
1634 4986 1776 5022 anno

186 5042 290 5095 985
337 5052 658 5097 reccnsetur
707 5040 757 5094 in
808 5040 1074 5096 Chronica
1135 5042 1279 5109 regia
1332 5041 1388 5095 S.
1434 5040 1777 5093 l'antaleonis

187 5113 327 5182 apud
374 5112 674 5167 Eccardum
729 5123 856 5164 tom.
893 5111 908 5164 Ι
942 5114 1279 5182 Scriptorum
1333 5110 1489 5165 medii
1522 5111 1621 5164 iuvi
1653 5126 1772 5180 pag.

188 5181 310 5242 896,
342 5183 578 5248 ignotum
605 5191 713 5237 est.

259 5252 405 5348 (992)
437 5253 603 5348 lllpjols
637 5251 766 5333 facti
799 5262 1005 5348 auctor,
1035 5267 1210 5332 quem
1250 5252 1480 5348 l'iic'ttlon
1505 5250 1773 5348 nominat‘,

681 5322 713 5333 ιο
984 5327 993 5337 ,
1054 5322 1064 5323 ί
1202 5325 1210 5332 Ι
1379 5325 1386 5332 ι
1471 5324 1480 5334 α
1626 5323 1635 5332 ο

627 5339 714 5348 ιιι-ι
748 5331 1080 5348 ιι·ιΙ.»ι-,ι-....ί..
1139 5334 1210 5348 ..Ι-
1255 5324 1412 5348 I..n.|-I
1471 5341 1518 5348 ..ι
1554 5332 1688 5348 All-ni.

192 5323 212 5348 Τ
231 5324 281 5348 ,ξι
319 5322 436 5348 1121..
466 5323 622 5348 ι’)..ιΙ..

1879 1951 2027 1996 trans
2055 1941 2298 1995 Athesim
2347 1942 2506 1995 situm
2543 1943 2776 1995 ostendit
2829 1941 3246 2009 iebnograpbiea
3289 1940 3470 1993 talsula

1877 2012 2114 2066 civitatis
2145 2012 2371 2066 Verona:
2399 2013 2610 2065 laudata
2646 2021 2756 2064 not.
2783 2011 2910 2066 896.
2943 2011 2998 2063 In
3032 2010 3219 2063 eadem
3252 2011 3466 2078 quidem

1878 2084 1981 2136 hoc
2008 2082 2264 2148 palatium
2294 2083 2345 2134 in
2376 2092 2557 2136 monte
2592 2083 2814 2136 Veronae
2843 2081 3111 2149 proximo,
3141 2081 3193 2132 in
3221 2096 3329 2147 quo
3355 2089 3473 2133 erat

1879 2153 1935 2206 S.
1967 2151 2111 2205 Petri
2157 2151 2410 2216 ecclesia,
2445 2152 2769 2206 collocatum
2805 2151 2947 2203 haud
2977 2164 3250 2217 quaquam
3283 2150 3471 2216 dign0~

1876 2223 2066 2276 scitur.
2120 2223 2318 2274 V'et‘mn
2368 2223 2623 2289 antiquus
2658 2222 2896 2290 ejusdem
2937 2221 3132 2273 tabula:
3167 2220 3469 2290 delineator

1879 2293 2057 2345 minus
2104 2293 2310 2360 peritus
2359 2292 2477 2358 ejus
2524 2289 2826 2358 artis,qn:e
2865 2306 3043 2343 rerum
3075 2289 3385 2360 distantiam
3415 2297 3471 2342 ct

1878 2358 2219 2416 altitudinem
2271 2362 2593 2415 delineando
2633 2360 2888 2420 ostendit,
2940 2360 3079 2411 sicut
3131 2358 3470 2426 amphithea-

1881 2441 2043 2494 trum,
2069 2433 2214 2498 quod
2248 2430 2448 2485 ibidem
2486 2433 2746 2484 theatrum
2793 2430 3111 2498 appellatur,
3145 2438 3298 2481 extra
3345 2443 3470 2496 pro-

1880 2502 2054 2570 prium
2090 2497 2276 2555 locum
2305 2501 2612 2569 descripsit,
2643 2501 2767 2569 quia
2801 2497 3004 2552 scilicet
3039 2497 3262 2570 figuram
3298 2499 3468 2570 ipsius

1881 2568 2057 2636 potius
2085 2587 2246 2639 quam
2297 2573 2458 2624 situm
2487 2568 2747 2624 exhibere
2789 2571 2960 2622 cidem
3007 2568 3288 2639 consilium
3326 2568 3460 2639 fuit;

1883 2643 1952 2693 ita
2005 2637 2234 2708 idipsum
2284 2641 2483 2710 palatio
2533 2641 2746 2694 accidit.
2793 2639 2904 2710 lloc
2949 2647 3095 2691 certe
3147 2637 3473 2710 in_l_audato

1881 2721 2063 2764 monte
2109 2708 2298 2764 fuisse
2323 2721 2692 2764 constructum
2737 2709 2913 2776 palam
2953 2711 3010 2760 lit
3039 2725 3102 2760 ex
3131 2708 3309 2760 verbis
3341 2723 3470 2759 cou-

1880 2780 2200 2843 sccnderem,
2241 2781 2498 2848 palatium
2549 2780 2901 2840 ascenderem,
2947 2786 3001 2848 et
3047 2778 3316 2848 descendi,
3351 2793 3473 2848 quas

1883 2851 2049 2903 monti
2080 2847 2444 2904 conveniunt:
2490 2851 2630 2903 unde
2661 2850 2822 2901 etiam
2873 2847 3030 2916 paulo
3065 2857 3188 2899 ante
3227 2847 3290 2898 de
3318 2847 3468 2899 istius

1884 2921 2068 2973 montis
2092 2937 2373 2974 conscensa
2398 2921 2632 2987 scripsit.
2661 2918 2804 2971 Idem
2833 2917 3089 2986 palatium
3117 2916 3470 2987 castissimum

1885 2991 2132 3044 traditur.
2182 2989 2375 3059 Ingens
2423 2985 2680 3058 palatium
2724 2985 2879 3041 vocat
2915 2987 3077 3059 etiam
3107 2985 3340 3040 Joannes
3370 2985 3476 3059 Vc-

1886 3061 2100 3113 rouenis
2130 3057 2384 3114 Ecclesia".
2415 3057 2833 3122 nnmsionarius,
2873 3057 2964 3126 qui
3021 3057 3242 3110 ineunte
3272 3057 3470 3111 sacculo

1808 3121 1850 3178 C
1887 3145 1993 3194 χεν,
2021 3132 2295 3183 histtn'iam
2326 3130 2646 3198 imperia/cm
2689 3121 3020 3198 lucubravit,
3053 3141 3197 3180 nunc
3225 3128 3475 3198 custodi—

1886 3210 1990 3253 tam
2042 3199 2184 3253 inter
2222 3197 2435 3254 codices
2481 3200 2697 3266 capituli
2734 3197 3086 3259 catbedralis,
3119 3211 3180 3249 ac
3207 3197 3274 3249 de
3307 3197 3474 3264 ipsius

1883 3272 1987 3324 situ
2017 3270 2092 3322 ait
2128 3284 2140 3320 :
2179 3269 2355 3338 Hujus
2385 3269 2569 3336 palatii
2601 3271 2772 3322 adhuc
2802 3278 3051 3338 apparent
3086 3268 3296 3338 vestigia
3315 3267 3476 3338 juxta

1883 3339 2150 3393 ecclesiam
2180 3336 2346 3392 sancti
2402 3339 2524 3406 Syri
2574 3341 2627 3392 in
2671 3339 2783 3392 loco
2833 3339 2922 3406 qui
2962 3336 3157 3406 dicitur
3183 3337 3470 3389 Castellus.

1885 3411 2069 3462 Sancti
2110 3409 2229 3479 Syri
2264 3409 2489 3462 ecclesia
2540 3409 2590 3460 in
2645 3405 2859 3479 laudato
2917 3417 3096 3479 monte
3136 3405 3319 3479 locata
3363 3414 3469 3479 est.

1885 3479 2109 3549 Vulgata
2143 3474 2320 3531 autem
2361 3488 2484 3530 tunc
2514 3479 2771 3549 temporis
2815 3477 3182 3549 denotninatio
3228 3474 3473 3549 castellus

1884 3545 2012 3603 cuni
2053 3563 2186 3602 voce
2225 3549 2527 3617 pnes-lilium
2574 3565 2602 3601 a
2629 3545 2884 3601 Ratlterio
2934 3552 3190 3614 usurpata
3237 3545 3473 3598 maxime

1884 3619 2152 3686 congruit.

1956 3710 2342 3782 (902)_Do_mus
2377 3710 2634 3780 episcOpii
2678 3708 3352 3782 intelligitur._Antequam
3387 3706 3474 3782 ni-

1885 3777 2749 3848 nrirtttn'Rathet-iuscaperetur,
2795 3777 2976 3833 comes
3020 3779 3196 3832 Bucco
3246 3777 3473 3829 manda-

1886 3860 2056 3915 verat,
2092 3859 2151 3903 ut
2177 3865 2242 3904 ex
2275 3851 2434 3904 domo
2463 3850 2777 3920 episcopali,
2810 3865 2929 3918 qua:
2972 3851 3150 3920 minus
3181 3856 3291 3899 tuta
3334 3854 3476 3920 erat,

1885 3922 2144 3992 palatium
2175 3917 2512 3975 ascenderet;
2551 3917 2682 3992 Cum
2725 3917 2905 3974 autem
2937 3919 3342 3992 t‘tol-uisset._eatn
3376 3917 3475 3992 do-

1884 3985 2029 4046 inutn
2063 3992 2332 4053 deserere,
2381 3992 2432 4044 in
2474 3991 2661 4044 eadem
2693 4000 2886 4058 captus
2930 3989 3049 4052 fuit,
3090 3999 3143 4043 ct
3174 3989 3277 4042 alia
3309 3985 3476 4040 multa

1883 4063 2122 4132 pertulit,
2159 4061 2234 4113 uti
2264 4076 2324 4113 ex
2359 4063 2516 4127 epist.
2548 4062 2615 4114 12
2657 4063 2722 4115 ad
2751 4059 3092 4132 Ambrosium
3123 4077 3174 4112 n.
3206 4058 3260 4122 4,
3291 4065 3478 4124 aperte

1882 4129 2174 4201 colligitur.
2204 4131 2338 4185 Cum
2377 4133 2559 4200 itaque
2593 4148 2623 4184 e
2662 4147 2882 4185 carcere
2907 4129 3097 4184 fuisset
3135 4138 3375 4201 ereptus,
3406 4142 3477 4182 ne

1882 4198 2056 4256 cidem
2086 4202 2267 4256 domui
2297 4198 2527 4270 amplius
2555 4217 2610 4254 se
2640 4203 2906 4264 crederet,
2936 4216 3118 4254 comes
3148 4198 3376 4253 monuit.

1954 4273 2099 4342 (905)
2141 4272 2314 4326 Curris
2345 4269 2453 4324 alta
2498 4272 2938 4342 autiﬁciutnicrat
2980 4269 3282 4340 publicum,
3312 4277 3482 4335 atque

1883 4341 2346 4413 munitumAprope
2375 4342 2659 4396 ecclesiam
2692 4342 2748 4396 S.
2789 4341 2979 4413 Firmi,
3012 4357 3141 4413 qua;
3168 4355 3309 4413 nunc
3340 4355 3476 4413 quo:

1883 4431 1988 4489 que
2027 4414 2090 4489 de
2137 4409 2295 4489 Curte
2343 4413 2452 4466 alta
2502 4421 2743 4489 vocatur.
2795 4410 2963 4477 Hujus
3010 4410 3221 4489 .ndiftcii
3265 4409 3476 4489 antiqui

1809 4486 1859 4543 D
1891 4481 2128 4553 reliquiae
2156 4484 2332 4539 adlntc
2359 4484 2628 4536 nonnulla:
2657 4491 2976 4550 supersunt;
3011 4490 3064 4553 ct
3095 4481 3386 4553 novissime
3409 4481 3471 4553 _in

1887 4548 2085 4622 palatio
2115 4555 2375 4608 comitum
2418 4548 2852 4606 Miniscalcorum
2892 4551 3136 4619 quzedam
3181 4548 3472 4622 loca__sub-

1887 4617 2134 4678 icrranea
2167 4623 2405 4691 ejusdem
2448 4623 2659 4675 mditicii
2704 4617 2939 4684 detecta,
2975 4636 3204 4690 quorum
3225 4617 3473 4691 delinea-

1888 4697 2086 4749 tionem
2116 4687 2296 4748 comes
2326 4694 2579 4763 Aloysius
2612 4693 2912 4746 faciendam
2957 4687 3185 4743 curavit.
3225 4687 3348 4763 llaec
3377 4703 3474 4739 au—

1887 4776 1991 4819 tent
2025 4765 2198 4817 Curtis
2245 4763 2352 4816 alta
2401 4759 2523 4819 cum
2569 4763 2820 4816 munitior
2882 4771 3026 4817 esset
3080 4775 3242 4826 quam
3284 4759 3480 4811 domus

1884 4835 2176 4903 episcopii,
2224 4836 2292 4888 ab
2319 4835 2549 4888 ecclesia
2579 4849 2708 4886 vero
2751 4831 3049 4888 catbedrali
3097 4846 3203 4903 non
3247 4826 3474 4903 multum

1885 4896 2130 4966 distaret,
2165 4896 2353 4958 comes
2393 4905 2651 4959 Ratltcrio
2684 4911 2876 4955 auctor
2911 4903 3036 4959 fuit,
3069 4907 3128 4950 ut
3159 4899 3201 4951 si
3239 4912 3270 4950 a
3301 4896 3479 4950 catbe-

1881 4977 2015 5029 drali
2057 4965 2160 5028 nun
2204 4975 2426 5029 mtdtum
2460 4975 2619 5028 vellet
2657 4973 2882 5046 abesse,
2915 4975 3131 5046 Certent
3175 4965 3342 5046 altam
3387 4980 3485 5032 po-

1883 5048 2004 5107 tius,
2039 5062 2198 5116 quam
2229 5045 2446 5099 domum
2477 5042 2841 5114 cpismpalem
2880 5040 3231 5116 inltabilaret.
3356 5103 3415 5116 “-

1952 5103 2098 5189 (90-ἐ)
2144 5115 2468 5185 Ιέσειῳειγηέ
2512 5103 2622 5185 ἰη-υ
2668 5103 2994 5168 restaurare
3049 5105 3303 5160 sumitur.
3356 5103 3499 5158 Vide

1880 5187 2126 5255 exempla
2156 5190 2296 5253 apud
2323 5187 2626 5257 Cangiutn.
2802 5249 2816 5257 _
3165 5243 3178 5257 ,
3206 5243 3217 5255 ,

1950 5243 2096 5326 (903)
2137 5243 2329 5336 Λὲρςηα,
2355 5243 2468 5326 (ιιιό
2485 5255 2705 5348 no't'nine
2733 5249 2822 5303 vel
2857 5263 3024 5348 nunct
3042 5243 3500 5348 πὶξὶξδιὶξιξὶὶθξὶιξιιιῐὶ

1880 5343 1936 5348 -..
1965 5343 2134 5348 ---..--..
2199 5326 2356 5348 -ι-.--.-
2413 5345 2453 5348 __
2477 5326 2776 5348 -.-Ιιηιιιιιηι-
2856 5326 3149 5348 --.ηιηιηιιμιὶ
3198 5326 3340 5348 "und
3383 5326 3471 5348 I-nn
