4044 5348
218 220 325 277 515

1389 216 1804 286 QUALITATIS
1842 217 2313 275 CONJECTURA.

3396 236 3501 297 546

220 326 565 385 felicissimos
594 323 821 379 dixerim
849 324 1033 393 pulsos
1062 325 1127 378 ab
1158 325 1554 395 episcopalibus
1587 337 1805 397 pr0pter
1834 339 1877 392 Α
1910 343 2026 381 sum
2071 329 2262 383 saltem
2304 330 2576 388 mstimare
2604 333 2929 405 valeremus,
2962 339 3170 398 utinam
3205 344 3499 415 imperato-

217 436 315 474 sua
352 417 596 472 facinora
640 416 892 486 przcsules
936 416 987 469 in
1024 416 1427 484 comparatione
1473 416 1701 478 illorum,
1741 419 1804 471 de

216 510 419 579 quibus
444 523 539 577 per
565 507 850 577 quemdam
882 506 1080 561 dicitur
1110 506 1441 576 veriloquum
1474 525 1486 561 :
1516 507 1724 562 Ducunt
1749 511 1803 563 in

215 599 367 651 bonis
396 598 507 651 dies
552 614 695 661 suos,
738 606 786 651 et
828 598 879 651 in
920 607 1107 666 puncto
1146 598 1213 649 ad
1241 598 1445 666 inferna
1487 599 1803 652 descendunt

213 688 339 759 (Job
372 704 488 752 ιιι,
540 688 650 758 15).
696 688 773 743 De
818 687 1233 757 llagellatoribus
1263 703 1392 741 vero
1441 688 1607 759 (915),
1649 704 1798 757 pace,

210 795 377 848 quem
426 779 664 842 intueor,
713 787 823 843 tua,
855 780 981 847 quid
1023 794 1115 847 per
1157 778 1319 831 alium
1374 779 1629 832 Dominus
1660 780 1802 833 dicat

210 869 530 937 depromam
564 868 773 922 illorum
809 887 820 921 :
1047 866 1224 919 Iratus
1250 883 1387 927 sum,
1421 868 1494 918 ait
1520 866 1796 933 Dominus,

210 957 543 1028 Babylonem
593 958 921 1027 rcdarguens
964 957 1216 1025 impiam,
1270 957 1434 1007 iratus
1485 972 1597 1008 sum
1646 973 1801 1023 super

170 1116 173 1119 _
208 1048 464 1117 populum
495 1065 686 1113 meum,
728 1058 775 1102 et
814 1049 1009 1101 tradidi
1041 1064 1155 1099 eum
1185 1047 1236 1100 in
1273 1063 1458 1100 ntrmns
1490 1057 1606 1100 tuas
1640 1061 1657 1098 .·
1697 1064 1797 1100 ηοιι

207 1138 435 1203 posuisti
467 1139 515 1191 ei
553 1138 985 1201 misericordiam,
1026 1154 1117 1190 nec
1162 1145 1447 1190 memorata
1482 1153 1534 1190 es
1564 1138 1686 1206 ﬁnis
1722 1139 1798 1191 tui

209 1225 351 1296 (Isa.
398 1243 570 1291 XLVII,
598 1227 650 1291 6,
683 1228 759 1297 7).
798 1225 1011 1280 Venient
1044 1243 1247 1297 quoque
1276 1244 1431 1298 super
1468 1238 1515 1281 te
1541 1227 1700 1292 mala,
1734 1228 1797 1283 de

208 1319 395 1388 quibus
424 1335 529 1372 non
558 1319 750 1387 poteris
778 1319 938 1371 exire.
972 1317 1145 1372 Irruet
1170 1336 1325 1388 super
1354 1329 1401 1373 te
1428 1320 1722 1383 calamitas,
1748 1330 1796 1373 et

209 1410 416 1463 nescies
463 1419 634 1462 ortum
687 1409 798 1478 ejus
839 1408 1026 1479 (Ibid.,
1056 1409 1165 1481 ll).
1197 1409 1379 1465 Talem
1427 1427 1555 1482 ergo
1600 1422 1798 1477 me,'nt

204 1498 429 1566 protuli,
469 1512 611 1562 esse,
650 1499 692 1552 si
730 1499 859 1552 libet
896 1500 988 1554 tibi
1035 1500 1204 1572 (914),
1254 1517 1357 1555 non
1409 1504 1669 1570 prohibeo
1711 1505 1795 1559 di-

204 1601 367 1649 cere;
412 1586 456 1640 si
505 1586 713 1655 placet,
747 1585 897 1656 pejus
936 1589 1099 1642 etiam
1133 1590 1421 1657 quidlibet,
1459 1591 1504 1644 si
1536 1592 1679 1645 vales
1707 1601 1792 1645 at-

205 1687 422 1741 tamen,
474 1678 733 1737 fare.rMe
774 1688 948 1732 tamen
999 1681 1232 1734 arbitror
1269 1682 1339 1735 nil
1388 1683 1791 1751 vituperabilius
1824 1678 1865 1735 Β

206 1768 328 1830 tibi,
366 1767 441 1820 nil
490 1768 697 1837 turpius
747 1770 887 1837 quod
936 1772 1000 1823 de
1050 1786 1135 1825 me
1183 1772 1362 1826 dicere
1411 1774 1614 1836 valeas,
1664 1774 1791 1828 reli-

201 1858 412 1925 quisse.
460 1858 575 1911 Nou
622 1859 809 1928 ignoro
850 1869 1025 1913 tamen
1072 1862 1213 1929 quod
1258 1862 1387 1915 mihi
1434 1880 1575 1917 nunc
1617 1866 1793 1933 possis

200 1961 479 2016 opponere
508 1966 520 1999 :
559 1944 643 2000 Ea:
668 1949 833 2002 verbis
875 1950 977 2001 tuis
1015 1949 1413 2017 justiﬁeaberis,
1457 1962 1504 2004 et
1533 1969 1597 2005 ea:
1629 1954 1789 2007 verbis

199 2037 306 2089 tuis
352 2038 801 2101 condemnaberis,
850 2037 1063 2092 dicente
1110 2038 1392 2107 Scriptura
1440 2040 1651 2110 (Matth.
1689 2059 1788 2107 xtl,

197 2124 289 2194 37)
321 2144 333 2178 :
364 2126 726 2181 damnabilem
757 2135 805 2180 te
838 2127 949 2196 ipsa
976 2127 1171 2196 probat
1200 2128 1470 2184 confessio
1500 2141 1584 2185 tua
1616 2132 1785 2204 (915).

200 2215 388 2286 Neque
422 2218 705 2284 confiteor,
741 2232 913 2287 neque
952 2218 1203 2284 diliiteor,
1246 2221 1355 2275 aio.
1406 2223 1788 2281 Danmatorem

197 2325 330 2365 vero
352 2311 535 2380 procul
561 2312 771 2376 abesse,
807 2310 893 2365 ille
924 2327 1026 2364 non
1060 2312 1258 2367 desiuit
1289 2313 1419 2367 mihi
1448 2318 1785 2383 promittere,

196 2407 289 2476 qui
328 2407 493 2477 digito
534 2406 782 2461 scribens
826 2407 879 2460 in
930 2415 1093 2472 terra,
1140 2408 1461 2476 quibusdam
1509 2419 1785 2474 narratur,

196 2499 305 2565 Qui
337 2500 446 2552 sine
467 2510 677 2566 peccato
704 2506 778 2551 est
803 2509 1045 2561 vestrum,
1070 2498 1268 2567 primus
1298 2499 1353 2553 in
1384 2498 1529 2551 illam
1560 2499 1784 2568 lapidem

195 2590 370 2641 mittat
418 2588 597 2657 (Joan.
632 2603 751 2652 vni,
787 2588 862 2659 7),
911 2587 1207 2642 clementer
1241 2587 1461 2643 dixisse.
1495 2588 1662 2656 llujus
1707 2598 1781 2655 at,

192 2680 333 2749 proh
378 2680 554 2735 nefas!
610 2680 870 2749 anapaesti
911 2686 1183 2750 suspecto,
1230 2679 1396 2733 multa
1442 2679 1782 2736 inemendata

193 2770 510 2839 linquuntur
536 2770 589 2825 in
621 2770 838 2834 saeculo,
873 2770 980 2840 igni
1023 2778 1296 2824 reservata
1331 2778 1619 2840 perpetuo;
1655 2771 1781 2825 dum

190 2860 409 2915 scilicet
433 2859 660 2929 quilibet
685 2858 934 2914 conscius
958 2859 1080 2917 sibi.
1123 2859 1301 2929 parcit
1326 2859 1503 2913 alteri.
1545 2860 1684 2927 Quid
1715 2861 1781 2914 de

190 2950 494 3005 substantia
531 2949 837 3019 huiusmodi
862 2949 1119 3006 sacrificii
1149 2950 1321 3020 possit
1347 2952 1578 3019 censeri,
1604 2954 1779 3009 adhuc

1909 433 2021 470 rem
2054 420 2297 473 hodierni
2324 423 2579 490 temporis
2609 425 3084 499 gloriosissimum,
3117 437 3208 506 qui
3237 453 3359 492 cum
3386 456 3499 509 prae

1905 509 2178 573 outnibus,
2208 512 2296 579 qui
2344 528 2441 583 per
2484 515 2588 570 hoc
2617 524 2980 577 trecentorum
3018 540 3283 582 annorum
3321 532 3498 585 curri-

1904 602 2082 657 culum
2141 604 2440 660 Roinanum
2495 609 2972 679 gubernaverunt,
3038 618 3305 675 divisione
3373 622 3500 679 licet

1903 708 2227 763 regnorum,
2284 695 2605 766 imperium,
2661 701 2976 769 nobilitate,
3031 711 3300 776 polentia,
3360 722 3501 770 stre-

1902 782 2138 846 nuitale,
2192 784 2485 851 industria,
2539 788 2775 854 virtute,
2829 796 3144 861 prudentia,
3196 801 3493 870 sapientia,

1901 869 2232 937 benignitate
2258 912 2271 935 ,
2332 876 2633 929 constantia
2663 918 2677 941 ,
2744 879 3059 939 fortitudine
3082 929 3095 952 ,
3162 869 3450 945 clementia
3478 933 3493 958 ,

1900 958 2184 1026 aequitate,
2234 961 2531 1028 opulentia,
2578 964 2857 1036 largitate,
2903 980 3206 1043 caueraun
3257 993 3497 1034 comma»

1899 1046 2088 1103 dorum
2140 1055 2207 1105 ad
2258 1053 2360 1108 hoc
2412 1057 2650 1111 omnium
2710 1060 3059 1130 singulariter
3108 1064 3291 1121 allluat
3338 1070 3492 1139 copia

1898 1141 2061 1212 397
2088 1145 2482 1215 peragendum;
2532 1149 2635 1203 hoc
2680 1150 2729 1204 ei
2774 1154 2930 1207 unice
2972 1154 3152 1211 divina
3192 1160 3493 1214 concedere

1898 1235 2213 1303 dignaretur
2242 1239 2655 1308 omnipotens'o
2697 1243 2904 1298 utinam
2952 1248 3148 1316 gratia,
3182 1258 3243 1303 ut
3272 1265 3328 1305 se
3372 1251 3488 1319 pri-

1898 1343 2063 1390 nunn,
2098 1329 2221 1385 inde
2262 1331 2361 1386 διώ
2390 1347 2448 1387 se
2498 1333 2601 1388 sibi
2632 1336 2979 1391 commissum
3030 1350 3245 1395 vertere
3277 1352 3492 1411 satage-

1899 1430 1979 1473 ret
2009 1420 2291 1491 imperium
2323 1424 2391 1478 ad
2440 1424 2638 1479 bonum
2673 1428 3003 1485 omnimodis
3032 1432 3314 1486 omissum.
3346 1434 3482 1489 Cor-

1897 1510 2071 1577 ruptis
2096 1511 2237 1564 enim
2266 1521 2321 1566 et
2344 1512 2798 1572 abominabilibus
2826 1518 2981 1575 factis
3004 1522 3321 1587 Christiani,
3345 1525 3480 1592 proh

1899 1600 2081 1654 dolor!
2146 1604 2381 1659 nominis
2436 1607 2744 1674 universis,
2817 1613 3087 1681 prtecipue
3143 1616 3480 1678 rectoribus,

1898 1691 1971 1745 ita
2009 1692 2221 1747 divinus
2250 1694 2395 1766 (917)
2428 1698 2752 1754 omnimodis
2778 1702 2939 1770 periit
2964 1702 3111 1766 olim,
3145 1702 3334 1766 fateor,
3365 1706 3481 1759 cul-

1899 1791 2007 1847 tus,
2038 1791 2095 1838 ut
2122 1784 2252 1837 nihil
2283 1786 2451 1855 magis
2476 1787 2755 1844 videamus
2774 1791 3106 1857 discordare,
3138 1808 3299 1862 quam
3335 1795 3478 1863 quod

1900 1871 2159 1927 Dominus
2185 1874 2450 1944 prmcipit,
2483 1886 2534 1930 et
2558 1879 2905 1945 universitas,
2937 1883 3070 1951 proh
3106 1884 3292 1938 nefas!
3344 1885 3476 1954 agit.

1898 1963 1976 2017 Ex
2015 1980 2121 2033 quo
2159 1981 2305 2031 Cllm,
2340 1966 2448 2021 Deo
2492 1980 2786 2036 annuente,
2826 1989 2987 2026 unum
3032 1974 3203 2039 illum,
3238 1976 3341 2031 hoc
3372 1985 3475 2038 est,

1899 2055 2278 2124 imperatorem
2308 2059 2557 2128 excipere
2588 2063 2881 2132 gestiamus
2907 2064 3240 2133 piissimum;
3278 2084 3475 2138 sugge-

1894 2162 2017 2201 rere
2054 2139 2127 2200 illi
2157 2148 2200 2201 si
2236 2149 2351 2202 ausi
2395 2150 2715 2216 fuissemus;
2752 2153 3078 2207 omnimodis
3107 2156 3470 2218 studeremus,

1890 2246 1949 2288 ut
1972 2236 2038 2289 ad
2069 2244 2263 2291 cmtcra
2291 2238 2489 2307 quibus
2516 2240 2697 2308 pollet,
2730 2240 3077 2312 singulariter
3099 2243 3225 2297 illud
3251 2245 3472 2299 adderet

1888 2326 2112 2392 bonum,
2147 2330 2292 2398 quod
2328 2330 2455 2384 illud
2491 2331 2590 2384 sibi
2630 2340 2840 2401 aptaret
2877 2332 2978 2387 Job
3006 2335 3331 2389 sanctissimi
3363 2337 3471 2389 uli-

1888 2435 1991 2489 que
2021 2422 2225 2476 dictum
2257 2440 2269 2475 :
2295 2422 2443 2493 (918)
2476 2421 2704 2477 Causam
2726 2441 2883 2493 quam
2906 2426 3213 2491 nesciebam,
3248 2426 3471 2495 diligen-

1887 2514 2085 2569 tissime
2132 2515 2502 2585 inuestigabam
2552 2516 2673 2586 (Job
2719 2532 2869 2579 χχιχ,
2902 2516 3010 2585 16).
3064 2517 3282 2571 Dicente
3313 2518 3458 2571 enim

1884 2604 2145 2677 Gregorio
2177 2623 2190 2662 :
2218 2606 2358 2672 Quid
2379 2608 2515 2660 enim
2562 2609 2775 2671 mirum,
2806 2608 2851 2660 si
2880 2608 3166 2677 aliquando
3206 2608 3463 2676 fallimur,

1882 2696 1970 2762 qui
1994 2696 2227 2750 homines
2253 2697 2471 2749 sumus?
2498 2696 2570 2749 nil
2604 2698 2773 2766 magis
2800 2696 2966 2751 ollicit
2996 2698 3101 2751 illis
3138 2698 3465 2765 hominibus,

1882 2785 1971 2855 qui
1999 2801 2162 2857 super
2187 2786 2320 2841 alios
2349 2787 2627 2841 constituti
2654 2796 2780 2842 sunt
2804 2786 3072 2851 homines,
3113 2802 3273 2855 quam
3315 2786 3466 2842 fraus

1882 2883 1938 2929 et
1979 2873 2205 2943 perfidia
2255 2874 2719 2941 consiliariorum;
2758 2875 2803 2929 si
2854 2875 2985 2929 illud
3036 2874 3116 2930 eis
3165 2876 3467 2945 applicatur

1880 2977 2154 3035 postremo
2196 2966 2611 3036 propheticum:
2662 2965 2748 3021 Va:
2775 2968 2865 3038 qui
2904 2967 3079 3021 dicitis
3124 2968 3319 3021 malum
3372 2969 3464 3020 bo-

188 3048 393 3105 exstat,
441 3039 634 3129 fateor,
680 3040 1111 3112 perincognitum
1156 3040 1311 3096 mibi.
1356 3042 1483 3099 Inde
1524 3059 1555 3098 a
1597 3043 1777 3113 planta
1807 3037 1854 3102 C
1884 3072 2028 3121 num,
2058 3066 2104 3109 et
2132 3056 2321 3110 bonum
2364 3056 2561 3110 malum
2611 3057 2746 3121 (Isa.
2778 3037 2831 3124 ι’,
2856 3057 2971 3129 20).
3021 3058 3300 3113 Delatores
3335 3073 3465 3113 vero

187 3130 346 3199 pedis
368 3143 538 3198 usque
563 3128 628 3183 ad
656 3130 913 3185 verticem
944 3130 1231 3186 sanitatem
1257 3132 1411 3185 nobis
1433 3132 1619 3188 deesse
1650 3148 1778 3203 pos-

188 3233 381 3274 sumus
409 3218 545 3289 (lsa.
584 3236 623 3285 1,
660 3218 739 3291 6),
782 3220 976 3286 fateor,
1019 3221 1330 3291 deplorare;
1374 3223 1463 3292 qui
1496 3223 1658 3278 faciat
1687 3227 1781 3279 bo-

189 3325 320 3364 num
366 3310 525 3367 hodie
554 3326 769 3383 quoque
820 3326 990 3385 usque
1036 3313 1104 3368 ad
1153 3329 1319 3369 unum
1370 3316 1556 3370 deesse
1602 3315 1775 3386 (Psal.

188 3417 310 3467 xm,
341 3403 418 3474 5).

262 3494 349 3548 16.
392 3494 561 3562 Quem
595 3496 742 3567 (916)
770 3514 929 3551 unum
964 3511 1083 3552 cum
1116 3497 1289 3568 ipsum
1318 3511 1478 3567 caput
1513 3499 1777 3555 bonorum

187 3600 313 3642 cum
338 3587 596 3641 membris
626 3588 893 3656 aliquibus
923 3588 1037 3643 suis
1072 3589 1240 3643 Deum
1274 3589 1568 3659 intelligere
1594 3606 1776 3660 prom-

184 3684 339 3745 ptum
367 3677 435 3730 sit
454 3691 574 3731 esse
591 3717 605 3741 ,
629 3691 729 3745 pro
753 3677 976 3732 raritate
996 3686 1173 3732 tamen
1196 3680 1516 3732 nostratium
1539 3679 1604 3732 ad
1628 3679 1775 3732 illum

185 3769 578 3839 pertinentium
625 3785 827 3837 unum,
873 3770 1182 3839 specialiter
1227 3786 1390 3824 unum
1439 3771 1526 3825 hic
1560 3786 1776 3841 expres-

258 3942 408 4015 (913)
446 3941 716 3998 Construe
734 3958 748 3996 :
769 3943 907 4015 Quid
930 3961 1044 3998 vero
1071 3944 1322 3999 Dominus
1342 3945 1481 3999 dicat
1502 3963 1593 4014 per
1612 3947 1775 4002 alium

184 4016 509 4085 prophetam
564 4019 629 4068 de
689 4014 1101 4085 flagellato‘ribus
1164 4015 1419 4079 illorum,
1451 4018 1771 4085 depromam,

182 4083 311 4152 pace
338 4094 450 4148 tua,
481 4100 633 4154 quem
662 4083 910 4154 intueor:
940 4083 1115 4138 Iratus
1143 4102 1281 4149 sum,
1310 4095 1413 4139 etc.
1515 4083 1522 4085 “
1616 4136 1617 4139 η

256 4154 409 4223 (914)
451 4153 631 4224 Vulg”
664 4154 763 4206 sibi
802 4153 924 4206 libet
964 4155 1055 4206 tibi
1098 4155 1256 4209 male.
1296 4155 1562 4211 Construe
1596 4175 1609 4210 :
1650 4157 1775 4211 Non

183 4224 433 4291 prohibeo
467 4240 589 4293 ergo
619 4225 811 4293 dicere,
845 4225 891 4275 si
922 4224 1062 4287 libet,
1095 4226 1209 4288 tibi,
1249 4241 1330 4278 me
1363 4243 1472 4280 esse
1508 4226 1684 4291 talem,
1716 4238 1772 4280 ut

182 4294 407 4367 protuli,
437 4292 570 4361 fare,
595 4296 640 4367 si
673 4292 863 4361 placet,
896 4310 977 4347 me
1011 4310 1120 4347 esse
1142 4295 1299 4347 etiam
1323 4295 1573 4365 quidlibet
1599 4298 1769 4367 pejus,

183 4364 229 4415 si
261 4374 495 4416 attamen
523 4365 682 4417 rales.

256 4433 408 4555 (915)
446 4432 715 4487 Construe
744 4450 756 4486 :
787 4432 1057 4503 Confessio
1084 4436 1195 4505 ipsa
1223 4445 1313 4488 tua
1341 4436 1524 4505 probat
1547 4446 1595 4490 te
1621 4438 1774 4491 dam-

290 4503 433 4555 ilem.
475 4505 676 4555 dicente
707 4502 980 4555 Scriptura
1012 4520 1028 4555 :
1076 4504 1159 4555 Ex
1198 4504 1362 4555 verbis
1403 4506 1531 4555 tuis.
1559 4516 1662 4555 etc.
1706 4508 1771 4555 Et

184 4502 433 4567 nobilem,
475 4505 676 4557 dicente
707 4502 980 4573 Scriptura
1012 4520 1028 4557 :
1076 4502 1159 4557 Ex
1198 4502 1362 4558 verbis
1403 4506 1531 4568 tuis,
1559 4516 1662 4561 etc.
1704 4508 1771 4561 Et

183 4582 305 4641 post
333 4589 499 4642 pauca
525 4576 605 4627 sic
636 4588 649 4626 :
684 4572 783 4626 Ille
809 4590 946 4637 vero,
969 4576 1057 4643 qui
1087 4575 1249 4643 digito
1274 4575 1501 4628 scribens
1526 4577 1577 4630 in
1606 4588 1769 4640 terra,

186 4653 437 4696 narratur
462 4643 741 4697 clementer
771 4644 964 4724 dixisse
989 4644 1298 4726 quibusdam
1327 4659 1344 4695 :
1377 4646 1478 4726 Qui
1508 4648 1626 4726 sine.
1652 4662 1771 4715 pec-

185 4721 305 4783 cato
334 4722 418 4767 est
445 4723 711 4777 vestrum,
764 4714 964 4780 primus
996 4714 1047 4767 in
1092 4714 1237 4766 illam
1286 4716 1511 4783 lapidem
1561 4714 1766 4781 mittat;

184 4782 293 4847 ille,
323 4784 559 4851 inquam,
589 4799 695 4836 non
725 4784 911 4835 desinit
936 4785 1235 4853 promittere
1259 4782 1386 4837 mihi
1409 4787 1767 4840 damnatorem

187 4854 290 4905 mei
341 4856 518 4922 procul
566 4855 750 4907 abesse
800 4867 819 4905 :
870 4856 992 4920 quia
1038 4853 1247 4907 scilicet
1295 4869 1451 4908 nemo
1494 4855 1769 4909 hominum

186 4936 421 4990 prasseus
446 4925 561 4979 sine
607 4932 836 4992 peccato
864 4930 965 4975 est.
1017 4925 1082 4975 At
1129 4925 1256 4991 proh
1307 4924 1490 4992 nefas!
1538 4936 1771 4993 suspecto

188 4993 344 5059 hujus
387 4995 663 5063 anapwsti,
702 4994 752 5046 id
793 5002 877 5045 est
912 4993 1241 5062 suspicione,
1287 5009 1379 5047 seu
1416 4994 1484 5046 ob
1514 4996 1774 5062 suspicio-

190 5076 346 5125 nem,
408 5078 471 5117 ne
518 5066 624 5119 hoc
676 5071 1053 5132 argumentum
1108 5071 1501 5133 retorquentur,
1537 5075 1771 5129 suspecto

190 5134 331 5215 enim
370 5148 460 5214 pro
507 5136 828 5203 suspicione,
858 5141 914 5212 et
941 5142 1207 5213 anapaesto
1249 5150 1348 5215 pro
1384 5143 1687 5215 argumento
1719 5135 1771 5214 in

192 5204 548 5271 adversarium
577 5212 777 5257 retorto
806 5203 1160 5271 accipiuntur,
1188 5203 1260 5257 uti
1293 5220 1358 5257 ex
1392 5205 1513 5258 aliis
1534 5205 1772 5258 auctoris

193 5270 320 5348 locis
368 5276 715 5348 manifestum
770 5282 880 5348 est,
928 5270 995 5325 ob
1026 5275 1182 5348 hanc
1228 5275 1622 5342 suspicionem,
1674 5275 1766 5348 ait,

1880 3146 2096 3215 quidam
2130 3146 2347 3216 sapiens
2387 3146 2521 3203 dicit
2557 3164 2835 3218 nunquam
2874 3148 3083 3214 defore,
3129 3149 3174 3204 si
3205 3148 3326 3219 quis
3361 3147 3466 3202 i!1is

1879 3236 2133 3293 credulus
2172 3237 2402 3292 voluerit
2447 3254 2569 3294 esse
2600 3257 2613 3293 :
2650 3240 3097 3305 Percontatorem,
3134 3241 3230 3304 ait,
3259 3240 3463 3308 fugito;

1879 3326 2045 3391 alter,
2107 3342 2228 3381 nam
2268 3327 2516 3397 garrulus
2551 3330 2687 3382 idem
2729 3338 2823 3384 est.
2872 3330 3079 3396 Quibus
3126 3344 3249 3383 cum
3303 3342 3465 3397 super

1878 3418 2058 3474 omnia
2089 3432 2254 3489 regna
2277 3419 2475 3473 misera
2506 3421 2576 3474 sit
2604 3419 2803 3475 referta
2831 3420 3002 3484 Italia,
3034 3431 3087 3475 et
3111 3420 3463 3488 interpretum

1879 3512 1944 3565 ad
1963 3512 2075 3565 hzec
2106 3513 2415 3582 peragenda
2443 3512 2515 3567 sit
2541 3513 2764 3567 nimium
2792 3522 3041 3583 prompta
3072 3514 3295 3582 perfidia
3323 3531 3336 3566 :
3366 3512 3465 3566 ad-

1879 3601 2108 3657 hibenda
2148 3603 2253 3658 illis
2293 3611 2443 3657 tanto
2493 3603 2775 3658 sollicitior
2810 3604 3043 3669 cautela,
3077 3612 3279 3673 quanto
3314 3602 3465 3683 inge-

1878 3693 2083 3748 niosior
2126 3693 2230 3749 illis
2262 3694 2402 3749 inest
2451 3693 2519 3749 ad
2559 3694 2611 3747 id
2642 3692 3020 3759 factitandum,
3054 3694 3462 3764 promptiorque

1878 3787 2103 3842 malitia.
2135 3786 2205 3843 Ut
2250 3787 2394 3843 enim
2442 3802 2608 3841 unum
2655 3802 2721 3842 ex
2758 3787 3241 3843 innumerabilibus
3270 3787 3454 3857 profe-

1876 3960 2119 4034 membris
2141 3960 2285 4034 suis;
2308 3978 2403 4031 pro
2428 3962 2647 4016 raritate
2668 3971 2839 4016 tamen
2857 3963 3177 4034 nostratium
3199 3965 3465 4034 pertinen-

1876 4028 2008 4083 tium
2039 4032 2107 4083 ad
2139 4030 2288 4083 illuni
2309 4028 2503 4095 unum,
2537 4034 2740 4085 utinam
2780 4033 3068 4087 ualeremus
3106 4028 3288 4088 saltem
3325 4037 3465 4088 testi~

1876 4117 2020 4153 mare
2043 4116 2211 4173 tuum]
2240 4102 2323 4173 hic
2345 4117 2644 4173 expressum
2671 4102 2833 4171 (esse)
2863 4103 3160 4169 specialiter
3186 4104 3465 4173 imperato-

1876 4186 1983 4222 rem
2009 4171 2269 4243 __hodierui
2299 4173 2544 4243 temporis
2585 4172 3037 4241 gloriosissimum,
3068 4176 3158 4243 qui
3204 4171 3330 4230 cum.
3353 4191 3464 4242 prce

1877 4241 2138 4312 qmnibus,
2177 4242 2267 4306 qui
2310 4242 2562 4295 divisione
2593 4242 2708 4295 licet
2738 4259 3011 4312 regnorum
3045 4241 3462 4312 gubernaverunt

1878 4307 2172 4363 Romanam
2196 4312 2471 4379 imperium
2497 4328 2589 4380 per
2616 4312 2711 4364 hoc
2733 4307 3336 4365 cuiriculuniannorum
3367 4323 3466 4367 tre-

1803 4380 1850 4439 D
1876 4389 2165 4447 centorum,
2194 4380 2535 4449 singulariter
2560 4382 2736 4450 affluat
2767 4381 3058 4446 nobilitate,
3089 4384 3462 4450 potentia......

1875 4456 1922 4499 et
1942 4451 2101 4521 copia
2126 4452 2358 4521 omnium
2381 4454 2769 4521 commodorum
2800 4452 2868 4503 ad
2897 4452 2991 4503 hoc
3020 4453 3371 4521 peragendum
3388 4468 3407 4515 ;
3430 4468 3460 4504 ο

1875 4518 2077 4589 utinam
2153 4519 2327 4572 divina
2387 4519 2707 4587 omnipotens
2763 4522 2935 4589 gratia
2988 4518 3297 4588 dignaretur
3342 4538 3465 4573 con-

1875 4587 2053 4641 cedere
2084 4589 2233 4642 unice
2258 4590 2355 4640 hoc
2378 4588 2446 4650 ei,
2472 4599 2525 4640 ut
2556 4587 2812 4658 satagere!
2837 4600 3030 4643 vertere
3049 4587 3113 4642 ise
3140 4592 3364 4657 primum
3393 4590 3463 4640 ad

1874 4658 2065 4709 bonum
2111 4658 2422 4711 omnimodis
2454 4660 2723 4722 omissum,
2764 4661 2886 4711 inde
2932 4660 3025 4712 sub
3070 4675 3124 4711 se
3170 4670 3363 4712 uertere
3395 4659 3464 4713 ad

1874 4726 2012 4779 idem
2044 4727 2238 4781 bonum
2270 4729 2543 4796 imperium
2575 4728 2671 4781 sibi
2702 4731 3055 4783 commissum.

1949 4797 2096 4864 (917)
2137 4796 2314 4867 Vulg.,
2343 4814 2623 4867 perperam
2656 4798 2868 4851 divinis.

1950 4866 2099 4936 (918)
2142 4866 2252 4921 lloc
2285 4866 2651 4921 testimonium
2683 4868 2854 4921 hicet
2885 4867 3009 4921 alibi
3045 4866 3301 4932 inculcat,
3340 4867 3467 4936 quia

1874 4939 2168 4993 Verebatur
2210 4951 2275 4991 ne
2315 4938 2605 5005 imperator
2643 4937 2837 4990 absens
2895 4936 3221 4992 adversariis
3267 4938 3466 4991 calum-

1880 5009 1995 5061 nias
2048 5009 2429 5077 spargentibus
2501 5021 2659 5060 aures
2710 5006 2980 5077 faciliores
3037 5005 3347 5072 prmheret,
3412 5020 3470 5063 et

1878 5093 2041 5130 causa
2084 5076 2348 5131 nonsatis
2375 5078 2589 5146 cognita
2619 5076 2821 5143 aliquid
2865 5086 3050 5130 contra
3088 5087 3156 5146 se
3176 5082 3466 5146 statueret.

1879 5149 2033 5212 Quod
2062 5158 2239 5218 autem
2277 5143 2498 5201 timebat
2538 5161 2594 5200 re
2650 5145 2759 5218 ipsa
2789 5146 3019 5218 accidit;
3052 5143 3193 5218 unde
3224 5145 3281 5200 in
3311 5149 3471 5218 epist.

1882 5209 1947 5271 1⁷5
1996 5220 2061 5291 ad
2107 5217 2419 5291 Adelaidem
2471 5209 2871 5285 imperatricem
2927 5209 3114 5291 ait
3157 5228 3283 5270 vero
3319 5209 3477 5291 quam

1874 5288 2131 5348 omnibus,
2169 5290 2257 5348 qui
2288 5288 2340 5340 in
2383 5297 2632 5348 potestate
2663 5295 2782 5336 sunt
2826 5286 3116 5342 constituti,
3162 5292 3217 5334 ut
3255 5286 3362 5342 no};
3401 5306 3478 5343 δε-
