4044 5348
558 280 662 370 δὴ

1767 300 2094 357 RATllEllll
2132 300 2343 358 EPISC.
2388 299 2641 358 VERON.

3724 297 3841 353 ass

561 439 678 481 ram
709 440 723 477 :
758 436 882 476 cum
914 421 1140 476 instaret
1164 417 1438 473 Hubertus
1468 416 1777 470 Parmensis
1809 425 1885 480 ut,
1918 424 2143 483 accepto
2170 415 2218 475 Α
2248 412 2502 467 benditur
2524 428 2643 467 esse
2673 412 3020 478 nostratium,
3050 421 3111 467 ut
3134 410 3426 482 culpabiles
3451 409 3520 465 de
3543 407 3843 478 qualicun-

559 515 866 568 animarum
923 509 1099 581 pretio
1143 509 1291 579 (919)
1351 507 1501 562 rivali
1555 507 1628 562 illi
1688 507 1937 562 cederem
1986 522 2143 571 meo;

562 602 716 659 alluit
740 616 882 655 unus
911 615 977 654 ex
1013 598 1359 653 amicissimis
1391 598 1547 664 meis,
1590 611 1764 667 neque
1798 606 1975 651 tamen
2011 597 2148 651 adeo

561 694 754 765 gratis,
801 692 894 762 qui
939 706 1061 745 cum
1109 690 1241 745 mihi
1289 689 1551 744 auxilium
1589 689 1656 743 ad
1705 690 1805 744 hoc
1848 690 2147 743 maximum

564 784 845 837 habuisset
880 781 1226 852 promissum,
1272 790 1519 833 nostram
1560 779 1747 833 adiens
1787 776 1975 833 ducem
2023 778 2148 831 inti-

540 886 717 927 'mare
764 871 969 926 studuit
1008 870 1079 936 ei,
1127 871 1510 939 imperatorem
1551 869 1914 940 justissimum
1960 869 2147 923 itidem

540 962 721 1024 ‘velle,
752 963 939 1016 nescio
968 970 1145 1015 tamen
1176 961 1221 1016 si
1251 960 1532 1028 adiecerit,
1581 959 1942 1013 mandavisse.
1983 956 2145 1012 Mira-

565 1054 767 1120 culum,
801 1051 968 1124 398
999 1052 1243 1122 inquam,
1289 1049 1637 1105 miraculum!
1688 1050 1893 1105 Tantus
1922 1050 2151 1118 impera-

569 1159 675 1214 tor,
705 1148 1034 1218 tamjustus,
1067 1155 1178 1200 tam
1216 1145 1311 1199 Dei
1357 1153 1588 1208 amator,
1614 1152 1719 1197 tam
1769 1143 1911 1197 illius
1942 1141 2148 1197 reveri-

566 1250 676 1305 tor,
705 1240 811 1295 hoc.
842 1254 900 1293 se
925 1237 1082 1303 velle,
1109 1236 1251 1305 quod
1300 1244 1408 1289 tam
1456 1236 1567 1289 Deo
1600 1243 1747 1290 esset
1789 1224 2147 1297 contrarium,

568 1329 891 1386 testaretur!
924 1327 1107 1382 Potuit
1131 1327 1233 1379 hoc
1265 1324 1411 1396 (9'20)
1438 1339 1567 1379 sane
1608 1323 1941 1393 contingere,
1980 1320 2151 1375 alicu-

561 1420 653 1490 jus
681 1418 959 1474 mendacio
981 1417 1249 1471 Caesarem
1283 1400 1488 1468 tantum
1518 1413 1800 1482 deceptum
1829 1411 2015 1476 fuisse,
2058 1411 2151 1481 qui

569 1526 658 1566 me
687 1511 890 1566 diceret
917 1508 1106 1577 utique
1134 1508 1317 1560 itidem
1343 1506 1498 1559 velle.
1532 1506 1773 1574 Cumque
1795 1504 2156 1574 comprehen-

568 1603 651 1656 sio
688 1602 816 1665 mei,
851 1599 1115 1668 expulsio,
1149 1598 1416 1668 spoliatio,
1450 1596 1726 1661 abductio,
1758 1596 2017 1660 'retrusio,
2058 1584 2151 1650 cc-

568 1692 1029 1759 clesiae'direptio,
1075 1691 1268 1744 donius
1298 1688 1618 1759 episcopalis
1648 1687 1968 1750 destructio,
2010 1687 2154 1741 elec-

2249 518 2356 573 que
2381 518 2440 556 re.
2470 510 2626 557 antea
2654 518 2712 557 se
2737 503 2803 557 ad
2834 510 3154 573 potestatem
3184 502 3480 572 quamlibet
3507 501 3839 566 reclament,

2251 610 2412 664 quant
2442 594 2507 661 is,
2534 596 2618 649 cui
2648 595 2842 665 injuria
2882 605 3060 650 exstat
3085 596 3153 651 ab
3180 595 3382 650 eisdem
3423 594 3609 659 illata;
3638 605 3696 649 ut
3728 611 3841 650 nu-

2245 686 2480 756 perrime
2519 686 2763 741 noscitur
2793 686 2880 740 ille
2923 685 3136 752 fecisse,
3171 686 3261 755 qui
3310 686 3617 742 conductor
3641 685 3846 755 prmi-

2247 789 2385 843 puus
2418 775 2656 829 existens
2670 775 2911 829 omnium
2938 775 3031 844 qui
3065 790 3150 829 me
3175 775 3445 843 quondam
3475 783 3762 844 ceperunt,
3778 780 3845 825 et

2248 861 2535 917 innumera
2575 862 2710 917 mihi
2743 872 2800 917 et
2837 864 2973 918 meis
2999 863 3141 917 mala
3184 877 3398 933 semper
3418 872 3646 917 struens
3672 871 3727 916 et
3752 860 3839 917 fa-

2248 950 2419 1017 ciens,
2450 952 2673 1023 insuper
2697 953 2766 1008 ab
2795 952 3044 1009 invasere
3066 953 3385 1024 praesulatus
3408 955 3517 1008 mei
3545 952 3617 1008 ad
3649 954 3840 1009 diaco-

2248 1052 2433 1098 natum
2474 1053 2594 1113 post
2619 1044 2765 1099 furta
2800 1054 2856 1099 et
2889 1046 3189 1116 sacrilegia,
3239 1061 3359 1116 qua:
3400 1046 3474 1100 illi
3522 1045 3842 1115 impingunt

2250 1137 2341 1205 qui
2387 1152 2548 1192 nosse
2589 1152 2647 1193 se
2692 1138 2897 1201 dicunt,
2927 1152 3048 1193 cum
3078 1138 3267 1193 fuisset
3310 1147 3501 1192 contra
3528 1138 3623 1207 jus
3649 1137 3843 1205 fasque

2248 1236 2561 1298 provectus,
2591 1235 2789 1282 terram
2809 1226 2952 1296 juris
2979 1229 3150 1284 nostri
3181 1244 3277 1299 per
3300 1236 3628 1299 potestatem
3649 1236 3842 1283 tenens

2252 1326 2415 1387 atque
2441 1316 2727 1387 diripiens,
2758 1318 2826 1372 ad
2860 1320 3026 1387 pedes
3061 1318 3277 1373 nemine
3306 1324 3677 1388 persequente
3709 1331 3845 1371 cor.-

2252 1406 2465 1477 fugiens
2497 1407 2698 1462 domini
2728 1408 3376 1478 imperatoris,'mcntitus
3397 1415 3481 1461 est
3507 1405 3659 1475 quod
3682 1420 3838 1459 suum

2252 1500 2301 1555 ei
2332 1500 2652 1555 beneficium
2690 1499 3054 1555 abstulissem.
3102 1499 3313 1567 Quanta
3351 1497 3672 1570 hujusmodi
3707 1495 3841 1549 tales

2254 1589 2493 1645 faciunt?
2513 1590 2645 1658 Quis
2662 1605 2758 1645 eos
2789 1590 2929 1646 valet
2956 1592 3149 1658 vitare,
3178 1591 3281 1647 nisi
3305 1590 3396 1661 qui
3424 1603 3653 1645 causam
3675 1602 3841 1656 quam

2256 1682 2449 1743 nescit,
2478 1682 2661 1736 studet
2697 1682 3110 1752 diligentissime
3139 1679 3499 1751 investigare?
3531 1679 3670 1746 Quis
3708 1691 3840 1731 vero

569 1797 807 1853 mosynre
857 1781 1200 1850 imperatoris
1246 1780 1461 1842 deletio,
1512 1777 1641 1833 facti
1691 1778 1833 1832 illius
1885 1776 2145 1841 diffactio,
2179 1764 2222 1823 Β
2252 1787 2347 1827 rex
2377 1772 2533 1827 aliter
2576 1771 2709 1843 Regi
2757 1787 2942 1843 regum
2987 1772 3134 1826 valet
3180 1770 3540 1837 concordare,
3572 1768 3683 1823 nisi
3728 1776 3842 1821 stu-

568 1872 722 1927 urbis
764 1871 1016 1941 irruptio,
1050 1869 1363 1923 reverentia:
1411 1867 1706 1937 imperialis
1745 1867 2045 1938 vilipensio,
2097 1876 2152 1922 et

569 1960 672 2015 alia
703 1962 869 2015 multa
901 1962 985 2015 bis
1014 1959 1342 2015 cohaerentia
1387 1958 1564 2012 adhuc
1594 1965 1798 2021 essent,
1846 1964 1906 2011 ut
1938 1966 1993 2012 et
2034 1957 2150 2012 exi-

569 2058 740 2115 stunt,
771 2050 825 2103 in
857 2064 1054 2111 causa;
1090 2047 1239 2118 (921)
1274 2046 1651 2102 melioratione
1683 2046 1893 2110 relicta,
1931 2046 1999 2101 de
2037 2045 2149 2101 sola

567 2136 904 2209 pejuratione
951 2137 1292 2192 llOﬂllCld'dliS
1334 2144 1684 2207 perageretur
1716 2134 1779 2207 [[.
1805 2145 2025 2206 peracta
2049 2133 2152 2207 est]

568 2229 905 2284 solummodo
957 2243 1140 2283 causa.
1187 2227 1498 2283 Cavendum
1544 2226 1843 2295 praesertim
1897 2227 2061 2281 etiam
2120 2242 2151 2281 a

568 2321 765 2376 talibus
792 2320 910 2375 ideo
937 2328 1042 2387 est,
1070 2320 1213 2390 quod
1250 2318 1582 2374 consuetudo
1621 2316 1925 2372 certissime
1959 2318 2153 2386 depre-

640 2454 788 2523 (9l9)
829 2452 1018 2523 Rivali,
1067 2451 1118 2505 id
1167 2449 1479 2523 estMiloni,
1524 2448 1610 2523 cui
1672 2462 1740 2523 ne
1775 2446 2146 2523 episcopatum

572 2517 811 2592 cederet,
840 2522 1082 2592 pluribus
1107 2518 1679 2592 restititrV’ide‘epist.
1708 2518 1742 2572 8
1767 2518 1849 2592 ad
1879 2517 2149 2582 Milonem,

570 2601 627 2648 et
655 2586 1054 2647 Concldsionem
1080 2590 1468 2644 deliberativam
1503 2589 1559 2641 in
1598 2588 1722 2641 line.
1765 2586 1884 2639 Mox
1920 2598 2150 2641 nostram

573 2664 755 2716 adiens
797 2662 1004 2725 ducem,
1049 2660 1304 2714 nimirum
1351 2658 1735 2720 Juditliam,de
1763 2672 1868 2724 qua
1913 2657 2027 2724 lege
2056 2672 2150 2710 su-

570 2745 668 2800 pra
719 2740 832 2785 not.
868 2729 991 2784 858.
1030 2729 1161 2784 Dein
1191 2729 1371 2783 itidem
1418 2726 1843 2800 emendavimus,
1896 2727 1987 2800 ubi
2035 2735 2154 2780 erat

573 2796 785 2854 iotidem
815 2814 834 2851 :
858 2800 1041 2868 itidem
1069 2800 1212 2853 enim
1236 2800 1352 2868 pari
1376 2811 1538 2852 sensu
1566 2797 1796 2868 habetur
1824 2796 1980 2865 paulo
2009 2805 2148 2865 post.

647 2868 796 2939 (920)
844 2867 1027 2936 Vulg.,
1073 2868 1178 2933 hic,
1232 2866 1409 2923 minus
1455 2874 1620 2939 recte.
1669 2866 1937 2920 Construe
1979 2881 2150 2939 vero:

573 2935 755 2993 Potuit
778 2935 915 2992 sane
956 2935 1056 2991 hoc
1098 2939 1411 3007 contingere,
1463 2935 1724 2990 Cti’sarem
1770 2946 1975 2989 tantum
2013 2936 2156 2989 dece-

571 3020 718 3078 ptum
741 3008 902 3077 fuisse
927 3008 1199 3078 mendacio
1223 3007 1469 3076 alicujus,
1499 3007 1588 3075 qui
1617 3007 1834 3078 diceret,
1872 3021 1953 3058 me
1978 3008 2156 3074 utique

2252 1867 2375 1921 deat
2406 1867 2508 1921 hoc
2535 1865 2763 1921 sollicite
2793 1866 2987 1936 agere?
3022 1865 3155 1933 Quis
3170 1865 3335 1937 judex
3368 1865 3484 1919 sine
3515 1862 3841 1930 istojusmm

2252 1958 2391 2013 valet
2423 1958 2753 2013 decernere?
2784 1957 2936 2023 Quod
2964 1957 3191 2012 Domino
3233 1968 3419 2011 nostro
3446 1954 3698 2025 piissimo
3729 1953 3843 2021 ipse

2253 2048 2368 2104 Rex
2401 2064 2611 2120 regum,
2661 2060 2721 2103 ut
2758 2057 2902 2118 agat,
2947 2049 3198 2118 dignetur
3230 2063 3483 2118 rogamus
3511 2044 3843 2106 concedere,

2255 2141 2543 2210 agentique
2591 2140 2692 2193 hoc
2734 2139 3121 2193 vicissitudinis
3168 2139 3285 2192 loco
3322 2135 3551 2199 referre,
3603 2144 3667 2189 ut
3708 2132 3843 2187 etin

2261 2232 2366 2286 ltoc
2412 2229 2609 2285 smculo
2648 2229 2889 2303 longaevo
2922 2230 3083 2285 ductu
3125 2229 3353 2298 imperet
3396 2228 3655 2291 feliciter,
3695 2234 3754 2279 et
3792 2224 3845 2277 in

2260 2312 2445 2379 futuro
2468 2328 2658 2392 regnet
2683 2335 2804 2374 eum
2838 2318 3058 2374 Christo
3084 2319 3417 2390 perenniter.
3449 2317 3651 2371 Amen.

2258 2449 2554 2506 refectione
2583 2465 2676 2505 seu
2704 2448 3082 2504 emendatione
3103 2450 3208 2504 hoc
3236 2449 3353 2503 loco
3376 2447 3687 2516 accipitur:
3712 2459 3846 2516 que-

2258 2522 2503 2588 riturque
2532 2521 2842 2585 Ratherius,
2886 2535 3008 2575 cum
3038 2527 3115 2573 tot
3141 2520 3368 2575 crimina
3397 2527 3752 2588 versarentur
3790 2517 3846 2570 in

2258 2587 2441 2654 causa,
2468 2592 2710 2643 onmium
2748 2598 2926 2643 tamen
2978 2589 3274 2644 refectione
3324 2603 3419 2643 seu
3460 2587 3846 2642 emendatione

2258 2660 2469 2722 relicta,
2502 2660 2567 2712 de
2618 2675 2723 2713 uno
2749 2658 2984 2728 periurio
3031 2668 3212 2713 actum
3240 2656 3430 2724 fuisse,
3456 2658 3604 2728 quod
3633 2655 3848 2728 scilicet

2260 2730 2315 2784 in
2377 2725 2775 2797 conspiratione
2829 2725 3020 2783 contra
3074 2743 3134 2783 se
3186 2730 3418 2782 excitata
3460 2725 3848 2797 jusjurandum

2260 2794 2573 2870 imperatori
2604 2800 2904 2870 praestitum
2936 2797 3123 2870 laesum
3150 2798 3331 2870 fuerit.
3371 2797 3548 2870 verba
3600 2794 3845 2870 ineliga-

2259 2863 2399 2923 tione
2440 2863 2620 2923 relicui
2644 2870 2696 2923 in
2727 2867 3009 2922 Itinerario
3042 2883 3189 2922 num.
3222 2866 3256 2921 4
3290 2868 3523 2937 explicat
3569 2865 3652 2937 sic
3679 2878 3694 2917 :
3720 2863 3850 2917 Om-

2260 2938 2412 2992 nibus
2448 2954 2560 2992 vero
2606 2939 2704 3001 his,
2751 2953 2872 3008 qua:
2902 2937 3163 2992 indicavit
3194 2935 3536 3008 criminibus,
3577 2935 3711 3008 licet
3734 2944 3846 2986 tam

2259 3008 2565 3062 indiscussis
2603 3003 2817 3071 relictis,
2848 3009 3000 3077 quasi
3046 3008 3101 3077 in
3129 3007 3203 3061 eis
3251 3006 3326 3061 nil
3363 3007 3585 3077 inveniri
3623 3003 3843 3065 valeret,

572 3074 753 3132 itidem
784 3078 928 3143 velle,
971 3076 1178 3148 scilicet
1203 3078 1338 3132 velle
1360 3074 1741 3148 cedere.__Mox
1772 3075 2155 3148 eleemosynam
2182 3086 2229 3147 ο
2258 3079 2398 3148 quod
2430 3078 2732 3148 reprehendi
2757 3074 2957 3148 legibus
2974 3076 3256 3148 uelileeiter
3279 3085 3470 3148 posset.
3499 3076 3721 3148 crimen
3750 3087 3850 3125 an—

573 3148 900 3217 imperatoris
941 3147 1086 3201 illam
1117 3155 1296 3211 vocat,
1337 3162 1443 3216 qua
1472 3146 1526 3199 in
1572 3143 2155 3217 Vei~onettsetit_scdern

579 3211 866 3271 restitutus
893 3217 995 3271 fuit
1028 3234 1041 3270 :
1073 3218 1212 3271 unde
1237 3217 1287 3270 in
1320 3211 1571 3270 sermone
1603 3214 1677 3267 De
1705 3214 1899 3266 octavis
1926 3211 2158 3267 Pascha:

576 3302 725 3341 num.
757 3289 790 3341 3
814 3287 1198 3357 imperatorem
1236 3286 1484 3357 laudans,
1528 3284 1617 3357 qui
1646 3299 1748 3357 me,
1776 3284 1984 3357 inquit,
2033 3283 2158 3336 illuc

574 3357 632 3411 in
676 3352 1041 3427 episcopatum
1092 3352 1551 3425 eleemosynaliter'
1582 3352 1806 3427 instituit
1857 3366 2032 3427 :_quo
2069 3368 2160 3427 re:

574 3421 811 3508 spiciens
850 3421 953 3508 [ioc
1002 3427 1207 3508 ipsquin
1248 3421 1411 3508 opere
1453 3439 1601 3505 num:
1642 3424 1712 3508 1,,
1735 3423 1852 3477 ait:
1884 3421 2015 3477 cum
2058 3421 2158 3504 Dei

575 3491 972 3561 misericordia,
1014 3491 1059 3548 et
1099 3496 1241 3549 illius
1281 3491 1626 3564 imperatoris
1665 3491 2013 3560 elecmosyna,
2071 3491 2160 3564 qui

574 3567 706 3620 mihi
734 3566 955 3620 contulit
985 3568 1117 3636 ipsa,
1148 3562 1370 3636 habeant
1400 3563 1588 3625 multa,
1612 3578 1703 3616 nec
1725 3564 2001 3615 interdicta
2034 3562 2159 3636 mihi

573 3637 640 3688 sit
665 3637 739 3690 eis
765 3636 976 3703 [ruendi
1005 3631 1255 3688 licentia.
1290 3634 1649 3703 Eleemosynat
1672 3647 1886 3703 inoptnen
1923 3646 2022 3703 pro
2052 3631 2161 3703 nti-

575 3701 862 3759 sericordia
894 3705 962 3758 ab
992 3715 1214 3759 auctore
1259 3705 1430 3772 accipi
1472 3701 1628 3765 solet,
1670 3702 1805 3772 Vide
1851 3710 1965 3772 not.
1997 3702 2065 3754 14
2105 3701 2157 3753 in

576 3789 884 3828 sermonem
924 3774 1215 3829 secundum
1269 3776 1335 3828 de
1378 3770 1843 3841 Quadragesima.
1875 3770 2161 3841 Enimvero

577 3857 740 3925 quam
770 3845 857 3898 hic
879 3840 1632 3925 zeleemosynamimperatoris
1674 3840 1926 3925 appellat,
1942 3840 2162 3921 'miseri-

579 3911 815 3983 sordium
840 3915 1062 3983 piissimi
1093 3911 1320 3983 (Σίβαι-ἑξ
1344 3912 1598 3983 nominat
1617 3912 1670 3964 in
1702 3911 1985 3983 Itinerario
2008 3923 2158 3983 nutu.

582 3981 639 4034 4.
686 3979 1107 4051 υυίιιᾱὶπαειὶο,
1137 3982 1190 4035 id
1235 3992 1315 4035 est
1345 3980 1659 4051 destructio,
1703 3996 1769 4036 ex
1798 3981 1961 4051 verba
2002 3979 2163 4051 diffa-

580 4065 725 4114 cere,
775 4048 1254 4118 aliasr'disfacere,
1324 4050 1503 4103 ltaliee
1555 4051 1772 4118 disfare.
1834 4048 1964 4103 Vide
2023 4049 2163 4103 Can-

580 4065 725 4114 cere,
775 4055 909 4105 alias
958 4055 1040 4104 dis
1063 4055 1254 4114 acere,
1324 4055 1503 4103 ltaliee
1555 4055 1772 4118 disfare.
1837 4055 1964 4103 Vide
2023 4055 2160 4103 Uan-

580 4120 726 4189 gium
757 4122 925 4175 verbo
956 4055 1232 4189 Di/i‘acere.
1285 4120 1529 4189 Diﬁ'actio
1571 4121 1695 4188 {acti
1727 4120 1888 4189 illius,
1919 4134 2026 4188 quo
2053 4118 2160 4173 sci-

580 4187 704 4244 licet
738 4187 1100 4244 liatlierius‘in
1129 4187 1493 4257 episcopatum
1535 4187 1811 4243 restitutus
1844 4187 2035 4243 fuerat.

658 4258 809 4327 (921)
848 4259 945 4315 llic
978 4260 1178 4329 aliquid
1220 4261 1431 4314 videtur
1468 4261 1681 4329 deesse,
1713 4260 1794 4313 vel
1827 4273 1923 4328 pro
1948 4274 2162 4327 perage-

588 4338 730 4380 retur
776 4328 1315 4400 legendutuperacta
1360 4339 1455 4382 est.
1502 4328 1801 4383 Melioratio
1844 4339 2023 4382 autem
2066 4342 2165 4397 pro

581 4429 1954 4458 Μ

2263 3146 2370 3202 tem
2396 3147 2617 3216 pet-jurii
2646 3148 2697 3201 in
2722 3148 2878 3215 epist.
2906 3146 2939 3201 8
2968 3147 3033 3200 ad
3064 3147 3311 3202 Milonem
3343 3147 3428 3205 bis
3457 3146 3638 3200 verbis
3674 3157 3849 3212 expo-

2259 3217 2339 3271 nit
2381 3236 2394 3271 :
2429 3216 2645 3272 Gaudeo
2689 3218 2901 3287 cogites,
2946 3232 3102 3287 quam
3149 3225 3331 3287 contra
3372 3226 3422 3269 te
3472 3216 3670 3287 ipsum,
3722 3226 3847 3267 cum

2258 3296 2527 3355 persancte
2547 3285 2870 3356 imperatori,
2888 3285 3022 3356 utet
3062 3302 3174 3356 ego,
3199 3286 3355 3354 ﬁdem
3371 3285 3662 3356 jureveris,
3690 3298 3846 3356 agas,

2259 3352 2376 3409 cum
2405 3352 2634 3410 edictum
2674 3355 2817 3409 illius
2859 3352 3129 3418 destruere
3167 3352 3390 3421 moliris,
3418 3364 3467 3409 et
3492 3355 3638 3416 illos,
3676 3352 3769 3423 qui
3782 3352 3848 3423 ῤ

2263 3425 2402 3479 idem
2446 3425 2826 3495 jusjurandum
2863 3423 3118 3495 fecerunt,
3158 3425 3405 3495 pejurare
3448 3422 3737 3495 contpellis.
3781 3422 3849 3495 Et

2263 3495 2314 3548 in
2343 3493 2504 3566 epist.
2534 3493 2609 3548 '12
2632 3495 2719 3566 ad
2769 3494 3110 3566 Ambrosium
3154 3493 3303 3549 num.
3332 3496 3404 3566 κδ,
3452 3493 3849 3566 meliorationis

2261 3561 2813 3632 seu'compositiouis
2863 3563 3022 3618 titulo
3065 3575 3285 3619 centum
3330 3565 3590 3619 librarum
3636 3561 3850 3632 argenti

2262 3581 2356 3619 seu
2406 3581 2813 3619 connosmonts
2863 3581 3022 3618 muto
3065 3581 3285 3619 centum
3330 3581 3590 3619 unrarum
3636 3581 3849 3632 argenu

2262 3634 2428 3688 multa
2468 3581 2672 3688 inilicta
2722 3634 2958 3689 traditur
2994 3634 3064 3688 ob
3111 3634 3539 3702 coniurationem
3580 3648 3690 3702 non
3736 3641 3849 3684 tam

2261 3713 2447 3759 contra
2485 3703 2801 3759 llatherium
2831 3704 3166 3774 episcopum,
3206 3701 3383 3774 quam
3413 3712 3603 3757 contra
3641 3701 3853 3774 Buceof

2262 3786 2383 3828 nem
2409 3775 2686 3837 comitem,
2713 3789 2833 3842 qua:
2858 3771 3031 3827 multa
3054 3771 3399 3829 rebellionem
3422 3782 3587 3842 atque
3616 3771 3849 3843 periurii

2262 3844 2468 3898 crimen
2496 3844 2798 3898 evidentius
2827 3846 3181 3897 demonstrat.
3224 3843 3343 3897 Mox
3369 3860 3530 3897 causa
3556 3843 3853 3896 homicida-

2262 3913 2327 3967 lis
2365 3912 3016 3983 appellatur__conjuratio
3063 3913 3116 3967 in
3166 3914 3499 3983 episcOpum,
3560 3911 3634 3966 ob
3685 3927 3849 3983 quam

2263 3979 2600 4038 antea—num.
2636 3981 2702 4037 l5
2732 3979 2897 4037 unum
2927 3996 2959 4035 e
2985 3983 3099 4037 suis
3139 3979 3467 4037 adversariis
3494 3983 3573 4035 ait
3604 3979 3851 4034 excusari

2265 4070 2367 4106 non
2414 4068 2563 4124 posse
2609 4052 2718 4124 fore
2762 4054 2827 4124 de
2870 4067 2956 4124 me
2986 4051 3315 4124 ‘Itomicidam
3340 4091 3355 4116 ,
3402 4054 3640 4124 quamvis
3677 4051 3852 4124 adhuc

2263 4120 2434 4176 meam
2475 4120 2638 4176 servet
2676 4120 2771 4175 Dei
2811 4121 3139 4190 providentia
3174 4123 3351 4173 ritum.
3399 4120 3582 4190 Neque
3609 4121 3851 4174 credide-

2266 4194 2339 4246 ris
2356 4194 2496 4263 quod
2520 4191 2748 4263 quotidie
2781 4207 2883 4243 non
2912 4190 3205 4257 interﬁt-ias
3228 4191 3332 4244 tuis
3370 4190 3850 4244 machinationibus

2266 4268 2397 4332 ipse,
2429 4272 2538 4317 etc.

1655 4427 3843 4457 Μ

1497 4447 2980 4593 mmsan

925 4632 1060 4707 Quo
1107 4651 1185 4692 ea:
1226 4630 1543 4694 abbatiola
1582 4630 1996 4709 Μαρανιιίαηί
2037 4626 2386 4688 amandatis
2433 4626 2749 4688 monachis
2790 4627 3217 4708 subrogantur
3259 4630 3498 4695 clerici.

653 4798 890 4870 3991.
934 4797 1069 4852 Dum
1084 4797 1405 4867 astipulante
1419 4776 1757 4869 perangusta:
1774 4798 2167 4854 recordationis
2195 4801 2244 4860 D
2270 4804 2399 4852 sunt
2426 4794 2629 4861 omnia,
2658 4802 2718 4848 ut
2750 4794 2863 4864 ipse
2891 4809 3106 4866 quoque
3130 4796 3517 4854 malevolorum
3555 4800 3856 4855 cavillatio-

586 4890 807 4946 Aurelio
831 4890 1008 4959 (serm.
1022 4889 1112 4954 46,
1132 4906 1188 4944 ιι.
1202 4889 1292 4961 27)
1310 4889 1845 4959 temerariisjudiciis
1861 4890 1997 4946 adeo
2008 4891 2165 4960 plena

658 4998 805 5071 (9‘22)
846 4998 984 5066 lloc,
1010 5000 1151 5070 quod
1184 5001 1237 5055 in
1264 5008 1412 5055 textu
1437 5002 1730 5056 Ratberius
1757 5001 2014 5057 decretale
2040 5001 2167 5071 scri-

585 5076 732 5180 ptum
777 5070 954 5151 vocat,
1005 5071 1073 5126 ab
1119 5070 1353 5151 Ancherio
1416 5072 1689 5138 vulgatum
1732 5071 1832 5124 fuit
1878 5088 1944 5126 ex
1983 5070 2167 5125 codice

621 5139 949 5180 .entdnnpncl,
982 5139 1115 5180 Cum
1161 5156 1211 5180 III
1244 5141 1466 5180 ρνηιιίΙίη
1493 5142 1562 5180 ita
1588 5150 1640 5180 In
1668 5139 2039 5180 mnlmmlnrum
2080 5157 2167 5180 νη-

635 5139 949 5180 :Iltdnnpnci,
982 5139 1115 5180 Cum
1161 5141 1211 5180 in
1244 5141 1466 5180 ρνηιιίΙίη
1493 5142 1562 5180 ita
1588 5150 1640 5180 In
1668 5139 2039 5180 mnlmmlnrum
2080 5157 2167 5180 νη-

2270 4888 2430 4943 nibus
2464 4886 2729 4941 acerrime
2773 4886 2877 4940 hoc
2919 4896 3160 4956 tempore
3212 4887 3533 4954 insectatus,
3582 4890 3716 4945 mihi
3754 4889 3850 4959 ipsi

2271 5014 2397 5075 nato
2431 5001 2660 5075 finitima
2690 5002 2742 5056 in
2766 5017 2829 5057 ea
2861 4986 3465 5075 dimcesisVeronensis
3511 5006 3627 5075 ripa
3659 5005 3852 5061 Benaci

2270 5073 2421 5153 laicus
2464 5072 2567 5126 sita
2601 5080 2707 5153 est,
2735 5088 2855 5142 quae
2899 5074 2966 5127 ad
2992 5072 3306 5153 Brixianam
3346 5072 3629 5153 dioecesim
3659 5078 3849 5153 vergit.

2276 5142 2388 5180 "nn
2418 5142 2804 5180 nnnnqclnr-inln
2847 5158 2969 5180 mum
3014 5142 3233 5180 nnnnllic
3266 5152 3318 5180 nl
3349 5145 3574 5180 doni-nia
3599 5155 3649 5180 nl
3694 5142 3852 5180 ηοξ-εἷ..
