4044 5348
1477 310 1803 373 RA'l'llERll
1843 306 2060 366 EPlSC.
2106 303 2357 361 VERON.
2400 306 2551 363 OPP.
2595 306 2777 364 PARS
2815 310 2856 364 l.

3706 309 3811 370 εδδ

444 402 484 438 π’
521 421 632 490 tem
679 431 797 497 Dei,
830 427 1038 484 lril'arie
1080 430 1290 498 pararc'
1312 425 1631 482 memoriter
1662 424 1947 487 festinetis,
1973 422 2118 495 [sub-
2145 423 2195 484 Α
2223 421 2289 475 de
2310 419 2560 492 Egypto,
2593 422 2645 477 id
2672 432 2778 486 est,
2818 422 3027 479 inferno
3063 437 3414 492 erueremur;
3444 436 3499 483 ct
3524 443 3624 499 per
3656 446 3811 487 mare

455 576 460 580 .
522 516 653 585 andi
681 506 849 599 illam]
892 520 1014 580 ’hoc
1042 531 1124 579 est
1151 562 1166 588 ,
1196 522 1495 579 secundum
1526 520 1849 593 symbolum,
1874 518 2039 593 410
2062 519 2116 574 id

524 628 611 673 est
669 617 1016 674 collationem
1080 614 1487 688 apostolorum,
1528 615 1670 670 sicut
1728 613 1782 668 in
1830 613 2117 669 Psalteriis

525 709 789 765 correctis
821 707 1114 762 invenitur
1144 705 1328 779 (955);
1362 714 1418 761 et
1460 704 1608 760 illam
1638 719 1760 775 quae
1784 707 1852 759 ad
1893 704 2117 761 missam

526 797 782 864 canitur;
830 806 885 853 et
930 796 1077 852 illam
1126 797 1299 851 sancti
1352 795 1663 863 Athanasii,
1691 810 1812 867 qua:
1855 795 1929 851 ita
1979 795 2118 859 inci-

524 893 607 962 pit
638 877 1017 961 {Quicumque
1064 888 1173 944 uult
1223 887 1400 944 salvus
1445 904 1575 943 esse.
1624 887 1948 957 Quicunque
1998 886 2117 943 vult

523 998 659 1053 ergo
680 980 935 1036 sacerdos
963 980 1017 1034 in
1050 988 1234 1034 nostra
1262 978 1523 1049 parochia
1552 993 1694 1067 esse,
1733 986 1827 1034 aut
1860 978 2001 1046 ﬁeri,
2023 988 2118 1034 aut

524 1087 867 1143 permanere,
899 1071 1047 1144 (9'56)
1065 1072 1185 1128 illas
1210 1081 1322 1128 tres
1349 1069 1600 1144 [subaudi
1626 1071 1782 1144 ﬁdes]
1803 1072 2118 1128 memoriter

527 1162 924 1229 nobisrecitet,
954 1178 1074 1218 cum
1105 1162 1353 1234 proxime
1379 1177 1409 1217 a
1436 1161 1595 1219 nobis
1624 1161 1731 1218 huc
1758 1169 1979 1217 vocatus
2002 1159 2117 1218 fue-

526 1254 618 1308 rit.

595 1345 651 1397 2.
678 1342 870 1400 Moneo
897 1344 1062 1400 etiam
1088 1359 1186 1402 vos
1215 1344 1282 1400 de
1304 1343 1391 1400 die
1417 1343 1721 1411 Dominico,
1746 1352 1807 1399 ut
1844 1343 2112 1416 cogitetis,

529 1442 622 1489 aut
671 1435 716 1491 si
748 1437 990 1507 cogitare
1033 1436 1280 1503 nescitis,
1313 1435 1678 1506 interrogetis,
1710 1450 1879 1506 quare
1907 1435 2116 1491 ita-vo-

527 1535 683 1580 cetur
722 1540 739 1581 :
777 1540 879 1589 usu
927 1524 1071 1582 enim
1124 1526 1446 1597 quotidiano
1500 1525 1620 1582 illas
1675 1540 1764 1582 res
1802 1526 2116 1583 Dominicas

476 1656 481 1663 .
528 1617 785 1693 dicimus,
815 1631 936 1689 qua:
960 1618 1180 1689 proprie
1204 1618 1271 1673 ad
1296 1618 1546 1674 dominos
1574 1619 1853 1690 pertinent
1875 1618 2112 1674 illarum.

529 1709 607 1763 Eo
631 1711 814 1782 itaque
840 1722 1003 1766 sensu
1029 1710 1310 1766 Dominica
1340 1711 1541 1765 dicitur
1557 1711 1695 1778 dies,
1728 1709 1871 1782 quod
1895 1710 2115 1782 proprie

2184 513 2484 578 'Rubrum,
2516 513 2616 569 hoc
2662 524 2764 581 est,
2798 516 3124 587 baptismum
3163 519 3424 587 sanguine
3463 518 3680 577 Domini
3719 542 3810 579 ru—

2216 604 2411 671 hcum,
2445 620 2541 675 per
2570 606 2842 662 desertum
2882 608 3164 677 praesentis
3193 610 3316 664 vita:
3349 608 3552 676 educti,
3604 614 3673 666 ad
3706 624 3811 669 ter-

2219 718 2335 758 ram
2362 696 2815 773 repromissionis,
2850 705 2902 760 id
2925 714 3027 772 est,
3056 706 3220 761 vitam
3241 716 3501 762 aeternam
3526 712 3813 778 pervenire

2216 810 2520 867 possemus.
2554 794 2731 850 Habes
2769 795 2998 860 Pascha,
3030 797 3083 851 id
3126 807 3212 852 est
3254 799 3543 854 transitum
3573 803 3807 867 bonum;

2222 890 2391 945 habes
2413 888 2623 960 Agnum
2678 902 2777 957 pro
2826 897 2878 943 te
2920 889 3193 953 occisum;
3240 890 3485 946 transisti
3521 908 3673 947 mare
3703 892 3815 947 Ru-

2223 980 2405 1046 brum,
2454 978 2704 1050 graderis
2748 995 2844 1048 per
2888 978 3184 1035 desertum.
3230 979 3365 1034 Vide
3391 996 3499 1048 quo
3525 982 3813 1051 graderis?

2219 1070 2387 1128 Stude
2445 1079 2503 1124 ut
2537 1069 2686 1141 (940)
2714 1070 3020 1140 pervenias,
3047 1087 3154 1141 quo
3197 1072 3387 1126 venire
3428 1072 3526 1128 tibi
3573 1076 3813 1145 expedit.

2218 1163 2428 1220 Labora
2453 1172 2575 1220 etim
2598 1163 2693 1219 Dei
2726 1161 3011 1232 adjutorio,
3043 1178 3109 1218 ne
3143 1173 3237 1219 aut
3275 1164 3326 1219 in
3359 1163 3657 1237 Egyptum
3691 1169 3813 1223 red-

2217 1246 2347 1325 eas;
2382 1268 2476 1313 aut
2502 1258 2554 1313 in
2577 1258 2795 1313 deserto
2829 1272 3041 1328 pereas,
3061 1259 3155 1314 sed
3182 1257 3247 1312 ad
3274 1260 3506 1329 patriam
3533 1261 3817 1316 cmlestem

2217 1351 2527 1423 pervenias.
2579 1349 2634 1405 lu
2673 1349 2962 1422 Egyptum
2992 1365 3121 1405 vero
3151 1360 3202 1405 te
3232 1351 3411 1405 redire
3447 1367 3743 1420 cognosce,
3768 1354 3817 1408 si

2217 1448 2520 1511 peccatum,
2572 1441 2716 1512 quod
2746 1440 3056 1507 deseruisti,
3084 1442 3368 1512 praesumis
3402 1453 3681 1513 repetere.
3708 1444 3809 1498 Pe-

2221 1534 2296 1589 ris
2336 1548 2468 1589 vero
2515 1532 2569 1588 in
2596 1532 2831 1600 deserto,
2861 1531 2905 1589 si
2949 1549 3055 1589 non
3096 1550 3414 1604 perseveras
3444 1536 3497 1590 in
3534 1535 3725 1592 labore
3763 1548 3820 1594 et

2218 1636 2385 1694 opere
2410 1623 2573 1678 bono.

2288 1716 2344 1770 '5.
2379 1714 2485 1771 Sed
2515 1716 2802 1771 redeamus
2827 1716 2894 1772 ad
2926 1715 3242 1787 Apostolum
3273 1734 3287 1773 :
3329 1716 3537 1772 Pascha
3559 1759 3575 1783 ,
3607 1718 3813 1790 inquit,

529 1800 598 1855 ad
621 1799 933 1867 Dominum,
956 1800 1010 1856 id
1034 1809 1117 1857 est
1143 1799 1328 1858 Jesutn
1355 1801 1632 1858 Christum
1660 1804 1950 1874 pertineat.
1976 1804 2111 1859 Cum
2144 1796 2188 1856 B
2218 1806 2427 1864 Pascha
2456 1816 2692 1862 nostrum
2716 1807 3018 1864 immolatus
3043 1817 3118 1863 est
3149 1806 3410 1863 Christus.
3437 1808 3637 1865 Postea
3662 1827 3678 1864 :
3704 1809 3823 1865 Ita-

528 1904 662 1946 vero
679 1905 872 1948 omnes
898 1892 1016 1948 dies
1040 1891 1214 1963 ipsius
1237 1893 1369 1959 sint,
1393 1893 1535 1949 sicut
1555 1902 1610 1948 et
1639 1894 1820 1949 omnia
1849 1910 1968 1964 quae
1991 1902 2117 1950 sunt

528 1982 585 2037 iu
615 1981 772 2047 coelo,
802 1988 859 2037 et
887 1982 940 2037 in
968 1990 1135 2048 terra,
1164 1991 1220 2038 et
1245 1983 1298 2038 in
1326 1984 1486 2051 mari,
1514 1992 1571 2039 et
1597 1984 1649 2039 in
1678 1985 1929 2041 omnibus
1952 1985 2114 2056 abys-

532 2073 608 2128 sis
631 2071 803 2143 (Psal.
826 2090 1049 2141 cxvxrv,
1079 2073 1170 2148 6);
1203 2075 1585 2145 inquirendum
1616 2092 1783 2147 quare
1810 2078 1909 2133 ista
1941 2077 2114 2134 solum

529 2165 745 2221 dicatur
791 2165 938 2221 illius
966 2181 1109 2222 esse.
1141 2164 1408 2222 Nimirum
1444 2167 1569 2237 quia
1619 2168 1734 2238 ipse
1784 2167 1837 2222 in
1877 2183 1938 2222 ea
1967 2168 2114 2238 (957)

530 2255 850 2311 resurrexit.
883 2254 992 2311 Sed
1030 2255 1083 2310 in
1116 2255 1314 2327 quibus
1352 2255 1609 2312 Kalendis
1641 2256 1888 2328 [subaudi
1930 2272 2114 2314 resur-

498 2372 501 2377 ‹
528 2346 754 2420 rexerit]
779 2363 884 2405 non
909 2364 1099 2417 cures;
1120 2349 1187 2405 de
1204 2349 1292 2405 die
1320 2348 1660 2406 solummodo
1686 2351 1884 2422 cogita.
1914 2350 2115 2418 Quinta

526 2440 663 2503 feria
691 2451 814 2512 post
860 2454 1146 2513 vesperum
1189 2450 1275 2498 est
1310 2432 1575 2508 traditus,
1606 2450 1758 2497 sexta
1799 2441 2115 2509 cruciﬁxus,

528 2532 757 2605 septima
805 2533 1013 2605 quievit
1054 2533 1107 2588 in
1164 2533 1436 2604 sepulcro,
1482 2542 1680 2590 octava
1740 2534 2041 2589 resurrexit
2086 2549 2116 2588 a

536 2624 787 2688 mortuis,
819 2633 875 2679 et
911 2625 1053 2681 inter
1077 2624 1309 2681 duorum
1337 2626 1547 2682 dierum
1576 2636 1807 2696 partem,
1838 2628 1952 2683 sive
1978 2627 2118 2683 inte-

524 2713 786 2782 gritatem
843 2713 1129 2779 noctium,
1187 2713 1369 2770 triduo
1423 2714 1571 2786 (958)
1621 2724 1683 2770 ιιι
1747 2717 2114 2787 promiserat,

529 2803 689 2875 41],
714 2805 877 2871 facto,
900 2822 931 2860 a
955 2805 1131 2870 corde,
1159 2805 1213 2862 id
1239 2816 1324 2863 est
1350 2807 1699 2863 interioribus
1721 2818 1875 2862 terra:
1897 2806 2115 2879 (Matth.

533 2910 640 2962 xu,
676 2895 767 2966 40)
800 2896 867 2953 ad
908 2897 1195 2968 Apostolos
1248 2898 1423 2954 rediit.
1456 2897 1594 2955 lliuc
1623 2898 1737 2970 ipsa
1763 2909 1976 2966 octava,
2006 2899 2120 2955 sive

529 2987 705 3060 prima
746 2990 880 3046 feria
924 2990 1045 3048 dies
1088 3000 1314 3048 vocatur
1354 2992 1666 3059 Dominica;
1714 2992 1851 3048 etin
1879 3007 2121 3062 quocun-

532 3099 640 3153 que
674 3081 1035 3139 Kalendarum
1060 3083 1149 3140 die
1174 3083 1411 3150 eveniat,
1444 3098 1657 3154 semper
1693 3090 1779 3139 est
1807 3082 2035 3150 Pascha,
2066 3083 2120 3138 id

2223 1915 2324 1972 que
2359 1898 2653 1969 epulamur.
2687 1897 2856 1954 Putas
2883 1899 3026 1969 quod
3054 1899 3200 1956 dicat
3229 1919 3242 1954 :
3271 1900 3519 1970 Crapulae.
3558 1911 3615 1956 et
3642 1903 3818 1957 ebrie-

2225 1991 2320 2046 tati
2345 1990 2637 2046 vacemus?
2670 1988 3062 2061 Nequaquam;
3095 1991 3341 2062 sequitur
3362 1992 3506 2047 enim
3552 2009 3567 2048 :
3606 1993 3734 2047 Non
3766 1996 3821 2047 in

2223 2081 2476 2153 fermento
2505 2080 2682 2146 veteri,
2729 2079 2784 2136 id
2813 2088 2896 2137 est
2924 2079 3198 2137 inﬂatione
3232 2083 3462 2144 ventris,
3491 2083 3585 2145 vel
3604 2092 3825 2138 tumore

2223 2172 2520 2229 anterioris
2567 2173 2816 2242 peccati,
2847 2181 2942 2228 aut
2981 2171 3174 2228 affectu
3203 2173 3271 2228 ad
3304 2182 3581 2229 transacta
3611 2174 3824 2230 scelera

2224 2264 2509 2330 redeundi,
2539 2263 2621 2319 vel
2666 2263 2769 2319 alia
2795 2265 3143 2335 perpetrandi
3179 2280 3191 2315 :
3230 2263 3415 2335 Neque
3457 2264 3512 2318 in
3558 2263 3822 2333 fermento

2224 2354 2446 2409 malitia:
2471 2364 2520 2408 et
2554 2354 2829 2425 nequitiaz;
2860 2354 2951 2408 sed
2995 2353 3048 2407 in
3077 2353 3276 2423 azymis
3311 2354 3633 2408 sinceritatis
3661 2363 3707 2407 et
3736 2370 3822 2407 rc-

2224 2445 2396 2499 ritatis
2428 2443 2614 2517 (lbid.,
2646 2443 2726 2516 8).
2764 2444 2816 2499 id
2864 2451 2971 2511 est,
3006 2444 3146 2499 utin
3174 2458 3337 2514 Opere
3372 2441 3527 2511 justi,
3563 2443 3616 2497 in
3656 2443 3813 2512 cogi-

2223 2535 2430 2590 tatione
2468 2534 2763 2606 simplices,
2788 2534 2840 2591 in
2881 2548 3132 2591 sermone
3169 2535 3338 2589 simus
3359 2549 3609 2589 veraces.
3631 2534 3829 2601 Quan—

2224 2625 2330 2681 do?
2358 2624 2518 2681 Omni
2552 2633 2795 2696 tempore
2824 2641 2838 2678 :
2865 2625 3135 2696 praecipue
3177 2639 3309 2685 vero
3358 2623 3411 2677 in
3441 2624 3688 2694 paschali
3731 2638 3827 2677 so—

2224 2716 2524 2782 lemnitate,
2561 2717 2664 2771 hoc
2698 2724 2784 2771 est
2811 2715 3268 2785 omnipominica
3299 2714 3427 2768 anui
3471 2714 3672 2785 integri
3704 2714 3817 2769 die.

2226 2808 2282 2865 Si
2314 2809 2457 2864 enim
2507 2808 2786 2863 Dominica
2832 2815 2916 2864 est
2951 2806 3191 2872 Domini,
3233 2806 3420 2875 utique
3471 2820 3579 2861 non
3629 2814 3831 2860 nostra

2224 2897 2340 2953 dies
2369 2906 2452 2954 est
2481 2915 2494 2950 :
2526 2895 2584 2952 Si
2610 2896 2823 2952 Domini
2865 2905 2966 2962 est,
3000 2896 3315 2951 reverentia
3361 2895 3572 2951 Domini
3602 2904 3688 2949 est
3724 2895 3829 2949 ho-

2226 2991 2488 3046 noranda.
2529 2988 2638 3046 Sed
2681 2987 2834 3058 cujus
2876 2989 3120 3045 domini?
3149 2988 3379 3051 Revera,
3422 2989 3513 3058 qui
3555 3003 3657 3042 nos
3695 3003 3823 3042 cum

2229 3099 2333 3139 non
2380 3098 2626 3139 essemus
2669 3082 2837 3149 fecit;
2868 3082 2958 3154 qui
3003 3098 3102 3138 nos
3147 3097 3270 3137 cum
3302 3082 3497 3152 perditi
3525 3068 3828 3143 fuissemus

535 3185 645 3241 est,
690 3176 944 3230 transitus
992 3173 1207 3230 Domini
1248 3174 1316 3232 de
1357 3183 1531 3231 morte
1578 3174 1644 3229 ad
1700 3175 1887 3241 vitam,
1916 3185 1971 3231 et
2019 3190 2126 3230 uno
2154 3160 2199 3223 C
2232 3174 2454 3243 refecit;
2488 3175 2580 3245 qui
2610 3189 2707 3230 nos
2727 3174 3148 3246 gubernat,alit,
3178 3174 3374 3237 nutrit,
3403 3171 3695 3235 defendit;
3724 3174 3826 3242 qui

534 3268 716 3333 modo,
749 3266 1007 3338 quidquid
1027 3267 1339 3334 manduces,
1361 3266 1447 3322 vel
1471 3267 1644 3333 bibas,
1669 3266 2123 3323 estobservanda.

538 3352 693 3413 Unde
705 3364 884 3412 autem
900 3357 1237 3413 observanda
1250 3357 1273 3411 ?
1286 3357 1368 3413 Ab
1382 3372 1546 3428 opere
1561 3358 1764 3413 servili.
1782 3357 1932 3425 Quod
1947 3366 2127 3412 autem

542 3457 626 3505 est
650 3463 785 3520 opus
813 3448 1045 3508 servile?
1066 3448 1354 3505 Peccatum
1378 3464 1390 3502 :
1411 3449 1506 3520 qui
1526 3450 1670 3504 enim
1687 3459 1899 3520 peccat,
1915 3449 2128 3506 diabolo

533 3540 721 3596 servit.
739 3538 796 3596 Si
811 3554 941 3613 ergo
962 3541 1110 3596 omni
1131 3541 1217 3597 die
1235 3540 1517 3597 Dominico
1536 3552 1618 3597 est
1638 3541 1867 3607 Pascha,
1886 3556 2129 3613 quaeren—

533 3636 660 3691 dum
674 3633 803 3705 quid
825 3634 980 3691 nobis
995 3633 1300 3690 faciendum
1315 3634 1369 3689 in
1382 3649 1467 3691 ea.
1482 3634 1774 3705 Apostolus
1797 3634 1940 3689 dicat
1973 3652 1986 3688 :
2016 3631 2127 3688 Pa-

534 3724 685 3788 scha,
707 3723 914 3791 inquit,
948 3720 1158 3777 Pascha
1193 3733 1427 3779 nostrum
1457 3721 1758 3777 immolatus
1783 3733 1857 3777 est
1888 3720 2128 3777 Christus

538 3813 591 3884 (ι
618 3811 738 3868 Cor.
769 3829 823 3877 v,
847 3812 924 3883 Ἰ).
956 3812 1136 3881 Quare
1187 3812 1394 3869 Pascha
1436 3822 1521 3869 est
1552 3812 1838 3869 Christus?
1875 3813 2000 3884 quia
2031 3813 2130 3868 im-

535 3904 771 3961 molatus
803 3896 1112 3978 (939mm
1146 3905 1502 3961 immolatus?
1526 3916 1586 3961 ut
1623 3922 1722 3977 pro
1768 3906 1924 3963 nobis
1947 3918 2128 3962 more-

442 3984 445 3987 λ
537 4007 706 4053 retur.
741 3996 896 4053 Sicut
938 3996 1127 4066 utique
1161 4006 1320 4052 antea
1352 3995 1453 4065 ,ille
1500 3996 1902 4063 immolabatur,
1951 3996 2126 4067 cujus,

537 4088 801 4162 sanguine
823 4088 1136 4144 liberandus
1156 4087 1224 4143 ab
1252 4086 1490 4159 Egypto
1505 4087 1735 4158 populus
1758 4087 2093 4159 purgabatur
2111 4130 2126 4155 ,

539 4182 615 4237 ita
642 4193 770 4250 ergo
798 4187 854 4235 et
879 4178 984 4234 iste
1007 4187 1300 4250 propterea
1326 4186 1413 4234 est
1435 4177 1770 4246 immolatus,
1793 4187 1855 4233 ut
1880 4194 2125 4253 morere-

542 4283 653 4336 tur,
686 4277 970 4341 propterea
1000 4269 1237 4335 t’tccisus,
1262 4277 1322 4324 ut
1350 4285 1451 4326 nos
1478 4283 1578 4344 per
1606 4270 1925 4340 sanguinem
1957 4270 2127 4341 ipsius

546 4379 578 4418 a
610 4356 885 4433 vastatore
929 4360 1116 4416 mundi
1166 4360 1375 4432 angelo,
1410 4360 1464 4416 id
1493 4368 1579 4416 est
1619 4359 1857 4428 diabolo,
1888 4359 2125 4430 liberati,

552 4508 557 4511 ‘
618 4492 769 4566 (935)
798 4493 1235 4566 llinc‘suspicari
1263 4493 1414 4561 licet,
1451 4495 1509 4550 in
1544 4494 1844 4552 Veronensi
1880 4494 2120 4566 Ecclesia

540 4563 908 4638 apustolorum
928 4563 1244 4638 Symbolum
1273 4566 1505 4638 aliquam
1528 4566 1857 4621 additionem
1884 4563 2118 4638 recepis-

541 4635 624 4708 se,
646 4636 725 4691 uti
754 4635 986 4708 alicubi,
997 4646 1053 4692 et
1080 4638 1139 4703 in
1168 4635 1500 4708 Aquileiensi
1531 4638 1832 4708 praesertim
1857 4635 2127 4708 metropo-

543 4694 713 4763 litana
735 4694 973 4777 ecclesia
1005 4694 1727 4777 accidit.'Ejusmodi'autem
1758 4694 2124 4776 additamenta

540 4792 665 4833 cum
686 4792 716 4830 a
732 4774 989 4847 Ratherio
1018 4790 1125 4847 non
1158 4774 1542 4847 probarentur,
1565 4780 1629 4833 ad
1657 4777 1915 4847 psalteria
1935 4774 2124 4833 corrc—

541 4858 629 4904 cta
676 4846 910 4913 remisit,
941 4846 996 4902 in
1020 4846 1219 4918 quibus
1264 4847 1406 4906 idem
1447 4846 1763 4923 Symbolum
1791 4850 2124 4920 descriptum

541 4927 680 4975 erat.
734 4941 740 4948 '
888 4976 891 4977 ν
969 4975 973 4978 ,
1282 4972 1287 4975 ,

613 4986 760 5070 (θξιί)
783 4985 940 5069 Vulg.
967 4987 1061 5070 illa
1091 4987 1686 5070 fratres._Corresimus
1716 5004 1822 5070 non
1852 4988 2023 5070 solum
2051 5006 2118 5070 est

486 5062 500 5079 ‘
543 5058 644 5112 ms.
672 5058 1022 5130 Frisiugeusi,
1038 5058 1226 5130 verum
1247 5061 1410 5130 etiam
1428 5075 1494 5114 ex
1509 5058 1795 5114 Itinerario
1816 5076 1965 5115 num.
1985 5061 2037 5124 6,
2065 5060 2117 5114 in'

543 5144 661 5197 quo
677 5128 779 5183 hoc
807 5126 1039 5198 primum
1060 5126 1651 5199 Synodicte‘capitulum
1676 5130 1954 5185 recitatur.
1985 5130 2118 5185 Dein

539 5200 777 5279 proxime
792 5214 858 5252 ex
880 5199 1067 5254 eodem
1088 5199 1374 5254 Itinerorio
1394 5199 1827 5255 emendavimus:
1845 5200 2121 5271 legebatur

540 5281 803 5334 proximo.
828 5294 831 5297 -
1342 5294 1343 5297 η

2230 3267 2399 3322 vitam
2433 3276 2703 3332 nostram,
2742 3280 3025 3336 quousque
3070 3265 3146 3321 illi
3191 3264 3478 3335 placuerit,
3516 3262 3607 3317 hic
3636 3264 3823 3317 couti-

2230 3369 2353 3428 net;
2386 3376 2508 3416 cum
2536 3360 2789 3426 voluerit,
2835 3375 2955 3415 eam
2983 3358 3390 3441 hinc'mutabit,
3424 3367 3479 3412 et
3503 3366 3600 3411 aut
3631 3357 3828 3411 melio-

2230 3467 2345 3507 rem
2369 3465 2468 3520 pro
2494 3451 2850 3516 meritis,,aut
2877 3451 3069 3507 reddet
3105 3449 3342 3522 pejorem
3376 3467 3399 3504 τη
3428 3462 3711 3521 postremo
3733 3451 3825 3515 qui

2230 3558 2330 3599 nos
2362 3542 2656 3613 judicabit,
2687 3551 2743 3597 et
2770 3552 2862 3597 aut
2894 3542 2948 3597 in
2980 3540 3192 3598 inferno
3224 3542 3340 3597 sine
3372 3540 3478 3596 ﬁne
3516 3542 3823 3601 damnabit,

2230 3642 2324 3688 aut
2352 3634 2404 3688 in
2429 3632 2568 3690 ctelo
2595 3632 2925 3690 teternaliter
2953 3634 3255 3690 coronabit.
3284 3633 3432 3688 Talis
3457 3631 3625 3705 412
3654 3634 3824 3700 igitur

2230 3739 2295 3780 ac
2332 3732 2498 3779 tantae
2540 3724 2831 3795 potestatis
2878 3723 3093 3779 Domini
3141 3740 3264 3779 cum
3310 3724 3426 3779 bzec
3478 3724 3549 3778 sit
3601 3723 3826 3793 proprie

2230 3816 2365 3883 dies,
2397 3816 2721 3879 honoretur,
2753 3824 2812 3871 ut
2851 3830 2973 3871 eam
3023 3831 3124 3888 pro
3151 3816 3401 3871 decentia
3430 3814 3567 3869 tanti
3603 3814 3822 3868 Domini

2231 3907 2407 3963 decet.
2440 3906 2713 3962 Houorari
2749 3920 2879 3961 vero
2907 3905 3055 3962 nullo
3088 3906 3250 3961 modo
3281 3904 3385 3960 nisi
3433 3902 3823 3959 ordinabiliter

2229 3996 2394 4052 valet.
2446 3996 2563 4052 Nisi
2615 3997 2758 4052 enim
2806 4011 3102 4066 parasceve
3155 3995 3455 4052 Sabbatum
3504 3995 3822 4057 antecedat,

2233 4087 2534 4146 Sabbatum
2562 4086 2703 4144 diem
2739 4087 3106 4154 Dominicam;
3146 4087 3261 4143 dies
3292 4102 3399 4143 non
3428 4095 3513 4142 est
3542 4085 3823 4141 ullatenus

2230 4182 2531 4241 Dominica.
2898 4205 2903 4209 ο
2968 4216 2974 4222 ς

2299 4272 2355 4327 4.
2395 4273 2534 4342 Quid
2579 4282 2760 4333 autem
2786 4281 2869 4329 est
2914 4271 3248 4343 parasceve?
3275 4271 3570 4343 Apostolus
3602 4271 3756 4328 dicat
3795 4289 3812 4329 :

2231 4364 2424 4421 Probet
2464 4374 2659 4434 autem,
2685 4365 2782 4432 ait,
2824 4364 3053 4435 seipsum
3077 4364 3253 4431 homo,
3284 4373 3332 4418 et
3357 4364 3435 4418 sic
3457 4362 3523 4416 de
3551 4377 3692 4436 parte
3717 4362 3809 4429 illo

2232 4512 2320 4558 tur
2348 4502 2551 4561 mensis
2591 4502 2734 4557 diem
2778 4501 3030 4557 inciderit
3078 4499 3377 4563 Dominica,
3425 4513 3531 4566 qua
3554 4496 3819 4553 .Christus

2229 4574 2547 4640 resurrexit,
2598 4572 2822 4629 minime
2870 4572 3169 4628 curandum
3227 4569 3521 4625 Ratherius
3581 4583 3819 4640 pronun-

2230 4645 2349 4701 tiat.
3798 4686 3799 4693 η

2306 4713 2456 4797 (958)
2487 4714 2691 4797 ΥιιιεηΔ
2713 4726 2759 4769 et
2795 4711 3409 4797 intenduorum‘dielrum
3424 4720 3674 4797 fortem,
3699 4711 3818 4797 giae

2225 4777 2384 4839 trium
2422 4777 2774 4850 integritatem
2805 4784 3057 4849 noctium,
3086 4782 3167 4836 'vel
3193 4779 3505 4850 triduo._Ex
3541 4795 3645 4833 ius.
3674 4777 3815 4850 Fri—

2231 4854 2471 4924 singensi
2517 4849 2825 4910 descvimus
2848 4858 3030 4919 trium,
3055 4861 3109 4906 et
3126 4851 3217 4924 rel
3239 4860 3365 4924 ante
3390 4863 3580 4924 vocem
3611 4849 3811 4907 triduo.

2229 4919 2527 4981 ubitamen
2552 4924 2629 4981 vel
2651 4923 2999 4994 praemittitur
3019 4923 3137 4980 voci
3158 4922 3411 4994 noctium.
3437 4919 3496 4978 Si
3517 4929 3812 4994 auternvax

2227 4996 2392 5052 trium
2421 5003 2566 5050 esset
2607 4990 2912 5055 retinenda,
2940 4992 3244 5065 legeremus
3270 4992 3529 5065 libentius
3562 5000 3651 5043 :et
3673 4990 3811 5065 inter

2226 5067 2385 5121 trium
2400 5066 2600 5120 dierum
2613 5075 2833 5128 partem,
2846 5065 2951 5118 sive
2962 5060 3191 5117 duarum
3203 5061 3548 5132 integritatem
3564 5060 3812 5119 noctium,

2224 5136 2424 5200 triduo,
2445 5146 2550 5192 etc;
2581 5134 2707 5189 Mox'
2739 5134 3228 5197 rediit,‘et'erenia‘t
3277 5132 3694 5201 scripsimusex
3723 5143 3814 5182 en-

2222 5208 2349 5262 dem
2374 5222 2475 5262 tus.
2509 5204 2770 5277 Frisiug.,
2799 5220 2923 5261 cum
2956 5204 3010 5259 in
3032 5202 3178 5274 vulg.
3200 5210 3349 5260 esset
3367 5200 3527 5267 redit,
3554 5210 3611 5254 et
3635 5208 3810 5253 evene-

2226 5279 2317 5330 rit.
2632 5291 2635 5295 ‘
3144 5304 3149 5310 ι
