4044 5348
229 319 332 378 ῢῗέῒ

1249 304 1591 379 montes
1635 322 1725 376 AD
1764 320 2286 388 pussnvrenos,
2332 320 2482 376 mc.
2543 320 2552 328 ’

3399 326 3516 380 538‘

232 445 373 503 tdal.
402 449 449 493 ει
489 436 554 490 de
583 434 744 489 calice
776 435 916 488 bibat
943 431 999 504 ,(l
1029 432 1154 487 Cor.
1204 445 1279 496 tu,
1310 432 1428 502 9.8).
1475 430 1592 498 Quo
1629 431 1812 500 pane?
1840 436 1885 494 Α
1918 431 2087 500 ipsam
2112 447 2329 486 carnem
2349 431 2429 485 vel
2445 430 2762 500 sanguinem
2787 441 3004 487 ructant
3024 434 3181 504 agni?
3204 435 3304 502 Qui
3325 435 3507 490 litibus

235 531 335 600 Qui
382 529 460 584 ait
503 543 519 582 :
555 525 667 598 Ego
694 543 808 580 sum
839 527 990 596 panis
1019 527 1182 588 rivus,
1212 526 1301 594 qni
1328 525 1392 578 de
1420 524 1545 577 ctelo
1571 521 1816 577 descendi

236 622 417 692 (Joan.
446 636 528 685 vt,
557 618 673 688 41).
712 617 788 673 De
817 632 926 686 quo
955 616 1161 671 calice?
1187 614 1344 670 Catia:
1381 625 1502 692 tuas
1547 614 1815 667 inebrians

234 685 386 785 quani
408 685 700 782 praeclarus
723 719 796 762 est
816 685 1037 777 !7(Psal.
1065 723 1202 771 xx",
1234 707 1310 776 5.)
1342 685 1541 770 itlhest,
1567 705 1817 760 Christus
1849 691 1852 694 i

237 820 330 862 suo
372 819 472 859 nos
519 801 784 873 sanguine
830 801 1066 864 satiatis;
1116 814 1278 869 quam
1327 797 1585 868 pulcher,
1616 796 1670 850 id
1709 803 1812 860 est,

237 896 492 965 speciosus
519 894 692 962 forma
722 908 832 962 prae
857 890 983 959 ﬁliis
1015 890 1328 944 hominum!
1361 887 1532 960 (Psal.
1563 902 1710 951 xuv,
1735 884 1814 956 5.)

1917 520 2080 592 413
2110 523 2381 577 continuis
2416 533 2767 591 occupantur,
2817 525 2907 593 qui
2951 525 3206 594 cupitlitia
3249 537 3504 593 testuant,

1919 613 2010 683 qui
2058 613 2256 666 invidia
2299 612 2381 666 vel
2421 614 2544 668 odio
2581 613 2883 680 tabescunt,
2914 616 3005 685 qui
3047 617 3149 682 his,
3179 633 3316 687 quos
3351 628 3409 673 ut
3448 633 3508 674 se

1920 703 2142 772 diligere
2185 703 2524 767 debuerant,
2568 703 2942 774 deceptionum
3009 706 3229 776 laqueos
3289 709 3508 764 tendere

1917 791 2224 846 nullatenus
2270 793 2523 847 cessant?
2566 792 2792 860 Quando
2823 795 3006 849 talium
3052 797 3175 866 quis
3216 813 3507 865 parasceve

1912 882 2026 952 jam
2053 883 2278 947 dictum,
2306 883 2388 938 vel
2417 883 2711 939 Sabbatum
2743 886 2906 942 fecit?
2947 888 3135 944 Timeo
3182 890 3248 944 de
3289 888 3506 956 talibus,

235 986 328 1054 Qui
374 1000 508 1056 ergo
558 982 737 1054 panis,
787 983 902 1053 ipse
943 991 1027 1037 est
1066 996 1271 1053 agnus;
1321 981 1414 1051 qui
1470 995 1661 1050 agnus,
1701 978 1818 1049 ipse
1917 983 1973 1028 et
1997 975 2203 1030 utinam
2231 976 2468 1052 non_mei
2499 977 2784 1044 similibus,
2837 994 2904 1034 ne
2949 980 3076 1034 dum
3110 991 3302 1050 putant
3329 998 3387 1036 se
3417 999 3512 1037 co-

236 1078 502 1142 Christus,
525 1077 616 1147 qui
646 1075 915 1139 Christus,
942 1076 1056 1144 ipse
1084 1083 1167 1129 est
1193 1073 1433 1138 Pascha;
1458 1073 1550 1143 qui
1576 1071 1814 1134 Pascha,

238 1169 342 1238 ipse
382 1184 486 1238 pro
530 1169 687 1224 nobis
732 1167 1068 1222 immolatus.
1096 1165 1214 1236 Ipse
1234 1175 1318 1220 est
1347 1165 1481 1229 dies,
1511 1178 1674 1234 quam
1707 1177 1813 1217 non

236 1259 522 1329 operando,
540 1258 636 1313 sed
657 1255 926 1330 gignendo
950 1255 1349 1311 coaeternaliter
1374 1254 1502 1309 fecit
1529 1253 1812 1316 Dominus,

237 1349 562 1404 exsultemus
587 1359 643 1404 et
681 1357 925 1403 metemur
955 1347 1006 1402 in
1043 1363 1105 1401 ea
1149 1346 1322 1418 (Psal.
1354 1361 1527 1410 cxvu,
1555 1344 1669 1413 Ἡ).
1696 1343 1815 1413 Ipse

235 1450 330 1506 est,
360 1442 606 1510 inquam,
635 1441 771 1505 dies,
804 1440 918 1509 ipse
947 1439 1227 1503 Dominus,
1259 1439 1414 1508 cujus
1437 1437 1538 1491 ista
1567 1445 1651 1491 est
1674 1436 1807 1490 dies.

237 1531 306 1586 De
348 1531 589 1586 Sabbato
640 1531 781 1586 illius
826 1531 956 1600 quid
1007 1529 1276 1585 facimus?
1313 1526 1537 1592 Vacate,
1589 1526 1668 1580 ait
1715 1541 1814 1595 per

235 1621 566 1679 Psalmistam
601 1623 880 1686 Dominus,
909 1632 956 1676 et
985 1623 1150 1676 videte
1171 1662 1184 1686 ,
1217 1622 1343 1691 quia
1387 1636 1480 1689 ego
1520 1635 1638 1671 sum
1673 1616 1811 1671 Deus

235 1714 399 1784 (Psal.
445 1729 575 1779 XLV,
602 1714 712 1782 Η).
752 1712 1049 1768 Sabbatum
1075 1727 1205 1766 vero
1229 1711 1444 1765 vacatio
1473 1709 1694 1772 dicitur,
1729 1707 1811 1761 vel

1917 1067 2134 1121 medere
2161 1083 2380 1138 agnum,
2425 1069 2712 1124 comedunt
2744 1071 2921 1141 potius
2963 1073 3195 1138 hircum,
3223 1084 3276 1130 et
3303 1075 3506 1128 utinam

1918 1173 2022 1212 non
2051 1158 2197 1214 illum
2235 1161 2324 1228 qui
2357 1160 2621 1216 abductus
2661 1161 2825 1216 estin
2864 1164 3132 1218 desertum
3161 1165 3272 1235 (qui
3318 1165 3508 1219 Latine

1915 1249 2066 1321 (945)
2109 1252 2442 1316 emissarius,
2485 1252 2747 1309 Hebraice
2781 1256 3022 1323 hazezel,
3065 1257 3116 1311 id
3141 1266 3246 1324 est,
3280 1259 3508 1312 crudele

1916 1339 2015 1393 Dei
2070 1342 2489 1413 interpretatur;
2538 1359 2701 1415 quem
2756 1347 2847 1416 qui
2897 1347 2948 1402 in
3004 1349 3278 1404 desertum
3330 1352 3510 1406 emisit

1917 1429 2101 1499 (Leuit.
2138 1434 2574 1504 xv't,22),castra
2596 1435 2931 1492 solummodo
2962 1441 3053 1494 Dei
3079 1452 3281 1496 nonest
3299 1442 3505 1513 ingredi

1916 1519 2133 1591 dignus,
2173 1524 2274 1578 nisi
2314 1524 2424 1580 loto
2447 1527 2597 1595 prius
2637 1543 2864 1598 corpore
2907 1530 3096 1600 (lbid.,
3122 1533 3235 1604 9.6),
3259 1544 3315 1589 et
3351 1537 3513 1590 vesti:

1915 1609 2018 1665 bus
2041 1612 2335 1684 omnibus),
2364 1617 2458 1670 sed
2491 1617 2702 1672 haedum
2733 1620 2929 1688 potius,
2961 1634 3152 1691 quarta
3184 1625 3390 1680 decima
3418 1629 3510 1695 qui

1917 1698 2004 1755 die
2028 1702 2096 1756 ad
2126 1717 2409 1774 vesperam
2435 1707 2506 1761 ab
2535 1709 2680 1762 omni
2711 1720 2795 1764 est
2832 1712 3028 1781 p0pulo
3063 1714 3392 1772 immolatus.
3419 1715 3512 1770 Va:

235 1808 463 1879 requies,
496 1809 552 1862 id
582 1815 687 1872 εει,
721 1815 780 1862 ιιι
808 1807 1154 1876 quiescamus
1183 1805 1252 1858 ab
1274 1803 1528 1873 operibus
1551 1801 1729 1864 malis,
1761 1809 1815 1854 et
1845 1794 1891 1854 Β
1918 1793 2062 1848 enim
2109 1795 2214 1852 illis
2247 1798 2443 1867 quibus
2491 1810 2700 1856 tantum
2748 1803 2946 1860 bonum
2991 1807 3046 1862 in
3099 1816 3207 1863 tam
3255 1825 3512 1882 magnum

235 1913 477 1954 vacemus
503 1888 704 1954 divinis
731 1897 1026 1968 obsequiis.
1059 1896 1360 1949 Parasceve
1393 1902 1576 1946 autem
1607 1905 1815 1959 praepa-

239 1989 365 2043 ratio
380 1989 599 2052 dicilur,
614 1988 718 2042 hoc
741 1995 844 2051 est,
869 1995 929 2040 ut
951 1998 1317 2055 praeparemus
1339 1980 1585 2036 cordinm
1604 1987 1817 2033 nostro-

239 2094 350 2133 rum
390 2077 704 2134 habitacula
730 2067 962 2132 venturo
990 2076 1056 2129 ad
1093 2090 1193 2129 nos
1215 2088 1311 2142 per
1341 2070 1586 2140 corporis
1611 2077 1666 2122 et
1693 2084 1816 2122 san-

241 2171 404 2240 guinis
425 2171 504 2226 sui
527 2169 891 2225 substantiam
921 2168 1160 2223 Christo.
1189 2167 1244 2221 Si
1271 2180 1400 2234 ergo
1420 2163 1600 2218 omnis
1623 2173 1813 2217 octava

243 2263 349 2317 dies
376 2271 458 2318 est
487 2261 791 2324 Dominica,
825 2259 1105 2314 Dominica
1132 2273 1265 2313 vero
1291 2273 1389 2326 pro
1414 2253 1817 2309 resurrectione

242 2353 440 2408 Domini
463 2353 608 2407 dicta
634 2369 649 2417 ;
677 2351 786 2416 vel,
819 2349 1264 2419 sicut-perlepide
1289 2347 1509 2417 quidam
1545 2343 1818 2398 invenitur

243 2443 446 2509 dixisse,
474 2459 668 2499 omnes
693 2443 817 2512 quia
847 2443 962 2497 dies
994 2441 1256 2496 Dominus
1289 2439 1417 2492 fecit
1445 2435 1672 2506 imperio
1693 2449 1815 2500 suo,

244 2534 564 2590 Dominicum
597 2534 728 2589 fecit
750 2534 973 2603 sangine
999 2547 1116 2596 suo,
1146 2539 1202 2585 et
1223 2529 1494 2586 dedicavit
1525 2528 1676 2599 (9H)
1702 2541 1818 2596 pre-

245 2627 312 2682 tio
334 2642 457 2693 suo;
502 2641 696 2682 omnes
732 2626 844 2680 dies
871 2624 1132 2679 Dominici
1158 2636 1450 2694 parasceve
1470 2621 1555 2673 vel
1580 2619 1818 2674 Sabbato

245 2718 484 2790 indigent.
531 2718 838 2774 Parasceve
867 2725 1072 2782 autem,
1111 2717 1163 2770 id
1198 2723 1284 2770 est
1326 2711 1674 2785 pra-paratio,
1708 2725 1815 2764 non

244 2820 318 2865 est
345 2811 485 2865 aliud
517 2810 624 2864 nisi
665 2811 810 2881 quod
854 2809 1200 2879 protulimus,
1235 2809 1340 2862 hoc
1374 2814 1480 2870 εει,
1514 2815 1574 2859 ιιι
1623 2804 1817 2872 probet

245 2903 462 2973 seipsum
503 2903 690 2965 homo,
727 2903 782 2956 id
812 2911 918 2967 est,
958 2901 1227 2970 disquirat
1253 2897 1406 2966 cujus
1453 2894 1678 2951 allectus
1724 2895 1815 2959 sit,

245 2994 334 3050 hoc
359 2997 520 3058 est,si
556 2997 610 3050 in
638 2995 916 3050 voluntate
938 3011 1060 3049 cum
1089 2995 1180 3048 Dei
1204 2993 1376 3064 gratia
1402 2989 1814 3054 meliorationis,

245 3095 326 3140 aut
353 3087 401 3141 in
425 3086 628 3142 duritia
658 3081 1012 3157 pejorationis
1039 3085 1307 3140 consistit.
1334 3083 1388 3138 Si
1425 3082 1552 3136 illud
1579 3082 1811 3152 primum

1918 1884 2151 1940 vertitur
2204 1888 2427 1953 malum,
2476 1891 2602 1944 dum
2651 1895 2998 1950 comedentes
3051 1899 3240 1968 utique
3290 1911 3525 1956 carnem

1920 1977 2133 2032 Domini
2165 1980 2336 2051 (946),
2369 1992 2425 2036 et
2464 1986 2782 2053 sanguinem
2826 1987 2942 2055 ejus
2982 1991 3228 2047 bibentes
3271 1994 3515 2064 indigne,

1912 2068 2176 2138 judicium
2227 2073 2328 2127 sibi
2376 2075 2706 2130 manducant
2749 2087 2803 2132 et
2841 2081 3050 2136 hilumt.
3099 2083 3216 2149 Vte,
3268 2087 3512 2157 inquam,

1919 2159 2076 2213 nobis
2105 2161 2340 2227 miseris,
2380 2172 2435 2216 et
2475 2164 2668 2218 millies
2706 2182 2802 2220 vre.
2837 2168 2970 2222 Cum
3015 2172 3161 2226 enim
3201 2178 3515 2233 sacerdotes

1919 2263 2025 2302 non
2054 2248 2125 2302 ob
2159 2249 2303 2306 aliud
2357 2265 2634 2318 vocemur,
2670 2255 2772 2310 nisi
2819 2258 2942 2324 quia
2990 2274 3207 2315 sacrum
3243 2265 3514 2320 conficere

1919 2349 1973 2394 et
1995 2341 2127 2396 dare
2142 2341 2338 2411 populo
2366 2343 2657 2407 debemus;
2688 2346 2968 2416 Scriptura
2997 2366 3122 2408 vero
3153 2364 3341 2410 sancta
3367 2357 3514 2412 dicat

1918 2441 2140 2488 econtra
2175 2451 2188 2487 ς
2224 2434 2491 2506 Quidquid
2537 2440 2758 2508 tetigerit
2807 2441 3160 2510 immundum,
3211 2447 3512 2502 immundus

1918 2526 2016 2578 erit
2039 2525 2229 2594 (Num.
2257 2543 2369 2589 xix,
2394 2527 2518 2598 22):
2545 2530 2812 2597 quomodo
2835 2541 3008 2601 potest
3031 2534 3219 2590 saltem
3241 2539 3345 2593 dici
3363 2539 3512 2611 (947)

1918 2615 2119 2684 aliquid
2157 2633 2372 2672 sacrum
2403 2619 2854 2677 immundissimis
2881 2625 3130 2681 manibus
3172 2630 3372 2686 nostris
3399 2641 3512 2686 tra-

1919 2709 2157 2761 ctatum?
2186 2710 2250 2762 Et
2293 2725 2414 2764 cum
2451 2712 2701 2782 Specialis
2743 2725 2927 2772 noster
2965 2719 3156 2775 doctor
3184 2730 3348 2793 atque
3382 2739 3512 2794 pros

1918 2799 2065 2885 visor
2093 2801 2284 2856 beatus
2331 2803 2515 2872 utique
2540 2803 2688 2860 Zeno
2717 2806 2881 2871 dicat,
2919 2809 2968 2862 in
3012 2826 3261 2868 sermone
3303 2815 3511 2885 utique,

1918 2883 2079 2962 quem
2111 2895 2178 2951 de
2203 2897 2360 2963 Juda,
2409 2899 2518 2954 lilio
2559 2899 2749 2963 Jacob,
2781 2913 2834 2957 et
2877 2904 3112 2960 Thamar
3161 2925 3298 2963 nuru
3343 2883 3513 2980 ipsius

1917 2985 2318 3056 elegantissime
2365 2992 2668 3061 composuit
2696 2992 2808 3063 (lib.
2839 3011 2876 3050 tt
2907 3006 3062 3052 tract.
3092 2998 3178 3065 M,
3207 3017 3259 3053 n.
3291 3001 3344 3066 4,
3385 3020 3510 3072 pag.

1920 3082 2044 3145 180,
2086 3083 2170 3135 ed.
2230 3081 2394 3154 Ven),
2431 3086 2574 3153 quod
2617 3087 2858 3141 omnium
2907 3101 3164 3161 corrupte
3216 3094 3512 3150 viventium

246 3179 378 3250 (952)
411 3181 459 3234 in
490 3143 832 3235 conscientia
858 3195 953 3234 sua
989 3179 1214 3243 invenit,
1244 3189 1577 3246 prtesumens
1599 3175 1666 3229 de
1706 3174 1809 3228 mi-
1840 3143 1887 3205 Ο
1918 3172 2164 3227 diabolus
2211 3184 2364 3242 pater
2410 3176 2510 3240 sit;
2561 3179 2689 3245 quid
2736 3178 2878 3233 valet
2925 3143 3170 3250 quodrin
3215 3197 3510 3257 conspectu

243 3271 516 3326 sericordia
534 3270 653 3332 Dei,
678 3285 801 3324 cum
829 3269 1054 3324 lactucis
1070 3269 1374 3339 agrestibus
1390 3265 1585 3337 (Exod.
1617 3282 1712 3330 xu,
1731 3264 1808 3336 8),

243 3359 291 3413 id
332 3371 410 3415 est
456 3361 785 3416 contritione
823 3359 1023 3422 cordis,
1060 3367 1116 3412 et
1160 3357 1541 3412 amaritudinis
1598 3355 1813 3425 gemiti-

244 3450 332 3506 bus
356 3451 523 3524 (945),
539 3453 816 3506 accinctus
834 3451 1054 3505 renibus
1079 3450 1330 3506 comedat
1357 3463 1575 3519 agnum.
1593 3448 1649 3502 Si
1668 3464 1772 3502 non
1792 3465 1806 3499 :

243 3547 450 3600 suadere
474 3562 586 3601 non
614 3545 788 3600 audeo
808 3552 866 3598 ut
902 3543 1098 3608 faciat;
1152 3543 1349 3598 viderit
1403 3542 1632 3612 quisque
1658 3541 1788 3611 quid

245 3645 374 3706 agat.
397 3637 586 3694 Omnis
612 3651 740 3707 ergo
769 3635 884 3690 dies
914 3634 1226 3689 Dominicus
1253 3634 1373 3688 ideo
1403 3641 1486 3688 est
1517 3631 1811 3701 paschalis,

244 3725 355 3794 quia
384 3727 786 3782 resurrectione
828 3724 1038 3778 Domini
1077 3724 1402 3778 decoratus:
1446 3723 1652 3776 Pascha
1681 3737 1813 3776 vero

245 3827 469 3874 nostrum
498 3819 625 3874 ideo
666 3825 754 3872 est
788 3817 1058 3884 Christus,
1084 3816 1212 3886 quia
1242 3831 1342 3886 pro
1369 3815 1524 3870 nobis
1569 3811 1814 3868 immola-

249 3917 346 3966 tus.

306 4001 354 4056 5.
386 3999 544 4058 Omni
569 4015 705 4072 ergo
736 3999 1016 4055 Dominica
1058 3999 1216 4054 nobis
1247 3998 1448 4055 clamat
1475 3999 1764 4070 Apostolus
1795 4017 1808 4053 :

249 4090 414 4162 Itaque
435 4093 728 4163 epulemur,
747 4092 796 4146 id
815 4099 916 4158 est,
933 4107 1150 4146 carnem
1174 4091 1383 4146 Domini
1405 4093 1812 4160 manducemus,

245 4195 296 4239 et
335 4187 648 4257 sanguinem
693 4184 863 4253 ipsius
901 4185 1169 4239 bibamus.
1205 4184 1308 4240 Ubi
1343 4195 1469 4239 sunt
1510 4194 1691 4240 autem
1721 4187 1812 4255 qui

245 4277 466 4346 quotidie
485 4279 707 4332 missam
727 4275 1023 4338 celebrant,
1039 4275 1277 4345 quotidie
1293 4275 1499 4330 Pascha
1518 4275 1744 4340 faciunt,
1763 4277 1815 4331 id

248 4377 336 4436 est,
352 4386 561 4426 carnem
579 4369 704 4440 agni
729 4368 1102 4433 comedunt,et
1124 4368 1439 4437 sanguinem
1465 4367 1581 4436 ejus
1600 4369 1811 4434 bibunt,

247 4469 314 4524 et,
343 4470 397 4515 ut
418 4471 612 4516 caetera
645 4459 871 4523 sileam,
905 4459 970 4512 de
997 4458 1140 4512 coitu
1172 4458 1476 4513 adulterino
1508 4457 1644 4513 filios
1669 4467 1722 4512 et
1753 4458 1816 4512 li-
1842 4495 1890 4554 Β
1919 4461 2152 4516 audiatis
2179 4462 2601 4517 admonitionem
2626 4475 2887 4531 nostram,
2912 4477 2964 4521 et
2987 4483 3106 4537 qua:
3133 4471 3285 4526 vobis
3311 4489 3406 4543 sng

250 4550 336 4606 lias
375 4550 846 4624 saepissime.(9lti)
882 4549 1182 4620 generant?
1208 4544 1311 4605 Ubi
1356 4549 1447 4619 qni
1499 4550 1807 4604 hesternam

250 4645 570 4712 ebrietatem,
603 4645 688 4699 vel
745 4631 1020 4714 crapulam
1050 4651 1176 4698 ante
1206 4641 1612 4697 altarelDomini
1651 4657 1812 4715 super

315 4775 644 4850 (9H)Vulg.,
668 4775 968 4850 wdﬁiﬁcarit.
997 4775 1186 4830 Melius
1207 4775 1372 4830 codex
1401 4776 1636 4850 Frising.
1659 4777 1814 4848 cujus

249 4841 512 4901 lectionem
548 4841 907 4914 pvrtetulimus.

315 4916 450 4982 (942)
480 4919 657 5039 Vulg,
685 4918 889 4971 addunt
909 4917 1026 4987 jus,
1048 4915 1213 4970 male.
1237 4914 1386 4968 Illud
1409 4917 1552 4971 enim
1582 4919 1812 4987 primum

315 4998 346 5039 ι.
369 4989 410 5039 si
438 4989 490 5039 in
515 5005 575 5039 vo
601 4997 782 5039 untate
810 4987 1191 5039 meliorationis
1221 5003 1338 5039 cum
1365 4987 1464 5039 Dei
1487 4989 1658 5039 aratia
1684 5005 1807 5039 con-

255 4997 352 5064 est,
369 4989 410 5040 si
438 4989 490 5041 in
515 4987 782 5042 voluntate
810 4987 1191 5042 meliorationis
1221 5003 1338 5039 cum
1365 4987 1464 5040 Dei
1486 4989 1658 5056 gratia
1684 5005 1807 5044 cou-

255 5058 392 5109 sistit.

249 5143 255 5146 ·
319 5126 452 5199 (945)
485 5127 559 5183 lla
592 5128 760 5184 codex
791 5126 1024 5199 Ft‘ising.
1070 5128 1128 5182 In
1163 5126 1335 5199 vulg.,
1367 5139 1414 5182 et
1452 5129 1810 5186 amaritudine

257 5198 488 5263 gemitus;
517 5210 560 5252 et
588 5198 833 5254 accinctis
863 5201 1086 5252 renibus.
1266 5198 1272 5199 ⁷
1763 5227 1766 5236 λ

274 5331 291 5348 Δ
319 5265 858 5348 ς9μλὸιιρριρνὶιηιιδ
899 5271 1185 5348 sapissime
1234 5281 1301 5322 ex
1345 5268 1565 5324 laudato
1588 5270 1804 5348 codice.

1912 3264 2151 3315 omnium
2181 3264 2271 3333 qui
2303 3279 2399 3318 nos
2439 3265 2617 3319 sciunt
2642 3278 2896 3337 corrupte
2923 3265 3126 3338 viv'cre,
3150 3273 3201 3326 id
3221 3285 3324 3338 est,
3354 3275 3512 3330 luxu-5

1914 3355 2008 3408 rize
2054 3355 2350 3422 deservire,
2395 3356 2694 3413 clamamus
2722 3359 2829 3415 Deo
2862 3380 2872 3413 :
2907 3361 3069 3416 Pater
3116 3377 3309 3431 noster,
3341 3368 3430 3436 qui
3458 3386 3512 3420 cs

1914 3447 1969 3500 in
1997 3446 2136 3500 caelis
2168 3445 2386 3516 (Matth.
2427 3465 2502 3514 vl,
2537 3450 2590 3520 9)
2626 3468 2638 3502 :
2671 3467 2790 3514 cum
2837 3452 2923 3504 ille
2969 3453 3125 3508 nobis
3151 3471 3247 3524 per
3276 3459 3510 3526 pr0phe-

1913 3551 2024 3596 tam
2073 3541 2238 3614 414
2279 3543 2458 3596 statim
2511 3543 2831 3611 respondeat
2862 3561 2874 3596 :
2909 3543 2968 3597 Si
2987 3554 3136 3614 pater
3177 3563 3291 3617 ego,
3321 3549 3409 3600 ubi
3436 3561 3511 3601 est

1915 3649 2065 3687 amor
2087 3649 2229 3686 meus
2249 3633 2274 3684 .9
2295 3631 2513 3702 (Malae.
2539 3648 2578 3698 ι,
2603 3631 2676 3701 6.)
2708 3633 2843 3700 Quid
2864 3635 3006 3688 enim
3036 3635 3170 3691 facis
3197 3654 3292 3706 pro
3321 3655 3505 3694 amore

1916 3724 2082 3777 meo?
2110 3722 2212 3778 Ista
2260 3731 2313 3776 et
2366 3721 2471 3776 illis
2523 3723 2716 3777 similia
2760 3725 2886 3794 quia
2925 3741 3018 3780 vos
3057 3729 3270 3795 penitus
3299 3733 3512 3785 nescire

1916 3812 2092 3878 doleo,
2126 3813 2234 3868 imo
2265 3812 2330 3866 de
2364 3813 2561 3868 talibus
2607 3813 2682 3866 nil
2713 3830 2905 3870 curare
2959 3818 3218 3888 gemisco,
3261 3830 3511 3890 pastora-

1916 3907 2040 3962 liter
2088 3917 2148 3963 ut
2181 3909 2465 3965 addiscere
2509 3908 2775 3965 festinetis
2804 3913 3095 3982 prtecipio;
3128 3924 3182 3970 et
3229 3917 3354 3987 quia
3399 3934 3512 3972 ser-

1916 4016 2078 4057 mone
2101 4001 2349 4074 [subaudi
2376 4002 2614 4076 erudire]
2642 4003 2922 4074 ignoratis,
2952 4006 3094 4063 bono
3134 4009 3385 4081 exemplo
3417 4012 3512 4066 Dci

1917 4093 2172 4164 populum
2201 4094 2418 4150 erudire
2447 4109 2630 4164 quaeso
2657 4097 2936 4150 stndeatis.
3490 4113 3496 4117 '

1988 4186 2040 4239 6.
2081 4186 2447 4243 Admonemus
2489 4187 2651 4242 etiam
2689 4197 2740 4241 et
2785 4189 3153 4256 obsecramus,
3193 4194 3331 4248 sicut
3379 4195 3506 4251 alibi

1919 4277 2066 4349 (948)
2117 4280 2376 4348 scriptum
2431 4281 2756 4347 invenimus,
2805 4280 3197 4339 fraternitatem
3246 4297 3507 4354 vestram,

1918 4377 1978 4423 ut
2009 4370 2074 4424 de
2113 4372 2382 4425 communi
2433 4371 2608 4427 salute
2652 4383 2829 4428 vestra
2875 4376 3197 4446 cogitantes,
3247 4382 3509 4437 attentius

3411 4489 3506 4544 ge-

1922 4551 2091 4608 rimus
2115 4553 2388 4608 memoriae
2411 4556 2824 4623 commendetis,
2851 4567 2905 4612 et
2926 4574 3088 4630 Opere
3113 4577 3368 4620 exercere
3399 4576 3508 4619 stn-

1919 4643 2110 4698 deatis.
2143 4644 2198 4698 ln
2232 4646 2424 4713 primis
2455 4645 2830 4713 admonemus,
2862 4659 2920 4703 ut
2950 4652 3056 4705 vita
3089 4661 3138 4704 et
3170 4659 3508 4712 conversatio

1915 4799 2180 4862 vesperam
2225 4784 2299 4862 ob
2345 4787 2486 4862 ῳηηὶ
2529 4787 2738 4862 populo
2786 4789 3154 4862 immolatum.
3200 4792 3340 4853 Dein
3396 4806 3517 4862 post

1918 4857 2080 4907 verba
2110 4856 2328 4908 vertitur
2351 4858 2404 4909 in
2433 4854 2628 4911 malum
2657 4854 2854 4926 vulgati
2888 4860 3108 4922 addunt,
3137 4861 3238 4916 hoc
3270 4879 3348 4924 est
3375 4854 3524 4917 mm-

1915 4925 2140 4978 suetudo
2174 4925 2267 4998 Dei
2295 4927 2348 4979 in
2383 4925 2912 4998 crudelitatem,qum
2942 4929 3209 4997 gloSsetua
3245 4941 3530 4998 Videntur,

1917 5002 1972 5048 et
1998 4997 2319 5050 auctoritate
2350 4994 2590 5064 ejusdem
2619 4994 2825 5050 codicis
2851 4994 3165 5053 tit-levitatis.

2161 5065 2517 5142 _Vox_Domini
2544 5069 2728 5142 addita
2752 5072 3037 5142 en_eodem
3067 5068 3318 5142 codice,

1916 5135 2135 5258 dli)“;
2160 5137 2235 5258 Illa
2284 5136 2425 5191 idem
2469 5138 2659 5192 codex.
2715 5136 2769 5187 III
2800 5136 2978 5210 Vulg.,
3011 5134 3343 5217 quomod'o
3389 5134 3568 5198 saltent

1955 5222 2019 5258 ττι
2051 5223 2111 5258 va
2133 5228 2159 5258 e
2186 5247 2200 5258 .

1955 5207 2020 5260 iri
2051 5207 2200 5262 valet.

1989 5275 2136 5348 (948)
2165 5277 2305 5331 Alibi
2334 5277 2527 5345 inquit,
2575 5277 2700 5348 quia
2743 5277 2860 5333 luec
2900 5288 3070 5346 usque
3101 5277 3168 5329 ad
3215 5293 3454 5348 ιοηιφ
3498 5285 3580 5348 nu-
