4044 5348
529 269 597 325 59
1466 261 1790 318 ηΑτΗιξῐὶιι
1830 259 2044 318 EPISC.

2177 259 2335 317 RON.
2381 259 2529 317 OPP.
2572 258 2756 316 PARS
2791 261 2832 318 ι.

3672 257 3778 312 560

497 388 678 437 vestra
708 375 1199 449 irreprehensibilis
1227 377 1316 440 sit,
1344 375 1632 432 seilicetut
1656 374 1788 430 cella
1813 383 1992 429 vestra
2014 375 2084 428 sit
2112 378 2158 437 Α
2187 382 2370 428 cantet
2401 371 2572 444 (954).
2604 371 2791 428 Nullus
2823 386 2946 427 cum
2982 371 3232 428 calcariis
3269 372 3438 445 (955),
3465 386 3605 442 quos
3649 387 3775 442 spe-

488 473 642 541 juxta
691 471 1003 533 ecclesiam,
1053 478 1107 524 et
1155 469 1207 522 in
1259 481 1324 522 ea
1376 465 1604 522 feminas
1655 481 1762 521 non
1811 463 2074 520 habeatis.

493 564 652 621 Omni
687 571 842 616 nocte
872 560 938 615 ad
971 568 1266 614 nocturnos
1302 557 1541 628 surgite;
1590 571 1808 612 cursum
1838 565 2078 609 vestrum

494 642 643 724 (949)
672 651 839 708 certis
884 650 1036 706 horis
1066 645 1385 714 decantate;
1433 649 1721 702 missarum
1765 645 2079 701 celebratio-

495 760 594 799 nes
628 743 874 814 religiose
901 741 1171 812 peragite;
1205 755 1402 809 corpus
1431 747 1486 794 et
1510 739 1827 810 sanguinem
1865 735 2078 791 Domini

495 851 616 891 cum
652 837 843 892 timore
883 846 938 891 et
986 835 1284 890 reverentia
1315 835 1550 899 sumite;
1581 849 1705 888 vasa
1747 842 1933 888 sancta
1956 847 2079 901 pro-

491 929 626 997 priis
674 927 925 984 manibus
977 927 1178 981 abluite
1221 933 1277 980 et
1330 925 1614 996 extergite.
1666 923 1853 979 Nullus
1897 931 2079 978 cantet

491 1017 711 1073 missam
741 1017 843 1072 nisi
887 1015 1123 1086 jejunus,
1154 1015 1330 1070 nullus
1359 1023 1540 1070 cantet
1578 1015 1668 1084 qui
1702 1029 1806 1067 non
1837 1028 2078 1068 commu-

489 1112 654 1174 nicct,
685 1109 862 1166 nullus
899 1118 1083 1164 cantet
1122 1108 1238 1163 sine
1274 1107 1500 1172 amictu,
1527 1105 1669 1161 alba.
1695 1105 1856 1167 stola,
1881 1103 2078 1158 fanone

509 1199 635 1268 950)
665 1209 722 1256 et
763 1200 1006 1268 planetu;
1050 1207 1106 1254 et
1147 1199 1262 1254 haec
1310 1199 1631 1253 vestimenta
1672 1197 1864 1261 nitida,
1907 1205 1964 1250 et
2008 1196 2076 1250 ad

486 1293 660 1348 nullos
691 1308 820 1347 usus
849 1292 982 1346 alios
1012 1291 1140 1345 sint.
1179 1289 1367 1345 Nullus
1392 1289 1688 1354 cumalba,
1729 1304 1832 1358 qua
1865 1288 1916 1342 in
1949 1303 2077 1343 suos

485 1401 615 1442 usus
641 1385 810 1440 utitur
841 1385 1014 1456 (951),
1053 1391 1347 1454 praesumat
1388 1384 1611 1438 missam
1638 1393 1881 1440 cantare.
1921 1381 2072 1436 Nulla

484 1475 683 1529 femina
714 1475 782 1530 ad
815 1474 986 1529 altare
1031 1474 1271 1539 accedat,
1305 1489 1406 1528 nec
1434 1473 1658 1528 calicem
1699 1472 1909 1526 Domini
1957 1481 2076 1525 lan-

483 1575 593 1632 gat.
625 1564 932 1636 Corporale~
962 1564 1373 1618 mundissimum
1406 1564 1496 1622 sit.
1528 1563 1713 1617 Altare
1757 1570 2073 1631 coopertum

483 1661 551 1712 de
578 1658 793 1712 mundis
828 1656 1039 1721 linteis;
1090 1671 1254 1725 super
1305 1654 1476 1708 altare
1524 1652 1660 1708 nihil
1696 1661 1926 1722 ponatur
1969 1649 2074 1704 nisi

2184 478 2346 519 rones
2371 463 2575 518 rustice
2601 463 2852 528 dicimus,
2882 473 2938 518 et
2959 462 3187 519 cultellis
3209 464 3549 520 extrinsecus
3576 464 3778 534 depen-

2183 555 2433 610 dentibus
2462 555 2683 610 missam
2713 562 2918 621 cantet,
2948 555 3072 624 quia
3110 555 3361 612 indecens
3386 567 3439 611 et
3469 568 3659 612 contra
3693 573 3779 613 re—

2181 645 2360 717 gulam
2383 644 2809 700 ecclesiasticam
2840 654 2944 700 est.
2974 645 3208 700 Calicem
3253 655 3310 702 et
3349 647 3588 702 oblatam
3630 658 3776 703 recta

2180 751 2343 790 cruce
2373 737 2608 806 signate,
2641 737 2692 790 id
2721 746 2825 802 est,
2871 753 2978 791 non
3025 736 3079 791 in
3111 737 3313 794 circulo
3349 749 3404 793 ct
3443 740 3778 794 varicatione

2181 827 2494 898 digitorum,
2523 837 2582 881 ut
2607 827 2822 897 plurimi
2850 828 3073 894 faciunt,
3099 828 3195 883 sed
3221 829 3427 884 strictis
3453 831 3668 885 duobus
3697 830 3779 885 di-

2179 922 2303 992 gitis
2336 931 2390 996 et
2419 921 2613 990 pollice
2652 921 2798 977 intus
2842 921 3071 984 incluso,
3103 937 3198 992 per
3235 937 3370 991 quos
3415 919 3658 976 Trinitas
3691 922 3774 975 in-

2179 1014 2396 1078 uuitur;
2429 1013 2570 1068 istud
2619 1015 2827 1084 signum
2863 1020 2921 1078 ›Ῑ‹
2957 1022 3106 1069 recte
3151 1013 3331 1070 facere
3376 1015 3591 1069 studete
3621 1031 3635 1066 :
3667 1029 3776 1068 non

2178 1106 2322 1161 enim
2355 1106 2514 1161 aliter
2541 1106 2834 1176 quidquam
2873 1107 3099 1176 potestis
3137 1107 3479 1161 benedicere.
3524 1105 3778 1160 Infirmus

2178 1197 2424 1262 visitate,
2481 1205 2536 1252 et
2578 1213 2674 1253 eos
2720 1198 3096 1264 reconciliate;
3139 1207 3194 1253 et
3247 1198 3402 1267 juxta
3451 1199 3774 1268 Apostolum

2177 1287 2321 1358 (Jac.
2355 1303 2410 1353 v,
2461 1288 2550 1360 Η)
2576 1288 2694 1344 oleo
2725 1298 2914 1344 saneto
2944 1290 3184 1358 inungite
3229 1289 3400 1360 (956),
3449 1299 3504 1344 et
3551 1290 3772 1360 propria

2179 1393 2341 1431 manu
2393 1378 2812 1433 communicate.
2865 1379 2934 1433 Et
2984 1379 3166 1434 nullus
3217 1388 3510 1450 prmsnmat
3559 1381 3774 1433 tradere

2177 1466 2612 1522 communionem
2665 1467 2803 1522 laico
2837 1475 2929 1522 aut
2965 1467 3178 1523 feminae
3206 1469 3272 1523 ad
3309 1467 3666 1523 deferendum
3694 1472 3774 1523 in-

2177 1553 2352 1610 firmo.
2403 1555 2593 1613 Nullus
2641 1567 2880 1614 vestrum
2927 1546 3036 1629 pro,
3064 1559 3404 1628 baptizandis
3449 1559 3772 1622 infantibus,

2145 1657 2270 1704 (aut
2304 1649 2534 1704 infirmis
2577 1651 3014 1718 reconciliandis,
3048 1659 3142 1705 aut
3170 1651 3395 1722 mortuis
3423 1651 3771 1722 sepeliendis.

483 1765 659 1819 capsae
699 1759 756 1805 et
795 1719 1058 1818 reliquiae,
1109 1719 1202 1802 aut
1251 1745 1387 1800 forte
1427 1754 1663 1814 quatuor
1696 1719 1984 1813 Evangelia
2019 1748 2071 1795 et
2106 1745 2148 1802 Β
2177 1739 2456 1808 praemium
2487 1739 2569 1795 vel
2597 1756 2792 1796 munus
2816 1741 3017 1812 exigat.
3054 1719 3341 1797 Videte‘ne
3369 1757 3468 1812 per
3487 1719 3774 1813 incgligen-

481 1841 678 1895 buxida
703 1839 852 1911 (952)
880 1844 1011 1894 cum‘
1031 1851 1259 1908 corpore
1290 1835 1500 1891 Domini
1545 1833 1613 1888 ad
1644 1833 1896 1887 viaticum
1921 1829 2073 1884 inﬁr-

482 1929 623 1994 mis;
658 1939 853 1985 ctetera
892 1929 946 1982 in
1000 1929 1170 1982 nitido
1217 1927 1336 1980 loco
1384 1924 1768 1980 recondantur.
1803 1920 2070 1977 Missalem

478 2020 782 2090 plenarium
826 2017 1000 2090 (955),
1031 2016 1434 2072 Lectionarium
1466 2013 1629 2087 415
1654 2022 1710 2067 et
1736 2013 2073 2082 Antiphona-

479 2114 622 2169 rium
652 2124 987 2182 unaquaeque
1011 2108 1240 2165 ecclesia
1273 2105 1488 2162 habeat.
1537 2105 1714 2160 Locus
1744 2105 1797 2158 in
1832 2113 2073 2159 secreta-

477 2202 563 2259 rio
592 2211 684 2256 aut
704 2201 859 2271 juxta
887 2197 1059 2254 altare
1088 2197 1160 2253 sit
1185 2205 1540 2267 preparatus,
1587 2193 1676 2249 ubi
1705 2209 1846 2263 aqua
1871 2191 2072 2248 ell'undi

479 2293 670 2363 possit,
705 2290 923 2362 quando
945 2303 1072 2344 vasa
1105 2303 1259 2342 sacra
1288 2286 1616 2341 abluuntur:
1641 2293 1696 2339 et
1741 2284 1812 2339 ibi
1852 2298 1947 2336 vas
1989 2281 2076 2336 ni-

477 2384 649 2439 tidum
677 2397 801 2438 cum
842 2393 982 2450 aqua
1015 2377 1266 2450 pendeat,
1299 2376 1480 2445 ibique
1530 2388 1720 2430 manus
1767 2373 1910 2428 lavet
1951 2380 2076 2442 post

479 2470 939 2530 communionem.

489 2603 494 2606 -
550 2563 602 2618 7.
635 2559 823 2618 Nullus
851 2569 1004 2617 extra
1033 2559 1320 2616 ecclesiam
1348 2573 1446 2629 per
1483 2558 1672 2613 domos
1717 2565 1812 2612 aut
1844 2558 1896 2612 in
1937 2557 2072 2612 locis

480 2669 590 2713 non
620 2652 954 2710 consecratis
983 2651 1206 2708 missam
1231 2659 1440 2717 cantet;
1465 2649 1642 2705 nullus
1676 2649 1821 2705 solus
1849 2649 2070 2704 missam

490 2800 518 2838 4
548 2764 696 2838 (949)
738 2761 975 2838 _Cursus_
1007 2778 1104 2838 pro
1154 2761 1757 2838 ollicionecclesiastieo
1815 2759 2066 2817 sumitur.

478 2831 614 2894 Vide
645 2831 813 2891 multa
840 2835 979 2904 apud
1008 2831 1306 2904 L’angium.
1333 2831 1401 2899 V,
1431 2849 1619 2887 cursus
1639 2831 1696 2904 2.

548 2907 695 2977 (950)
731 2900 888 2977 Faue
909 2904 986 2961 sic
1015 2900 1384 2977 explicatur‘a
1430 2903 1650 2977 itabano
1681 2902 1735 2977 in
1784 2900 1920 2956 libro
1949 2917 1964 2955 ι
1993 2901 2069 2977 _De

475 2973 649 3033 instit.
679 2973 891 3042 cleric.,
917 2990 966 3029 c.
999 2973 1098 3031 18f
1119 2973 1394 3044 Mappula,
1419 2973 1523 3027 sire
1550 2973 1784 3036 mantile,
1818 2973 2065 3044 saceron

477 3051 542 3102 tis
568 3049 927 3117 indumentum
947 3055 1042 3117 est,
1073 3042 1382 3117 quodrulgo
1406 3043 1649 3117 {agonem
1664 3052 1881 3117 rorant.
1902 3042 2071 3117 blatti-

2178 1831 2304 1885 tiam
2333 1839 2568 1886 vestram
2603 1847 2839 1903 unquam
2889 1832 3066 1890 infans
3103 1832 3220 1891 sine
3245 1833 3516 1904 baptismo
3564 1835 3771 1888 moria-

2176 1932 2265 1978 tur
2291 1924 2461 1994 (957).

2245 2015 2297 2070 8.
2330 2013 2517 2070 Nullus
2559 2024 2797 2071 vestrum
2845 2016 2916 2071 sit
2949 2015 3194 2072 ebriosus
3228 2025 3284 2072 et
3320 2015 3612 2088 litigiosus,
3640 2017 3769 2086 quia

2173 2123 2374 2160 servum
2407 2106 2617 2162 Domini
2653 2125 2756 2163 non
2795 2119 2993 2178 oportet
3021 2090 3224 2180 liiigare
3259 2109 3344 2182 (11
3383 2111 3518 2165 Tim.
3550 2127 3613 2173 ll.
3651 2111 3770 2179 24).

2174 2196 2360 2252 Nullus
2394 2209 2630 2252 vestrum
2674 2214 2825 2254 arma
2870 2200 3007 2254 ferat
3045 2200 3100 2254 in
3139 2201 3426 2266 seditione,
3456 2202 3585 2270 quia
3613 2217 3764 2254 arma

2174 2297 2360 2343 nostra
2411 2288 2609 2344 debent
2655 2304 2777 2345 esse
2823 2290 3110 2359 spiritalia.
3181 2289 3369 2346 Nullus
3424 2273 3623 2346 cauum
3675 2302 3768 2346 aut

2174 2377 2354 2431 avium
2376 2376 2514 2447 jocis
2545 2377 2823 2432 inserviat.
2855 2377 3030 2434 Nolite
3057 2380 3109 2433 in
3147 2380 3386 2435 tabernis
3421 2379 3630 2434 bibere.
3663 2379 3762 2434 Cu-

2176 2483 2293 2522 ram
2318 2483 2617 2538 pauperum
2655 2477 2710 2524 et
2743 2471 3110 2540 orphanorum
3139 2486 3202 2526 ac
3227 2472 3638 2542 peregrinorum
3671 2474 3768 2528 ha-

2174 2558 2315 2625 bete,
2367 2569 2420 2613 et
2471 2574 2566 2615 eos
2626 2561 2692 2616 ad
2755 2563 3032 2632 prandiola
3083 2565 3560 2621 vestra'invitate.
3598 2565 3768 2639 416

2174 2648 2359 2704 Estote
2391 2649 2710 2720 hospitales,
2744 2661 2803 2706 ut
2835 2652 2925 2707 alii
2952 2668 2980 2706 a
3012 2653 3164 2708 vobis
3203 2655 3508 2726 exemplum
3546 2659 3766 2727 capiant

2173 2772 2360 2836 crepat
2397 2762 2566 2836 codex
2589 2763 2982 2836 iFrisingensis,
3013 2764 3102 2820 ubi
3145 2764 3340 2836 legitur
3367 2767 3566 2821 buxita.
3596 2766 3766 2821 Ruris

2173 2834 2317 2908 enim
2368 2842 2445 2908 et‘
2473 2835 2668 2908 butrida
2716 2834 2856 2908 idem
2895 2848 2978 2890 est
3018 2851 3081 2891 ac
3106 2834 3326 2908 pyitis:
3361 2838 3500 2908 unde
3542 2848 3766 2892 sanctus

2175 2903 2706 2976 PetrusgDmnizmus
2755 2905 2854 2976 lib.
2897 2921 2972 2968 vt,
3031 2903 3190 2976 epist.
3243 2907 3332 2971 2|,
3392 2906 3594 2962 habet:
3628 2908 3763 2961 Dum

2177 2974 2498 3045 eucltaristia
2543 2986 2801 3029 reservata
2829 2975 3011 3045 fuisset
3040 2974 3094 3030 iu
3119 2977 3329 3031 buxide.

2245 3043 2392 3168 (955)
2428 3045 2482 3097 In
2513 3043 2864 3114 inquisitione
2906 3048 3046 3115 apud
3103 3047 3437 3117 ilcginonem
3489 3066 3642 3104 num.
3698 3050 3765 3105 10

2245 3129 2356 3167 tem
2387 3115 2668 3168 letzuutur:
2709 3115 2765 3168 Si
2813 3115 3080 3168 Missalem
3121 3118 3433 3168 nlenarium.
3489 3119 3765 3168 Lectiona-

476 3117 661 3188 pulum
691 3116 1026 3188 frequentius
1055 3113 1404 3188 appellamus.
1447 3113 1575 3188 Erat
1605 3113 1758 3167 initio
1787 3113 2062 3188 sudarium
2093 3124 2136 3184 ρ
2170 3113 2356 3188 eadem
2387 3113 2668 3188 leguntur:
2709 3115 2765 3188 Si
2813 3113 3080 3188 Missalem
3119 3113 3433 3186 plinarium,
3489 3119 3767 3174 Lectiona-

476 3181 543 3244 ὲκ
572 3189 712 3250 Iino;
743 3181 884 3240 unde
934 3186 1024 3240 lvo
1075 3181 1423 3240 carnotensis
1473 3184 1525 3237 in
1567 3199 1730 3238 serm.
1776 3183 1842 3237 de
1881 3181 2062 3251 signil.

475 3258 776 3314 indument.
825 3257 1095 3312 sacerdot.
1127 3256 1239 3308 ait:
1271 3253 1338 3309 In
1383 3255 1598 3308 sinistra
1644 3270 1803 3322 manu
1852 3255 2068 3322 ponitur

473 3329 714 3400 quantum
745 3327 992 3397 mappula
1021 3342 1140 3400 qua
1165 3341 1300 3400 sazpe
1325 3325 1570 3400 ﬂuentem
1609 3321 1878 3377 oculorum
1906 3324 2066 3400 pitui-

473 3393 581 3452 t'am
608 3407 795 3466 tcrgat,
833 3393 888 3451 ἐι
939 3393 1210 3466 oculorum
1240 3393 1624 3466 lippitudinem
1678 3403 1952 3466 remaneat.
2001 3393 2068 3466 Et

476 3463 746 3526 Robcrtus
798 3467 980 3522 Pullus
1022 3467 1088 3521 de
1118 3463 1266 3521 Ollio.
1313 3465 1512 3520 ecclcs.
1559 3463 1650 3518 lib.
1688 3479 1722 3526 ι,
1753 3479 1801 3518 c.
1842 3463 1904 3517 51
1938 3481 1950 3517 :
1984 3464 2065 3516 Ad

472 3553 758 3594 extremum
789 3537 1030 3591 sacerdos
1059 3537 1301 3605 fanonem
1333 3537 1385 3589 in
1412 3535 1622 3588 sinistro
1658 3533 1871 3605 brachio
1896 3534 2063 3602 ponit,

469 3626 620 3676 quem
663 3619 708 3660 et
742 3602 1067 3676 manipulum
1114 3616 1160 3659 et
1199 3606 1473 3659 sudarium
1518 3602 1925 3676 appellaverunt,
1975 3619 2067 3671 per

471 3673 623 3750 quem
658 3678 780 3732 olim
806 3689 856 3750 e_t_
881 3673 1044 3750 sudor
1082 3685 1129 3730 et
1179 3675 1398 3750 narium‘
1434 3673 1612 3750 sordes
1644 3673 2062 3750 extergebautur.

472 3743 594 3803 ﬁlo;
627 3750 793 3803 codcx
817 3747 1048 3816 Frising.
1074 3762 1170 3816 pro
1199 3746 1364 3798 nitida
1387 3745 1546 3816 habet
1575 3743 1792 3797 munda.

547 3818 694 3888 (951)
748 3818 882 3872 Hinc
935 3811 1186 3888 colligere
1233 3825 1316 3869 est
1357 3815 1712 3888 presbyteros
1751 3821 1899 3888 veste
1943 3811 2062 3888 alba

474 3883 602 3941 uliin
632 3883 844 3957 scruper
877 3903 1003 3957 usos
1044 3883 1240 3950 fuisse;
1283 3883 1746 3957 cujushindicium
1791 3884 1968 3957 adhuc
2009 3883 2063 3935 in

474 3953 768 4013 Canonicis
791 3956 1133 4029 regularibus
1156 3953 1389 4011 breviori
1414 3953 1558 4019 alba,
1582 3954 2062 4029 _Vtilgo_rocchetto,

475 4029 683 4084 indutis
727 4022 972 4096 superest
1003 4047 1017 4082 :
1048 4043 1111 4082 ac
1157 4022 1713 4097 proptereauvetituui
1760 4023 1862 4077 fuit
1899 4037 1969 4076 ne
2007 4022 2064 4076 in

477 4113 634 4154 sacro
665 4095 966 4169 ministerio
988 4095 1284 4169 presbyteri
1321 4111 1385 4150 ea
1408 4095 1527 4150 alba
1559 4102 1872 4169 uterentur;
1901 4107 2062 4169 quam

475 4172 531 4224 in
569 4185 714 4233 suos,
759 4168 812 4221 id
861 4177 941 4222 cst
989 4163 1320 4232 communes,
1362 4183 1487 4219 usus
1536 4165 1871 4218 adhiberent.
1921 4163 2062 4233 Idem

475 4242 671 4310 legitur
701 4232 751 4294 in
793 4237 1134 4308 Inquisitione
1187 4237 1327 4310 apud
1380 4235 1713 4310 Reginonem
1759 4248 1907 4288 num.
1941 4232 2010 4286 66
2046 4250 2059 4286 :

477 4305 555 4364 Si
590 4311 780 4380 absque
821 4305 939 4362 alba
977 4318 1066 4362 aut
1100 4305 1342 4362 cunt—illa
1371 4305 1491 4360 alba
1526 4321 1629 4374 qua
1677 4305 1731 4358 in
1765 4321 1886 4380 suos
1937 4319 2063 4380 usus

511 4373 706 4435 uotidié
728 4381 913 4444 utitur,
944 4380 1160 4433 missam
1200 4387 1413 4431 cantare
1441 4373 1742 4447 pra‘sumat.
1771 4373 2064 4447 lu__capiln-

498 4450 576 4504 ari
607 4449 852 4518 Riculphi
893 4443 1128 4520 episcopi
1155 4443 1583 4510 Suessionensis,
1611 4461 1669 4520 _c_._
1693 4446 1724 4498 7
1756 4443 1921 4520 :_Iloc
1961 4460 2061 4496 au-

475 4534 576 4574 tem
605 4515 914 4575 ontnimodis
928 4515 1288 4588 prohibemus,
1331 4528 1385 4572 ut
1425 4533 1573 4571 nemo
1610 4515 1704 4588 illa
1737 4515 1857 4588 alba
1884 4523 2066 4588 utatur

473 4595 530 4644 in
559 4593 722 4645 sacris
747 4585 1029 4658 mysteriis,
1052 4606 1156 4661 qua
1181 4591 1233 4642 in
1260 4589 1564 4661 quotidiana
1587 4585 1664 4640 vel
1691 4585 1936 4661 exteriori
1966 4599 2064 4661 usu

475 4662 732 4714 induitur.
762 4653 883 4729 Mox,
897 4653 1032 4729 post
1056 4653 1336 4729 priesuniat
1384 4659 1593 4729 missam
1628 4665 1853 4729 cantare
1891 4653 2066 4729 Ache-

477 4733 592 4786 rius
622 4732 768 4784 addit
799 4749 810 4782 :
861 4725 1064 4783 Nullus
1099 4746 1216 4782 cum
1267 4728 1489 4782 cultellis
1536 4727 1665 4796 foris
1703 4725 2062 4796 pendentibus,

479 4801 655 4855 nullus
704 4817 818 4853 cum
870 4799 1182 4854 calcaribus.
1237 4798 1362 4853 Haac
1410 4794 1710 4854 delevimus
1745 4794 2066 4849 auctoritate

481 4871 682 4925 codicis
711 4870 940 4939 Frising.
971 4886 1037 4924 ex
1075 4885 1181 4938 quo
1223 4869 1418 4924 similia
1447 4882 1674 4923 numero
1700 4864 1944 4939 sequenti
1973 4864 2064 4939 in-

481 4943 770 4994 seruimus.
807 4933 1008 4995 Desunt
1033 4933 1195 4996 etiam
1232 4941 1286 4996 in
1316 4940 1438 4993 aliis
1470 4939 1628 5002 huius
1651 4935 1920 5005 synodalis
1949 4933 2062 4984 Ad-

482 5011 783 5064 monitionis
809 5009 1226 5080 exemplaribus.
1256 5010 1388 5080 Dein
1413 5010 1466 5062 iu
1502 5004 1718 5063 laudato
1756 5004 1943 5080 codice
1973 5019 2064 5056 ca-

481 5097 576 5150 psa
629 5091 676 5134 et
727 5075 999 5150 reliquiis;
1028 5080 1308 5150 V'ulgatam
1360 5079 1646 5150 lectionem
1684 5075 2064 5150 _re_tinuimus_,

483 5143 682 5219 'qnippe
711 5143 871 5219 quam
907 5149 1095 5205 eadem
1119 5143 1503 5219 Adnzonitiortis
1530 5145 1796 5217 synodalis
1817 5143 2066 5212 exempla

489 5221 808 5338 aplpruliant.
838 5218 895 5274 lu
932 5221 1152 5276 homilia
1193 5219 1360 5275 Leoni
1403 5218 1467 5272 IV
1513 5219 1709 5273 tributa
1746 5231 1917 5285 capsa:
1951 5228 2066 5267 cum

489 5304 542 5338 re
567 5304 739 5338 mum.

485 5304 739 5348 reliqum.

2170 3185 2304 3237 rium
2337 3195 2382 3237 et
2413 3185 2848 3253 Antipltonarium
2894 3185 3125 3251 habeat;
3157 3204 3277 3240 nam
3320 3189 3432 3241 siue
3472 3190 3555 3243 Itis
3603 3193 3765 3243 missa

2166 3255 2389 3323 perfecte
2413 3273 2514 3308 non
2546 3256 2851 3309 celebratur.
2884 3256 3048 3310 Liber
3090 3267 3554 3312 sacramentorum
3587 3262 3766 3313 conti-

2168 3325 2330 3378 twbat
2376 3341 2657 3397 canonum,
2700 3327 3082 3397 orationesiet
3133 3326 3496 3397 praefationes.
3549 3330 3766 3385 MiSSuIe

2167 3403 2347 3468 autem
2375 3395 2750 3468 plenariumet
2781 3396 3093 3468 Evangelia,
3117 3405 3171 3468 et
3195 3395 3465 3468 Epistolas
3502 3400 3762 3454 addebat.

2170 3464 2223 3516 lu
2279 3464 2600 3538 testamento
2655 3464 3172 3538 lleccardi‘coniitis
3223 3464 3762 3538 Augustoduuensis,

2167 3536 2305 3607 apud
2335 3535 2652 3607 Peral‘dum,
2681 3551 2802 3604 pag.
2827 3536 2913 3590 26.
2949 3535 3159 3591 Missale
3177 3535 3412 3607 plena'rio
3438 3546 3555 3593 cum
3587 3540 3762 3594 Evan-

2166 3603 2300 3675 gelio
2358 3614 2404 3658 et
2446 3603 2716 3675 Epistolis.
2760 3603 2870 3660 Leo
2907 3603 3225 3670 Hustiensis,
3277 3610 3368 3662 lib.
3409 3625 3493 3670 nt,
3546 3625 3596 3664 c.
3653 3611 3759 3666 i9:

2169 3672 2412 3746 Namque
2456 3672 2617 3745 usque
2669 3678 2736 3728 ad
2778 3678 2909 3746 illud
2948 3687 3148 3744 tempus
3191 3679 3246 3731 in
3285 3679 3521 3746 pleuaiio
3554 3679 3763 3735 Missali

2165 3752 2280 3817 tant
2299 3745 2553 3817 _ls‘pistofw
2580 3762 2736 3817 quam
2773 3745 3059 3817 Evangelia
3085 3745 3406 3817 legebantur.

2237 3814 2383 3884 (954)
2412 3814 2616 3879 Cantet,
2645 3816 2694 3869 id
2729 3826 2810 3871 est
2839 3814 3058 3871 recitet:
3085 3814 3172 3886 qui
3202 3819 3346 3872 enim
3377 3820 3524 3875 solus
3548 3831 3756 3885 cantat,

2167 3900 2505 3960 noncanere
2539 3887 2789 3960 proprie,_
2820 3887 2916 3960 sed
2965 3889 3586 3960 recitarerintelligitnr.
3644 3891 3757 3946 Hoc

2166 3957 2381 4030 quidem
2429 3970 2590 4030 sensu
2639 3955 2915 4030 Remigius
2945 3955 3449 4030 Autissiodurensis
3492 3961 3543 4014 in
3588 3963 3761 4030 expli-

2165 4027 2376 4080 catione
2401 4027 2624 4080 canonis
2655 4029 2831 4080 misse
2857 4028 3118 4082 rationem
3150 4028 3436 4094 allaturus,
3464 4045 3563 4084 cur
3583 4027 3759 4086 canon

2165 4097 2428 4150 submissa
2475 4111 2606 4150 voce
2647 4099 2919 4152 recitatur.
2969 4098 3196 4162 Idcirco,
3235 4101 3330 4163 ait,
3361 4103 3496 4153 venit
3535 4117 3758 4155 consue-

2165 4166 2289 4239 tudo
2318 4168 2371 4218 in
2393 4165 2626 4227 ecclesia,
2659 4177 2712 4220 ut
2739 4169 2915 4230 tacite,
2943 4169 2995 4222 id
3027 4178 3109 4223 est
3139 4171 3433 4224 sulnnisssa
3461 4185 3612 4230 voce.
3646 4175 3760 4239 ipsa

2166 4237 2450 4290 obsecratio
2480 4246 2634 4306 atque
2663 4239 2980 4290 consecratio
3019 4255 3051 4291 a
3095 4243 3361 4294 sacerdote
3400 4237 3673 4307 cantetur,
3698 4258 3760 4294 ne

2164 4309 2317 4359 verba
2352 4317 2456 4359 tam
2504 4323 2654 4360 sacra
2704 4307 3019 4361 rilescerent.
3067 4308 3201 4362 Hinc
3245 4311 3457 4364 missam
3498 4311 3757 4364 privatam

2165 4387 2376 4449 cantare
2431 4377 2482 4430 in
2523 4375 3018 4449 ‘Constitutionibus
3063 4378 3312 4449 Hirsaug.
3371 4380 3428 4433 S.
3471 4375 3756 4442 Wilh-lmi,

2168 4447 2261 4500 lib.
2294 4462 2364 4516 Vl,
2415 4461 2464 4500 c.
2515 4446 2605 4500 86.
2654 4446 2855 4502 Confer
2905 4463 3026 4516 qum
3081 4446 3288 4504 notarii
3327 4449 3668 4505 Mabillunius
3705 4452 3756 4504 in

2094 4492 2141 4552 D
2169 4492 2376 4587 ριῚι-Γειί.
2403 4517 2468 4587 ad
2495 4517 2747 4571 saeculum
2777 4533 2815 4587 tt
2851 4492 2969 4573 οτᾶ.
3003 4492 3303 4582 Benedict,
3327 4492 3487 4574 ἶιιιιῖίί

2239 4587 2386 4658 (955)
2420 4585 2545 4660 llaec
2572 4589 2734 4660 verba
2764 4585 2958 4660 Nullus
2980 4606 3096 4642 cum
3119 4588 3381 4653 calcariis,
3422 4600 3553 4652 ete.,
3587 4605 3760 4660 usque

2167 4656 2325 4710 adea
2355 4656 2587 4716 regulam
2617 4657 3021 4712 ecclesiasticam
3062 4670 3134 4714 est
3176 4661 3481 4716 addidimus
3509 4662 3611 4715 hoc
3641 4656 3692 4712 lo
3724 4676 3758 4710 u

2165 4742 2232 4801 ex
2265 4741 2364 4801 tus.
2393 4727 2737 4796 Frisiugeusi.
2756 4729 3080 4801 ‘(Ioncordat
3103 4731 3266 4783 etiam
3312 4729 3500 4785 Sermo
3523 4733 3754 4801 synoda-

2165 4797 2231 4850 lis
2259 4798 2436 4870 editus
2473 4812 2548 4870 ex
2595 4812 2709 4870 ms.
2740 4797 3072 4868 Augustam),
3097 4802 3185 4854 ubi
3237 4815 3335 4870 pro
3361 4817 3490 4869 quos
3513 4797 3755 4870 sperones

2168 4867 2601 4938 rusticeidicimus
2628 4867 2876 4932 habetur,
2906 4886 3035 4938 quos
3072 4867 3320 4938 sporones
3366 4867 3556 4924 rustice
3606 4888 3758 4924 τοσα-

2167 4953 2304 4991 mus.
2339 4937 2464 4990 llaec
2511 4939 2623 4992 sola
2670 4941 2833 4992 verba
2877 4941 3072 4993 desunt
3102 4937 3154 4992 in
3208 4941 3427 4994 humilia
3467 4941 3631 4995 Leoni
3675 4940 3740 4995 Ν

2168 5007 2423 5076 ascripta.
2451 5006 2604 5076 Apud
2630 5009 2921 5063 Acherium
2950 5011 3002 5062 in
3033 5011 3476 5064 antecedentibus
3507 5014 3618 5064 tunc
3638 5025 3752 5064 scn-

2171 5078 2335 5148 tentia
2367 5078 2552 5132 mutila
2583 5079 2884 5148 legebatur,
2915 5087 2974 5132 ut
3002 5079 3186 5133 videre
3223 5088 3307 5133 est
3332 5089 3442 5134 not.
3475 5080 3596 5135 95L
3630 5079 3746 5135 Mox

2168 5156 2220 5221 et
2245 5147 2419 5200 oblata
2452 5148 2502 5200 in
2533 5147 2702 5221 msJIf‘
2709 5150 2894 5221 rising.
2923 5165 2986 5204 ac
3022 5150 3152 5221 dein
3178 5162 3230 5202 ut
3261 5151 3474 5218 plurimi
3497 5153 3648 5206 vestri
3669 5151 3724 5219 [α

2173 5216 2348 5288 ciunt;
2375 5226 2429 5270 et
2458 5230 2643 5288 postea
2673 5216 2899 5274 'recluio
2923 5235 3020 5288 pro
3050 5216 3272 5274 incluso.

2167 5327 2172 5330 .
2243 5287 2389 5348 (956)
2428 5287 2604 5348 Vulg..
2663 5291 2854 5348 unqite.
2896 5287 3208 5345 Lectiouem
3251 5305 3351 5346 ms.
3394 5288 3751 5348 FJ'isiattcasis
