4044 5348
249 302 346 357 56!

2708 243 2751 252 εν

1239 301 1584 358 SYNODlCA
1622 299 1716 381 ~AD
1751 295 2276 371 PRESBYTEBOS,
2314 293 2468 351 ETC.
3400 289 3505 345 36!

246 419 472 473 bonum.
520 415 677 472 Omni
732 417 818 473 die
864 417 1141 473 Dominica
1187 428 1311 474 ante
1359 419 1581 472 missam
1632 428 1825 484 aquam
1856 412 1903 471 Α
1930 409 2073 465 solue
2101 419 2154 464 et
2183 409 2547 473 Pentecostes,
2582 408 2682 464 nisi
2714 414 2930 478 propter
2961 420 3251 478 periculum
3295 418 3501 462 morm.

247 506 588 561 benediclam
619 505 802 569 facile,
841 507 982 562 unde
1008 506 1233 577 populus
1277 515 1613 577 aspergatur,
1662 513 1718 559 et
1762 503 1830 559 ad

248 598 354 652 hoc
397 595 575 651 solum
616 612 712 651 vas
758 597 969 651 habete.
1022 596 1189 652 Sacra
1230 612 1357 651 vasa
1408 604 1463 651 et
1512 592 1831 649 vestimenta

246 686 607 742 sacerdotalia
639 689 805 743 nolite
836 690 886 742 in
915 689 1135 759 pignore
1169 689 1299 743 dare
1334 687 1651 758 negotiatori
1682 684 1828 756 (958)

243 784 343 828 aut
379 776 709 831 tabemario.
748 775 934 832 Nullus
965 787 1201 832 vestrum
1238 776 1415 830 minus
1453 775 1614 846 digne
1655 773 1830 844 poeni-

246 873 455 919 tentem
484 865 849 936 Cujuscunque
897 868 975 923 rei
1017 869 1188 940 gratia
1227 869 1293 924 ad
1339 868 1831 924 reconciliationem

246 955 483 1010 adducat
525 958 769 1029 [subaudi
798 959 863 1015 ad
889 959 1239 1032 episcopum],
1276 970 1331 1017 et
1375 962 1425 1016 ei
1464 960 1830 1017 testimonium

246 1048 708 1104 reconciliationis
736 1048 895 1105 ferat.
921 1051 1108 1107 Nullus
1135 1062 1374 1108 vestrum
1409 1066 1601 1106 usuras
1630 1051 1828 1122 exigat,

245 1145 301 1190 et
328 1140 629 1194 conductor
654 1142 736 1195 sui
762 1141 991 1197 senioris
1018 1142 1219 1197 existat
1247 1142 1415 1213 (959).
1442 1142 1546 1197 Res
1573 1150 1629 1197 et
1660 1140 1831 1196 facul-

244 1235 409 1291 tates,
436 1243 573 1298 quas
603 1239 724 1299 post
751 1230 894 1285 diem
929 1231 1282 1288 ordinationis
1309 1240 1503 1287 vestra:
1528 1230 1827 1302 acquiritis,

244 1320 435 1377 sciatis
464 1324 531 1376 ad
562 1324 843 1379 ecclesiam
876 1325 1165 1394 pertinere.

316 1414 370 1469 9.
405 1413 589 1470 Nullus
617 1417 733 1471 sine
782 1418 1009 1472 scicntia
1036 1426 1087 1472 et
1120 1431 1388 1472 consensu
1430 1424 1617 1471 nostro
1656 1414 1829 1469 eccle-

244 1503 382 1557 siam
434 1505 702 1574 acquirat.
752 1504 937 1561 Nullus
976 1521 1074 1580 per
1120 1514 1442 1575 potestatem
1492 1503 1830 1559 saecularium

241 1594 536 1650 ecclesiam
584 1598 846 1653 obtineat.
897 1596 1083 1653 Nullus
1126 1613 1224 1668 per
1280 1597 1564 1668 pecuniam
1610 1595 1833 1649 alterius

240 1684 531 1739 ecclesiam
580 1686 905 1757 supplantet.
940 1686 1126 1741 Nullus
1151 1686 1434 1741 ecclesiam
1476 1685 1542 1739 ad
1578 1699 1738 1753 quam
1766 1683 1833 1736 ti-

242 1775 448 1831 tnlatus
500 1786 581 1832 est
628 1779 915 1849 relinquat,
964 1786 1020 1833 et
1070 1778 1137 1832 ad
1176 1778 1337 1832 aliam
1379 1785 1623 1847 quaestus
1667 1790 1828 1831 causa
1860 1759 1904 1818 Β

242 1868 463 1938 migret.
514 1867 573 1923 In
632 1870 851 1925 alterius
890 1871 1140 1940 parocliia
1190 1871 1410 1925 missam
1441 1870 1620 1925 nullus
1649 1877 1832 1925 cantet

238 1957 447 2026 absque
483 1960 795 2027 parocliiani
840 1959 1162 2031 presbyteri,
1217 1960 1263 2014 si
1307 1976 1544 2031 praesens
1585 1970 1691 2025 est,
1741 1974 1833 2014 vo-

243 2048 456 2102 luntate
481 2057 535 2103 et
564 2058 773 2120 rogatu.
799 2048 987 2121 Nullus
1028 2050 1293 2104 decimam
1341 2051 1407 2105 ad
1455 2051 1620 2105 alium
1667 2050 1834 2121 perti-

240 2149 461 2195 nentem
508 2117 750 2210 recipiat.
790 2117 977 2199 Nullus
1019 2143 1370 2214 ptenitentem
1400 2143 1586 2198 invitet
1612 2117 1835 2198 carnem

240 2230 575 2286 manducare
603 2240 658 2286 et
698 2232 884 2287 bibere
912 2233 1117 2299 vinum,
1148 2231 1251 2288 nisi
1281 2246 1379 2304 pro
1402 2246 1468 2287 eo
1501 2232 1567 2286 ad
1593 2246 1833 2303 praesens

239 2322 646 2394 cleemosynam
673 2323 862 2379 fecerit
885 2323 1056 2395 (960).

321 2414 406 2469 l0.
448 2415 639 2471 Nullus
664 2425 956 2488 praesumat
995 2417 1274 2488 baptizare
1302 2415 1403 2471 nisi
1440 2415 1493 2470 in
1525 2414 1701 2486 vigilia
1733 2414 1834 2469 Pa-

491 2593 647 2668 Yulg:
672 2610 954 2665 perperam
983 2596 1272 2668 negociato.

316 2662 463 2735 (959)
491 2662 749 2735 lloc'lo'co
774 2662 877 2735 pro
897 2668 979 2722 sui
1005 2662 1225 2720 senioris
1251 2678 1531 2734 perperam
1558 2662 1836 2735 legebatur

238 2733 459 2855 ςεηονὶεᾳ
509 2733 915 2791 Correctionem
976 2747 1178 2790 certam
1221 2733 1465 2790 fecerunt
1506 2734 1833 2803 exemplaria

275 2805 611 2855 nauisitionis
649 2815 704 2855 et
752 2807 1151 2855 Admonitionis.
1189 2806 1491 2855 Resuicitur
1521 2820 1692 2855 canon
1724 2813 1823 2855 ter-

275 2805 611 2873 nquisitionis
649 2815 704 2859 et
752 2807 1151 2860 Admonitionis.
1189 2806 1491 2874 Respicitur
1521 2820 1692 2859 canon
1724 2813 1823 2857 ter-

240 2873 349 2926 tius
382 2876 593 2929 concilii
626 2875 1103 2934 Chalcedonensis.
1153 2891 1259 2944 quo
1286 2873 1599 2944 prohibetur
1629 2890 1695 2928 ne
1725 2874 1835 2928 cle-

240 2944 336 3016 rici
354 2947 705 3016 conductores
736 2947 1027 3001 alienarum
1059 2948 1441 3016 possessionum
1464 2946 1614 3013 ﬁant.
1642 2944 1834 3016 Senior

238 3012 305 3086 de
331 3014 565 3086 dominis
597 3016 748 3072 laicis
790 3026 951 3086 atque
975 3012 1280 3080 ditioribus,
1308 3019 1396 3085 qui
1430 3012 1626 3086 prmdia
1661 3014 1832 3084 possi-

238 3082 393 3145 dent,
418 3085 665 3157 suruitur.
700 3082 1000 3157 Aliquando
1028 3095 1146 3157 post
1170 3097 1216 3140 et
1239 3088 1307 3140 ad
1327 3082 1493 3157 aliam
1516 3082 1829 3157 scripsimus

237 3167 301 3205 ex
347 3169 469 3227 ms,
502 3156 763 3227 Frising.,
802 3156 937 3213 cum
970 3156 1199 3227 in'vulg.
1246 3156 1387 3213 male
1438 3156 1635 3212 omissa
1686 3164 1830 3211 esset

238 3226 553 3291 prmpositio
583 3228 672 3279 ad.

310 3294 464 3364 (960)
492 3296 567 3350 Ex
598 3297 701 3352 hoc
732 3298 850 3353 loco
875 3298 1131 3354 discimus
1160 3298 1428 3368 publicam
1458 3295 1830 3368 pmnitentiam

237 3376 305 3439 eo
349 3380 567 3439 quoque
612 3376 848 3437 tempore
877 3384 985 3437 quo
1014 3367 1213 3439 scripta
1244 3367 1673 3439 fuitiAdmonitio
1728 3367 1831 3421 huc

239 3435 491 3509 inserta,
520 3435 873 3509 cleemo‘syuis
895 3435 1152 3506 potuisse
1183 3438 1401 3509 redimi.
1428 3437 1483 3490 ld
1532 3435 1831 3509 explicatur

367 3520 384 3557 ι
426 3502 831 3575 Βυξίιιοιιὶςξε.
861 3502 987 3573 9.59,
1021 3526 1084 3564 ex
1115 3508 1502 3575 Cupitularium
1550 3502 1641 3559 lii).
1673 3522 1712 3567 t,
1744 3508 1825 3560 lit.

239 3573 335 3648 ιβι
372 3591 386 3627 :
417 3573 484 3648 Lf’t
505 3573 684 3648 (nullus
714 3579 976 3648 presbyter
998 3591 1090 3633 aut
1114 3573 1277 3631 laicus
1298 3578 1621 3648 parnitentem
1654 3576 1829 3629 invitet

236 3645 416 3696 rinam
441 3646 627 3706 bibere.
655 3658 745 3700 aut
769 3645 973 3702 carnem
1003 3645 1341 3708 manducare,
1372 3648 1470 3699 nisi
1502 3646 1571 3697 ad
1604 3662 1829 3712 pra'sens

235 3730 333 3780 pro
368 3715 485 3787 ipso
525 3733 704 3774 unum.
755 3717 830 3771 rel
872 3720 1001 3773 duos
1048 3718 1289 3773 denarios
1324 3717 1481 3787 juxta
1525 3714 1829 3786 qualitatem

234 3798 353 3848 rwn
366 3786 558 3838 itentiaz
586 3787 805 3841 dederit.

260 3923 269 3931 ο
310 3853 463 3922 (961)
497 3854 853 3931 Rogationum
889 3857 1162 3931 jejunium
1199 3858 1251 3912 in
1291 3856 1478 3931 Ga_ll_iis
1521 3855 1828 3931 institutum

237 3922 410 3992 liquet
440 3940 507 3979 ex
539 3922 770 3997 concilio
798 3922 1167 3983 Aurelianensi
1202 3945 1241 3991 ι,
1275 3944 1323 3982 c.
1355 3928 1449 3991 27,
1480 3942 1542 3979 ex
1587 3927 1744 3981 Avito
1776 3927 1826 3979 in

236 4008 497 4067 sermone
549 3997 613 4050 de
667 3999 1072 4067 Rogationibus,
1119 4008 1173 4053 et
1222 4000 1315 4051 lib.
1356 4016 1392 4057 l,
1446 3997 1606 4066 epist.
1656 3998 1708 4067 ἶ,
1766 4012 1829 4049 ac

238 4060 331 4116 lib.
366 4080 462 4136 vit,
496 4068 655 4136 epist.
702 4060 783 4133 II,
817 4085 1020 4123 necnon
1052 4060 1117 4124 ex
1147 4077 1332 4123 sancto
1368 4060 1630 4136 Gregorio
1657 4066 1830 4120 Turo-

240 4134 420 4196 nensi,
452 4134 550 4191 lib.
569 4154 618 4208 ll
662 4138 799 4194 Hist.
828 4154 877 4194 c.
910 4139 998 4192 54.
1026 4139 1135 4193 Hoc
1157 4139 1419 4208 jejunium
1444 4134 1827 4208 postmcdiunt

239 4207 616 4262 tantummodo
662 4210 914 4263 szeculum
942 4226 993 4264 χι
1030 4211 1081 4263 in
1130 4209 1422 4262 Ecclesium
1470 4207 1830 4260 Mediolanen-

238 4289 351 4348 sem
389 4276 669 4331 inductum
695 4278 910 4348 conjicit
932 4280 1275 4341 Muratorius,
1309 4289 1437 4331 tom.
1466 4277 1821 4348 lV_Antiquit._

238 4341 433 4420 Ital_ic.,
465 4348 718 4420 “13.7852
744 4390 758 4414 ,
791 4341 1093 4420 'propterea
1136 4351 1277 4418 quod
1312 4352 1365 4401 in
1400 4348 1516 4401 Vita
1540 4346 1598 4401 S.
1623 4341 1824 4420 Arialdi

239 4415 441 4484 scripta
469 4415 785 4474 ab'Antlrea
810 4415 1074 4474 inonaclio
1105 4415 1565 4474 vallumbrosano.
1594 4425 1646 4469 et
1685 4417 1825 4470 edita

239 4500 269 4537 a
305 4466 589 4552 l’uriccllo,
619 4505 667 4542 c.
717 4489 779 4543 2i
828 4490 940 4544 lucc
980 4492 1141 4543 verba
1175 4489 1465 4555 leguntur:
1500 4486 1828 4540 Triduanum
1857 4466 1905 4524 D

240 4571 465 4677 namque
494 4557 626 4612 illud
666 4559 957 4629 jejunium,
986 4559 1124 4629 quod
1174 4560 1308 4612 inter
1345 4568 1551 4611 sanctos
1589 4556 1698 4609 dies
1737 4573 1829 4624 pa-

240 4627 362 4677 scha
388 4644 442 4677 es
486 4642 668 4677 contra
715 4631 1051 4677 antiauarum
1093 4630 1232 4677 dicta
1281 4637 1582 4677 sanctorum
1635 4628 1829 4677 nouiter

238 4627 442 4679 schales
486 4627 676 4682 contra
715 4627 1051 4698 antiquorum
1093 4630 1232 4682 dicta
1281 4637 1582 4698 sanctorum
1635 4628 1832 4678 nouiter

240 4706 317 4748 est
345 4699 524 4764 peragi
554 4694 1182 4763 usitatum,vehementer
1211 4697 1471 4751 horrebat.
1501 4694 1607 4749 Nos
1649 4705 1828 4749 autem

241 4767 437 4818 nedum
467 4766 772 4832 Mediolani,
806 4771 899 4823 sed
944 4771 997 4824 in
1048 4768 1167 4825 aliis
1210 4767 1370 4821 etiam
1398 4765 1589 4821 saltem
1620 4774 1829 4819 nostra-

241 4847 361 4913 rum
388 4839 639 4913 partium
682 4840 906 4893 urbibus
948 4840 1143 4913 saeculo
1185 4837 1652 4913 quoquendecimo
1681 4835 1820 4913 idem

234 4904 494 4978 jejunium
518 4919 793 4978 receptum
827 4924 929 4962 non
955 4924 1022 4963 ex
1042 4909 1140 4963 hoc
1167 4904 1370 4961 tantum
1391 4906 1645 4978 Allatb‘crii
1672 4907 1821 4960 testi-

244 4977 444 5048 monio,
483 4979 574 5032 sed
608 4975 910 5048 prasertim
950 4994 1012 5032 ex
1043 4992 1291 5034 sermone
1322 4976 1494 5048 primo
1524 4975 1590 5030 de
1622 4977 1825 5048 Ascen-

244 5044 394 5117 sione
447 5044 766 5117 colligimus.
815 5048 995 5102 Solum
1047 5055 1267 5104 sanctus
1314 5045 1563 5117 Arialdus
1610 5047 1819 5117 (rituum

243 5110 499 5170 Romanae
544 5110 803 5173 Ecclesia:
856 5119 1283 5174 studiosissimus
1321 5116 1423 5170 hoc
1455 5114 1715 5185 jejunium
1742 5116 1824 5179 ﬁab

243 5185 430 5257 eadem
462 5188 693 5243 Ecclesia
719 5202 831 5242 non
871 5198 1163 5257 receptum,
1198 5193 1254 5239 et
1280 5185 1513 5257 alienum
1546 5187 1759 5257 quidem
1794 5201 1823 5239 a

242 5255 752 5348 ἶῗξθῖἷέηδοίβηίῖπν
802 5254 1125 5348 Ἶ¹¹³η¹¹⁵ξίδ¹ἔδ
1177 5254 1824 5348 p't‘ff."‘.‘.'.iii‘f.s..131993919

1936 500 2312 571 Unusquisque
2339 501 2515 557 fontes
2542 501 2757 565 habeat,
2788 509 2861 561 et,
2892 501 2937 555 si
2976 517 3081 555 non
3107 510 3280 569 potest
3306 500 3507 555 habere

1930 589 2190 660 lapideos,
2240 591 2437 645 habeat
2484 591 2627 644 aliud
2654 606 2750 645 vas
2793 590 2858 643 ad
2900 590 3000 644 hoc
3043 598 3418 660 prmparatum.
3453 589 3508 645 in

1931 698 2037 752 quo
2087 683 2160 736 nil
2206 682 2348 737 aliud
2392 683 2504 736 fiat.
2551 681 2736 737 Videte
2779 690 2839 735 ut
2868 666 3116 736 omnibus
3165 681 3509 751 parocliianis

1931 774 2124 830 vestris
2152 774 2453 846 symbolum
2481 784 2535 829 ct
2563 775 2861 829 orationem
2897 773 3224 829 Dominicam
3269 774 3501 829 insinueo

1932 867 2021 922 tis.
2082 864 2351 937 .lejunium
2407 877 2639 935 quatuor
2689 875 3015 936 temporum,
3042 874 3097 921 et.
3148 865 3508 938 Rogationum

1933 958 2102 1029 (961),
2133 967 2188 1011 et
2226 958 2427 1013 litanire
2454 957 2673 1027 majoris
2693 958 2943 1029 plebibus
2960 961 3155 1015 vestris
3184 961 3513 1015 omnimodis

1930 1047 2325 1103 observandum
2372 1047 2660 1102 insinuate.
2717 1047 2880 1119 417
2931 1047 3088 1104 Feria
3134 1062 3320 1119 quarta
3387 1060 3513 1104 ante

1932 1140 2409 1211 Quadragesimam
2448 1140 2655 1210 plebem
2686 1140 2831 1212 (962)
2877 1140 2943 1195 ad
2989 1141 3378 1198 confessionem
3430 1145 3510 1197 in-

1930 1233 2115 1295 vitate,
2153 1241 2209 1285 et
2261 1231 2309 1285 ei
2343 1229 2496 1298 juxta
2542 1231 2858 1302 qualitatem
2906 1232 3083 1289 delicti
3140 1235 3511 1303 paenitentiam

1932 1321 2216 1391 injungite,
2250 1337 2355 1377 non
2399 1338 2465 1377 ex
2514 1324 2673 1378 corde
2716 1333 2916 1389 vestro,
2948 1324 3040 1379 sed
3080 1325 3221 1379 sicut
3254 1326 3306 1378 in
3335 1324 3515 1379 1)ωηί-

1934 1418 2137 1471 tentiali
2172 1417 2426 1487 scriptum
2466 1426 2569 1472 est.
2616 1418 2819 1486 Quater
2852 1419 2904 1473 in
2935 1435 3075 1474 anno
3114 1420 3283 1490 (963),
3328 1423 3377 1474 id
3407 1433 3508 1483 est,

1932 1505 2104 1560 Natali
2149 1507 2356 1561 Domini
2399 1517 2453 1562 et
2495 1507 2659 1563 Coena
2700 1508 2935 1575 Domini,
2970 1509 3174 1565 Pascha
3220 1520 3271 1566 et
3320 1510 3513 1566 Pente-

1931 1607 2100 1660 coste,
2137 1612 2324 1652 omnes
2373 1597 2556 1653 lideles
2603 1599 2669 1653 ad
2715 1600 3145 1656 communionem
3191 1604 3431 1672 corporis
3460 1614 3514 1656 et

1933 1687 2210 1757 sanguinis
2237 1687 2446 1743 Domini
2473 1690 2733 1745 accedere
2772 1692 3076 1747 admonete.
3103 1691 3279 1748 Certis
3311 1704 3515 1764 tempo-

1934 1778 2082 1833 ribus
2110 1778 2426 1849 conjugatos
2452 1781 2519 1835 ab
2546 1781 2804 1836 uxoribus
2831 1782 3102 1838 abstinere
3128 1783 3513 1840 exhortamini.

1934 1868 2181 1940 Eulogias
2210 1879 2333 1939 post
2366 1872 2593 1926 missam
2617 1872 2671 1928 in
2708 1871 2898 1930 diebus
2928 1871 3080 1930 festis
3124 1874 3263 1945 plebi
3295 1875 3517 1931 tribuite

1934 1961 2101 2032 (964).

2006 2053 2091 2107 ll.
2132 2052 2320 2109 Nullus
2342 2055 2457 2109 sine
2480 2057 2611 2111 stola
2643 2059 2695 2112 in
2725 2059 2916 2114 itinere
2939 2060 3153 2116 incedat
3177 2060 3345 2131 (965).
3379 2060 3512 2116 Nul-

1934 2143 2017 2199 lus
2063 2144 2315 2200 induatur
2341 2148 2677 2204 vestimentis
2724 2149 3023 2207 laicalibus.
3057 2150 3244 2208 Nullus
3274 2166 3387 2209 rem
3420 2163 3513 2207 ant

1933 2235 2350 2304 possessionem,
2382 2246 2473 2290 aut
2496 2239 2823 2309 mancipium
2849 2240 3093 2296 ecclesiae
3122 2241 3356 2297 vendere
3376 2282 3391 2306 ,
3419 2254 3514 2297 aut

1934 2335 2269 2380 commutare
2290 2366 2305 2391 ,
2339 2335 2430 2381 aut
2456 2343 2775 2399 quocunque
2799 2331 3015 2401 ingenio
3042 2331 3280 2388 alienare
3306 2348 3512 2403 pracsu—

1932 2424 2064 2471 mat.
2094 2415 2244 2472 Diem
2276 2417 2611 2475 Dominicum
2658 2430 2712 2477 et
2760 2420 2893 2478 alias
2941 2420 3261 2480 festivitates
3309 2424 3513 2495 absque

2004 2592 2151 2665 (962)
2191 2594 2375 2663 Vulg.,
2401 2610 2690 2665 perperam
2712 2595 2939 2665 plenam.
2972 2595 3296 2651 Poenitentia
3327 2603 3527 2651 autem

1933 2680 2036 2719 non
2062 2682 2126 2718 ea:
2154 2666 2331 2730 corde,
2370 2666 2421 2721 id
2447 2676 2549 2730 est,
2581 2682 2686 2721 non
2713 2681 2781 2721 ex
2808 2667 3007 2734 impetu
3031 2667 3262 2734 quodam
3292 2667 3508 2726 mentis.

1931 2744 2024 2788 aut
2051 2750 2117 2807 ex
2146 2736 2371 2791 arbitrio
2416 2736 2770 2807 iniungendo,
2805 2737 2898 2792 sed
2944 2747 3213 2806 quatenus
3261 2736 3316 2790 in
3347 2734 3515 2791 Libro

1930 2806 2288 2874 ptenilentiali
2318 2806 2612 2875 perscripta
2636 2814 2739 2861 est.

2026 2875 2149 2944 965)
2191 2876 2268 2929 lta
2296 2893 2418 2931 cum
2441 2876 2670 2946 vulgatis
2693 2884 2918 2946 uterque
2941 2876 3107 2930 codex
3136 2876 3513 2946 Laudunensis

1930 2956 1986 3001 et
2008 2945 2392 3016 Frisingensis,
2417 2945 2625 3001 necnon
2654 2948 2704 3000 in
2728 2945 2949 3000 bomilia
2975 2946 3136 3001 L’eonl
3160 2945 3225 3001 IV
3251 2948 3508 3017 ascripta.

1930 3026 1987 3088 et
2031 3017 2085 3071 in
2133 3017 2396 3088 Sermone
2438 3016 2681 3088 synodali
2728 3017 2931 3088 codicis
2958 3016 3277 3088 Augustani.
3307 3016 3533 3088 Ataliar

1932 3087 2491 3153 Admonitionis,seu
2538 3087 2817 3141 Sermonis
2861 3087 3135 3156 synodalis
3182 3087 3529 3157 exemplaria.

1933 3158 2171 3227 habent:
2205 3157 2391 3227 Tribus
2421 3158 2733 3227 temporibus
2761 3157 2815 3210 in
2845 3154 3015 3221 anno,
3046 3157 3100 3227 id
3131 3168 3203 3210 est
3231 3159 3285 3210 in
3317 3154 3512 3211 Natale

1930 3225 2176 3292 Domini,
2207 3226 2415 3281 Pascha
2454 3237 2501 3280 et
2524 3225 2880 3289 Pentecoste,
2912 3234 3018 3280 etc.
3051 3226 3312 3281 Similiter
3334 3227 3387 3281 in
3414 3228 3507 3281 Iu-

1929 3298 2208 3366 quisitione
2236 3299 2374 3367 apud
2400 3295 3032 3367 Reginonem_num.758.
3079 3294 3265 3367 Tribus
3309 3308 3507 3367 tempo-

1930 3364 2077 3420 ribus
2111 3368 2238 3420 anni
2254 3364 2283 3431 ,’
2301 3368 2354 3420 id
2384 3377 2456 3420 est
2488 3364 2685 3419 Natale
2730 3365 2969 3428 Domini,
3006 3364 3211 3420 Pascha
3252 3376 3299 3420 et
3365 3364 3508 3422 Pen-

1930 3446 2139 3490 tecoste.
2188 3435 2312 3491 H100
2359 3437 2456 3490 tria
2490 3444 2698 3506 tantum
2729 3444 2969 3506 tempora
2998 3436 3423 3506 prazscribuntur
3456 3438 3508 3489 in

1931 3506 2159 3561 concilio
2183 3506 2475 3576 Agathensi
2514 3506 2638 3558 anni
2666 3504 2803 3576 5067,
2833 3521 2881 3560 c.
2912 3504 3012 3568 l8,
3054 3516 3108 3561 et
3152 3506 3244 3576 lib.
3273 3520 3309 3559 ll
3352 3504 3509 3576 Capi-

1931 3577 2185 3630 tularium
2213 3574 2260 3630 c'.
2293 3576 2384 3629 45.
2425 3574 2591 3630 Jonas
2624 3575 3026 3630 Aurelianensis
3063 3575 3186 3629 dum
3217 3575 3310 3630 lib.
3340 3591 3376 3630 ll
3397 3574 3509 3639 ,‘de

1930 3646 2268 3701 Institutione
2314 3646 2489 3700 laicali
2536 3661 2584 3700 c.
2633 3645 2733 3709 l8,
2765 3645 3050 3714 plerosque
3095 3646 3266 3699 tribus
3298 3655 3507 3699 tantum

1929 3714 2083 3772 festis
2128 3717 2300 3786 magis
2346 3732 2411 3770 ex
2460 3715 2879 3779 consuetudine,
2914 3731 3075 3786 quam
3102 3731 3178 3770 ex
3227 3718 3509 3770 devouone

1929 3785 2363 3857 communionem
2400 3800 2613 3840 sumere
2643 3786 2841 3850 tradit,
2871 3785 3061 3841 eadem
3111 3787 3213 3857 tria
3263 3795 3503 3857 tempora

1930 3857 2167 3924 respicit.
2196 3856 2439 3922 Quatuor
2466 3865 2645 3910 autem
2685 3864 2984 3925 temporum
3021 3856 3348 3910 mentionem
3380 3856 3507 3910 lla-

1932 3928 2138 4010 t‘herius
2174 3926 2689 4010 derivassevigletur
2715 3940 2781 3981 ex
2829 3926 3010 3994 aliquo
3042 3925 3321 4010 sermonis
3349 3941 3512 4010 syno-

1931 3996 2063 4051 dalis
2104 3996 2351 4066 exemplo
2394 3995 2705 4066 illisimili,
2740 4010 2806 4050 ex
2851 4011 2959 4065 quo
3006 3996 3193 4051 eadem
3224 3995 3424 4051 mentio
3452 3997 3507 4051 in

1930 4066 2203 4120 bomiliam
2232 4065 2397 4120 Leoni
2428 4065 2493 4121 ιν
2524 4066 2838 4120 attributam
2867 4067 3136 4120 transivit.

2004 4136 2149 4205 (96‘)
2192 4136 2341 4192 llunc
2367 4136 2541 4191 locum
2566 4136 2821 4207 explicat
2852 4135 3317 4207 Inquisitioapud
3349 4135 3509 4207 Regi-

1930 4223 2126 4263 noncm
2165 4207 2257 4260 lib.
2287 4222 2336 4269 1,
2370 4223 2517 4261 num.
2554 4206 2614 4260 6l
2656 4205 2752 4261 :Si
2801 4207 2864 4260 de
2910 4205 3294 4277 oblationibus,
3329 4205 3451 4277 quae
3476 4226 3509 4261 η

1929 4277 2118 4347 populo
2142 4277 2434 4346 offeruntur
2452 4278 2535 4330 die
2562 4276 2832 4347 Dominico
2854 4286 2900 4330 et
2926 4275 3352 4347 indiebusfestis
3370 4316 3383 4339 ,
3412 4294 3506 4330 ex-

1930 4345 2067 4416 pleta
2096 4349 2253 4400 missa
2282 4346 2515 4414 eulogias
2541 4346 2674 4414 plebi
2702 4346 2919 4399 tribuat.
2943 4345 3155 4400 Clarius
3186 4345 3505 4400 llincmarus

1936 4417 2254 4486 Rhenicusis
2286 4418 2338 4470 in
2367 4415 2628 4485 Capitulis
2643 4417 2708 4470 ad
2728 4430 2838 4469 sua:
2862 4416 3134 4485 parochia:
3164 4418 3507 4486 presbyteros

1932 4502 1981 4541 c.
2016 4487 2046 4538 7
2080 4504 2092 4539 :
2127 4484 2194 4538 Ut
2225 4486 2289 4540 de
2322 4484 2529 4550 oblatis,
2556 4502 2673 4556 qua:
2698 4484 2992 4556 offeruntur
3016 4502 3047 4537 a
3072 4484 3283 4554 papula,
3312 4484 3357 4556 et
3384 4502 3508 4538 con-

1931 4556 2209 4625 secrationi
2239 4554 2657 4625 supersunt,'vel
2693 4556 2756 4609 de
2802 4554 3050 4625 panibus,
3102 4571 3230 4625 quos
3264 4554 3506 4622 deferunt

1930 4626 2110 4694 ﬁdeles
2139 4624 2207 4677 ad
2254 4624 2525 4679 ecclesiam
2546 4666 2560 4691 ,
2589 4624 2665 4679 vel
2702 4634 2839 4678 certe
2864 4624 2927 4678 de
2952 4626 3059 4678 suis
3086 4624 3351 4694 presbyter
3378 4641 3502 4677 cou-

1933 4697 2187 4750 venientes
2232 4706 2406 4764 partes
2437 4696 2623 4749 habeat
2654 4695 2708 4748 in
2736 4711 2853 4747 vase
2879 4695 3045 4748 nitido
3071 4704 3116 4746 et
3147 4694 3468 4747 conrenienti
3490 4737 3503 4755 ,

1930 4775 1985 4819 ut
2027 4774 2141 4835 post
2188 4766 2467 4819 missarum
2517 4765 2799 4828 solemnia,
2852 4766 2939 4835 qui
2984 4764 3370 4835 cgmmunicarc
3405 4780 3521 4816 non.

1932 4829 2143 4905 fuerunt
2173 4836 2377 4904 parati,
2427 4836 2656 4905 eulogias
2703 4836 2843 4888 omni
2864 4829 2965 4888 'die
3003 4829 3311 4905 Dominico,
3348 4845 3407 4905 (et
3455 4836 3525 4887 in.

1931 4901 2113 4959 diebus
2146 4901 2289 4973 festis
2315 4906 2499 4959 exinde
2537 4901 2830 4974 accipiant,
2866 4916 2913 4957 et
2951 4904 3077 4974 illa,
3109 4901 3244 4974 unde
3272 4902 3509 4974 eulogias

1931 4970 2193 5047 presbyter
2214 4976 2437 5047 daturus
2461 4987 2533 5029 est
2547 4970 2710 5047 ,μήτε
2734 4974 2928 5047 inﬂare
2956 4973 3103 5047 verbu
3133 4970 3438 5047 uindicat“,
3463 4984 3510 5024 et

1930 5039 2005 5115 sic
2063 5039 2351 5115 accepturis
2404 5044 2700 5115 distribuat.
2753 5041 2966 5097 Similia
3012 5039 3174 5095 habet
3220 5042 3509 5096 concilium

1929 5114 2300 5180 Nannetensc,
2330 5131 2375 5168 c.
2408 5114 2461 5169 9.

1999 5186 2148 5255 (965)
2192 5186 2365 5241 Verba
2398 5185 2575 5239 nullus
2603 5182 2890 5255 sinehstola
2941 5187 2994 5238 in
3041 5181 3512 5255 itinereAincedat,

1928 5250 2047 5348 quae
2075 5250 2141 5348 ex;
2171 5271 2271 5309 ms.
2291 5253 3119 5348 ,Ιλειυ(1ιιηεῐξιξίῆςεῄἀὲξξωξυςὶτξιιιλξζ
3122 5250 3513 5348 :de‘s‘iderantnr
