4044 5348
259 187 363 240 5‘15

1261 180 1599 237 SYXODICA
1640 179 1731 234 AD
1773 178 2294 251 PRESBYTEROS,
2338 186 2487 250 ETC.
2523 254 2528 260 _

3408 191 3523 253 3366'

257 310 311 350 et
346 299 619 368 hospitum
658 316 668 327 ·
709 298 752 352 si
797 307 1029 353 vestram
1060 285 1527 366 pleuiter'babelis
1558 297 1740 367 (977),
1773 295 1839 350 de
1867 299 1912 358 Α
1945 311 2085 349 mam
2119 297 2313 353 fecisti.
2347 301 2405 355 in
2434 301 2677 357 Adventu
2716 302 2962 369 Domini,
2991 298 3107 362 nisi
3140 304 3404 364 festivitas
3443 314 3524 365 in-

259 391 365 444 illis
389 405 510 459 qua:
537 391 603 444 ad
631 391 967 459 episcopum,
1001 389 1260 444 fabricam
1283 431 1297 455 ,
1331 389 1410 444 vel
1438 404 1697 460 pauperes
1723 405 1844 460 per-

257 484 470 546 tinent,
532 482 733 535 nullam
787 482 1041 536 invidiam
1095 482 1374 548 habeatis,
1435 481 1845 536 reminiscentes

259 573 550 626 Dominum
583 573 900 642 prmrepisse
935 590 948 626 :
985 572 1106 626 Non
1138 575 1468 642 concupisces
1490 591 1595 627 rem
1621 573 1846 643 proximi

259 666 340 716 tui
372 663 578 731 (Exod.
613 680 680 718 xx
704 705 717 728 ,
747 664 870 731 l7);
906 672 959 717 et
992 681 1003 716 :
1040 663 1113 716 De
1141 681 1213 725 re,
1243 681 1358 734 qua:
1388 664 1456 717 ad
1484 673 1532 717 te
1559 679 1661 718 non
1689 664 1848 732 perti—

259 767 380 819 net,
432 772 495 809 ne
544 755 800 810 sollicitus
843 756 1027 824 fueris.
1059 756 1133 810 Dc
1165 756 1278 825 ipsa
1307 771 1464 822 vero,
1496 771 1617 825 qua:
1651 755 1717 808 ad
1754 769 1848 808 vos

259 848 530 914 pertinet,
565 847 724 901 fidem
756 847 896 901 inter
923 863 1018 901 vos
1049 847 1335 912 habetote,
1386 853 1441 901 et
1487 845 1849 900 communiter

259 954 382 991 eam
406 938 656 1000 dividite,
683 938 795 992 sive
821 938 893 992 sit
923 951 1135 1008 magna,
1168 937 1282 991 sive
1310 936 1381 990 sit
1417 934 1646 999 modica,
1677 933 1850 990 scien-

263 1037 347 1080 tiis
381 1027 698 1096 Apostolum
729 1028 928 1082 dixisse
962 1046 974 1081 :
1007 1025 1174 1082 Nemo
1214 1027 1587 1081 circumveniat
1615 1025 1668 1078 in
1698 1041 1849 1094 nego-

262 1120 336 1169 tio
357 1159 372 1182 ,
399 1119 452 1170 id
483 1127 597 1181 est,
645 1134 807 1172 causa
858 1119 1061 1188 reliqua
1085 1159 1098 1183 ,
1145 1118 1358 1187 fratrem
1390 1133 1542 1170 suum
1566 1157 1578 1179 ,
1604 1116 1851 1186 quoniam

263 1207 455 1260 uindex
479 1219 554 1261 est
587 1208 841 1263 Dominus
868 1209 933 1262 de
953 1209 1190 1261 omnibus
1217 1209 1295 1260 his
1316 1248 1330 1274 ,
1354 1207 1486 1261 sicut
1511 1205 1851 1274 pra'diximus

260 1299 408 1351 nobis
458 1310 505 1352 et
552 1300 815 1367 testiﬁcati
845 1316 1023 1353 sumus
1052 1298 1100 1368 (1
1137 1297 1316 1352 Thess.
1365 1314 1436 1361 IV,
1471 1299 1548 1369 6).
1585 1298 1854 1353 Noveritis

262 1391 431 1442 e'iam
458 1392 601 1458 quod
629 1390 820 1445 melius
848 1391 916 1445 sit
940 1391 1086 1444 omni
1112 1388 1422 1444 Christiano
1445 1389 1695 1445 fraudem
1717 1389 1850 1460 pati,

262 1502 433 1554 quam
465 1485 667 1540 inferre
695 1485 742 1556 (I
775 1485 896 1540 Cor.
927 1500 1012 1549 vi,
1044 1484 1120 1554 7).

345 1575 431 1628 15.
475 1575 988 1645 Quadragesimam,
1021 1575 1261 1643 exceptis
1291 1573 1480 1628 diebus
1524 1572 1853 1636 Dominicis,

1949 387 2222 454 tercedat,
2250 399 2480 459 quatuor
2522 393 2945 449 hebdomadibus
2971 397 3118 468 (979)
3161 412 3190 452 a
3221 415 3386 456 carne
3431 417 3526 455 uo~

1947 478 2136 532 veritis
2191 479 2567 536 abstinendum
2625 491 2678 537 et
2708 485 2874 538 coitu.
2901 484 2957 539 In
2989 485 3175 542 Natale
3202 487 3410 545 Domini
3445 492 3526 544 vi-

1947 566 2078 638 ginti
2107 569 2296 624 diebus
2320 586 2384 626 ac
2411 573 2658 627 noctibus
2693 591 2722 628 a
2750 577 2896 631 coitu
2923 579 3089 632 etiam
3122 579 3266 634 licito
3307 583 3526 636 omnino

1947 660 2314 716 cessandum:
2359 663 2609 718 similiter
2658 665 2710 720 in
2755 668 2964 722 octavis
3008 668 3228 724 Pasehae
3257 681 3308 725 et
3338 671 3528 726 Pente—

1949 762 2165 819 costes,
2218 755 2457 821 litauiis,
2507 766 2562 811 ct
2605 759 2846 813 omnium
2898 759 3251 816 festivitatem
3295 765 3526 834 vigiliis,

1949 842 2116 898 sextis
2148 844 2311 898 etiam
2345 843 2494 900 feriis
2520 887 2532 908 .
2565 847 2834 916 praecipue
2863 857 3042 904 autem
3062 851 3317 906 omnibus
3343 853 3531 907 diebus

1950 933 2032 987 vel
2061 933 2310 988 noctibus
2338 933 2651 990 Dominicis.
2694 937 3030 995 Anctoritate
3073 941 3234 994 etiam
3265 943 3534 1014 paschalis

1952 1022 2262 1080 festivitatis
2307 1026 2663 1095 compelleute
2692 1044 2973 1084 monemus
3016 1041 3252 1086 vestram
3298 1033 3534 1088 dilectio-

1953 1131 2075 1170 nem
2099 1157 2112 1181 ,
2145 1117 2198 1171 in
2228 1116 2469 1182 Christo,
2503 1119 2699 1174 fratres
2728 1120 3010 1177 sinceriter
3026 1122 3317 1192 diligendi,
3353 1135 3407 1178 ut
3445 1140 3533 1180 sc-

1953 1209 2159 1272 cunda,
2209 1210 2402 1273 tertia,
2453 1222 2646 1278 quarta
2683 1220 2738 1265 ct
2783 1213 2972 1282 quinta
3007 1213 3138 1268 feria
3189 1215 3535 1271 hebdomade:

1955 1298 2172 1366 majoris
2185 1298 2438 1366 jejunetis
2461 1316 2626 1370 usque
2648 1305 2712 1356 ad
2736 1317 2932 1356 nonam
2956 1304 3125 1373 (980),
3150 1307 3390 1374 exceptis
3413 1323 3534 1377 par-

1955 1389 2116 1453 vulis,
2140 1388 2297 1459 421
2324 1398 2376 1442 et
2413 1391 2564 1444 senio
2597 1391 2746 1458 gravi
2775 1392 3058 1456 confectis,
3090 1403 3253 1463 atque
3284 1395 3531 1449 infirmis.

1957 1481 2154 1546 Quinta
2190 1479 2348 1546 feria,
2382 1482 2510 1534 hora
2542 1497 2680 1536 nona
2714 1481 2860 1553 (98l)
2895 1484 2960 1537 ad
2988 1483 3271 1540 ceclcsiam
3306 1497 3533 1542 matrem

1957 1583 2147 1623 omnes
2199 1569 2582 1624 reconciliandi
2629 1570 2826 1625 venite.
2875 1570 3040 1626 Sexta
3089 1573 3222 1628 feria
3261 1591 3430 1646 usque
3467 1577 3544 1630 ad-

266 1667 557 1734 mqualiter
585 1667 772 1731 facile;
825 1666 870 1721 si
917 1666 1060 1721 enim
1106 1681 1214 1720 uno
1261 1667 1346 1721 die
1387 1665 1638 1734 jejunas,
1684 1666 1855 1720 altero
1889 1651 1927 1710 'i
1961 1657 2432 1728 nonamjejunate,
2458 1669 2514 1714 ΕΙ.
2533 1661 2619 1716 cui
2657 1661 2833 1730 placet
2859 1662 3106 1731 amplius.
3139 1662 3380 1734 Septima
3404 1665 3537 1720 feria

265 1757 608 1826 crapularis,
640 1773 748 1812 non
794 1756 1274 1829 Quadragesimam
1301 1757 1463 1829 ((976)
1486 1799 1502 1823 ,
1532 1758 1626 1813 sed
1658 1757 1857 1828 vigesi-

341 2042 493 2114 (977)
534 2041 862 2114 Adverbium
885 2039 1108 2114 plettiler
1129 2039 1278 2114 deest
1302 2041 1354 2094 in
1378 2035 1854 2114 m_s_.‘F:risingensi,

266 2109 360 2166 ρι’
385 2109 492 2183 quo
537 2113 657 2166 dein
689 2123 816 2166 ante
852 2109 1075 2183 verbum
1105 2113 1327 2180 pertinet
1373 2109 1676 2183 addidimus
1704 2123 1806 2183 non
1838 2122 1855 2183 ς

271 2184 348 2236 ibi
394 2175 540 2237 énim
573 2197 750 2236 sermo
785 2189 868 2235 est
915 2181 979 2234 de
1015 2175 1113 2243 iis,
1158 2195 1276 2250 quae
1307 2195 1409 2232 non
1451 2179 1522 2250 ad
1546 2188 1630 2250 te,
1665 2176 1757 2250 sed
1789 2175 1855 2229 ad

267 2254 410 2306 alios
444 2254 720 2321 pertinent.
765 2252 820 2305 lu
870 2247 1221 2321 sequentibus
1250 2265 1380 2302 vero
1430 2249 1496 2302 de
1544 2248 1610 2321 iis
1655 2247 1852 2316 agitur,

266 2339 390 2392 quae
419 2319 485 2374 ad
516 2338 600 2392 vos
627 2323 904 2390 pertinent.
952 2319 1260 2392 Notandum
1286 2334 1414 2372 vere
1442 2320 1686 2392 est,_hoc
1718 2328 1852 2392 tem-

267 2387 409 2460 pore
437 2393 502 2444 ad
535 2387 759 2446 clericos
792 2407 907 2444 eam
939 2395 1106 2444 solam
1137 2389 1437 2443 reddituum
1465 2387 1855 2442 ecclesiastico-

269 2479 395 2516 rutn
425 2472 631 2530 partem
663 2460 1020 2530 pertinuisse,
1051 2476 1170 2529 (pne
1199 2460 1437 2528 ipsorum
1459 2468 1615 2530 erat,
1636 2473 1739 2530 non
1762 2474 1859 2510 au-

271 2543 384 2585 tem
412 2528 545 2586 alias
581 2528 690 2585 tres
715 2531 1050 2600 pertinentes
1071 2528 1142 2584 ad
1170 2530 1479 2600 episcopum
1503 2569 1515 2590 ,
1549 2528 1814 2600 fabricam
1837 2566 1852 2590 ,

268 2603 358 2653 ινιιι
408 2617 672 2672 pauperes
703 2597 946 2671 {quippe
975 2616 1094 2670 qua:
1122 2601 1174 2654 in
1203 2597 1560 2670 dispositione
1596 2604 1755 2653 erant
1778 2597 1857 2667 ip-

269 2673 390 2726 sius
417 2671 676 2740 episcopi.

343 2737 494 2812 (97S)
536 2737 733 2796 Confer
760 2755 1084 2812 sermonem,
1108 2740 1405 2812 secundum
1451 2740 1516 2794 de
1549 2737 1856 2812 Quadrage-

271 2810 414 2865 sima
449 2828 596 2864 num.
634 2812 695 2875 l,
729 2811 818 2863 ubi
850 2821 1038 2865 auctor
1075 2811 1216 2865 hunc
1262 2811 1486 2864 abusum
1519 2810 1853 2878 perstringit.

343 2881 497 2950 (979)
540 2881 877 2935 Abstinentia
913 2882 1209 2950 praesertim
1248 2896 1277 2934 a
1322 2880 1573 2936 carnibus
1615 2890 1856 2950 tempore

271 2949 559 3006 Adventus
579 2993 591 3014 ,
625 2949 1002 3004 festivitatibus
1029 2953 1300 3019 exceptis,
1331 2952 1538 3004 decimo
1575 2950 1770 3003 saeculo
1801 2949 1851 3002 in

1959 1759 2084 1804 ante
2115 1750 2300 1804 horam
2340 1751 2602 1805 decimam
2632 1752 2808 1806 nullus
2841 1764 3133 1822 prsesumat
3159 1755 3378 1810 missam
3411 1773 3540 1810 can-

1959 2048 2123 2088 scrm.
2159 2033 2260 2087 “2
2283 2033 2342 2087 S.
2371 2033 2607 2088 Caesarie
2632 2034 2931 2089 Arelatensi
2961 2035 3243 2097 asseritur,
3278 2046 3389 2090 tum
3414 2052 3552 2091 vero

1956 2114 2103 2158 caret
2128 2120 2234 2157 non
2271 2103 2443 2158 solum
2482 2105 2702 2158 vocibus
2737 2116 2784 2158 et
2827 2104 3074 2168 Sabbato,
3108 2106 3199 2159 sed
3233 2106 3336 2160 illis
3373 2109 3538 2162 etiam

1956 2184 2077 2227 ante
2103 2191 2293 2227 nonam
2311 2189 2329 2227 :
2347 2185 2716 2244 acipropterea
2739 2175 2823 2228 hae
2850 2189 3009 2230 voces
3033 2174 3236 2229 librarii
3260 2175 3537 2244 cujusdam

1957 2244 2203 2309 arbitrio,
2237 2252 2296 2296 ut
2323 2244 2375 2298 in
2408 2243 2766 2298 Leetionariis
2804 2261 2908 2298 non
2943 2259 3064 2298 raro
3093 2247 3290 2308 evenit,
3318 2243 3539 2300 intrusa:

1957 2314 2174 2368 fuerunt
2197 2314 2500 2384 posteriori,
2531 2324 2590 2368 ut
2612 2315 2826 2369 videtur
2862 2323 3124 2384 tempore,
3147 2330 3270 2369 cum
3299 2323 3536 2384 quadra-

1956 2385 2211 2454 gesimale
2254 2383 2516 2454 jejunium
2570 2385 2702 2439 hora
2758 2399 2900 2439 nona
2951 2383 3084 2454 selvi
3141 2383 3536 2446 consueverat;

1955 2453 2096 2510 sicut
2138 2453 2319 2509 voces
2346 2464 2393 2506 et
2441 2455 2671 2508 Sabbato
2716 2455 2910 2509 addit-.e
2947 2453 3188 2523 profecto
3228 2455 3446 2510 fuerunt
3473 2471 3539 2511 eo

1954 2526 2008 2580 in
2044 2526 2182 2586 loco,
2223 2525 2313 2596 ubi
2346 2523 2640 2596 Sabbatum
2674 2525 2726 2578 in
2753 2525 2864 2594 ipsa
2892 2525 3310 2596 Quadragesima
3348 2523 3537 2594 ajejn—

1954 2596 2045 2649 nio
2068 2595 2457 2664 excipiebatur.
2493 2595 2643 2648 Alter
2675 2611 2806 2650 vero
2837 2609 3016 2650 sermo
3044 2595 3130 2650 33’
3147 2596 3401 2650 Romana:
3429 2597 3542 2650 edi-

1955 2666 2119 2720 tionis
2147 2681 2267 2719 cum
2297 2680 2362 2719 ex
2393 2665 2562 2733 ipsius
2584 2666 2731 2720 horae
2759 2679 2912 2719 nonac
2941 2666 3215 2720 mentione
3241 2680 3268 2719 a
3299 2664 3399 2720 PP.
3441 2665 3540 2718 Be-

1955 2736 2242 2791 nedictinis
2267 2734 2322 2790 S.
2350 2735 2638 2790 Ambrosio
2656 2735 2775 2803 jure
2800 2735 3078 2804 ademptus
3107 2736 3228 2801 fuit,
3266 2744 3377 2789 tum
3410 2749 3550 2790 vero-

1955 2807 2189 2862 auctoris
2220 2806 2564 2877 est_incerti,
2595 2807 2686 2875 qui
2727 2806 2808 2858 vel
2854 2806 2922 2877 ad
2955 2807 3256 2875 posteriora
3290 2814 3534 2877 tempora

1954 2877 2208 2947 pertinet,
2252 2875 2336 2930 vel
2361 2877 2403 2930 si
2436 2875 2702 2947 Batherio
2733 2876 2995 2930 vetustior
3019 2885 3103 2931 est
3130 2875 3430 2946 aliquanto,
3455 2877 3547 2930 in-

1959 2946 2365 3016 terpolationem
2398 2946 2630 3014 aliquam
2655 2947 2706 2999 in
2734 2959 2864 3000 voce
2896 2961 3031 2999 nona
3053 2961 3244 3016 passus
3269 2957 3353 3002 est
3380 2947 3540 3000 libra-

270 3023 481 3100 nostris
509 3022 750 3100 partibus
780 3023 1120 3100 praescripta,
1150 3016 1381 3100 notanda
1405 3030 1506 3074 est.
1538 3021 1662 3074 llaec
1687 3020 1849 3100 absti-
1879 3020 1924 3082 C
1956 3019 2021 3070 rii
2051 3016 2326 3099 cujusdam
2358 3017 2609 3100 prbitrio,
2646 3017 2736 3085 qui
2764 3030 2919 3100 usum
2944 3016 3028 3100 sui
3055 3018 3404 3100 temporisac
3433 3016 3538 3100 loci

272 3092 460 3145 nentia
495 3090 614 3145 cum
655 3090 862 3160 jejunio
893 3091 1140 3144 omnibus
1191 3092 1281 3160 qui
1326 3101 1577 3160 possent,
1618 3090 1853 3160 tuaxime

271 3173 456 3215 autem
489 3159 700 3215 clericis
719 3202 733 3225 ,
771 3171 1010 3230 tempore
1039 3159 1539 3215 Adventus'lndicta
1569 3160 1766 3228 legitur
1794 3159 1850 3230 in

271 3233 510 3286 concilio
535 3229 906 3300 Aprineatensi
933 3246 1020 3284 an.
1048 3231 1207 3296 1072,
1234 3247 1279 3286 c.
1312 3232 1394 3285 11.
1420 3231 1590 3297 Quam
1618 3229 1854 3300 discipli-

275 3320 402 3355 uam
454 3299 803 3357 vetuStiorem
851 3311 912 3372 et
955 3302 1155 3354 variam
1186 3303 1236 3355 in
1266 3301 1459 3372 Galliis
1481 3301 1715 3372 ostendit
1746 3299 1854 3354 Me-

271 3374 480 3427 nardus
526 3382 636 3425 not.
676 3373 779 3425 540
808 3372 861 3425 in
889 3370 1378 3425 Saeramcntarium
1422 3370 1850 3442 Gregdrianum,

271 3459 304 3511 p
323 3459 396 3512 ig.
425 3443 551 3496 445.
581 3442 731 3509 Quod
760 3456 920 3510 porro
947 3445 1132 3496 auctor
1158 3443 1265 3505 ait,
1299 3442 1451 3495 certis
1480 3440 1793 3512 temporibus
1820 3456 1853 3492 a

271 3510 416 3565 coitu
438 3554 451 3576 ,
481 3523 533 3566 et
561 3515 682 3567 dein
713 3529 744 3564 a
772 3513 908 3565 coitu
933 3514 1090 3565 etiam
1116 3512 1258 3565 licito
1282 3513 1491 3564 omnino
1518 3510 1852 3573 cessandum,

275 3584 400 3636 ideo
442 3583 789 3653 presbyteros
831 3591 884 3635 et
930 3592 1164 3653 caeteros
1201 3583 1428 3653 clericos
1473 3581 1768 3653 alloque_ns_
1799 3581 1852 3634 id

273 3649 494 3723 monet,
543 3649 668 3723 quia
718 3668 879 3721 supra
903 3669 1072 3723 fnum.
1112 3652 1209 3716 lO,
1241 3651 1720 3723 exrAdmonitionis
1748 3649 1856 3723 for:-

274 3721 422 3774 mula
465 3719 841 3791 praeceperat:
875 3722 1038 3776 Certis
1086 3722 1399 3792 temporibus
1449 3721 1755 3790 conjugntos
1788 3719 1852 3774 ab

274 3793 532 3845 uxoribus
563 3794 819 3846 abstinere
847 3791 1213 3845 exhortamini.
1259 3791 1358 3845 Hic
1400 3802 1575 3844 autem
1605 3805 1851 3858 quamam

274 3864 388 3914 sint
444 3863 561 3916 haec
591 3872 864 3932 tempora,
890 3863 1104 3916 eosdem
1137 3863 1310 3915 docet.
1348 3861 1464 3915 Mox
1508 3860 1560 3932 in
1590 3861 1754 3928 vulg.,
1788 3861 1853 3910 ti-

277 3933 574 4001 taniarum.
599 3931 996 3986 Correctionem
1033 3933 1389 4001 suppeditavit
1423 3931 1657 4001 optimus
1683 3931 1854 3984 codex

274 4000 516 4070 Frising.
565 4001 788 4056 Litanire
823 4003 952 4057 dicti
983 3999 1108 4057 dies
1135 3999 1351 4056 ililanite
1409 3999 1628 4069 majoris
1667 4009 1719 4055 et
1769 4017 1854 4054 ro-

274 4072 577 4140 sationum.

346 4141 496 4210 (980)
539 4142 667 4208 ριιςε
693 4141 781 4195 hic
807 4140 1096 4195 Ratherius
1124 4141 1253 4196 dicit
1279 4142 1344 4195 de
1367 4140 1570 4211 jejunio
1597 4139 1853 4194 feriarum

276 4209 634 4265 hebdomadae
696 4211 933 4278 majoris,
986 4212 1052 4264 de
1100 4211 1306 4281 jejunio
1370 4209 1533 4265 totius
1596 4211 1855 4279 temporis

274 4282 762 4351 quadragesimalis
827 4283 941 4350 pari
998 4282 1203 4334 ratione
1251 4282 1534 4335 traduntur
1582 4281 1634 4334 in
1686 4295 1850 4351 serm.

273 4349 308 4402 2
354 4352 421 4405 de
455 4349 878 4422 Quadragesima
929 4367 1076 4404 num.
1118 4353 1148 4405 ἓ
1189 4359 1242 4405 et
1279 4352 1330 4405 6.
1381 4351 1493 4405 Hoc
1537 4361 1713 4405 autem
1746 4349 1854 4420 pri-

276 4435 424 4475 mum
471 4433 551 4475 est
590 4424 722 4477 certi
773 4423 1008 4475 auctoris
1035 4422 1398 4476 testimonium
1441 4422 1667 4490 mitigati
1707 4436 1848 4489 pra:-

275 4495 417 4562 cepti
446 4493 926 4562 quadragesimalis
958 4493 1144 4561 jejuuii
1185 4509 1348 4562 usque
1380 4492 1448 4545 ad
1486 4508 1708 4556 nonam;
1729 4506 1852 4545 cum

273 4561 356 4614 cx’
392 4561 556 4618 veteri
612 4564 894 4632 disciplina
950 4565 1088 4617 idem
1125 4561 1387 4630 jejunium
1429 4562 1853 4631 protrahendum

275 4643 420 4686 esset
445 4651 608 4705 usque
629 4637 695 4688 ad
725 4649 994 4703 vesperas.
1023 4634 1378 4705 Duoquidem
1410 4633 1513 4705 alia
1547 4632 1856 4705 testimonia

277 4703 564 4774 Suppetunt
616 4707 760 4759 inter
808 4718 1082 4758 sermones
1146 4703 1203 4756 S.
1262 4703 1549 4756 Ambrosio
1601 4703 1852 4774 tributos,

277 4772 396 4838 quae
451 4775 704 4831 Ratherio
758 4774 1062 4842 antiquiora
1111 4774 1277 4828 videri
1323 4781 1565 4841 possunt.
1611 4772 1853 4826 Alterum

279 4844 474 4911 legitur
519 4862 680 4900 serm.
741 4846 811 4898 ‘26
881 4846 933 4897 in
997 4845 1230 4898 editione
1285 4842 1554 4905 Romana,
1622 4843 1852 4896 alterum

278 4929 442 4987 serui:
506 4915 599 4980 55,
668 4917 762 4987 qui
826 4915 884 4987 in!
946 4915 1254 4987 Appendice
1303 4913 1616 4987 novissimte
1660 4912 1854 4987 editio:

281 4986 364 5037 nis
408 4981 769 5042 Benedictiiwe
810 4985 956 5038 solus
995 4981 1245 5038 refertur
1284 4999 1446 5037 serui.
1476 4981 1566 5036 ‘25.
1601 4983 1658 5037 In
1689 4981 1856 5052 priori

279 5069 523 5110 sermone
567 5060 681 5112 haec
727 5060 793 5110 de
831 5055 1249 5123 Quadragesima
1305 5054 1570 5123 habentur
1604 5072 1616 5107 :
1653 5052 1718 5105 In
1757 5054 1856 5123 isto

280 5125 502 5162 lanitium
532 5137 759 5162 tamn/wn
782 5127 1006 5162 arnor-tie
1042 5121 1310 5162 "nnoinirn
1337 5132 1382 5162 nl
1418 5121 1646 5162 .thlmtn
1677 5121 1856 5162 (“phus

1954 3089 2260 3160 exprimere
2286 3085 2477 3160 voluit.
2506 3087 2672 3142 Vetus
2692 3085 2908 3160 quidem
2943 3085 3222 3160 disciplina
3258 3088 3563 3160 jejunandi-

1955 3158 2007 3212 in
2031 3156 2460 3227 Quadragesima
2507 3172 2678 3227 usque
2715 3156 2783 3210 ad
2823 3156 3212 3226 vesperas’non
3249 3156 3409 3213 modo
3436 3157 3540 3211 Ra-

1956 3227 2114 3282 therii
2141 3237 2317 3288 aetate,
2346 3243 2452 3296 qua
2477 3227 2660 3281 mitior
2691 3227 2970 3295 disciplina
2996 3228 3180 3297 erepit,
3213 3229 3306 3282 sed
3337 3229 3563 3282 diutius:

1955 3299 2116 3352 etiam
2144 3306 2263 3366 post
2282 3298 2464 3368 ipsum
2495 3297 2686 3368 saltem
2712 3297 2906 3368 alicubi
2934 3297 3125 3368 viguit.
3161 3297 3218 3352 S.
3253 3297 3537 3368 Udalricus

1953 3369 2237 3438 episcopus
2265 3366 2612 3435 Aiigustanus
2659 3367 2920 3422 Ratherio
2957 3366 3256 3438 cbaavusin
3282 3367 3538 3438 Quadra-

1955 3435 2156 3519 εἰθςίφὰ
2179 3438 2491 3519 prandebat
2515 3446 2647 3519 post_
2662 3452 2948 3519 vesperas,
2971 3439 3044 3491 uti
3078 3435 3542 3519 traditGerardus

1955 3507 2009 3562 in
2038 3507 2152 3576 ejus
2179 3507 2320 3572 Vita,
2359 3522 2410 3560 c.
2453 3507 2508 3571 4,
2547 3523 2601 3561 n.
2628 3508 2714 3562 18.
2759 3507 2950 3561 Saeculi
3007 3507 3310 3576 sequentis,
3356 3507 3407 3561 id
3454 3517 3540 3560 est

1953 3578 2242 3643 undecimi,
2260 3579 2412 3631 testis
2431 3576 2848 3647 estMierologus
2870 3578 2934 3631 de
2949 3577 3108 3632 rebus
3131 3577 3323 3632 eccles.
3351 3591 3400 3631 c.
3425 3578 3529 3630 49:

1957 3647 2068 3702 Nec
2087 3649 2255 3718 juxta.
2277 3664 2500 3702 canones
2535 3647 3066 3718 quadragesimaliter
3087 3647 3336 3718 jejunare
3362 3664 3538 3700 cense-

1953 3717 2097 3784 mur,
2138 3719 2184 3772 si
2227 3727 2350 3788 ante
2400 3717 2662 3788 vesperam
2708 3717 3029 3786 reﬁciamur.
3081 3717 3290 3774 Saecula
3340 3719 3543 3788 pariter

1955 3789 2273 3844 duodecimo
2311 3787 2522 3858 insigne
2551 3788 2918 3843 testimonium
2955 3787 3190 3858 suppetit
3229 3788 3380 3858 eyes.
3414 3787 3543 3840 Ber-

1957 3859 2145 3924 nardo,
2180 3873 2344 3912 serm.
2397 3856 2440 3910 5’
2479 3858 2545 3912 de
2591 3856 3114 3926 Quadragesimafn.
3157 3859 3182 3912 1
3222 3879 3235 3911 ι
3271 3856 3569 3910 Hactenus--

1955 3945 2117 3998 usque
2151 3929 2218 3980 ad
2249 3944 2439 3981 nonam
2483 3928 2843 3998 jejunavimus
2882 3928 3001 3998 soli,
3035 3929 3085 3982 id
3121 3936 3206 3998 est
3240 3927 3489 3998 monachi
3523 3945 3537 3980 :

1957 3997 2093 4052 nunc
2124 4014 2282 4068 usque
2311 3998 2380 4050 ad
2415 3997 2674 4068 vesperam
2695 3997 3012 4068 jejunabunt
3050 3997 3315 4052 nobiscum
3343 3997 3543 4068 pari-ter

1956 4067 2208 4133 universi,
2239 4082 2381 4137 reges
2411 4077 2459 4121 et
2491 4067 2767 4138 principes,
2801 4068 2968 4121 clerus
2997 4078 3043 4121 et
3069 4068 3312 4138 populus,
3347 4067 3550 4138 nobiles

1957 4149 2003 4191 et
2033 4138 2302 4209 ignobiles,
2349 4137 2506 4192 simul
2542 4139 2596 4192 in
2632 4155 2794 4192 unum
2830 4139 2970 4192 dives
3015 4137 3076 4192 eti
3136 4137 3315 4208 auper.
3349 4137 3556 4194 Conci-

1957 4208 2086 4262 lium
2106 4209 2542 4262 Rothomaaense
2566 4224 2654 4262 an.
2677 4207 2812 4262 1072
2840 4209 3044 4262 mittius
3062 4155 3263 4262 aiiauid
3284 4210 3546 4262 statuisse

1957 4207 2086 4262 lium
2106 4209 2542 4278 Rothomagense
2566 4224 2654 4262 an.
2677 4207 2812 4262 1072
2840 4209 3044 4278 rnittius
3062 4207 3263 4278 aliquid
3284 4210 3546 4264 statuisse

1958 4281 2189 4359 videtur,
2222 4280 2346 4359 dum
2379 4277 2516 4359 ipost
2552 4294 2750 4332 nonam
2791 4277 2892 4359 sub
2933 4277 3281 4359 vespertinum
3328 4279 3544 4359 initium"

1885 4347 2216 4429 ngjuniqm
2262 4348 2394 4429 solvi
2437 4363 2593 4429 posse
2633 4349 2880 4429 permisit
2921 4347 3043 4429 ean:
3087 4349 3150 4402 21
3199 4348 3282 4402 bis
3316 4351 3544 4429 verbis:

1963 4417 2027 4472 Ut
2058 4418 2232 4474 nullus
2266 4421 2321 4472 in
2353 4417 2767 4488 Quadragesima
2795 4419 3068 4487 prandeat,
3103 4429 3380 4486 antequam
3415 4420 3546 4470 hora

1961 4507 2097 4544 nona
2137 4499 2387 4559 peracta,
2407 4489 2694 4558 vespertina
2723 4489 2936 4559 incipiat
2970 4502 2986 4540 :
3015 4506 3117 4544 non
3150 4489 3286 4543 enim
3309 4490 3543 4557 jejunat,

1959 4562 2046 4632 qui
2068 4570 2198 4632 ante
2226 4558 2535 4632 manducet.

2035 4629 2179 4752 (98l)
2219 4628 2453 4682 Ecclesia
2498 4640 2665 4684 mater
2708 4628 3020 4699 intelligitur
3068 4628 3429 4691 cathedralis,
3477 4629 3568 4681 ad-

2037 4716 2122 4752 am
2175 4699 2288 4752 eria
2322 4701 2509 4752 quinta
2534 4700 2753 4752 maioris
2778 4700 3128 4752 hebdomadre
3151 4712 3340 4752 omnes
3370 4698 3546 4752 omni-

1961 4698 2122 4770 quam
2154 4698 2288 4754 feria
2322 4701 2509 4768 quinta
2534 4700 2753 4768 majoris
2778 4698 3128 4755 hebdomadas
3151 4712 3340 4752 omnes
3370 4698 3546 4770 pceni-

1966 4767 2139 4825 fentes
2188 4767 2454 4825 debebant
2505 4767 2785 4836 accedere,
2825 4778 2886 4823 nt
2920 4771 2988 4824 ab
3028 4771 3278 4838 episeopo
3305 4767 3551 4822 reconci-

1961 4843 2245 4895 liarentur.
2277 4840 2448 4894 Antea
2483 4842 2700 4910 quidem
2731 4856 2878 4895 num.
2914 4842 2980 4894 10
3013 4838 3252 4910 plebanis
3299 4838 3553 4910 praescri-

1958 4922 2108 4983 ptum
2166 4911 2361 4983 l'uerat,
2410 4921 2469 4983 _ut
2501 4905 2650 4980 'j'eria
2683 4920 2870 4983 quarta
2916 4905 3036 4963 ante
3070 4905 3550 4983 Quadragesimant
3599 4942 3601 4945 ι

1959 4975 2255 5053 plebemad
2296 4975 2672 5053 cenfessionem
2694 4975 3009 5053 invitarent,
3037 4989 3084 5032 et
3119 4978 3163 5053 ei
3189 4975 3358 5053 juxta
3379 4979 3553 5049 quali-

1959 5045 2118 5106 tatem
2145 5051 2320 5106 delicti
2343 5045 2696 5120 pdznitentiam
2725 5050 3086 5120 injungerent.
3106 5045 3176 5120 At
3214 5045 3546 5120 pmnitentes

1959 5121 2204 5162 nnhlinnc
2248 5115 2596 5162 rnoivnnilinrp
2665 5115 2805 5162 nilnil
2851 5117 3016 5162 iitelml
3061 5115 3191 5162 feria
3219 5115 3254 5162 5
3301 5117 3356 5162 in
3395 5135 3551 5162 omna
