4044 5348
359 244 466 300 569

1649 237 1736 292 DE
1776 237 2011 296 NUPTU
2049 239 2360 301 ILLICITO.

3525 255 3628 310 570

359 369 417 413 ut
442 367 498 411 et
529 353 883 412 Pedrevertus
910 362 1096 408 noster
1120 361 1278 408 antea
1303 352 1525 416 fecerat,
1558 353 1773 422 duplici.
1800 353 1934 408 Cum
1965 359 2012 418 Α
2043 371 2203 425 quam
2233 357 2405 411 bonus
2451 356 2539 412 ille
2568 368 2722 428 pater
2760 369 2864 423 est,
2896 375 3058 430 quam
3119 363 3211 418 lilii
3253 364 3503 433 dilector,
3533 371 3626 439 qui

359 448 590 518 quilibet
623 446 788 501 lilium
819 460 975 501 suum
1013 443 1082 499 ad
1113 443 1423 500 clericatum
1465 444 1703 509 adducit,
1732 445 1944 500 videtur

358 539 522 608 quod,
553 539 631 592 uti
665 545 719 590 et
748 534 899 600 facit,
931 534 1082 589 illum
1127 534 1321 590 sarculo
1363 533 1593 599 auferat,
1630 543 1686 589 et
1715 534 1942 590 Domino

360 627 559 681 tradat.
602 625 757 682 Unde
799 641 922 680 cum
971 621 1131 680 antea
1177 624 1293 693 lege
1339 623 1453 694 ipsa
1501 624 1721 679 deberet
1762 625 1942 678 vivere

356 735 463 790 qua
497 719 628 773 vivit
659 717 981 788 respublica,
1017 725 1201 787 postea
1240 717 1420 770 vivere
1461 717 1576 785 lege
1616 715 1806 784 incipit
1845 731 1942 770 ca-

356 810 586 873 nonica;
625 818 680 863 et
725 809 802 862 uti
863 807 1113 878 primitus
1163 809 1230 861 ad
1285 806 1593 872 reipublij
1638 807 1942 876 pertinebat

354 901 695 971 prmfectum,
744 900 814 954 ita
854 908 975 969 post
1002 901 1068 953 ad
1107 899 1361 954 Ecclesiw
1397 899 1593 953 attinet
1638 899 1938 968 praelatum,

355 991 458 1045 hoc
489 999 597 1056 est,
630 993 941 1062 episcopum
971 991 1216 1062 legaliter
1263 991 1593 1048 institutum.
1621 990 1772 1058 Quod
1816 1006 1941 1047 cum

353 1083 427 1137 ita
459 1087 551 1145 sit,
584 1083 675 1152 qui
713 1083 879 1139 filium
913 1099 1067 1138 suum
1096 1083 1351 1138 Ecclesia:
1377 1083 1652 1152 mancipat
1683 1084 1941 1139 canonice

355 1173 585 1227 Domino
630 1174 1005 1239 militaturum,
1059 1182 1115 1228 et
1164 1183 1346 1243 postea
1386 1173 1644 1229 smculare
1677 1174 1749 1228 illi
1776 1174 1939 1247 425

351 1263 589 1331 acquirit
615 1263 955 1334 conjugium,
978 1265 1259 1333 perspicue
1289 1265 1548 1327 cernitur,
1581 1266 1724 1335 quod
1751 1267 1939 1321 eadem

351 1371 520 1409 manu
549 1372 674 1410 eum
707 1356 938 1411 Domino
967 1355 1178 1410 auferat
1199 1397 1213 1419 ,
1241 1371 1347 1426 qua
1377 1355 1525 1410 illum
1557 1357 1665 1410 Deo
1693 1358 1807 1427 ipse
1833 1368 1940 1412 tra-

348 1445 595 1512 diderat,
647 1456 702 1502 et
745 1447 982 1502 ablatum
1020 1446 1304 1509 Ecclesias,
1347 1446 1494 1517 (990)
1545 1447 1754 1512 reddat,
1802 1449 1937 1517 proh

350 1539 536 1594 nefas!
572 1539 756 1593 curiae.
791 1537 908 1592 Non
951 1548 1267 1593 succenseat
1312 1538 1478 1606 igitur
1515 1538 1605 1606 qui
1657 1537 1759 1592 hoc
1790 1537 1936 1600 facit,

347 1646 601 1701 suggero,
637 1631 768 1695 Deo,
805 1630 849 1684 si
890 1629 978 1684 ille
1019 1629 1068 1685 ei
1109 1644 1174 1683 ex
1214 1628 1320 1692 his,
1360 1643 1482 1698 quae
1516 1628 1938 1683 misericorditer

2045 461 2144 517 pro
2175 447 2348 502 tribus
2373 448 2544 503 vineae
2593 450 2796 519 campis
2839 450 2984 523 (992)
3014 467 3136 508 eum
3167 457 3230 510 de
3265 465 3410 513 sorte
3469 461 3624 516 aule-

2046 551 2172 590 rens
2199 535 2314 600 Dei,
2347 539 2524 591 reddit
2552 538 2710 609 hujus
2761 542 2939 595 saeculi
2967 545 3218 612 potestati
3242 585 3257 610 ,
3283 561 3625 619 consequen-

2047 637 2129 681 ter
2155 637 2210 681 et
2235 627 2432 682 diaboli
2469 646 2482 682 :
2525 628 2612 683 illc
2644 630 2786 684 enim
2826 647 2856 685 a
2907 631 3137 688 Domino
3177 637 3416 706 princeps
3462 639 3625 709 hujus

2043 718 2228 771 mundi
2257 717 2438 788 (Joan.
2487 735 2600 784 xvr,
2651 720 2740 785 ll)
2796 731 3052 789 vocatur;
3110 739 3218 780 non
3249 741 3377 781 vero
3406 727 3526 782 caeli
3569 735 3626 784 et

2046 815 2223 873 terrae,
2257 809 2424 863 maris
2450 817 2507 864 et
2549 810 2788 864 omnium
2827 827 2947 881 qua:
2974 813 3027 868 in
3059 814 3139 870 eis
3168 824 3314 880 sunt,
3345 817 3439 871 sed
3470 818 3626 873 mali-

2043 913 2271 968 gnorum
2321 897 2618 963 hominum,
2665 899 2756 970 qui
2806 901 3090 972 diligentes
3137 904 3324 974 utique
3361 907 3622 962 mundum

2042 991 2215 1060 magis
2237 1006 2398 1060 quam
2430 992 2620 1055 Deum,
2647 991 2900 1048 fruuntur
2929 996 3302 1065 temporaliter
3321 1011 3404 1060 eo,
3438 998 3622 1066 perdi-

2044 1081 2147 1135 turi
2182 1081 2324 1150 quod
2375 1083 2708 1137 aeternaliter
2735 1084 3034 1139 debuerant
3061 1087 3338 1156 possidere
3378 1088 3432 1142 in
3461 1086 3620 1156 caelo,

2042 1172 2339 1227 servientes
2362 1173 2546 1242 utique
2573 1173 2804 1237 diabolo,
2837 1175 3010 1246 magis
3032 1191 3193 1246 quam
3222 1175 3464 1232 Christo.
3488 1179 3622 1236 Esto

2042 1276 2173 1315 vero
2197 1272 2422 1332 uterque
2445 1262 2658 1316 illorum
2687 1264 2834 1334 (995)
2870 1265 2971 1320 hoc
3001 1265 3122 1322 ideo
3151 1265 3359 1333 fecerit,
3385 1271 3534 1340 quod
3565 1271 3620 1326 in

2041 1354 2446 1421 comparatione
2491 1353 2617 1407 mali
2663 1355 2856 1410 melius
2906 1354 3021 1410 fore
3045 1358 3388 1427 percensuit,
3428 1367 3481 1413 ιιι
3526 1361 3622 1417 uni

2037 1444 2202 1516 426
2229 1444 2665 1516 conjungeretur,
2702 1461 2864 1515 quam
2910 1448 3190 1518 perplures
3228 1450 3401 1520 magis
3427 1453 3621 1507 morti-

2039 1534 2153 1589 fere
2181 1544 2487 1605 vagaretur.
2515 1535 2621 1590 Sed
2665 1536 2718 1590 in
2758 1537 2861 1593 hoc
2885 1538 3007 1604 iste,
3040 1540 3105 1594 de
3123 1555 3231 1610 quo
3256 1541 3498 1613 lugubris
3519 1557 3620 1598 no-

2039 1633 2152 1678 ster
2175 1634 2260 1679 est
2285 1639 2486 1689 sermo,
2517 1625 2747 1680 alterum
2799 1629 3057 1696 praecedit
3115 1629 3168 1684 in
3227 1631 3452 1697 scelere,
3475 1632 3621 1703 quod

348 1721 421 1775 illi
463 1720 756 1784 concessit,
801 1729 894 1774 aut
927 1721 978 1774 vi
1015 1718 1369 1788 tempestatis,
1404 1725 1498 1771 aut
1530 1717 1936 1786 importunitate
1968 1727 2010 1786 Β
2040 1718 2140 1774 hoc
2168 1717 2220 1771 in
2251 1718 2438 1772 diebus
2469 1727 2668 1774 sancta:
2691 1720 2960 1774 inchoavit
2989 1719 3444 1792 Quadragesimae,
3489 1738 3615 1793 per-

346 1815 630 1882 cujuslibet
654 1814 960 1884 potestatis,
990 1813 1072 1868 vel
1103 1814 1153 1866 in
1189 1813 1290 1866 hoc
1319 1811 1536 1876 szeeulo,
1565 1811 1646 1864 vel
1671 1811 1722 1864 in
1753 1809 1933 1864 futuro

344 1907 547 1977 aliquid
576 1907 782 1972 aufert;
813 1922 934 1962 cum
961 1907 1005 1962 si
1039 1906 1214 1969 aliter,
1242 1904 1432 1974 loquar
1456 1913 1512 1957 ut
1543 1904 1634 1967 ita,
1665 1904 1806 1958 Deus
1832 1903 1934 1958 hoc

345 1996 525 2052 facere
553 1997 807 2058 nesciret,
833 1995 1079 2066 exemplo
1111 1996 1279 2066 ipsius
1307 1996 1518 2050 discere
1547 2004 1751 2066 posset,
1779 1993 1932 2062 quasi

345 2089 532 2158 utique
574 2089 823 2143 diceret:
859 2088 938 2142 Tu
983 2088 1110 2142 mihi
1156 2088 1423 2142 abstulisti
1477 2089 1622 2158 quod
1671 2087 1929 2153 dederas,

343 2194 443 2250 ego
468 2188 559 2233 tuo
585 2179 831 2248 exemplo
860 2179 952 2233 tibi
983 2178 1124 2247 quod
1151 2178 1402 2234 dederam
1435 2178 1583 2232 tollo.

414 2271 468 2325 2.
495 2270 541 2326 Ο
564 2287 692 2326 vero
717 2270 1038 2325 insatiabilis
1067 2269 1238 2340 (99l),
1265 2279 1466 2339 quanta
1485 2267 1577 2322 tibi
1604 2282 1711 2322 non
1742 2268 1926 2339 pudet,

343 2379 506 2435 quam
533 2363 784 2433 illcgalia,
815 2377 975 2432 (liram
1006 2361 1204 2430 turpia,
1231 2374 1394 2430 quam
1427 2359 1707 2413 inhonesta
1739 2367 1929 2413 contra

343 2457 513 2513 Deum
542 2471 758 2527 quoque
797 2454 1156 2516 committere,
1199 2452 1412 2522 generis
1439 2449 1657 2504 humani
1716 2449 1927 2520 cupidi-

343 2549 457 2603 tas!
482 2546 616 2601 Cum
646 2545 791 2600 enim
822 2544 1051 2599 clericus
1078 2543 1304 2613 quilibet
1349 2542 1470 2597 ideo
1516 2549 1761 2608 vocetur,
1784 2541 1925 2610 quod

341 2639 411 2696 de
431 2647 580 2694 sorte
600 2637 671 2693 sit
698 2635 938 2703 Domini,
970 2636 1023 2691 id
1051 2643 1159 2702 est,
1196 2635 1269 2690 ad
1293 2641 1500 2705 partem
1523 2633 1926 2704 pertineatDci;

343 2815 516 2872 sacris
546 2815 844 2870 canonibus
866 2813 1297 2868 interdicuntur?
1328 2813 1588 2868 Praeterea
1613 2829 1735 2867 eum
1760 2813 1925 2868 verba

340 2885 504 2952 hujus
553 2886 655 2940 loci
696 2895 843 2938 nocte
882 2886 1096 2938 duxisse
1145 2883 1415 2938 Dominica
1448 2883 1590 2952 (qnze
1623 2893 1926 2952 congruunt

341 2957 451 3011 illis
495 2956 706 3026 perfecit
747 2955 802 3008 in
854 2954 1128 3026 Dominica
1167 2956 1336 3026 nocte)
1380 2955 1684 3026 referantur
1715 2957 1793 3026 ad
1817 2971 1922 3008 nu-

339 3025 520 3100 ptias_’;
551 3025 1056 3100 qtmmodo__tntptii_s
1093 3025 1656 3100 specialiter_vi_t)lattts
1694 3025 1796 3079 dici
1829 3041 1925 3096 po-

343 3094 450 3152 iest
475 3094 786 3151 Dominicus
815 3095 954 3156 dies,
993 3096 1036 3148 si
1084 3095 1346 3164 ejusmodi
1382 3094 1570 3148 diebus
1606 3103 1757 3148 extra
1795 3094 1928 3150 tem-

336 3183 471 3237 pora
523 3167 685 3221 vetita
709 3165 1138 3237 occurrentibus
1176 3181 1280 3219 non
1321 3166 1802 3237 erantinlerdicta:
1829 3181 1930 3218 nu-

338 3235 490 3307 ptim,
520 3238 614 3291 scd
641 3235 1142 3308 soltls_r_natrintonii
1179 3251 1330 3308 usus,
1368 3245 1427 3289 ut
1456 3236 1628 3308 liquet
1662 3251 1729 3289 ex
1764 3251 1927 3308 syno-

339 3304 463 3361 ilica
497 3322 642 3361 num.
675 3304 933 3360 15?Num
969 3304 1260 3360 Ratherins
1294 3306 1418 3358 licet
1456 3305 1506 3358 in
1536 3320 1597 3359 ea
1628 3304 1929 3375 notafqute

339 3377 780 3446 Quadragesima:
804 3384 1011 3446 tempus
1038 3376 1281 3445 respicit,
1303 3375 1467 3430 verbo
1492 3377 1742 3446 despondi
1765 3391 1929 3444 spon-

340 3447 535 3501 salinm
568 3445 894 3502 mentionem
935 3445 1118 3508 faciat,
1148 3461 1252 3500 non
1283 3455 1461 3500 tamen
1494 3445 1628 3506 haec,
1661 3447 1754 3499 sed
1785 3446 1929 3500 solas

338 3517 558 3585 nuptias
583 3515 1124 3586 duplicigillegalitate
1151 3527 1342 3570 notare
1378 3516 1564 3586 voluit,
1600 3516 1740 3582 quod
1775 3516 1931 3570 nimi-

338 3584 465 3641 mm
495 3588 638 3642 initae
659 3584 858 3640 statim
889 3595 1008 3654 post
1035 3587 1323 3656 sponsalia,
1356 3585 1677 3656 offenderint
1705 3586 1927 3640 vetitum

339 3657 783 3726 Quadragesima:
835 3655 1078 3726 tempus,
1124 3664 1178 3709 et
1227 3671 1330 3709 non
1387 3655 1557 3726 solum
1614 3655 1796 3726 initas,
1833 3656 1928 3709 sed

339 3729 505 3780 etiam
551 3724 938 3781 consummata:
982 3724 1068 3780 die
1121 3726 1424 3789 Dominico,
1477 3725 1636 3778 istum
1692 3724 1929 3780 violave-

341 3797 490 3855 rint?
535 3797 652 3851 Alia
704 3795 993 3864 explicatio
1039 3795 1285 3853 fortassis
1340 3795 1687 3864 verisimilior
1735 3805 1841 3857 est,
1880 3795 1924 3850 si

340 3885 447 3921 una
502 3858 790 3935 illegalitas
830 3865 1096 3919 referatur
1141 3867 1209 3920 ad
1250 3866 1467 3934 nuptias
1501 3858 1723 3935 (clerici,
1766 3882 1926 3933 quant

341 3940 558 4006 quidem
581 3934 771 3991 auctor
800 3937 850 3990 in
877 3936 1229 4005 sequentibus
1251 3936 1432 3989 statim
1458 3934 1704 4006 pluribus
1726 3937 1925 4004 arguit,

341 4004 514 4064 altera
547 4023 672 4062 vero
707 4007 814 4062 sita
842 4006 913 4058 sit
947 4004 998 4060 in
1033 4007 1160 4073 ipsis
1192 4007 1392 4076 nuptiis
1422 4005 1489 4058 ab
1509 4004 1698 4060 eodem
1730 4006 1928 4061 clerico

338 4088 460 4148 post
513 4077 782 4148 sponsalia
814 4077 1151 4148 contraetis
1175 4086 1230 4131 et
1265 4076 1651 4148 consummatis
1688 4085 1928 4145 tempore

338 4145 508 4203 vetito
542 4145 556 4201 Ξ
589 4165 752 4219 quam
795 4145 1467 4219 duplicem(illegalitatcm
1509 4145 1561 4200 in
1599 4145 1927 4219 Pedre_vert0

339 4221 545 4289 pariter
567 4215 834 4287 suggillat.
860 4215 1185 4272 Utratnlibet
1201 4215 1624 4286 explicationem
1646 4215 1925 4286 praferas,

339 4304 438 4357 per
469 4305 564 4343 nos
597 4289 799 4344 licebit.

413 4359 561 4428 (990)
592 4360 669 4414 Es
699 4361 800 4414 hoc
829 4357 947 4413 loco
979 4357 1154 4426 colligi
1206 4371 1363 4427 posse
1403 4357 1617 4412 videtur
1672 4356 1926 4424 clericos,

282 4471 304 4489 .
339 4431 431 4497 qui
460 4429 864 4483 matrimonium
890 4428 1293 4492 contraherent,
1345 4442 1448 4481 non
1507 4428 1772 4482 mansisse
1804 4444 1921 4482 am-

359 4499 480 4554 )lius
509 4501 560 4553 in
610 4501 800 4554 clero:
833 4499 974 4552 unde
1017 4514 1244 4552 numero
1294 4499 1539 4566 sequenti
1587 4498 1663 4550 ait
1701 4515 1713 4550 :
1753 4497 1922 4561 Quam

377 4586 507 4624 onus
530 4569 616 4624 ille
655 4579 803 4638 pater
845 4579 944 4631 est,
993 4606 1036 4638 ν.
1117 4607 1131 4621 .
1211 4607 1225 4621 .
1299 4571 1390 4632 qni
1417 4585 1522 4638 pro,
1554 4568 1718 4638 tribus
1750 4569 1923 4638 uinea:

341 4641 539 4708 eampis
575 4637 694 4694 eum
719 4638 930 4707 (lilium)
950 4637 1030 4708 ide
1058 4649 1196 4692 sorte
1221 4638 1462 4706 auferens
1485 4637 1604 4698 Dei,
1629 4637 1796 4689 reddit
1819 4639 1921 4690 Itu-

329 4710 427 4780 jns
450 4706 628 4763 seaculi
641 4706 921 4780 potestati!
947 4706 1054 4763 Nec
1072 4724 1197 4761 vero
1222 4709 1272 4762 id
1299 4708 1921 4780 nobispersuadeamus,

341 4777 558 4836 movent
589 4781 679 4834 illa
709 4796 857 4834 num.
888 4779 937 4834 4.
968 4780 1055 4834 ubi
1085 4781 1152 4832 de
1175 4777 1504 4848 presbyteris
1533 4777 1918 4848 incontinenti-

341 4849 462 4921 bus,
492 4860 546 4904 nt
587 4851 736 4921 quia,
791 4849 984 4921 inquit,
1020 4849 1301 4921 prohiberi,
1342 4847 1474 4921 proli
1506 4847 1691 4921 dolor!
1726 4865 1756 4900 a
1801 4864 1921 4900 nnt-

342 4919 551 4984 lieribus
573 4917 760 4974 ualetis
785 4917 930 4975 nullo
977 4917 1154 4979 modo,
1186 4917 1324 4987 ﬁlios
1356 4918 1420 4970 de
1457 4918 1598 4970 vobis
1624 4927 1918 4987 (generatos

347 4991 674 5045 dimitteretis
697 4989 884 5045 saltem
909 5005 1020 5044 esse
1049 4985 1232 5049 laicos,
1263 4987 1402 5054 filias
1431 4987 1582 5057 laicis
1602 4985 1915 5057 jungeretis.

344 5058 411 5115 Et
444 5077 589 5116 num.
623 5061 682 5125 5,
709 5059 985 5129 alloquens
1034 5058 1206 5129 illam,
1227 5073 1346 5129 qua:
1377 5056 1764 5129 fratris_liliam
1821 5073 1922 5110 nu-

345 5129 456 5198 ptui
487 5123 959 5190 dederatJoaimis
996 5129 1107 5184 filio
1161 5123 1379 5198 clerico.
1414 5129 1534 5182 ait:
1572 5123 1788 5181 Utinam
1833 5129 1920 5198 cui

346 5197 448 5253 tum
471 5201 636 5255 bonus
687 5203 855 5323 frater
893 5211 1039 5254 tanta
1069 5198 1202 5251 bona
1228 5197 1447 5254 dimisit.
1527 5236 1542 5250 .
1620 5232 1637 5248 .
1714 5235 1728 5250 .
1808 5237 1822 5250 .
1857 5197 1922 5264 [i-

366 5269 466 5323 itrm
489 5272 654 5323 iusius
719 5271 832 5323 onis
862 5271 1182 5323 benedictum
1205 5277 1398 5323 tamen.
1420 5269 1510 5322 uni
1537 5268 1668 5321 bona
1691 5268 1921 5321 dedisses

366 5269 466 5326 iam
489 5272 654 5330 iusius
687 5268 832 5324 bonis
862 5271 1398 5348 benedicur§_tamen,
1420 5269 1510 5322 uni
1537 5268 1668 5321 bona
1691 5268 1921 5348 dedisses

2037 1807 2166 1863 fecit
2196 1807 2248 1862 in
2271 1807 2550 1864 Dominica
2579 1818 2738 1864 nocte
2765 1827 2778 1863 :
2812 1810 2955 1880 quod
2987 1811 3076 1866 ille
3105 1811 3207 1868 hoc
3225 1813 3525 1868 elaboravit
3552 1823 3619 1870 nt

2037 1905 2164 1960 illud
2196 1907 2688 1975 patraretocculto,
2721 1907 2821 1962 iste
2850 1922 2979 1963 vero
3005 1907 3152 1978 quod
3189 1918 3298 1964 tam
3331 1909 3619 1968 manifeste

2036 1995 2182 2066 (994)
2240 1996 2362 2059 hoc,
2404 1997 2539 2065 proh
2587 1997 2765 2052 nefas!
2823 1997 2972 2064 fecit,
3027 2008 3086 2053 ut
3135 2001 3403 2055 neminem
3458 2001 3617 2060 istius

2033 2087 2270 2141 civitatis
2289 2087 2459 2142 latere
2484 2088 2738 2143 valuerit.
2792 2089 2914 2146 Ideo
2959 2091 3122 2162 igitur
3149 2092 3252 2147 hoc.
3275 2091 3431 2147 nobis
3451 2093 3616 2148 silen-

2034 2179 2110 2234 tio
2136 2179 2398 2250 supprimi
2457 2196 2562 2234 non
2613 2181 2810 2236 debere
2837 2182 3067 2246 videtur,
3117 2183 3242 2254 quia
3295 2184 3340 2238 si
3380 2184 3615 2254 irrepre—

2031 2270 2258 2324 hensum
2292 2271 2627 2340 relinquitur,
2653 2269 2777 2339 jure
2821 2271 3022 2327 faetum
3056 2275 3276 2329 omnino
3320 2273 3609 2328 videbitur.

2031 2359 2218 2416 Nullus
2247 2361 2390 2415 enim
2422 2377 2528 2416 non
2583 2361 2854 2417 dubitabit
2891 2363 3196 2434 exemplum
3235 2363 3360 2420 inde
3385 2378 3610 2435 capere,

2029 2452 2173 2524 quod
2196 2453 2523 2522 compererit
2556 2453 2826 2509 neminem
2856 2455 3210 2524 vituperasse.

2098 2544 2152 2598 5.
2200 2541 2414 2598 Fecisse
2462 2545 2583 2609 hoc,
2631 2545 2828 2599 mirum
2885 2546 3060 2601 dictu!
3107 2555 3160 2602 et
3204 2547 3340 2602 alius
3361 2548 3608 2618 quidam,

2026 2634 2119 2705 qui
2145 2633 2200 2689 in
2225 2633 2332 2690 alio
2358 2643 2543 2691 nostro
2571 2649 2734 2707 opere
2766 2635 2940 2707 (995),
2979 2652 3077 2692 suo
3106 2639 3325 2710 proprio
3349 2639 3613 2697 vocabulo

2028 2816 2157 2870 ricis
2203 2814 2576 2879 tradebantur,
2607 2822 2663 2870 et
2709 2815 2789 2871 sic
2839 2816 3097 2886 deinceps
3134 2815 3190 2871 in
3237 2816 3526 2879 infinitum.
3550 2828 3612 2874 ut

2025 2886 2270 2957 pluribus
2295 2887 2528 2954 explicat
2555 2902 2706 2939 num.
2735 2886 2789 2940 4.
2841 2885 3133 2957 Quatenus
3166 2901 3295 2942 vero
3336 2889 3517 2944 clerici
3541 2889 3611 2943 ob

2026 2956 2291 3023 ejusmodi
2324 2957 2538 3026 nuptias
2562 2957 2779 3009 obnoxii
2811 2965 2995 3010 essent
3024 2956 3188 3010 curize
3217 2959 3610 3020 szecnlari,non

2031 3037 2208 3080 tamen
2233 3037 2452 3095 propter
2473 3042 2530 3079 se
2553 3040 2632 3089 se,
2658 3027 2747 3080 sed
2780 3027 3060 3081 mulierum
3089 3037 3143 3080 et
3173 3026 3402 3082 filiorum
3426 3044 3610 3092 causa,

1955 3089 2003 3150 C
2032 3089 2401 3167 )jidesis'apitd
2425 3098 2676 3167 Atto'nem
2703 3099 3012 3167 episcopum
3038 3097 3198 3167 epist.
3230 3097 3283 3162 9,
3315 3099 3380 3151 ad
3404 3089 3609 3153 clerum

2031 3165 2449 3222 Vercellensem.
2500 3165 2556 3219 ln
2589 3167 2672 3220 his
2701 3165 3027 3221 autemnon
3057 3166 3190 3221 levia
3211 3209 3225 3230 ,
3251 3183 3349 3222 nec
3382 3168 3611 3222 obscura

2031 3237 2449 3306 apparentinitia
2476 3235 2591 3304 ejus
2621 3237 2940 3306 corruptelae
2969 3237 3164 3290 smculo
3180 3239 3422 3306 sequenti
3448 3238 3608 3292 latius

2031 3317 2355 3378 propagatze,
2381 3323 2483 3378 qna
2517 3306 2681 3378 licere
2703 3306 3330 3378 credebanturuconjngia
3385 3309 3614 3378 clerico-

2032 3375 2150 3448 i‘uni
2171 3375 2257 3448 ;de
2291 3392 2398 3448 quo
2419 3377 2568 3448 plura
2593 3377 2948 3448 (lissffruimns
2967 3377 3032 3448 in
3050 3375 3168 3429 Vita
3190 3375 3433 3448 auctoris
3463 3377 3490 3448 §
3521 3377 3607 3432 l5.

2027 3464 2030 3468 '
2104 3447 2249 3516 (99l)
2282 3442 2606 3516 Insatiabilis
2627 3445 2827 3499 scilicet
2859 3442 3118 3513 cupiditas
3156 3447 3357 3514 generis
3393 3442 3611 3516 lininani

2030 3515 2225 3585 quanta
2247 3515 2338 3586 tibi
2369 3532 2470 3586 non
2484 3516 2639 3585 pudet
2662 3517 3192 3586 committereqnoque
3216 3526 3396 3569 contra
3421 3515 3612 3580 Deum,

2029 3584 2184 3653 quam
2215 3587 2232 3636 i
2256 3584 2466 3650 legalia,
2487 3584 2599 3638 etc.

2106 3655 2254 3725 (992)
2285 3655 2409 3708 llmc
2455 3655 2632 3725 dotem
2666 3653 2776 3708 filio
2799 3653 2977 3708 datam
3031 3653 3291 3725 indicant.
3318 3653 3451 3708 Cum
3480 3668 3612 3708 vero

2031 3725 2120 3780 hic
2144 3724 2280 3778 unus
2319 3725 2560 3779 llatherii
2609 3724 2758 3778 locus
2797 3725 3096 3794 vineamex
3119 3724 3325 3794 campis
3353 3733 3609 3780 constan-

2030 3805 2136 3850 tem
2168 3795 2440 3864 ptcherat,
2471 3795 2610 3849 idem
2636 3810 2763 3848 vero
2786 3793 2910 3847 alibi
2934 3809 3150 3863 semper
3167 3793 3387 3863 campos
3415 3795 3608 3848 distin-

2031 3875 2207 3936 gnata
2240 3867 2432 3928 vineis,
2476 3866 2556 3936 uti
2591 3865 2935 3936 ostendemus
2985 3873 3096 3918 not.
3154 3866 3206 3919 in
3262 3865 3607 3936 Jndicatnnt;

2029 3933 2292 4017 suspicari
2324 3936 2449 3992 licet
2473 3935 2562 3991 hic
2593 3950 2806 4005 quoque
2831 3934 3114 4005 legendum
3135 3951 3230 4006 pro
3259 3935 3425 3989 tribus
3449 3933 3610 3989 vineis

2029 4018 2075 4061 et
2111 4023 2328 4074 caiitpts.

2101 4072 2248 4144 (995)
2275 4075 2508 4132 Joannes
2534 4075 2759 4138 scilicet,
2805 4082 2859 4128 et
2887 4072 3245 4129 Pedrevertus
3278 4093 3292 4128 :
3340 4074 3607 4130 Joannem

2027 4148 2172 4216 enim
2210 4148 2438 4215 idipsum
2472 4147 2664 4202 fecisse
2690 4145 2930 4216 prodidit
2961 4144 3272 4216 illegalitate
3297 4146 3522 4216 duplici,
3549 4154 3606 4200 ut

2028 4229 2076 4272 et
2106 4214 2449 4271 Pedreuertus
2494 4214 2857 4270 nostcr’antea
2905 4215 3116 4285 fecerat.
3168 4214 3394 4284 Utrique
3444 4217 3609 4281 igitur

2028 4287 2170 4342 idem
2221 4288 2323 4342 fuit
2358 4287 2536 4342 scelus
2563 4287 2674 4341 filio
2696 4286 2894 4340 clerico
2926 4301 3147 4340 uxorem
3177 4289 3414 4347 tradere,
3446 4287 3606 4354 idque

2027 4367 2294 4428 prmstare
2325 4368 2566 4426 tempore
2605 4361 2791 4428 vetito.
2815 4355 2944 4428 lllnd
2969 4367 3168 4428 autem,
3199 4357 3250 4410 in
3279 4371 3386 4426 quo
3417 4355 3607 4428 Pedre-

2027 4423 2238 4497 vertunt
2269 4423 2505 4482 Joannes
2543 4426 2804 4497 prarcessit
2843 4427 2896 4478 in
2917 4425 3126 4497 scelere,
3175 4423 3310 4489 ρει(
3337 4427 3474 4497 quod
3507 4423 3607 4497 ille

2027 4496 2385 4553 Petlrevet'tus
2401 4499 2496 4550 hoc
2527 4495 2832 4566 elaborauit,
2865 4505 2918 4566 nt
2950 4494 3081 4548 illud
3113 4494 3604 4566 pntrttret'occulto;

2027 4568 2122 4620 iste
2154 4585 2268 4621 vero
2297 4567 2532 4621 Joannes
2551 4569 2688 4637 quod
2713 4565 2834 4633 fecit
2865 4564 2961 4637 hoc
2987 4575 3094 4637 tam
3114 4564 3410 4635 manifeste,
3433 4573 3488 4617 nt
3514 4579 3607 4618 ne-

2027 4639 2215 4691 minem
2240 4639 2391 4691 istius
2419 4634 2643 4689 cit-italis
2665 4635 2827 4688 latere
2854 4634 3088 4688 coluerit.

2098 4707 2243 4778 (994)
2302 4705 2834 4778 Disciplinaigitur,
2871 4719 2938 4778 ne
2987 4702 3603 4778 contrahanturnuptite

2028 4773 2268 4846 tempore
2297 4773 2758 4846 Quadragesim'as,
2790 4774 2863 4827 ita
2888 4773 3190 4846 obtinebat,
3230 4783 3287 4826 ut
3321 4773 3410 4844 qui
3455 4774 3602 4846 illam

2029 4842 2387 4910 violarent,‘id
2425 4842 2639 4901 occulte
2679 4845 2940 4899 facerent.
2997 4842 3095 4896 llic
3127 4842 3351 4907 autem,‘
3377 4843 3468 4911 qui
3495 4852 3604 4911 tam

2027 4919 2299 4986 manifeste
2323 4917 2562 4978 violavit,
2591 4915 2814 4984 majoris
2850 4912 3305 4986 multocriminis
3335 4910 3609 4986 redarguio

2027 4995 2130 5058 tur.
2157 4980 2257 5043 nec
2286 4989 2557 5058 publicum
2609 4980 2777 5058 hocce
2828 4980 3292 5058 scandalum__s_ine
3320 4980 3611 5058 reprelien-

2025 5057 2175 5130 si‘ouc
2204 5049 2412 5130 publica
2433 5053 2815 5130 dimittendum
2843 5051 3108 5130 creditur.
3140 5049 3277 5130 liinc
3305 5049 3468 5106 etiam
3497 5064 3614 5130 p02-

2025 5118 2252 5184 nitentia
2281 5133 2389 5184 reis
2416 5126 2679 5195 ejusmodi
2725 5124 2943 5190 publice
2965 5118 3525 5196 praescribitnrgium’.

2099 5199 2244 5269 (995)
2280 5198 2345 5252 In
2378 5188 2484 5250 alio
2514 5188 2913 5269 nostra—opere,
2947 5188 3200 5269 nimirum
3243 5191 3299 5244 in
3331 5188 3616 5269 Qnafitalis

2021 5257 2324 5336 conjectura
2353 5283 2500 5322 num.
2531 5267 2616 5330 ll,
2654 5261 2748 5348 ub]
2768 5257 2912 5315 ﬁcum
2951 5271 3094 5320 eum.
3121 5257 3187 5338 ἀεὶ
3210 5275 3319 5328 quo
3342 5259 3620 5348 liicloqui-
