4044 5348
313 211 450 278 573

1582 204 1668 260 DE
1707 205 1952 262 OTIOSO
1993 206 2334 264 SERMONE.

3499 218 3608 274 57%

312 329 414 381 stis
435 343 555 396 que
577 326 818 395 graviora
841 334 959 377 sunt
979 323 1405 392 legis,jndicium
1435 335 1480 376 et
1502 323 1914 377 misericordiam
1945 325 1995 384 Α
2021 339 2120 379 nos
2147 341 2316 394 usque
2359 326 2424 380 ad
2466 340 2745 394 vesperam
2773 326 3097 396 jejunctnus.
3132 312 3215 384 Ab
3241 311 3603 404 eleetttosynis

312 430 362 472 et
391 418 551 486 [idem
580 416 794 487 (Matth.
829 433 984 480 nul,
1015 415 1129 486 25).
1153 415 1368 470 Utinam
1399 415 1580 485 (100i)
1608 431 1768 485 super
1793 431 1914 470 cor-

313 523 420 576 pus
441 506 630 561 fratris
663 507 737 561 tui
779 507 867 561 die
895 516 1162 575 noctuque
1192 505 1366 576 pluvia
1406 507 1644 571 caderet,
1675 506 1816 574 quod
1858 515 1911 560 tu

311 602 768 656 studiosisissime
801 602 1103 671 procurasti
1143 615 1209 653 ne
1256 601 1442 664 fieret;
1472 610 1526 653 et
1580 602 1678 654 iste
1723 601 1915 652 humor

319 701 435 745 tam
469 691 682 753 noxius,
712 701 820 745 tam
858 691 1130 752 sordidus,
1164 699 1274 751 tam
1302 690 1474 744 fmdus
1501 689 1738 743 animam
1771 689 1914 743 illius

312 800 425 837 non
459 793 567 838 tam
617 784 855 854 graviter
905 780 1188 853 afﬂigeret,
1232 781 1554 847 sordidaret,
1610 782 1914 851 inquinaret

311 881 486 944 atque
515 882 818 943 torqueret.

391 966 445 1020 6.
477 965 830 1035 Praeseriptos
860 964 1043 1034 igitur,
1073 972 1354 1028 ctonmcs,
1381 964 1473 1034 qui
1511 963 1561 1016 in
1591 963 1679 1018 tali
1709 962 1913 1017 scelere

312 1065 409 1110 aut
460 1055 966 1126 Quadragcsimam,
1023 1065 1118 1108 aut
1145 1053 1409 1122 jejunium
1454 1056 1782 1126 przecipuum
1815 1055 1912 1110 ali-

313 1146 486 1214 quod,
519 1154 615 1198 aut
661 1157 873 1199 noctem
912 1144 1246 1199 Dominicam
1273 1185 1286 1209 ,
1313 1154 1405 1198 aut
1435 1144 1786 1199 festivitatem
1826 1144 1910 1198 ul-

311 1238 422 1290 lam
477 1235 793 1306 prarclaram
843 1251 900 1290 se
952 1246 1349 1306 recognoscant
1393 1236 1648 1302 violasse,
1676 1252 1906 1302 mecum,

313 1329 409 1397 qui
440 1328 629 1396 utique
651 1327 914 1382 hactenus
945 1327 1071 1380 dum
1099 1344 1204 1381 non
1236 1328 1408 1382 restiti
1443 1330 1792 1383 consentiens
1810 1329 1906 1391 fui.

306 1419 671 1487 quadraginta
687 1418 877 1471 diebus
894 1433 1086 1472 moueo
1101 1419 1470 1486 pteuitentimu
1503 1435 1665 1490 agere
1685 1421 1905 1490 (l005);

308 1512 386 1563 ita
425 1511 694 1573 videlicet,
743 1520 800 1563 ut
848 1510 890 1562 si
938 1511 1116 1564 θεειοιί
1168 1511 1352 1567 fideles
1400 1513 1907 1568 reticiunturtcrtia

307 1604 468 1666 hora,
499 1616 598 1656 nos
629 1613 812 1665 sexta;
839 1601 882 1655 si
917 1601 992 1656 illi
1022 1611 1196 1668 sexta,
1226 1619 1326 1658 nos
1356 1620 1528 1668 nona;
1562 1605 1606 1658 si
1639 1605 1713 1658 illi
1740 1620 1901 1669 nona,

379 1754 568 1829 (i004)
620 1755 731 1810 Hoc
780 1755 897 1808 loco
947 1756 1174 1829 indicari
1222 1758 1495 1813 credimus
1525 1770 1743 1829 Optasse
1797 1760 1905 1816 Ra-

307 1827 582 1898 therium,
604 1837 661 1880 ut
697 1842 895 1896 corpus
924 1825 1042 1892 ejus
1077 1828 1288 1892 clerici,
1319 1831 1411 1898 qui
1452 1825 1619 1884 frater
1647 1841 1764 1884 erat
1792 1847 1906 1886 me-

307 1907 536 1970 morata:
570 1897 835 1960 Dotnime,
866 1899 1182 1970 humaretur
1207 1900 1257 1951 in
1311 1897 1529 1970 publico
1566 1906 1902 1968 cmmelerio,

304 1967 397 2018 ubi
435 1968 524 2019 ditt
555 1977 825 2034 noctuque
849 1967 1026 2034 pluvia
1065 1967 1328 2022 catleret.‘
1358 1970 1472 2024 Mos
1525 1973 1780 2024 nimirum
1813 1967 1901 2027 seé

305 2035 546 2158 Eeticndi
580 2037 630 2089 in
662 2035 883 2105 templo,
930 2047 1024 2090 aut
1053 2038 1102 2091 in
1137 2039 1315 2108 aliquo
1346 2041 1608 2108 peculiari
1633 2043 1900 2112 sepulcro,

346 2121 412 2158 oc
468 2122 586 2158 aevo
628 2122 803 2158 neque
839 2109 1017 2158 uuoad
1079 2109 1224 2158 insos
1273 2111 1502 2158 clericos
1552 2123 1643 2158 nllt
1681 2114 1900 2158 nreslw-

346 2121 412 2160 oc
468 2122 592 2184 aevo
628 2122 803 2176 neque
839 2109 1017 2184 quoad
1079 2109 1224 2184 ipsos
1273 2111 1508 2184 clericos
1552 2123 1643 2165 aut
1681 2109 1902 2184 presby-

310 2186 458 2230 leros
478 2178 812 2230 obtinuerat.
839 2177 943 2230 Sed
997 2177 1152 2232 θοι-(ιι
1172 2179 1287 2248 ejus
1307 2196 1430 2235 eum
1462 2183 1610 2236 dives
1640 2194 1804 2248 esset,
1835 2177 1903 2238 ne

307 2249 408 2300 sub
452 2249 546 2301 dio
601 2249 785 2302 fratris
832 2263 1028 2318 corpus
1065 2251 1397 2313 humaretur,
1437 2254 1648 2306 curavit
1687 2253 1788 2306 :at
1819 2255 1901 2308 vel

307 2318 362 2369 in
399 2318 636 2392 templo,
697 2318 781 2392 vel
836 2318 1255 2392 i_n_caameterio
1311 2321 1429 2392 ipso
1477 2323 1782 2392 sepulcrum
1807 2325 1904 2377 ali-

347 2389 453 2440 uod
488 2389 735 2443 construi
779 2387 965 2455 voluit,
998 2391 1141 2459 quod
1187 2387 1383 2461 corpus
1426 2408 1458 2446 a
1488 2387 1671 2464 pluvia
1712 2393 1900 2448 defen-

343 2467 478 2511 cret.

378 2528 565 2598 (1005)
612 2529 744 2585 Cum
779 2532 894 2586 haec
939 2531 1299 2602 quadraginta
1344 2533 1552 2588 dierum
1583 2535 1898 2603 pwnitentia

345 2720 910 2744 —-——-————

1931 1671 1980 1730 B

2016 431 2146 470 vero
2191 417 2486 470 secundum
2527 432 2682 487 posse
2720 417 2982 473 faciendis
3022 420 3245 475 minime
3293 438 3602 490 cessemus;

2015 522 2115 562 nec
2147 517 2323 561 tamen
2353 505 2519 578 429
2563 518 2782 577 propter
2827 509 2931 564 hoc
2978 525 3076 565 nos
3099 511 3423 581 justiticatos
3475 514 3604 569 inde

2016 597 2207 651 saltem
2253 599 2556 652 credamus.
2611 597 2726 652 Non
2770 609 2849 653 est
2887 601 3029 655 enim
3062 602 3167 656 tale
3198 602 3430 666 facinus,
3459 608 3604 674 quod

2014 690 2205 744 leviter
2225 691 2395 760 possit
2422 691 2716 745 emendari.
2752 691 2825 746 De
2862 693 2956 747 Dei
3008 703 3187 748 tamen
3231 695 3608 751 misericordia

2015 782 2236 836 minime
2285 784 2672 852 desperemus:
2709 781 2888 838 Nescit
2919 785 3080 852 enim,
3113 789 3189 840 ait
3236 787 3478 856 quidem,
3508 790 3605 842 Ιιο-

2013 889 2119 938 mo,
2147 883 2319 927 utrum
2359 875 2499 938 odio,
2553 892 2622 929 an
2661 891 2838 928 aucore
2869 875 3057 946 dignus
3087 877 3186 939 sit,
3217 879 3308 931 sed
3348 880 3607 934 omniain

2013 967 2252 1036 futurum
2275 977 2548 1022 servantur
2569 969 2766 1022 incerta
2793 967 2992 1039 (Eccle.
3017 986 3068 1023 Ix
3090 1010 3105 1034 ,
3140 969 3212 1040 1).
3231 969 3382 1036 Quod
3409 972 3450 1026 si
3478 972 3604 1037 hoc,

2014 1067 2073 1111 ut
2097 1059 2364 1126 suspicor,
2391 1059 2501 1112 imo
2523 1059 2819 1124 certiftcor,
2851 1061 3130 1129 respuitis,
3157 1071 3433 1116 etmecum
3453 1060 3604 1133 jeju-

2014 1167 2145 1206 nare
2171 1151 2467 1223 43011011
2496 1152 2687 1218 vultis;
2713 1161 2765 1207 et
2795 1161 2888 1206 aut
2925 1167 3026 1223 ego
3071 1170 3167 1209 vos
3193 1156 3606 1211 exeommunico

2015 1246 2406 1316 temporaliter,
2437 1255 2531 1301 aut
2559 1246 2700 1301 Deus
2737 1263 2831 1302 vos
2876 1247 3096 1302 damnat
3123 1249 3487 1314 aiternaliter;
3522 1249 3608 1304 in-

2015 1337 2171 1390 tersit
2199 1347 2399 1400 vestra,
2443 1353 2542 1392 nec
2589 1337 2693 1390 ulla
2726 1352 2842 1392 mea
2869 1339 2940 1393 sit
2967 1339 3142 1409 culpa.
3192 1338 3320 1393 Inde
3351 1340 3606 1394 similiter

2012 1425 2079 1479 ad
2110 1426 2484 1493 paenitentiam
2511 1435 2562 1480 te
2591 1427 2750 1496 paulo
2784 1430 3034 1498 superius
3073 1429 3362 1484 allocutam
3396 1431 3600 1496 invito;

2011 1518 2228 1587 expedit
2249 1517 2393 1572 enim
2421 1517 2540 1583 tibi,
2572 1528 2625 1572 ct
2650 1517 2874 1573 forsitan
2901 1521 3143 1590 proderit
3170 1520 3358 1576 fratri.‘

2053 1767 2135 1812 ost
2165 1758 2652 1826 Quadragesimam
2685 1759 2885 1814 indicta
2921 1761 3116 1824 fuerit;
3165 1776 3242 1815 cie
3272 1775 3484 1830 quoque
3520 1777 3606 1816 re-

2035 1830 2263 1883 ectionis
2319 1830 2466 1882 hora:
2490 1830 3046 1902 comprehenduntur,
3072 1848 3191 1900 qua:
3240 1832 3606 1902 Quadragesi-

2015 1915 2116 1953 mm
2143 1916 2246 1954 non
2273 1902 2623 1954 conveniunt.
2658 1900 2902 1955 Rcfectio
2931 1902 3078 1970 liotze
3119 1903 3292 1956 tertiae
3347 1900 3609 1956 illis'die-

2014 1970 2113 2041 bus
2141 1972 2492 2040 congruebat,
2520 1971 2718 2040 quibus
2749 1971 2951 2024 nullum
2990 1974 3360 2041 praescriptum
3389 1982 3504 2027 erat
3524 1971 3610 2039 je-

2008 2039 2610 2109 juniumIQuibusdam
2663 2055 2841 2093 autem
2868 2039 3197 2111 jejuniorum
3215 2039 3422 2096 diebus
3447 2055 3605 2096 extra

2015 2112 2496 2180 Quadragcsimam
2554 2111 2700 2164 nulla
2747 2111 2968 2165 refectio
3027 2113 3165 2166 sumi
3213 2121 3426 2180 poterat
3477 2121 3605 2166 ante

2012 2182 2201 2234 horam
2232 2193 2466 2245 sextam,
2495 2181 2615 2235 aliis
2662 2192 2787 2235 ante
2840 2197 3057 2235 nonam.
3093 2181 3149 2235 In
3177 2182 3604 2250 Quadragesima

2010 2267 2140 2305 vero
2186 2253 2412 2307 refectio
2475 2253 2734 2305 sumenda
2792 2262 2911 2306 erat
2964 2262 3084 2321 post
3149 2268 3440 2321 vesperas,
3495 2251 3602 2305 nisi

2011 2323 2194 2376 mitior
2235 2323 2517 2390 disciplina
2572 2323 2863 2387 obtineret,
2921 2339 3024 2391 qua
3069 2323 3234 2376 etiam
3291 2321 3604 2387 Quadrage-

2011 2394 2161 2448 sima:
2211 2403 2451 2461 tempore
2499 2402 2620 2462 post
2663 2408 2858 2445 nouam
2902 2392 3166 2460 jejunium
3198 2392 3330 2462 solvi
3361 2400 3595 2462 poterat,

2011 2477 2067 2515 υι,
2093 2482 2155 2518 cx
2185 2463 2424 2517 Ratherii
2452 2463 2709 2533 synodica
2739 2463 3076 2533 exploratum
3102 2471 3202 2517 est.
3240 2461 3371 2517 Vide
3400 2461 3597 2516 ibidem

2005 2547 2118 2588 ιιυι.
2145 2536 2267 2599 980,
2301 2534 2402 2588 cui.
2436 2533 2559 2588 565.
3521 2559 3526 2564 '

933 2884 1743 2998 RATIIERII
1827 2886 1907 2998 Ο

2014 2885 2812 3001 'USCULUM
2875 2882 3104 2996 (ίθθθ).

1281 3127 1428 3216 DE
1505 3122 1955 3218 OTIOSO
2029 3128 2156 3216 SE
2179 3125 2636 3217 RMONE.

1760 3324 2096 3337 —-————_

380 3449 794 3523 431-4321.
842 3449 1180 3504 Sententiam
1213 3447 1396 3518 (1007)
1444 3448 1726 3516 scriptura:
1770 3449 1916 3519 cuju-

310 3546 463 3598 sdam
479 3543 995 3597 commemoratione
1009 3541 1123 3610 jam
1156 3539 1486 3610 quadrifaria
1504 3550 1785 3609 propterea
1816 3541 1913 3594 tri-

313 3650 448 3700 tam,
465 3637 608 3705 quod
633 3637 730 3688 hac
747 3650 832 3689 me
846 3633 1183 3689 solummodo
1208 3648 1392 3688 recrea
1402 3633 1443 3686 ri
1459 3642 1644 3687 contra
1659 3634 1911 3702 despera-

312 3729 520 3780 tionem
552 3728 813 3791 dicerem,
844 3726 956 3782 sola
988 3727 1114 3780 dum
1162 3740 1280 3779 mea
1306 3725 1494 3794 utique
1518 3725 1733 3794 meique
1768 3724 1913 3778 simi-

311 3821 444 3873 lium
473 3820 862 3890 perpenderem
888 3830 1059 3890 gesta,
1087 3833 1193 3872 non
1226 3817 1355 3871 mihi
1379 3817 1555 3871 adhuc
1582 3816 1909 3871 satisfecisse

2017 3447 2193 3502 refero
2221 3448 2438 3503 verbis:
2475 3447 2660 3502 Nescit
2689 3449 2865 3516 homo,
2913 3462 3088 3505 utrum
3125 3453 3268 3516 odio,
3313 3467 3380 3504 an
3430 3463 3610 3505 amore

2012 3540 2077 3592 sit
2103 3539 2338 3605 dignus;
2389 3539 2479 3592 sed
2505 3540 2681 3592 omnia
2710 3539 2765 3593 in
2815 3540 3050 3608 futurum
3089 3549 3366 3593 servantur
3408 3540 3609 3593 incerta

2015 3631 2212 3702 (Eccle.
2244 3647 2321 3696 is,
2355 3630 2431 3701 1).
2461 3630 2581 3698 Cui,
2628 3632 2674 3686 si
2726 3632 2878 3697 licet,
2919 3633 3123 3702 aliquid
3155 3633 3273 3688 sine
3301 3632 3406 3687 mei
3440 3646 3605 3686 causa

2012 3723 2365 3778 subinferam.
2396 3723 2535 3790 Quid
2558 3739 2732 3793 quave
2755 3725 2821 3779 de
2843 3740 3007 3780 causa
3044 3725 3097 3779 id
3122 3733 3229 3779 tam
3256 3739 3396 3794 saepe
3417 3731 3607 3793 protu-

2015 3819 2192 3880 leritn.
2211 3819 2460 3889 ignorare
2476 3833 2561 3871 me
2578 3833 2684 3872 non
2707 3818 2941 3873 ditliteor
2957 3818 3152 3889 ipsum.
3171 3817 3297 3872 Scio
3312 3816 3478 3880 enim,
3494 3815 3609 3871 scio

313 3920 374 3963 ιιι
417 3911 606 3980 paucis
653 3914 1046 3974 demonstrem,
1095 3911 1365 3974 eamdem,
1423 3918 1483 3964 ut
1528 3926 1691 3978 saepe,
1721 3910 1908 3965 iisdem
1936 3900 1983 3964 C
2015 3912 2230 3982 dignum
2261 3926 2346 3966 me
2375 3911 2638 3966 veraciter
2667 3912 2829 3974 odio,
2889 3911 2936 3966 si
2979 3910 3046 3965 ab
3084 3910 3318 3966 assuetis
3363 3906 3607 3980 (1008-9)

387 4044 572 4115 (1006)
612 4045 723 4101 i-loe
761 4047 1073 4115 Opusculum
1126 4061 1190 4100 ex
1248 4061 1349 4099 ms.
1406 4043 1734 4114 Frisingensi
1769 4060 1910 4100 nunc

313 4117 552 4183 primum
577 4116 922 4184 proferimus.
961 4117 1224 4171 Acherius
1262 4115 1388 4169 illud
1426 4125 1713 4184 acceperat
1755 4130 1786 4169 e
1817 4132 1912 4169 co-

316 4187 439 4240 dice
466 4185 716 4241 Lobiensi
753 4190 1164 4256 transcriptum.
1196 4201 1458 4256 spemque
1496 4185 1755 4248 iniecerat
1794 4187 1911 4256 ejus

315 4256 516 4310 edendi
558 4275 570 4309 :
623 4259 766 4325 quod
800 4268 977 4312 tamen
1007 4259 1249 4325 nuspiam
1275 4258 1542 4326 apparuit.
1572 4257 1627 4310 lu
1665 4257 1910 4325 margine

318 4326 528 4398 codicis
561 4327 920 4398 Frisiugeusis
943 4330 1030 4383 hic
1055 4329 1195 4381 alius
1219 4327 1381 4380 veluti
1415 4327 1602 4382 titulus
1643 4337 1864 4380 notatur
1893 4346 1906 4380 :

319 4397 587 4470 Invectiva
642 4397 840 4470 contra,
872 4399 1148 4470 quemlibet
1197 4409 1565 4470 prwceptorem
1617 4398 1908 4470 prtesertim

316 4467 670 4533 spiritualem.
721 4467 957 4523 Verbum
995 4471 1241 4531 otiosum,
1289 4470 1430 4538 quod
1474 4469 1561 4522 hic
1610 4469 1909 4536 reprehen-

318 4541 465 4591 ditur
491 4555 639 4592 uum.
676 4539 709 4592 5
741 4539 839 4606 ipsi
871 4540 1127 4593 [latherio
1156 4554 1186 4592 a
1227 4539 1540 4592 cavillatore
1569 4539 1824 4592 tribuitur
1856 4538 1909 4592 in

320 4607 610 4673 Qualitatis
649 4611 953 4679 conjectura
983 4626 1131 4664 num.
1175 4610 1246 4661 7:
1284 4607 1460 4662 Unum
1503 4610 1659 4661 etiam
1701 4609 1910 4661 verbum

320 4680 568 4743 otiosum,
614 4691 683 4739 et.
736 4691 790 4732 ut
825 4698 915 4733 nos
962 4682 1171 4734 credere
1216 4680 1370 4745 cogit,
1405 4681 1762 4746 turpissimum
1813 4679 1910 4730 tali

321 4749 432 4802 loco
464 4766 518 4802 se
547 4751 746 4816 fatetur
769 4752 986 4816 dixisse,
1018 4760 1123 4804 etc.
1153 4749 1320 4803 Porro
1351 4749 1455 4803 hoc
1487 4748 1808 4818 opusculum
1841 4750 1910 4803 ab

320 4819 511 4874 eodem
543 4822 808 4888 scriptum
850 4820 1072 4875 Verona:
1117 4829 1239 4890 post
1265 4821 1478 4873 tertiam
1510 4820 1908 4872 restitutionem

323 4905 387 4943 ex
422 4890 639 4944 laudato
682 4891 1015 4960 Frisingensi
1050 4889 1236 4944 codice
1282 4891 1534 4959 colligere
1590 4889 1734 4951 licet,
1785 4906 1908 4944 cum

324 4975 429 5030 non
454 4961 552 5013 alia
583 4961 683 5014 uisi
703 4959 958 5026 'ejusdem
987 4961 1248 5030 temporis
1276 4976 1438 5030 opera
1465 4960 1581 5028 ejus
1609 4960 1910 5013 contineat.

323 5029 455 5083 Cum
481 5047 606 5085 vero
633 5031 685 5084 in
707 5032 893 5085 eodem
919 5029 1110 5087 codice
1129 5031 1222 5100 qui
1247 5029 1680 5098 chronologicam
1711 5032 1908 5084 seriem

325 5102 475 5170 sequi
522 5103 762 5165 videtur,
823 5102 898 5172 uti
963 5103 1209 5172 pluribus
1271 5102 1618 5155 ostendemus
1665 5111 1777 5172 not.
1851 5103 1904 5154 iu

327 5187 483 5224 serui.
520 5173 542 5225 1
581 5172 648 5226 de
679 5171 1124 5242 Quadragesima,
1160 5172 1285 5242 hoe,
1307 5172 1624 5242 opusculum
1652 5171 1909 5242 subjicia-

329 5250 414 5296 Itur.
448 5243 749 5316 synodica},
781 5251 848 5321 et
887 5240 1229 5330 sermoninge
1274 5241 1438 5334 Mitria
1474 5252 1527 5296 et
1553 5240 1788 5307 Martha,
1818 5241 1908 5310 qui

2019 4044 2378 4116 quadrifaria,
2405 4056 2677 4114 propterea
2713 4045 2852 4116 quod
2882 4046 3105 4099 dicerem
3148 4062 3230 4099 me
3271 4044 3370 4098 hac
3409 4042 3608 4098 solum-

2014 4115 2169 4168 modo
2215 4116 2439 4168 recreari
2488 4126 2672 4169 contra
2713 4118 3160 4186 desperationem,
3207 4117 3333 4168 dum
3384 4130 3606 4186 perpen-

2012 4186 2186 4239 derem
2214 4187 2328 4238 sola
2350 4196 2492 4254 gesta
2521 4203 2636 4239 mea
2661 4185 2862 4256 utique,
2893 4197 2940 4239 et
2966 4187 3216 4239 similium
3246 4186 3347 4238 mei
3369 4201 3387 4249 ;
3424 4194 3481 4256 ut
3510 4185 3608 4236 de-

2012 4266 2316 4320 monstrem,
2365 4257 2601 4325 inquam,
2651 4255 2962 4310 sententiam
3015 4256 3291 4324 cujusdam
3335 4255 3612 4324 scripturte

2012 4327 2184 4378 adhuc
2215 4343 2318 4379 non
2342 4325 2659 4380 satisfecisse
2695 4327 2845 4390 mihi,
2879 4327 3114 4380 eamdem
3145 4326 3336 4394 refero,
3366 4334 3420 4377 ut
3450 4339 3615 4394 sirpe,

2014 4397 2176 4449 verbis
2224 4396 2428 4450 iisdem.
2476 4395 2656 4450 Nescit
2690 4397 2874 4461 homo,
2902 4408 3008 4450 etc.
3039 4395 3138 4450 Cui
3167 4393 3438 4449 sententiw
3467 4393 3614 4455 siue,

2011 4469 2056 4518 si
2083 4466 2590 4536 licettsubinferam
2619 4467 2821 4536 aliquid
2849 4483 3012 4520 causa
3045 4468 3166 4518 mei.
3205 4466 3608 4536 Hanesenten-

2016 4538 2164 4600 tiam,
2201 4535 2380 4590 Nescit
2408 4539 2583 4600 homo,
2611 4535 2741 4601 etc.,
2792 4537 2846 4590 in
2891 4547 3098 4606 septem
3149 4535 3409 4606 Ιὶίιιιιρινίί⁸
3442 4545 3614 4606 opus‘

2013 4608 2148 4661 culis
2194 4606 2415 4660 relatam
2466 4608 2790 4672 invenimus,
2843 4602 3099 4660 nimirum
3154 4607 3206 4659 in
3267 4602 3612 4672 Confessitmo

2015 4692 2160 4730 ιιιιιιι.
2206 4677 2274 4730 26
2302 4693 2314 4738 ;
2347 4677 2398 4729 in
2454 4693 2618 4731 serm.
2645 4678 2680 4731 2
2711 4669 2784 4732 ἀὲ
2826 4676 3246 4746 Quadragesima
3301 4669 3452 4746 ῃιιιιι.
3491 4669 3562 4724 ‘25
3589 4687 3612 4734 ί

2014 4749 2064 4801 in
2099 4748 2204 4800 alio
2229 4748 2292 4801 de
2324 4747 2624 4800 Pentecoste
2655 4765 2802 4801 mnu.
2827 4749 2862 4800 2
2889 4765 2902 4813 ;
2949 4749 3002 4802 in
3033 4742 3170 4799 libro
3202 4745 3266 4796 de
3289 4742 3605 4813 Contempla

2012 4835 2270 4891 canonum
2319 4828 2459 4886 part.
2494 4834 2531 4891 ιι
2563 4821 2622 4891 ιιι
2665 4811 2906 4891 ιὶιιολίιι
2955 4816 3214 4891 opusculo
3266 4811 3615 4891 de_Pr_oprio

2011 4887 2160 4953 lapsu
2187 4880 2336 4942 num:
2366 4891 2436 4954 5;
2467 4890 2530 4941 de
2572 4887 2753 4956 Nuptu
2777 4880 2962 4942 illicito
2991 4880 3150 4940 'num.
3176 4884 3207 4938 6
3227 4923 3240 4945 .
3272 4894 3328 4938 et
3357 4883 3408 4936 in
3447 4880 3614 4933 Itine-

2015 4975 2157 5010 rur.o
2189 4976 2336 5013 lllllll.
2378 4961 2460 5012 ιι).
2513 4958 2862 5026 Quadrifaria
2915 4957 3339 5026 commemoratio
3371 4959 3608 5022 quatuor

2013 5045 2076 5079 ex
2118 5029 2199 5082 his
2231 5029 2524 5098 opusculis.
2569 5039 2628 5082 ut
2675 5024 2969 5098 credimus,
3023 5024 3246 5098 indicat,
3275 5040 3398 5098 qua:
3447 5027 3611 5073 antea

2020 5093 2568 5154 Vel-ome'lueubrata
2619 5099 2856 5152 fuerant.
2915 5093 3286 5168 Confessiouis
3333 5096 3467 5149 liber
3493 5103 3614 5168 pett

2017 5168 2262 5230 Veronae.
2315 5173 2406 5225 sed
2457 5171 2508 5222 in
2545 5168 2876 5223 monasterio
2911 5165 3130 5234 Belgica
3183 5176 3440 5234 exaratus
3490 5157 3613 5211 fuit.

2016 5238 2362 5294 ltinerarium
2397 5241 2672 5308 aliquanto
2705 5249 2826 5308 post
2856 5239 2956 5308 hoc
2983 5232 3306 5308 {pusculmn
3339 5236 3614 5308 digestum

2017 5324 2271 5348 mil-nm..-
2375 5311 2430 5348 In
2490 5303 2820 5348 'gnnurnhhn
2890 5303 3217 5348 Fricinannsi
3292 5304 3613 5348 Inoahallll‘.
