4044 5348
517 279 583 333 75
1419 299 1746 356 RA'I‘tilSltll
1789 300 1999 356 EPISC.
2040 297 2290 359 VERON.
2333 310 2480 367 οη).
2523 300 2705 374 rans
2737 319 2776 374 ι.

479 412 584 449 non
619 411 791 454 cesso.
829 401 1017 462 Utrum
1066 425 1195 466 vero
1240 415 1308 468 ab
1335 414 1400 469 iis
1430 429 1644 470 cessare
1687 415 1901 486 penitus
1926 423 2051 468 ante
2079 418 2130 474 Α
2158 420 2468 492 utreliquos
2518 437 2744 494 taceam,
2789 431 2853 485 de
2907 447 3011 501 quo
3067 434 3353 502 Apostolus
3395 437 3552 503 dicit,

479 485 767 541 terminum
827 493 1009 548 datum
1058 497 1128 551 sit
1176 499 1316 568 vitae,
1370 501 1544 557 fateor
1573 519 1660 561 me
1690 485 1857 559 inullo
1902 504 2060 560 modo

479 574 639 627 scire.
682 575 862 632 Couor
907 585 1050 640 enim
1095 589 1390 657 meliorari,
1413 602 1468 646 et
1497 597 1730 656 vincor;
1774 594 1978 656 laboro,
2007 605 2062 649 et

480 661 670 718 delicio
693 683 706 731 ;
733 683 914 742 surgo,
939 683 992 728 et
1017 678 1265 746 relabor;
1293 699 1566 753 nunquam
1595 684 1648 738 in
1679 685 1803 738 boni
1835 684 2061 754 alicujus

480 763 618 808 statu
655 773 962 827 permaneo.
997 768 1178 842 (1010)
1206 773 1370 828 Usum
1395 778 1540 830 enim
1565 793 1630 831 ex
1659 779 1860 832 vomitu
1885 777 2058 843 canis,

479 847 698 917 suisque
724 869 786 906 ex
815 857 1140 918 volutatione
1173 863 1526 940 (Petr.u,22)
1574 868 1759 924 infelix
1790 870 2077 939 miserque-

479 937 854 1011 frcquentaus,
884 959 937 1003 et
976 951 1078 1008 hac
1106 971 1192 1010 me
1223 957 1580 1025 solummodo,
1621 962 1745 1016 dum
1778 977 1884 1016 non
1916 961 2059 1016 aliud

479 1026 722 1085 invenire
744 1034 912 1101 valeo,
943 1043 1211 1097 sententia
1241 1061 1517 1113 recreans,
1557 1048 1786 1118 despero
1809 1063 2055 1118 sperans,

476 1135 638 1211 spero
676 1125 998 1198 desperatis,
1053 1133 1160 1191 fido
1210 1137 1490 1206 dididens,‘
1529 1140 1707 1196 dillido
1760 1140 2056 1196 conlidens.

478 1215 744 1275 Universa
789 1225 1004 1296 quippe,
1059 1244 1178 1298 qum
1226 1233 1486 1291 Dominus
1537 1237 1809 1307 promisit,
1849 1236 2060 1292 confido

475 1322 600 1363 eum
629 1311 917 1382 daturum;
956 1320 1050 1374 sed
1083 1322 1261 1379 diliido
1309 1341 1396 1380 me
1427 1327 1657 1382 inveniri
1704 1344 1886 1398 posse,
1935 1345 2061 1399 pro—

477 1397 642 1454 missa
671 1404 757 1458 cui
787 1407 1049 1472 conferat,
1078 1412 1317 1482 dignum.
1353 1417 1573 1472 Veniam
1622 1435 1749 1474 vero
1775 1436 1895 1474 cum
1930 1420 2059 1478 nulli

478 1492 886 1559 promittatnisi
918 1515 1225 1570 converso;
1259 1505 1728 1565 inconvertibilem
1774 1511 1899 1566 dum
1947 1526 2062 1566 me-

481 1591 593 1636 tuet
625 1586 850 1654 aspicio,
885 1605 990 1646 non
1037 1593 1102 1648 de
1138 1595 1259 1665 ejus
1290 1598 1638 1656 miseratione
1686 1603 1932 1672 despero,
1966 1606 2060 1659 sed

433 1697 439 1701 Α
476 1675 542 1730 de
571 1679 926 1738 obduratione
950 1701 1066 1741 mea
1099 1705 1347 1759 pavesco.
1380 1693 1443 1748 Et
1476 1695 1603 1764 quid
1633 1697 1899 1767 amplius?
1925 1698 2060 1754 Odia

3636 329 3738 385 576

3561 422 3742 496 Ovidi:-

2164 519 2284 568 tur:
2316 513 2430 570 Hoc
2454 530 2627 574 autent
2669 523 2850 592 scitote
2879 525 3215 596 intelligentes
3260 529 3398 599 quod
3432 531 3604 584 omnis
3627 533 3741 600 [or-

2161 603 2382 670 nicator,
2406 618 2496 662 aut
2526 611 2846 678 immundus,
2869 625 2961 668 aut
2984 633 3188 679 avarus,
3221 620 3359 689 quod
3380 631 3453 674 est
3474 622 3740 675 idolorum

2159 694 2398 759 servitus,
2434 715 2534 752 non
2582 703 2734 756 habet
2765 703 3120 760 [nereditatem
3167 709 3219 761 in
3268 727 3422 780 regno
3456 709 3658 765 Citriin
3689 721 3738 766 et

2159 782 2257 838 Dei
2275 786 2524 858 ?(Ephes.
2554 807 2605 856 v,
2627 792 2852 864 5.)Cum
2879 811 3010 851 vero
3040 799 3459 857 innumerabiles
3480 818 3510 856 a
3544 803 3742 859 talibus

2164 878 2411 932 conversi
2449 892 2664 936 cessent
2692 898 2811 941 esse
2843 886 3220 958 fornicatores,
3255 892 3537 959 immundi,
3563 897 3739 961 avari,

2159 965 2416 1022 nimirum
2446 970 2512 1025 de
2559 978 3004 1041 permanentibus
3037 981 3090 1034 in
3147 981 3452 1053 lmjusmodi
3501 985 3606 1040 hoc
3657 986 3740 1040 di-

2163 1064 2308 1110 ctum
2337 1057 2504 1118 claret
2552 1061 2870 1120 sceleribus.
2907 1055 3195 1125 Permanet
3245 1087 3372 1127 vero
3416 1073 3468 1128 in
3509 1074 3739 1138 scelere,

2161 1149 2254 1216 qui
2282 1164 2563 1221 quousque
2614 1163 2706 1208 aut
2753 1165 2908 1222 aetas,
2944 1169 3035 1213 aut
3068 1162 3273 1216 sanitas
3317 1165 3364 1217 ei
3394 1162 3740 1234 suffragatur,

2162 1247 2222 1293 ut
2257 1241 2432 1309 possit
2475 1242 2602 1298 illttd
2641 1255 2876 1314 patrare,
2908 1265 3013 1303 non
3043 1251 3266 1307 dimittit
3311 1253 3439 1308 illud
3488 1256 3742 1311 commit-

2162 1337 2311 1384 tere:
2342 1339 2435 1384 aut
2475 1333 2518 1387 si
2548 1334 2788 1401 dimittit,
2820 1354 2923 1392 non
2955 1340 3134 1395 studet
3163 1342 3290 1397 illud
3317 1345 3632 1412 paenitendo
3657 1344 3744 1399 di-

2162 1419 2328 1474 luere.
2357 1421 2522 1490 Cujus
2547 1435 2724 1480 atttem
2750 1429 2980 1494 senium,
3012 1441 3104 1485 aut
3148 1432 3435 1490 infirmitas
3471 1436 3745 1490 interdicit

2162 1512 2292 1567 illud
2325 1514 2555 1582 edicere,
2590 1534 2694 1574 non
2743 1521 2921 1576 scelus
2954 1522 3061 1588 ille,
3106 1524 3198 1579 sed
3233 1525 3380 1580 illum
3410 1527 3586 1582 scelus
3617 1543 3749 1582 con-

2161 1605 2397 1660 vincitur
2423 1608 2706 1679 reliquisse
2733 1628 2747 1677 ;
2793 1628 2856 1666 ac
2881 1629 2978 1683 per
3004 1614 3107 1670 hoc
3135 1631 3308 1685 neque
3333 1632 3555 1672 cessans
3577 1633 3605 1670 a
3639 1617 3748 1671 for-

2165 1695 2437 1751 nicatione
2467 1698 2665 1754 desinit
2697 1701 2818 1770 quis
2849 1701 3146 1758 fornicator
3194 1720 3328 1766 esse,
3370 1706 3414 1760 si
3465 1722 3747 1775 quousque

478 1783 563 1823 me
590 1771 760 1841 magis
808 1775 1026 1845 dignum
1052 1793 1212 1849 quam
1247 1797 1434 1838 amore
1461 1793 1516 1839 et
1542 1786 1654 1840 scio
1680 1795 1733 1840 et
1758 1787 2056 1862 confiteor;
2091 1796 2136 1855 Β
2166 1796 2341 1854 potest
2369 1804 2475 1843 non
2506 1791 2706 1845 desinit
2754 1791 3034 1860 fornicari,
3067 1805 3121 1850 et
3174 1796 3589 1852 fornicationem
3623 1799 3749 1851 reli-

478 1859 521 1912 si
552 1859 692 1926 talis,
720 1864 894 1932 qualis
939 1884 1060 1923 sum
1117 1873 1299 1935 modo,
1349 1874 1634 1945 defuugar.
1671 1859 2058 1948 Defungiivero

481 1949 640 2004 talem
672 1953 716 2007 si
743 1955 1066 2024 destinatum
1121 1963 1192 2016 sit
1223 1964 1376 2031 mihi,
1423 1967 1570 2022 nullo
1603 1968 1763 2022 modo
1790 1970 1922 2024 scio.
1955 1970 2060 2026 De-

477 2038 692 2098 functus
722 2060 847 2101 vero
880 2049 999 2105 talis
1028 2051 1072 2106 si
1105 2051 1276 2118 fuero,
1315 2056 1381 2110 de
1420 2057 1725 2127 perditione
1747 2074 1867 2115 mea
1899 2061 2059 2116 certi-

477 2130 626 2187 llcari
653 2147 875 2193 cunctos
899 2155 1056 2209 posse
1084 2159 1190 2198 non
1224 2161 1380 2215 nego.

546 2221 598 2275 2.
653 2223 874 2282 Soleant
935 2245 1062 2286 vero
1113 2234 1240 2288 dum
1295 2236 1478 2306 plures
1536 2239 1946 2295 conversionem
2003 2241 2057 2296 in

475 2313 638 2370 tinem
669 2318 791 2372 vita:
817 2318 1032 2376 differre
1059 2339 1073 2387 ;
1103 2337 1225 2378 cum
1265 2328 1545 2397 repentina
1573 2329 1812 2384 infinitos
1846 2332 2058 2402 rapiens

475 2419 644 2469 mors,
670 2408 865 2463 nedum
894 2411 1113 2476 multos,
1136 2415 1352 2484 penitus
1377 2416 1540 2472 faciat
1569 2419 1911 2475 insensibiles
1931 2437 2056 2486 eos;

476 2494 542 2550 de
571 2495 675 2551 illis
703 2499 830 2567 quid
859 2502 1085 2556 sentiam
1121 2504 1398 2572 hazsitans,
1436 2508 1501 2562 de
1533 2524 1636 2572 me,
1663 2509 1707 2563 si
1751 2510 1878 2564 illud
1926 2511 2057 2566 milii

475 2589 835 2658 contingeret,
866 2606 984 2645 sum
1043 2608 1180 2662 pene
1229 2596 1540 2667 desperans.
1573 2599 1800 2666 Quidam
1828 2601 1973 2656 enim
2003 2602 2058 2657 in

475 2677 757 2751 grabbatis‘
782 2679 891 2734 Deo
940 2681 1170 2750 plurima
1203 2687 1590 2754 promiserunt,
1635 2704 1756 2758 qua:
1807 2689 2060 2745 convale-

475 2778 690 2824 scentes
720 2771 941 2828 minime
968 2774 1336 2830 attenderunt.
1363 2775 1501 2845 Quid
1529 2779 1694 2850 igitur
1717 2795 1838 2835 cum
1865 2797 2057 2837 rursus

477 2859 832 2915 ceciderunt?
885 2861 942 2918 Si
985 2878 1090 2918 non
1132 2867 1512 2935 promiserant,
1561 2869 1757 2924 iterum
1805 2872 2060 2942 despera-

477 2953 625 3006 tione
647 2954 875 3023 periisse
902 2958 1234 3033 putabantur
1263 2961 1402 3016 haud
1432 2978 1752 3034 perperam;
1787 2967 1828 3020 si
1856 2967 2058 3036 promi-

476 3043 669 3109 serint,
699 3056 756 3100 et
793 3045 988 3101 iterum
1016 3050 1459 3108 convalescentes
1497 3053 1717 3109 fuerunt
1747 3058 2054 3124 mendaces,

476 3135 603 3204 quid
634 3135 828 3192 facturi
859 3149 1044 3209 postea
1072 3142 1244 3198 tales?
1275 3144 1459 3211 Quid?
1499 3146 1594 3201 Dei
1625 3148 1704 3202 eis
1729 3149 1900 3218 pietas
1923 3151 2055 3205 iusi-
2085 3163 2130 3224 ρ

475 3237 625 3280 nuet.
651 3226 800 3294 Quod
835 3230 969 3283 milii
997 3241 1177 3287 tamen
1211 3235 1443 3300 videtur,
1475 3238 1601 3306 quia
1627 3238 1837 3293 etiamsi
1865 3241 2059 3295 millies

479 3315 582 3369 hoc
603 3315 683 3371 eis
707 3319 983 3388 contingat
1004 3321 1265 3377 instinctu
1299 3319 1562 3381 dia'bolico
1586 3341 1747 3397 agere
1771 3345 1785 3393 ;
1817 3337 1900 3382 est
1918 3329 2060 3398 quod

477 3421 582 3461 non
643 3407 762 3464 ideo
823 3410 888 3465 de
944 3413 1142 3482 pietate
1194 3415 1406 3470 Domini
1455 3417 1686 3472 debeant
1740 3420 2058 3489 desperare,

475 3499 721 3566 quamvis
765 3499 817 3554 in
857 3510 961 3556 tam
989 3503 1330 3559 iustabilibus
1357 3509 1638 3576 promissis
1665 3508 1826 3581 433
1859 3509 2061 3564 nullam

415 3583 418 3591 ’
475 3589 683 3655 possint
711 3589 959 3646 fiduciam
1012 3593 1233 3649 habere.
1267 3594 1450 3652 Nescit
1478 3599 1621 3652 enim
1664 3600 1828 3656 ltomo
1882 3611 2061 3656 utrum

475 3676 618 3740 odio,
671 3693 740 3732 an
789 3696 973 3737 amore
1022 3683 1093 3738 sit
1137 3685 1332 3756 dignus
1378 3687 1591 3744 futurus
1629 3688 1835 3761 (Eecle.
1879 3708 1955 3758 Ix,
2009 3694 2061 3762 l)

477 3770 725 3837 quamvis
761 3773 991 3840 noverit,
1040 3775 1183 3842 quod
1225 3779 1642 3846 praesentialiter
1679 3781 1752 3834 sit
1800 3782 1924 3835 odio
1977 3783 2063 3837 di-

479 3875 638 3930 gnus,
662 3861 875 3918 dicente
923 3863 1222 3936 Scriptura,
1273 3871 1526 3939 quoniam
1569 3873 1911 3942 omnipotens
1941 3875 2064 3931 odio

479 3953 647 4008 habet
687 3965 1024 4024 peccatores,
1055 3969 1109 4014 et
1142 3961 1400 4016 misertus
1443 3972 1525 4016 est
1555 3960 1716 4030 justis
1748 3963 1936 4031 (Eccli.
1965 3983 2063 4031 xu,

478 4043 555 4118 ὅ).
590 4045 704 4101 Non
741 4050 884 4102 enim
917 4051 1076 4105 aliter
1120 4051 1255 4120 justi
1288 4068 1355 4108 ex
1401 4057 1776 4124 peccatoribus
1815 4067 2064 4125 poterant

480 4135 746 4201 fieri,nisi
774 4139 1142 4197 misericordia
1170 4144 1260 4198 Dei
1291 4147 1573 4213 praeventi,
1604 4145 1832 4202 fuissent
1856 4165 1885 4202 a
1925 4150 2066 4206 malo

479 4227 547 4282 ad
574 4229 774 4285 bonum
802 4235 1070 4298 conversi,
1102 4250 1276 4303 neque
1299 4236 1374 4290 illi
1409 4236 1568 4292 aliter
1598 4239 1651 4292 in
1700 4241 1941 4308 peccatis
1969 4242 2066 4295 du-

479 4319 768 4385 ravissent,
796 4323 897 4377 nisi
915 4322 1124 4392 justitia
1148 4325 1242 4380 Dei
1271 4328 1525 4382 obdurari
1551 4331 1792 4398 potuisse
1816 4333 2063 4401 permissi

480 4407 709 4465 fuissent
736 4427 752 4477 ;
785 4414 926 4468 unde
949 4422 1003 4468 et
1033 4415 1098 4470 de
1131 4414 1329 4470 talibus
1371 4416 1717 4473 formidolosa
1748 4420 1838 4475 illa
1864 4431 1947 4476 est
1979 4422 2065 4476 di:

2160 1885 2302 1932 ctam
2325 1878 2572 1948 jejuniis,
2603 1882 2984 1955 eleemosynis,
3016 1896 3071 1941 et
3101 1887 3418 1958 lacrymosis
3454 1891 3748 1961 gemitibus

2160 1984 2266 2023 non
2305 1971 2484 2025 studet
2529 1974 2813 2030 mundare.
2856 1975 2990 2047 Cum
3031 1977 3194 2047 igitur
3220 1979 3445 2050 legimus
3471 1979 3559 2034 vel
3589 1981 3746 2032 audi-

2159 2077 2280 2117 mus
2307 2081 2318 2116 :
2355 2060 2532 2118 Nescit
2563 2065 2717 2121 homo
2747 2077 2924 2122 utrum
2955 2069 3097 2134 odia,
3129 2088 3196 2125 an
3223 2089 3400 2126 amore
3430 2073 3622 2143 (lignus
3653 2073 3746 2136 sit,

2159 2154 2263 2207 nisi
2313 2156 2525 2225 futurus
2579 2148 3069 2230 subintelligamus,
3115 2173 3173 2215 ut
3215 2164 3284 2216 sit
3316 2163 3501 2233 utique
3529 2180 3749 2227 sensus,

2162 2243 2305 2311 quod
2337 2245 2544 2299 nesciat
2571 2246 2768 2316 aliquis
2796 2248 2862 2302 de
2890 2248 3090 2320 aliquo,
3135 2261 3315 2305 utrum
3346 2252 3416 2306 sit
3441 2253 3489 2306 ei
3517 2267 3744 2307 conces-

2161 2349 2276 2388 sum
2311 2345 2436 2392 ante
2466 2349 2694 2394 mortem
2727 2341 2994 2407 converti,
3022 2341 3088 2396 au
3119 2342 3172 2396 in
3222 2344 3465 2412 peccatis
3490 2359 3663 2412 usque
3693 2345 3744 2398 in

2160 2428 2320 2484 linem
2353 2447 2464 2486 suae
2500 2434 2750 2488 sanitatis
2808 2437 3046 2502 durare;
3081 2436 3254 2491 fateor
3300 2451 3387 2491 me
3417 2435 3576 2506 quod
3621 2436 3748 2490 velit

2159 2529 2424 2588 astruere,
2447 2523 2662 2590 penitus
2691 2523 2960 2593 ignorare.

2229 2610 2282 2664 ιε
2326 2610 2585 2678 Quamvis
2627 2628 2730 2666 non
2778 2613 3198 2682 desperandum,
3246 2615 3387 2684 quod
3419 2616 3583 2670 etiam
3629 2615 3746 2684 ipsa

2161 2701 2449 2757 infirmitas
2479 2703 2546 2757 ab
2572 2704 2834 2758 anteactis
2863 2705 3154 2773 quemlibet
3179 2707 3419 2775 peccatis
3452 2703 3744 2768 emaculet,

2162 2794 2204 2848 si
2234 2803 2414 2848 tamen
2448 2804 2726 2865 gratanter
2760 2794 2922 2850 fuerit
2963 2808 3218 2867 recepta,
3259 2797 3404 2868 quod
3454 2807 3634 2852 tamen
3679 2795 3746 2849 de

2160 2885 2367 2954 prolixa
2399 2887 2516 2941 fieri
2567 2887 2803 2941 arbitror
2833 2887 3152 2958 a'gritudine
3193 2897 3422 2952 tantum,
3477 2890 3747 2958 patienter

2162 2981 2365 3040 tamen,
2394 2983 2452 3028 ut
2478 2975 2609 3041 dixi,
2637 2975 2842 3045 perlata
2875 2993 2889 3029 :
2927 2975 3099 3032 levius
3147 2977 3272 3034 licet
3299 2978 3598 3035 concinens
3625 2977 3746 3032 tali-

2162 3072 2245 3119 ter
2271 3065 2521 3119 senserit.

2288 3163 2580 3228 Et_vindlcta
2599 3163 2772 3228 brevis
2795 3164 2872 3212 hic
2896 3165 3041 3215 noxia
3067 3165 3270 3216 crimina
3293 3165 3413 3228 linit,

2349 3224 2422 3275 Ne
2445 3228 2554 3275 sine
2582 3227 2677 3274 line
2704 3228 2880 3276 habeat
2903 3229 3070 3276 debita
3097 3241 3237 3289 poena
3264 3224 3398 3277 reos.

2164 3312 2336 3373 Solos
2369 3333 2518 3380 vero,
2570 3318 2647 3371 ait
2696 3317 3008 3389 Gregorius,
3047 3320 3364 3389 temporalia
3413 3319 3622 3388 ﬂagella
3677 3320 3744 3374 ab

2162 3409 2381 3464 :eternis
2427 3407 2683 3475 liberant,
2722 3424 2859 3478 quos
2906 3409 3211 3464 immutant.
3255 3408 3436 3480 (lOH)
3487 3409 3613 3465 Haec
3639 3408 3748 3464 duo

2165 3498 2368 3568 itaque,
2393 3498 2443 3553 id
2471 3507 2576 3563 est,
2608 3506 2702 3552 aut
2746 3499 3153 3571 conversionem
3193 3499 3486 3564 salubrem,
3523 3508 3618 3554 aut
3646 3499 3745 3554 fla-

2166 3589 2424 3660 gellorum
2455 3587 2549 3644 Dei
2581 3587 2912 3660 suffragium,
2945 3590 3069 3645 dum
3099 3591 3379 3646 sententia:
3406 3591 3481 3645 illi
3507 3591 3753 3654 inuisus,

2165 3697 2270 3752 qua
2298 3681 2496 3736 dicitur
2529 3700 2541 3735 :
2569 3681 2749 3736 Nescit
2779 3683 2952 3748 homo,
2976 3693 3154 3737 utrum
3188 3685 3331 3750 odio,
3363 3702 3431 3738 an
3477 3703 3656 3740 amore
3680 3689 3745 3740 sit

2165 3773 2374 3843 dignus,
2404 3783 2710 3844 exspecto;
2761 3775 2806 3829 si
2859 3775 2926 3829 de
2974 3775 3156 3840 tertio,
3212 3775 3515 3846 perditione
3559 3777 3755 3846 utique

2165 3865 2490 3932 certissima,
2519 3875 2803 3936 suspectus
2823 3875 2879 3920 et
2901 3881 3102 3936 pavens
3125 3883 3229 3922 non
3255 3867 3419 3940 434
3441 3878 3619 3936 exsto;
3657 3871 3743 3925 in-

2165 3956 2346 4011 sanire
2373 3971 2459 4010 me
2499 3957 2768 4011 veraciter
2816 3957 2997 4022 credo,
3035 3967 3088 4012 et
3115 3973 3222 4028 quo
3265 3958 3594 4012 desiderium
3627 3975 3758 4015 ver--

2169 4055 2299 4112 tam,
2331 4048 2459 4117 quid
2492 4057 2696 4116 optem,
2731 4048 2928 4117 quidve
2949 4048 3261 4118 amplectar,
3295 4049 3501 4120 ignoro.
3533 4050 3745 4120 [tepen-

2169 4140 2338 4193 tinum
2371 4155 2494 4194 nam
2525 4141 2807 4196 imminere
2851 4157 2973 4197 cum
3015 4143 3147 4198 mihi
3183 4153 3416 4197 metuam
3448 4143 3755 4206 iuteritum..

2171 4230 2441 4300 prolixum
2473 4230 2656 4302 (1012)
2681 4233 2726 4286 si
2751 4248 2987 4299 mereor,
3034 4243 3095 4289 ut
3145 4234 3459 4290 desiderare
3511 4251 3597 4290 tne
3640 4250 3755 4291 non.

2168 4320 2417 4386 dilliteor,
2471 4331 2713 4377 actutum
2767 4323 3111 4379 damnantem
3157 4325 3287 4379 mihi
3325 4326 3505 4393 audio,
3552 4326 3750 4380 surdus

2167 4411 2312 4478 licet,
2353 4413 2668 4484 Apostolum
2723 4414 2992 4488 (dicere):
3049 4416 3274 4488 Ignoras
3319 4419 3443 4489 quia
3493 4421 3744 4489 patientia

479 4501 654 4558 centis
691 4507 996 4561 sententia:
1045 4506 1107 4562 Si
1149 4507 1460 4562 concluserit
1497 4508 1752 4565 Dominus
1779 4512 2060 4579 hominem,

2172 4503 2266 4558 Dei
2293 4505 2364 4558 ad
2409 4506 2761 4576 paenitentiam
2787 4517 2835 4561 te
2863 4509 3169 4578 exspectat?
3212 4508 3290 4562 Tu
3322 4521 3494 4563 autem
3538 4510 3746 4562 thesau-

479 4595 584 4650 hoc
617 4607 700 4652 est
718 4599 962 4653 concludi
986 4601 1310 4670 permiserit,
1339 4602 1455 4674 quis
1487 4613 1654 4672 potest
1675 4605 1722 4658 ei
1746 4605 1939 4674 dicere,
1965 4623 2061 4660 cur

478 4687 552 4742 ita
575 4687 748 4758 facis?
772 4690 891 4760 (Job
914 4703 989 4745 tx.
1020 4693 1132 4762 12.)

548 4778 603 4834 5.
637 4778 680 4835 Ο
714 4781 895 4849 igitur,
939 4798 972 4837 o
1016 4783 1383 4842 inscrutabilia
1427 4787 1520 4842 Dei
1554 4788 1803 4859 judicia!
1837 4806 1870 4846 ο
1911 4792 2060 4846 inve-

481 4871 754 4941 stigabiles
776 4874 876 4928 viae
900 4872 1048 4942 ejus!
1085 4877 1216 4943 Quis
1259 4880 1402 4933 enim
1431 4881 1536 4934 mei
1583 4882 1836 4935 similium
1866 4899 1971 4938 non
1999 4899 2060 4939 se

479 4962 771 5020 formidare
799 4966 943 5021 valet
993 4969 1391 5028 inevadibiliter
1434 4972 1550 5027 fore
1593 4976 1928 5040 conclusum,
1972 4979 2054 5031 in-

481 5058 652 5118 deque
673 5059 796 5114 odio
818 5059 1056 5118 dignum.
1082 5061 1217 5116 Num
1239 5064 1385 5118 enim
1413 5065 1538 5118 odio
1564 5080 1671 5118 non
1711 5067 1804 5118 tibi
1839 5067 2053 5118 dianus.

2169 4597 2308 4651 rizns
2338 4598 2430 4651 tibi
2473 4599 2608 4653 iram
2636 4600 2691 4654 in
2719 4601 2804 4654 die
2836 4602 2952 4666 ἕνα»,
3001 4611 3050 4655 et
3098 4602 3449 4655 retributionis
3476 4600 3609 4670 justi
3652 4601 3754 4670 1η--

2168 4688 2292 4741 dicii
2340 4687 2438 4741 Dei
2469 4687 2646 4759 (Rom.
2685 4705 2745 4756 ιι,
2769 4689 2819 4753 4,
2843 4689 2922 4761 5.)
2965 4690 3154 4745 Infelix
3203 4690 3508 4758 hujusmodi
3551 4689 3743 4760 lougzn-

2167 4785 2327 4850 vitas,
2376 4799 2538 4854 quam
2589 4794 2735 4841 tanta
2780 4786 3026 4859 sequitur
3054 4784 3358 4851 calamitas,
3406 4781 3751 4854 aspernabile-
3813 4836 3818 4840 .

2167 4879 2396 4947 spatium
2424 4881 2688 4950 congerit,
2720 4882 2863 4950 quod
2885 4879 3047 4936 talem
3079 4879 3392 4933 thesaurum
3424 4874 3748 4932 miserabilis

2174 4970 2401 5026 induciae
2447 4973 2512 5026 ad
2541 4975 2968 5042 exaggerandam
3003 4971 3266 5037 scelerum
3298 4970 3588 5024 vindictam
3620 4982 3741 5021 cou-

2161 5063 2344 5118 cessit.
2373 5062 2559 5117 Melius
2587 5063 2783 5118 fuerat.
2823 5061 3014 5118 fateor.
3049 5061 3377 5118 miserrimo.
3407 5063 3451 5115 si
3479 5061 3541 5114 de
3571 5058 3736 5118 primo
