4044 5348
252 189 356 244 577

1506 179 1591 235 DE
1627 176 1872 235 OTlOSO
1913 178 2255 233 SERMONE.

3400 179 3504 237 573

256 303 349 355 Dei
373 305 687 367 contemptu
706 293 907 365 justam
947 292 1245 362 excepisset
1287 289 1632 352 sententiam,
1671 302 1828 357 quam
1860 293 1904 349 Α
1938 287 2008 339 ita
2045 306 2055 339 ε
2099 288 2160 341 Si
2202 297 2411 356 peccata
2445 297 2535 341 tua
2584 298 2717 342 recte
2745 291 3173 355 cansideraveris,
3204 292 3459 360 judicasti
3484 312 3501 345 .-

253 391 440 444 tandiu
466 394 834 454 exspectatum
862 392 966 436 tam
997 383 1305 436 innumeros
1342 378 1675 432 contraxisse
1714 391 1831 429 rea-

254 489 360 536 tus.
400 493 496 547 pro
524 474 749 545 singulis
776 472 1025 527 videlicet
1052 468 1378 524 mternaliter
1406 466 1755 537 puniendum.

326 567 379 619 5.
416 565 527 618 lloc
569 579 626 617 se
658 564 731 615 ita
781 560 1012 615 habente
1048 557 1259 613 felicior
1302 556 1430 609 mihi
1464 555 1675 609 videtur
1702 552 1829 605 bre-

255 658 420 720 vitas,
448 669 612 723 quam
665 651 992 706 diuturnitas
1023 649 1165 702 vitm.
1222 644 1311 700 Va:
1353 647 1494 699 enim
1543 644 1700 705 vobis,
1757 643 1833 693 ait

253 750 543 818 propheta,
577 744 665 815 qui
697 743 902 795 trahitis
950 741 1273 810 iniquitatem
1302 738 1357 790 in
1406 734 1654 805 funiculis
1683 733 1831 786 vani-

256 838 417 891 tatis!
444 836 601 905 (lsai.
626 834 809 902 v,18.)
838 832 932 886 Est
964 832 1178 901 quidem
1216 828 1474 883 Dominus
1499 826 1834 889 misericors,

254 940 310 983 et
337 927 679 982 iiieﬂabiliter
704 926 821 995 pius
855 941 869 990 ;
926 924 1019 979 sed
1045 923 1207 977 etiam
1238 936 1421 985 verax,
1455 928 1509 973 et
1558 919 1837 972 inenarra-

257 1018 669 1085 biliterjustus.
712 1016 984 1071 Promittit
1016 1014 1254 1077 veniam,
1285 1018 1561 1081 computat
1595 1024 1789 1063 noxam
1816 1024 1831 1073 ;

256 1113 472 1165 veniam
506 1110 736 1180 largitur
756 1107 993 1177 perfecte
1021 1105 1322 1169 conversis,
1371 1118 1567 1158 noxam
1596 1111 1839 1156 reservat

256 1200 657 1253 obdurautihus
684 1198 907 1250 aversis.
962 1195 1154 1249 Annon
1178 1195 1319 1248 enim
1353 1193 1573 1247 evidens
1597 1192 1837 1246 cernitur

256 1291 593 1361 computatio
622 1305 773 1343 noxa:
807 1288 1070 1342 dicentis:
1105 1287 1265 1339 Amen
1308 1286 1423 1338 dico
1475 1284 1636 1347 vobis,
1682 1300 1838 1336 omne

255 1381 465 1431 uerbum
491 1378 733 1435 otiosum,
757 1377 893 1446 quod
935 1374 1092 1427 locuti
1123 1374 1315 1441 fuerint
1344 1372 1596 1435 homines,
1625 1372 1838 1423 reddent

255 1469 320 1522 de
345 1485 406 1520 eo
439 1470 694 1521 rationem
728 1468 776 1518 in
804 1466 887 1517 die
916 1464 1149 1534 judicii?
1174 1461 1389 1531 (Matth.
1418 1478 1519 1524 xu,
1545 1460 1656 1531 56.)
1686 1460 1836 1514 Fuit-

255 1570 324 1609 ne
354 1570 592 1624 unquam
630 1553 922 1607 terribilius
952 1552 1150 1620 aliquid
1176 1552 1375 1603 dictum
1404 1551 1427 1603 ?
1455 1550 1645 1603 Cmteri
1676 1564 1835 1602 nam-

1930 376 1977 428 si
2020 376 2291 444 abjeceris,
2336 378 2591 432 occidisti.
2649 378 2798 445 Quod
2840 390 2899 435 ut
2947 382 3137 437 melius
3184 382 3505 438 dilucidetur

1932 465 2079 533 (poni
2108 474 2326 534 possent
2374 482 2496 521 cum
2550 466 2777 536 plurima
2808 470 2990 541 (1015)
3045 472 3157 541 ipsa
3201 488 3304 526 una
3353 473 3506 527 nobis

1934 557 2112 611 divina
2161 558 2411 626 sufﬁciat,
2464 561 2746 616 dicendum
2778 567 3065 633 quomodo,
3115 582 3274 634 quam
3322 577 3507 637 protu-

1933 646 2068 712 listi,
2114 652 2401 703 sententia.
2429 650 2519 705 Ait
2566 668 2736 707 vero:
2791 654 2955 709 Omne
3008 658 3213 710 verbum
3260 660 3505 724 otiosum,

1934 738 2071 807 quod
2120 738 2278 791 locuti
2307 740 2500 807 fuerint
2539 743 2794 807 homines,
2824 746 3036 797 reddent
3062 746 3125 799 de
3169 762 3228 799 eo
3256 748 3533 801 rationem‘

1935 828 1992 880 in
2012 828 2097 879 die
2115 828 2316 896 judicii
2343 830 2557 897 (Matth.
2589 847 2687 894 xu,
2711 833 2823 902 36.)
2852 833 2989 899 Quid
3018 844 3098 888 est
3122 836 3342 888 verbum
3364 837 3508 890 otio-

1936 920 2331 974 sum?lnutile.
2365 920 2515 974 Nulla
2568 933 2747 977 autem
2795 936 2942 989 sunt,
2988 937 3045 979 ut
3080 928 3284 989 dixisti,
3332 929 3511 983 minus

1935 1009 2088 1062 utilia
2116 1024 2278 1078 quam
2306 1012 2512 1080 turpia;
2545 1012 2736 1081 quibus
2759 1013 2989 1081 adjicere
3016 1032 3301 1085 possumus
3326 1021 3506 1083 noxia,

1937 1107 1991 1152 et
2020 1101 2426 1166 contumeliosa,
2454 1102 2720 1169 irrisoria,
2748 1105 3075 1175 deccptiosa,
3101 1108 3331 1178 perjura,
3362 1110 3509 1164 frau-

1939 1187 2177 1253 dulenta,
2220 1189 2501 1253 maledica,
2551 1192 2851 1257 mendacia,
2910 1196 3191 1265 sacrilega,
3234 1197 3511 1261 limretica,

1938 1279 2258 1346 apostatica,
2284 1279 2619 1348 blasphema,
2655 1281 2847 1335 falsqu
2878 1286 3151 1348 testantia,
3188 1284 3411 1352 furiosa,
3442 1286 3511 1339 li-

1940 1368 2153 1437 tigiosa.
2202 1369 2278 1422 Ex
2302 1369 2495 1437 quibus
2537 1371 2787 1425 omnibus
2817 1388 2979 1425 unum
3026 1389 3179 1426 suum
3232 1374 3283 1426 iu
3324 1374 3516 1445 allega-

1942 1458 2088 1511 tione
2121 1458 2206 1511 illa
2235 1458 2514 1527 proferens
2545 1462 2846 1529 superiore,
2889 1462 3149 1532 collegisti
3178 1463 3381 1517 salvum
3407 1480 3513 1517 non

1940 1564 2098 1619 posse
2146 1550 2293 1603 credi
2323 1548 2583 1611 futurum,
2614 1552 2700 1604 cui
2749 1552 2800 1605 in
2824 1562 3065 1606 extremo
3092 1554 3177 1608 die
3213 1553 3398 1622 judicii
3428 1555 3518 1608 illo

254 1660 361 1713 que
390 1644 519 1712 quid
546 1660 707 1713 super
734 1645 833 1697 hoc
872 1643 1127 1706 sentiant,
1154 1641 1389 1694 viderint
1416 1657 1430 1704 ;
1472 1640 1600 1693 mihi
1627 1638 1837 1693 videtur
1868 1652 1910 1709 Β
1941 1639 1992 1692 id
2026 1639 2207 1704 fuerit,
2239 1641 2381 1709 quod
2406 1640 2493 1693 tali
2522 1642 2577 1694 in
2624 1641 2742 1697 loco
2780 1643 3083 1713 hujusmodi
3121 1660 3219 1713 pro
3249 1661 3409 1699 causa
3440 1647 3518 1700 di-

257 1735 598 1789 tolerabilius
645 1734 829 1799 fuisse,
864 1732 911 1786 si
949 1731 1171 1785 dixisset
1211 1749 1225 1784 :
1278 1730 1625 1784 Merebuutur
1677 1729 1743 1783 de
1772 1742 1837 1782 eo

253 1824 490 1877 millium
519 1839 783 1878 annorum
842 1822 1181 1892 supplicium.
1224 1819 1477 1875 Miserum
1532 1820 1677 1874 enim
1728 1832 1834 1883 me,

254 1931 379 1967 cum
405 1915 554 1967 nulla
585 1914 761 1966 minus
816 1912 923 1965 sint
978 1910 1129 1963 utilia
1177 1925 1337 1979 quam
1379 1910 1574 1978 turpia.
1606 1907 1743 1973 Quid
1792 1906 1838 1960 si

255 2007 311 2057 in
336 2004 529 2057 eodem
556 2003 672 2057 loco
707 2002 913 2073 (1015).
940 2009 993 2054 et
1021 2001 1159 2055 forte
1189 2000 1301 2064 tali,
1324 2015 1431 2069 quo
1460 2000 1841 2069 dedignaretur

256 2097 458 2164 aliquis
484 2096 647 2149 etiam
670 2095 843 2157 vesci,
870 2103 1025 2163 turpe
1052 2093 1178 2162 quid
1210 2092 1412 2146 faciens
1449 2090 1694 2159 quilibet,
1731 2098 1840 2143 tur-

256 2187 549 2254 pissimum
582 2184 782 2252 aliquid
808 2183 1050 2237 dixerit?
1076 2183 1266 2237 Postea
1302 2183 1368 2236 de
1399 2184 1533 2251 ipsa,
1562 2196 1722 2250 quam
1749 2195 1842 2250 pa-

257 2278 429 2331 travit
483 2277 841 2344 turpitudine,
892 2275 1261 2346 ptenitentiam
1309 2273 1529 2344 gessit;
1589 2273 1653 2325 de
1702 2272 1840 2340 ipsa,

255 2385 423 2438 quam
455 2368 612 2431 dixit,
644 2368 794 2435 quid,
848 2381 1001 2433 rogo,
1048 2366 1153 2420 erit
1179 2365 1201 2418 ’ἒ
1231 2363 1289 2418 Si
1333 2364 1386 2417 in
1428 2362 1633 2431 judicio
1660 2362 1842 2429 itaque

256 2460 335 2514 illi
363 2462 787 2528 improperatum
816 2456 999 2519 fuerit,
1039 2456 1180 2525 quod
1208 2456 1258 2509 in
1302 2455 1390 2509 tali
1437 2454 1554 2507 loco
1578 2453 1688 2533 tale
1715 2453 1841 2522 quid

258 2550 471 2619 talique
525 2564 621 2617 pro
673 2564 837 2601 causa
883 2548 1117 2613 dixerit;
1164 2547 1456 2617 putandum
1512 2544 1652 2612 quod
1704 2544 1845 2598 inter

257 2641 415 2704 alios,
462 2638 639 2692 Venite
685 2639 935 2692 benedicti
982 2636 1158 2692 Patris
1190 2638 1289 2691 mei
1322 2635 1534 2706 (Matth.
1561 2651 1685 2700 xxv,
1728 2634 1843 2706 51$),

260 2734 457 2784 audire
488 2730 595 2783 ullo
626 2730 785 2783 modo
814 2730 1024 2798 possit?
1068 2728 1195 2782 Post
1248 2738 1451 2781 tantam
1478 2729 1619 2781 enim
1658 2742 1843 2781 coram

259 2825 528 2875 universo
577 2835 775 2889 genere
828 2822 1064 2873 humano
1120 2820 1522 2879 verecundiam,
1581 2817 1845 2886 suspicari

260 2927 388 2964 eum
415 2924 701 2979 possumus
728 2910 1056 2973 habiturum,
1083 2910 1277 2963 nedum
1306 2910 1593 2967 ctelestem.
1613 2908 1844 2976 aliquam

264 3002 500 3072 gloriam
530 3002 554 3055 ?
583 3001 770 3055 bonne
796 3002 939 3054 enim
971 3012 1023 3055 et
1044 3002 1186 3070 quod
1235 3001 1400 3071 gessit
1445 2999 1844 3053 manifestatum
1875 3017 1918 3078 ρ
1950 3003 2156 3057 scilicet
2200 3004 2468 3057 dicentem

262 3096 477 3166 pariter
531 3094 658 3158 erit,
698 3108 819 3147 cum
857 3093 998 3147 idem
1045 3094 1223 3147 forsan
1274 3093 1474 3146 dixerit
1521 3092 1662 3160 quod
1693 3090 1843 3156 fecit,

262 3185 461 3237 fecerit
488 3184 631 3253 quod
676 3183 854 3238 dixit?
902 3184 1176 3254 Condigna
1225 3197 1382 3253 paena
1431 3182 1640 3247 rebelli,
1672 3182 1846 3251 utqui

264 3275 524 3328 videlicet
567 3275 877 3337 Dominum,
926 3284 981 3328 et
1022 3274 1164 3343 quod
1209 3277 1275 3329 de
1317 3290 1382 3328 eo
1427 3274 1850 3328 Christianitatis

266 3369 437 3420 traxit
467 3367 781 3421 vocabulum
806 3382 910 3421 non
938 3368 1226 3431 reveritus,
1257 3366 1308 3419 in
1339 3376 1630 3435 conspectu
1661 3365 1846 3435 ipsius,

269 3460 363 3510 tali
407 3458 461 3511 in
510 3458 646 3521 loco,
708 3466 817 3511 tam
878 3458 1125 3526 turpiter,
1178 3464 1497 3525 prmsentem
1548 3455 1693 3509 illum
1744 3470 1850 3509 non

266 3550 524 3603 nesciens
564 3563 801 3617 quoque,
844 3548 1157 3602 recordatus
1203 3547 1365 3601 etiam
1402 3546 1589 3615 ipsius,
1625 3561 1733 3601 non
1787 3545 1853 3600 ti-

266 3641 408 3693 muit
437 3640 811 3703 dehonestare,
846 3640 1227 3693 dehonestatus
1265 3639 1318 3692 in
1350 3650 1641 3709 conspectu
1689 3638 1853 3693 totius

267 3738 458 3800 pereat
479 3740 760 3784 creatura}.
781 3728 917 3795 Quid
942 3744 1071 3785 vero
1101 3729 1283 3783 miseri
1308 3728 1375 3783 de
1396 3729 1648 3798 perjuriis
1673 3728 1854 3796 saepis-

266 3822 448 3885 simis,
488 3821 617 3889 quid
665 3821 732 3874 de
772 3819 1200 3874 detractionibus
1244 3817 1598 3887 perassiduis,
1630 3816 1757 3885 quid
1787 3816 1854 3870 de

270 3916 576 3969 mendaciis
622 3914 896 3968 continuis
928 3953 943 3977 ,
998 3913 1126 3982 quid
1175 3913 1242 3966 de
1287 3911 1466 3965 verbis
1512 3908 1853 3978 deceptoriis,

269 4006 402 4073 quid
429 4006 494 4056 de
525 4003 806 4067 irrisoriis,
830 4003 962 4070 quid
1005 4002 1070 4054 de
1118 3996 1634 4053 fraudulentissimis
1660 3996 1854 4050 dicturi

273 4096 581 4166 promissis,
611 4094 741 4163 quid
790 4094 855 4147 de
907 4091 1373 4147 maledictionibus
1411 4087 1780 4153 creberrimis,
1810 4086 1855 4140 si

272 4189 343 4239 de
389 4198 510 4238 raca
531 4185 795 4253 judicium
851 4183 1104 4247 subituri,
1151 4182 1217 4235 de
1260 4180 1404 4250 fatue
1442 4180 1764 4248 gehennam,
1792 4178 1857 4231 de

272 4276 437 4348 ωε
473 4277 641 4329 otioso
690 4289 874 4328 sumus
936 4275 1199 4327 rationem
1267 4270 1528 4325 reddituri
1588 4269 1859 4323 sermone?

1942 1730 2103 1794 xerit,
2134 1746 2315 1784 coram
2363 1731 2613 1786 universo
2657 1747 2853 1802 genere
2884 1735 3159 1788 hominum
3193 1737 3520 1806 impropera-

1940 1832 2073 1877 tum.
2105 1823 2210 1876 Sed
2235 1824 2359 1878 dum
2384 1823 2691 1877 firmissime
2719 1840 2815 1879 nos
2854 1834 3036 1880 tenere
3066 1830 3347 1893 concedas,
3377 1829 3518 1897 quod

1940 1914 2013 1969 nil
2047 1914 2415 1982 temporaliter
2454 1924 2637 1967 contra
2660 1914 2751 1983 jus
2788 1915 2974 1983 fasque
3001 1916 3175 1970 valeat
3209 1918 3310 1987 agi,
3340 1933 3516 1981 neque

1940 2004 1992 2057 id
2021 2003 2390 2071 temporaliter
2423 2004 2653 2072 expiari,
2697 2004 2985 2073 desperare
3035 2006 3195 2059 istum
3241 2006 3518 2076 compelli-

1940 2110 2082 2158 mur,
2114 2095 2202 2163 qui
2224 2095 2363 2159 illud
2417 2104 2568 2163 turpe
2595 2095 2746 2157 dixit,
2800 2096 2903 2149 nisi
2942 2098 3199 2149 auxilium
3231 2099 3277 2151 ei
3309 2099 3517 2160 demus,

1941 2187 2068 2255 quid
2118 2184 2303 2250 faciat,
2357 2195 2644 2255 antequam
2671 2186 2835 2258 436
2862 2188 2927 2242 ad
2972 2188 3098 2240 illud
3137 2189 3518 2259 improperiszm

1942 2279 2144 2332 veniat.
2171 2278 2422 2331 Dicamus
2454 2293 2582 2344 ergo
2606 2279 2839 2347 primum
2863 2279 2990 2348 quid
3021 2280 3125 2333 erit
3156 2280 3277 2345 illis,
3309 2282 3398 2350 qui
3430 2298 3519 2333 ra-

1943 2365 2143 2419 tionem
2171 2365 2237 2419 de
2259 2366 2404 2420 onmi
2432 2368 2597 2420 verbo
2628 2367 2823 2431 otioso,
2856 2368 2997 2436 quod
3038 2368 3203 2423 locuti
3238 2369 3519 2432 fuerimus,

1944 2456 1997 2508 in
2029 2456 2115 2509 die
2139 2453 2326 2522 judicii
2368 2453 2571 2509 fuerint
2608 2456 2905 2523 reddituri;
2937 2458 3185 2511 nimirum
3212 2459 3297 2522 iis,
3330 2462 3525 2529 quibus

1945 2545 2154 2599 dicetur
2185 2566 2197 2597 :
2232 2545 2333 2608 Ite,
2356 2544 2643 2609 maleJicti,
2678 2546 2731 2597 in
2758 2547 2922 2615 ignem
2946 2560 3194 2601 internum.
3218 2565 3235 2611 ;
3264 2550 3385 2617 quia
3406 2565 3525 2603 esu—

1945 2636 2059 2701 rivi,
2093 2644 2140 2689 et
2194 2652 2295 2689 non
2343 2636 2557 2689 dedistis
2605 2636 2731 2689 mihi
2778 2640 3097 2691 manducare
3142 2638 3354 2708 (Matth.
3398 2656 3521 2704 xxv,

1947 2727 2038 2790 41,
2062 2728 2176 2797 42,)
2205 2736 2335 2793 etc.;
2354 2737 2440 2781 et:
2472 2729 2633 2781 Amen
2656 2730 2771 2781 dico
2790 2730 2902 2793 tibi,
2926 2746 3026 2783 non
3050 2732 3187 2784 exies
3208 2732 3526 2796 inde,doncc

1948 2820 2137 2873 reddas
2186 2821 2518 2872 novissimum
2573 2821 2914 2890 quadrantem
2970 2822 3184 2892 (Matth.
3208 2839 3259 2888 ν,
3301 2824 3411 2890 26).
3461 2826 3528 2879 Et

1948 2926 2136 2980 quare,
2170 2912 2369 2980 inquis,
2418 2912 2517 2964 hoc
2547 2911 2627 2964 eis
2657 2912 2866 2965 dicetur
2893 2912 2916 2964 ἲ
2948 2914 3071 2981 quia
3103 2929 3206 2967 non
3238 2915 3527 2970 audierunt

2507 3021 2518 3055 :
2560 3000 2941 3057 Paenitentiam
2991 3008 3149 3076 agite,
3189 3017 3235 3060 et
3286 3025 3388 3061 non
3432 3012 3527 3061 erit

1948 3096 2091 3150 vobis
2139 3098 2390 3165 iniquitas
2431 3098 2486 3151 in
2537 3099 2742 3150 ruinam
2790 3098 3003 3169 (Ezecli.
3050 3117 3201 3165 xvm,
3251 3104 3361 3171 50).
3424 3104 3525 3157 Et:

1950 3184 2322 3239 Canrertimini
2369 3188 2437 3239 ad
2482 3203 2582 3249 me,
2611 3197 2657 3239 et
2684 3204 2775 3255 ego
2801 3200 3027 3241 revertar
3054 3190 3123 3241 ad
3158 3207 3245 3242 ros
3278 3190 3525 3261 (Zachar.

1949 3290 1988 3340 ι,
2034 3275 2112 3343 5.)
2157 3274 2438 3329 Postremo
2484 3275 2609 3343 quia
2658 3276 3045 3330 obturavcrunt
3093 3294 3275 3331 aurem
3328 3280 3528 3342 cordis,

1951 3363 2077 3417 dum
2106 3363 2394 3434 Apostolus
2418 3364 2677 3418 clamaret
2705 3382 2716 3416 :
2753 3363 2812 3417 Si
2855 3367 3188 3436 nosmetipsos
3213 3368 3529 3436 dijudicare-

1951 3471 2087 3519 mus,
2142 3470 2243 3509 non
2294 3456 2469 3523 utique
2511 3454 2874 3523 judicaremur
2922 3455 2973 3525 (Ι
3002 3454 3123 3509 Cor.
3153 3473 3230 3520 χι,
3261 3458 3349 3526 51)
3378 3475 3389 3510 :
3423 3458 3531 3511 Au-

1952 3547 2223 3617 gustinum
2262 3560 2474 3615 quoque
2522 3554 2980 3615 prosequentem:
3040 3546 3101 3602 Si
3142 3558 3353 3618 peccata
3396 3558 3531 3602 recte

1953 3638 2378 3701 consideraveris,
2400 3637 2658 3706 judicasti
2680 3653 2699 3701 ;
2742 3638 2786 3689 si
2822 3638 3093 3706 abjeceris,
3124 3638 3357 3691 occidisti
3380 3654 3397 3690 :
3432 3640 3533 3692 hec

1954 3729 2098 3783 enim
2130 3742 2292 3782 sensu
2325 3736 2381 3780 ut
2408 3735 2464 3780 et
2505 3727 2570 3780 de
2601 3727 2811 3780 caeteris
2837 3725 3076 3796 flagitiis,
3124 3728 3194 3780 ita
3239 3736 3291 3779 ct
3314 3727 3378 3781 de
3425 3729 3529 3781 isto

1956 3819 2261 3889 turpiloquo
2304 3817 2713 3887 intelligendum
2746 3832 3032 3883 sermone;
3074 3826 3130 3870 ut
3161 3816 3409 3871 videlicet
3452 3828 3530 3878 tu,

1955 3913 2046 3982 qui
2071 3912 2217 3965 illum
2243 3909 2533 3979 protulisti,
2561 3908 2729 3963 facias
2762 3909 2857 3963 tibi
2898 3908 2964 3962 de
2992 3923 3055 3962 eo
3095 3909 3184 3962 hic
3216 3908 3357 3961 diem
3391 3909 3533 3978 judi-

1956 4002 2045 4063 cii,
2083 3997 2653 4066 damnesillumjuxta
2686 4000 2767 4053 sui
2793 4015 2985 4053 censor
3024 4000 3369 4069 :equissimus
3410 4016 3537 4069 qna-

1957 4094 2184 4154 litatem,
2217 4094 2527 4147 damnatum
2564 4091 2774 4161 punias,
2810 4092 3053 4160 punitum
3083 4092 3322 4155 occidas,
3349 4092 3399 4145 id
3427 4102 3534 4156 est,

1960 4180 2267 4249 ahjiciendo
2298 4180 2443 4234 illum
2474 4180 2702 4249 amplius
2726 4180 2777 4233 in
2822 4190 3079 4234 aeternum
3126 4196 3228 4233 non
3262 4180 3528 4250 proferas,

1958 4273 2030 4327 ita
2064 4273 2187 4326 illud
2208 4273 2557 4340 turpigerum,
2587 4270 2969 4339 turpiloquium
2996 4279 3055 4324 ut
3088 4272 3438 4340 turpigerum,
3465 4271 3535 4323 ita

275 4367 490 4436 (Matth.
518 4382 573 4429 v,
606 4365 722 4435 22.)
753 4363 1030 4432 Intelligite
1057 4377 1288 4425 mecum,
1308 4362 1396 4429 qui
1430 4373 1637 4413 mecum
1669 4357 1857 4411 ObliVi-
1887 4372 1933 4431 1)
1962 4365 2291 4433 turpigerum
2320 4364 2393 4416 uti
2441 4361 2820 4431 turpiloquium
2857 4371 3069 4422 laxans,
3101 4376 3129 4415 a
3169 4361 3540 4415 consimilibus

276 4456 488 4509 scimini
520 4456 713 4519 Deum,
744 4467 811 4507 ne
850 4452 1066 4522 quando
1113 4450 1388 4520 rapiamur
1432 4448 1633 4514 subito,
1660 4455 1713 4501 et
1754 4446 1857 4500 eri-

277 4549 487 4616 piamur
515 4564 543 4601 a
587 4546 732 4601 nullo
762 4542 933 4609 (Psat.
965 4558 1109 4607 χιιι,
1134 4542 1249 4613 22).

350 4637 402 4690 6.
435 4636 698 4706 Intelligo,
752 4635 852 4694 ais,
880 4632 994 4698 Dei,
1036 4632 1168 4701 proh
1215 4627 1365 4683 nefas
1398 4627 1411 4681 !
1465 4626 1659 4697 saepius
1694 4639 1856 4695 quam

279 4743 499 4784 necesse
546 4726 733 4790 fuerit,
785 4723 1020 4787 oblitus,
1068 4734 1369 4788 verensque
1428 4718 1646 4786 utique,
1691 4714 1857 4787 [locus

280 4817 580 4892 mendosus]
606 4817 790 4873 innuis
821 4813 1017 4879 facere,
1049 4828 1119 4868 ne
1149 4811 1377 4881 rapiaris
1411 4810 1605 4870 subito,
1642 4816 1859 4876 ereptus

282 4926 316 4966 a
353 4911 515 4965 nullo.
559 4909 670 4964 Sed
712 4894 1080 4976 Apostolicum
1130 4901 1259 4956 illud
1290 4900 1356 4955 de
1381 4908 1677 4970 spontaneo
1701 4897 1858 4950 nobis

284 5003 481 5058 inflicto
508 5019 538 5057 a
566 5002 728 5057 nobis
777 4999 911 5069 ipsis
953 4998 1156 5069 judicio
1184 4996 1309 5049 dum
1340 5009 1461 5049 cum
1507 4992 1596 5046 illo
1640 4992 1859 5069 confero

285 5098 484 5169 (1014),
514 5096 665 5167 quod
715 5092 1023 5162 nuperrime
1072 5105 1159 5147 me
1194 5088 1409 5142 audisse
1447 5088 1720 5151 recordor,
1750 5101 1855 5141 non

284 5205 469 5260 parum
496 5205 581 5244 me
611 5184 847 5241 animari
877 5184 1150 5253 profiteor.
1201 5180 1423 5235 Lectum
1469 5180 1611 5234 enim
1654 5180 1858 5234 exstitit

1964 4469 2179 4525 quoque
2233 4452 2449 4507 Christo
2502 4450 2789 4518 adjuvante
2840 4450 3113 4505 abstinere
3167 4450 3371 4503 viribus
3410 4448 3540 4502 totis

1962 4546 2279 4601 contendas.
2327 4543 2554 4599 Videtur
2592 4543 2735 4596 enim
2778 4544 2907 4596 mihi
2961 4544 3064 4597 hoc
3108 4542 3179 4595 ita
3236 4548 3539 4603 constante,

1963 4638 2103 4707 quod
2128 4638 2172 4692 si
2199 4636 2472 4705 turpitudo
2495 4650 2655 4704 quam
2684 4633 2880 4697 fecisti,
2911 4632 3076 4689 fuerit
3095 4631 3328 4703 perfecte
3370 4632 3544 4700 paeni-

1964 4732 2122 4785 tendo
2142 4740 2477 4799 consumpta,
2503 4729 2639 4797 ipsa,
2662 4742 2825 4797 quam
2857 4726 3000 4780 illius
3025 4724 3310 4779 occasione
3338 4723 3543 4788 dixist’,

1961 4824 2068 4877 erit
2112 4824 2317 4893 pariter
2355 4830 2605 4887 enecala,
2646 4820 2933 4886 adjuvante
2978 4818 3118 4873 illius
3146 4815 3545 4880 misericordia,

1961 4915 2050 4984 qui
2076 4916 2128 4968 in
2162 4916 2306 4969 hunc
2339 4914 2595 4968 mundum
2633 4913 2700 4966 ad
2736 4920 2919 4964 nostra
2962 4909 3108 4962 venit
3152 4906 3450 4962 relaxauda
3478 4908 3552 4963 fa-

1961 5005 2165 5070 cinora,
2191 5003 2281 5073 qui
2306 5018 2426 5057 cum
2454 5003 2615 5056 Patre
2645 5010 2701 5055 et
2748 4999 2953 5067 Spiritu
2987 4998 3184 5052 Sancto
3209 4996 3346 5049 vivit.
3386 5005 3441 5052 et
3472 5013 3554 5056 reo

1965 5104 2091 5165 gnat
2116 5096 2167 5150 in
2197 5094 2392 5150 saecula
2419 5093 2756 5149 saeculorum.
2784 5089 2981 5142 Amen.

3583 5198 3595 5241 ι
