4044 5348
309 267 409 322 581

1715 257 2184 313 ITINEIIARIITM.

3474 264 3584 320 58‘!

309 381 580 435 conductu
622 376 848 449 piissimi
887 374 1118 430 Ctesaris
1147 373 1272 428 illuc
1303 372 1370 428 ad
1398 371 1743 442 apostolicam
1773 379 1897 424 sunt
1927 374 1970 430 Α
2004 368 2139 422 falso
2163 384 2191 422 a
2215 368 2534 438 quibusdam
2568 369 2833 437 pne-dicor
2863 369 3158 436 litteratus,
3190 389 3436 441 Ignarum
3465 377 3594 445 quid

307 471 495 526 sedem
551 468 787 533 venturi,
839 466 992 521 adire
1037 466 1298 535 dispono;
1351 465 1604 533 indagare
1650 461 1900 532 primitus

310 561 400 615 illa
432 560 680 623 studens,
706 573 826 629 qua:
850 557 1006 628 qttasi
1040 556 1224 628 (1021)
1262 555 1482 610 dissona
1521 563 1646 609 sunt
1669 552 1894 623 prolata,

307 655 377 708 ad
405 668 571 722 quam
597 651 817 720 perduci
850 650 1067 704 valeant
1094 647 1463 703 concordiam.
1497 647 1566 702 Ut
1595 661 1715 701 cum
1751 644 1898 698 verbi

306 743 482 811 gratia
511 741 564 794 in
587 738 967 808 Apostolorum
995 737 1206 808 legatur
1229 737 1528 792 canonibus
1555 754 1567 788 :
1597 735 1782 806 (1022)
1831 731 1898 785 Ut

307 837 582 905 episcopus
627 844 718 888 aut
761 832 1028 904 presbyter
1079 846 1294 885 uxorem
1334 847 1512 892 suam,
1551 844 1711 898 quam
1752 827 1897 880 debet

306 937 450 980 caste
502 941 696 996 regere,
729 941 832 978 non
879 922 1173 990 relinquat;
1219 922 1271 976 in
1320 920 1537 975 Nicmno
1574 929 1683 974 tam
1731 919 1901 989 rigide

306 1017 580 1088 prolatum
606 1032 892 1072 cernamus
915 1015 1146 1071 concilio
1168 1015 1307 1086 (cap.
1334 1013 1415 1084 ιιι)
1451 1031 1464 1065 :
1498 1011 1772 1066 Interdicit
1810 1027 1902 1080 per

307 1111 488 1164 omnia
519 1126 712 1179 magna
736 1109 995 1179 synodus,
1020 1124 1123 1162 non
1169 1107 1426 1178 episcopo,
1455 1121 1557 1158 non
1581 1103 1899 1173 presbytero,

308 1217 413 1255 non
436 1203 685 1265 diacono,
711 1217 802 1254 nec
826 1200 988 1253 alicui
1017 1199 1253 1263 omnino,
1277 1197 1366 1268 qui
1393 1196 1448 1249 in
1473 1195 1612 1248 clero
1631 1203 1724 1258 est,
1749 1193 1902 1246 licere

305 1292 766 1346 subintroduclam
799 1290 986 1342 habere
1015 1288 1307 1352 mulierem,
1341 1287 1440 1340 nisi
1487 1284 1621 1354 forte
1660 1293 1899 1346 matrem,

305 1393 400 1436 aut
432 1399 686 1444 sororem,
735 1390 826 1433 aut
873 1379 1111 1443 amitam,
1149 1387 1240 1430 aut
1278 1393 1366 1431 eas
1394 1384 1598 1428 tantum
1628 1389 1900 1444 personas,

304 1490 426 1544 qua:
464 1473 782 1541 suspiciones
823 1471 1100 1539 effugiunt.
1139 1469 1203 1523 Et
1239 1483 1363 1523 cum
1415 1482 1650 1522 canones
1693 1465 1900 1529 dicant,

305 1566 452 1636 quod
484 1566 528 1620 si
572 1567 694 1634 quis
723 1563 1208 1619 excommunicatis
1257 1561 1646 1624 communicat,
1696 1558 1768 1612 sit
1806 1573 1902 1612 ex-

305 1656 748 1711 communicatus
800 1655 1004 1725 pariter
1042 1655 1158 1724 ipse
1206 1654 1374 1722 (conc.
1407 1651 1712 1720 Cwsarang.
1745 1665 1794 1704 c.
1829 1649 1897 1713 5‘;

2003 459 2070 512 de
2127 459 2230 514 illis
2278 459 2482 514 valeam
2521 460 2711 514 saltem
2761 462 3021 530 rogitare,
3075 465 3271 517 nedum
3322 465 3591 533 proferre.

2003 550 2239 603 elliciunt
2271 565 2512 619 prorsus.
2559 549 2672 617 Qua
2713 552 3012 622 ignorantia
3061 570 3168 623 quo
3212 555 3404 610 melius
3445 557 3593 615 exui,

2004 655 2111 709 quo
2135 640 2311 709 aptius
2347 656 2566 710 possum
2598 658 2757 710 quam
2789 642 2973 698 Romae
3015 645 3232 699 doceri?
3265 645 3402 711 Quid
3449 647 3593 701 enim

2005 731 2072 783 (Ie
2117 729 2504 784 ecclesiasticis
2556 731 2898 799 dogmatibus
2954 733 3148 788 alicubi
3204 737 3392 797 scitur,
3452 738 3594 804 quod

2004 821 2190 875 Itouue
2219 822 2529 890 ignoretur?
2558 821 2672 875 Illic
2703 823 2899 876 summi
2936 823 3006 876 illi
3041 824 3207 877 totius
3235 825 3384 879 orbis
3407 826 3596 879 docto-

2005 927 2095 965 res
2129 929 2142 964 :
2195 912 2302 966 illic
2331 912 2738 981 prmstanliores
2786 915 3101 968 enituerunt
3133 915 3456 970 universalis
3491 917 3593 970 Ee-

2004 1001 2182 1055 clesia:
2209 1001 2498 1071 principes.
2535 1001 2646 1055 Illic
2678 1001 2968 1057 decretalia
2998 1005 3332 1073 pontiﬁcum,
3377 1007 3596 1059 univer-

2005 1108 2188 1148 sorum
2221 1096 2594 1165 congregatio,
2622 1095 2955 1151 examinatio
2971 1112 3261 1160 canonum,
3279 1100 3599 1169 approbatio

2005 1184 2461 1253 recipiendorum,
2486 1186 2794 1256 reprobatio
2823 1188 3272 1255 spernendorum.
3304 1190 3593 1245 Postremo

2006 1291 2270 1344 nusquam
2296 1286 2472 1330 ratum
2502 1278 2643 1346 quod
2675 1278 2783 1332 illic
2817 1279 3052 1343 irritum,
3083 1297 3344 1351 nusquam
3379 1283 3594 1337 irritum

2004 1367 2146 1435 quod
2180 1366 2290 1420 illic
2330 1375 2509 1421 ratum
2553 1367 2717 1440 fuerit
2746 1369 2944 1424 visura.
2978 1370 3209 1425 Ubinam
3241 1387 3371 1444 ergo
3403 1375 3596 1429 melius

2002 1457 2328 1526 insipientia:
2353 1458 2656 1513 consulitur
2676 1475 2827 1524 mete,
2857 1476 3018 1531 quam
3051 1462 3140 1516 ubi
3175 1462 3295 1518 fons
3317 1466 3595 1534 sapientia:

2002 1551 2248 1604 cernitur
2291 1549 2449 1604 esse?
2501 1552 2727 1606 Accedit
2771 1552 2837 1606 ad
2867 1553 3140 1608 cumulum
3175 1559 3596 1622 commoditatis,

2003 1641 2148 1710 quod
2200 1641 2575 1695 misericordia
2623 1641 2936 1696 Conditoris
2986 1644 3375 1714 imperatorem
3441 1650 3597 1702 nobis

305 1748 495 1802 Carm.
521 1764 581 1813 ιι,
604 1764 654 1803 c.
685 1749 740 1813 7,
770 1749 934 1817 etc.);
960 1748 1294 1817 Augustinus
1317 1761 1442 1800 vero
1461 1745 1714 1816 quiddam
1745 1743 1899 1812 quasi

2006 1733 2280 1787 concessit
2323 1735 2715 1803 arquissimum,
2743 1737 3067 1805 piissimum,
3113 1740 3592 1809 sapientissimum,

304 1841 641 1895 contrarium
663 1839 993 1894 Classiciano
1019 1840 1232 1894 cuidam
1256 1838 1730 1893 excommunicato
1755 1851 1901 1888 man-

303 1935 522 1988 daverit
547 1935 732 2004 (AUG.,
750 1934 900 2001 epist.
924 1933 1050 1999 250,
1079 1932 1314 1996 Auxilio,
1332 1931 1591 2000 etfragm.
1617 1927 1896 1998 Classic.);

303 2043 432 2082 cum
468 2026 736 2080 neminem
771 2025 1092 2079 nostratiuru
1118 2031 1184 2077 de
1210 2020 1774 2077 cxcommunicatione
1805 2034 1899 2071 cu-

297 2114 530 2185 juslibet
558 2123 803 2168 nostrum
831 2113 1040 2166 videam
1072 2126 1288 2174 curare,
1307 2110 1451 2178 justa
1475 2110 1540 2163 sit
1567 2125 1635 2162 an
1668 2107 1897 2174 injusta;

305 2221 418 2258 non
459 2205 680 2275 ignarus
729 2212 906 2257 tamen
955 2202 1171 2271 penitus
1197 2200 1325 2269 quid
1360 2200 1484 2254 inde
1539 2200 1727 2253 beatus
1756 2197 1900 2252 dicat

303 2295 607 2366 Gregorius
637 2295 741 2364 (ep.
784 2293 873 2360 26,
919 2292 1009 2345 lib.
1044 2291 1150 2361 tu),
1198 2290 1381 2362 (1023)
1414 2306 1535 2345 cum
1570 2289 1659 2343 illo
1711 2295 1900 2342 sancto

304 2402 473 2458 agere
500 2386 657 2457 cupio
687 2386 917 2441 libenter
957 2385 1081 2439 inde
1113 2383 1359 2439 concilio.

377 2477 435 2530 2.
469 2476 547 2531 De
568 2476 869 2546 subjunctis
895 2475 982 2529 hic
1009 2489 1226 2544 quoque
1248 2471 1504 2542 capitulis
1532 2487 1670 2541 pene
1698 2471 1901 2540 ubique

308 2569 683 2638 (paucissimis
707 2568 834 2639 nisi)
874 2567 1218 2638 posthabitis,
1259 2566 1388 2636 quid
1429 2565 1544 2635 ipse
1576 2580 1732 2618 sacer
1773 2579 1902 2618 con-

306 2667 509 2712 ventus
529 2669 772 2722 censeat,
817 2657 1071 2727 indagare
1100 2656 1374 2725 percupio.
1421 2654 1605 2725 (1021)
1639 2654 1768 2720 Quae
1796 2655 1902 2708 uti-

305 2761 434 2815 que,
477 2747 602 2800 dum
652 2745 939 2800 interdicto
979 2744 1231 2809 dicentis,
1279 2743 1382 2809 Qui
1429 2744 1541 2796 sine
1581 2754 1790 2812 peccato
1826 2752 1900 2796 est

305 2849 560 2902 uestrum,
584 2840 784 2907 primus
806 2838 858 2889 in
880 2835 1027 2890 illam
1049 2836 1273 2905 lapidem
1291 2836 1458 2888 mittat
1477 2833 1657 2895 (Joan.
1678 2851 1792 2899 vnt,
1813 2835 1898 2903 7);

303 2941 406 2984 et:
451 2928 765 2999 llypocrita,
813 2928 940 2998 ejice
990 2929 1214 2998 primum
1267 2927 1465 2980 trabem
1504 2927 1568 2980 tle
1612 2925 1762 2979 oculo
1811 2936 1901 2980 tuo

307 3021 465 3090 (Luc.
499 3037 574 3084 γι,
600 3019 727 3089 42);
774 3020 1002 3089 quilibet
1043 3020 1186 3088 quod
1225 3019 1279 3072 in
1330 3033 1389 3072 se
1445 3019 1805 3087 recognoscit,
1847 3017 1900 3072 in

305 3112 416 3164 alio
446 3112 599 3165 timet
618 3111 922 3179 corrigere;
949 3108 1114 3181 440
1133 3125 1367 3164 canones
1391 3124 1519 3164 vero
1545 3119 1691 3163 tanta
1719 3118 1904 3164 ancto—
1931 3115 1978 3178 C
2013 3116 2150 3167 rium
2211 3111 2500 3167 considero
2571 3111 2818 3180 amplius.

308 3205 472 3258 ritate
499 3203 838 3274 praecipiant,
869 3217 972 3256 non
1005 3203 1343 3258 inemendata
1374 3203 1642 3273 relinqui;
1676 3218 1780 3267 me,
1804 3204 1895 3272 qui

235 3401 240 3406 _
383 3334 569 3402 (1021)
611 3335 687 3388 Ita
730 3334 849 3407 cod.
882 3334 1205 3407 Frisingnln
1251 3335 1419 3407 vulg.,
1458 3336 1596 3390 male
1625 3337 1898 3402 disponere

304 3421 406 3474 pro
439 3409 653 3458 dissona
696 3405 900 3459 editum
939 3418 1076 3458 erat.
1108 3405 1376 3460 Construe
1407 3425 1419 3457 :
1453 3408 1683 3459 Studens
1709 3408 1885 3475 primi-

305 3488 392 3528 tus
425 3476 700 3544 indagare,
743 3476 812 3527 ad
859 3491 1014 3544 quant
1064 3479 1396 3530 concordiam
1429 3478 1642 3546 perduci
1692 3477 1897 3530 valeant

305 3547 423 3608 ilia,
452 3563 571 3616 quae
591 3547 798 3614 prolata
819 3557 935 3598 sunt
959 3548 1106 3616 quasi
1133 3549 1365 3600 dissona.

383 3614 575 3685 (1022)
644 3616 736 3686 Est
805 3614 988 3670 titulus
1056 3619 1248 3670 eanoni
1322 3617 1460 3672 festo
1532 3616 1898 3686 apostolorum

305 3690 563 3754 prauisus
615 3701 642 3738 a
698 3685 951 3756 Dionysio
983 3687 1207 3756 Exiguo,
1241 3689 1327 3742 ubi
1370 3699 1508 3742 caste
1554 3685 1746 3757 legitur
1775 3704 1897 3741 eum

306 3773 408 3830 ms.
445 3757 806 3828 Frisingensi,
855 3773 960 3811 non
1009 3774 1136 3812 vero
1180 3770 1404 3824 castam,
1438 3770 1496 3813 ut
1541 3760 1679 3830 apud
1725 3758 1901 3812 Ache-

304 3843 470 3880 ιΊιιηι.

379 3897 570 3968 (to-23)
611 3897 877 3952 Construe
906 3917 916 3952 :
949 3897 1105 3963 Inde,
1141 3898 1193 3953 id
1232 3900 1405 3954 estde
1442 3901 1545 3955 bac
1573 3916 1632 3954 re
1677 3899 1900 3953 libenter

305 3968 462 4039 cupio
497 3985 651 4036 agere
693 3986 811 4022 cum
853 3969 944 4022 illo
989 3983 1168 4023 sancto
1211 3970 1454 4035 concilio,
1503 3972 1644 4039 quod
1695 3970 1902 4024 scilicet

304 4037 497 4111 [inritae
529 4040 828 4105 cogendum
857 4041 1090 4111 dixerat.
1128 4042 1219 4094 Sic
1258 4043 1418 4094 etiam
1462 4037 1794 4111 Augustinus
1845 4042 1896 4093 in

303 4108 619 4179 fragmento
673 4110 915 4179 epistola:
952 4113 1018 4164 ad
1053 4111 1444 4166 Classiciatmm
1490 4108 1732 4179 Subjeeto
1788 4112 1900 4179 θρί-

306 4179 460 4234 stolae
489 4178 597 4232 250
621 4180 684 4233 de
711 4178 1009 4247 quaestione
1035 4198 1153 4250 quae
1183 4182 1504 4235 versabatur
1533 4201 1544 4235 :
1587 4178 1650 4235 Et
1679 4190 1730 4235 in
1762 4178 1899 4234 cou-

305 4251 428 4304 cilio
462 4262 660 4310 nostro,
690 4251 883 4322 inquit,
926 4268 1078 4322 agere
1109 4252 1280 4321 cupio.
1312 4263 1358 4304 et
1397 4255 1440 4306 si
1470 4271 1597 4320 opus
1622 4253 1798 4321 fuerit,
1830 4252 1898 4304 ad

305 4322 483 4373 sedem
534 4320 872 4389 apostolicam
930 4320 1179 4374 scribere.
1226 4322 1324 4375 Ilie
1375 4335 1554 4376 autem
1607 4320 1900 4376 Ratlierius

307 4391 538 4453 indicat,
580 4408 638 4444 se
688 4391 739 4444 in
774 4392 1004 4446 concilio
1033 4407 1192 4461 agere
1236 4392 1371 4447 velle
1411 4395 1476 4447 de
1509 4393 1898 4447 tnulicrositatc

307 4461 655 4524 clericorum,
682 4461 754 4515 ob
785 4478 945 4530 quam
979 4463 1115 4515 forte
1152 4463 1386 4532 aliquem
1415 4466 1897 4517 excommunicau—

307 4533 437 4584 dum
477 4532 706 4598 putavit.
759 4533 830 4586 De
884 4533 1270 4587 nmlierositate
1317 4535 1530 4602 quidem
1566 4545 1743 4587 aetum
1801 4533 1900 4589 fuit

309 4604 726 4673 annosequcnti
772 4603 822 4656 in
855 4606 1059 4673 synodo
1090 4604 1401 4658 Ravennate
1442 4615 1562 4673 post
1595 4605 1900 4657 Ilotnanum

311 4671 599 4726 concilium
637 4671 934 4736 celebrata,
978 4673 1064 4727 cui
1107 4673 1396 4728 Ratherins
1442 4671 1710 4742 interluit,
1741 4683 1799 4728 ttt
1847 4677 1899 4728 in

309 4743 468 4814 epist.
487 4743 566 4814 12
594 4742 659 4796 ad
680 4742 1025 4797 Ambrosium
1051 4759 1106 4796 n.
1144 4746 1196 4806 l,
1228 4746 1473 4799 traditur.

383 4812 569 4888 (1021)
598 4815 866 4888 Construe
890 4831 904 4888 7:
940 4813 1070 4879 Qua:
1098 4815 1274 4888 utique
1297 4816 1527 4888 capitula
1553 4817 1774 4888 efﬁciunt
1798 4833 1900 4879 me,

311 4885 397 4954 qui
427 4884 564 4953 {also
594 4902 626 4936 tt
670 4885 985 4954 quibusdam
1028 4885 1288 4954 prtrdicor
1333 4884 1613 4951 litteratus,
1655 4888 1899 4956 elﬁc'innt,

315 4971 543 5022 "tortam,
570 4970 652 5007 nte
675 4961 896 5022 prorsus
916 4957 1181 5023 ignarum,
1206 4956 1331 5024 quid
1359 4957 1555 5010 valeam
1594 4960 1778 5010 saltem
1819 4975 1906 5010 co-

313 5025 494 5093 gitare,
522 5029 716 5078 nedum
742 5026 976 5094 proferre
997 5027 1059 5078 de
1081 5025 1222 5089 illis;
1244 5027 1368 5079 dum
1390 5028 1599 5095 quilibet
1628 5029 1904 5081 interdicto

315 5095 566 5149 dicentis:
592 5096 694 5160 Qui
728 5096 844 5148 sine
873 5104 1092 5164 peccato
1123 5104 1377 5160 est,etc.,
1404 5099 1544 5150 timet
1561 5097 1817 5164 corrigere
1849 5100 1903 5152 in

317 5165 436 5228 alio,
458 5169 597 5237 quod
627 5168 947 5238 recognoscit
978 5166 1029 5219 in
1051 5183 1138 5231 se;
1154 5182 1394 5237 canones
1417 5183 1532 5220 vero
1553 5178 1700 5220 tanta
1724 5183 1902 5221 aucto-

2005 1828 2283 1883 dominum
2312 1829 2520 1884 scilicet
2551 1840 2794 1884 nostrmn
2821 1831 3089 1886 Caesarem
3121 1834 3593 1904 gloriosissimum,

2003 1921 2092 1990 qui
2121 1936 2245 1975 cum
2282 1937 2393 1990 pra:
2417 1922 2672 1976 omnibus
2701 1923 2792 1991 qui
2819 1925 2918 1978 sub
2946 1925 3088 1978 coelo
3119 1937 3241 1979 sunt
3263 1928 3376 1996 jam
3412 1928 3596 1990 dit-tis,

2003 2014 2328 2093 caeterisque
2376 2014 2635 2084 regalium
2683 2018 3164 2086 prmrogativarum
3216 2019 3465 2088 insigniis
3514 2021 3593 2073 in-

2003 2107 2402 2161 :estimabiliter
2432 2107 2659 2175 polleat;
2695 2109 3100 2162 sanctissimum
3153 2125 3368 2178 papam,
3422 2111 3597 2164 domi-

2002 2213 2132 2252 num
2161 2198 2346 2266 utique
2370 2197 2634 2252 Joannem
2668 2200 3003 2269 episcopum,
3035 2202 3329 2255 secundum
3353 2203 3597 2270 proprie-

2005 2299 2168 2344 tatem
2207 2290 2291 2344 sui
2335 2291 2603 2355 vocabuli,
2645 2292 2817 2360 gratia
2856 2293 2950 2346 Dei
2996 2294 3062 2346 ad
3111 2293 3251 2347 idem
3305 2309 3439 2364 opus
3485 2295 3595 2346 ele-

2003 2389 2171 2442 ctum,
2202 2377 2478 2434 Romulea:
2513 2379 2729 2449 quidem
2763 2381 2880 2434 urbi
2912 2396 3104 2450 papam
3141 2382 3378 2438 instituit
3411 2383 3596 2455 (1025)

2004 2469 2415 2540 dignissimum;
2459 2470 2576 2524 orbi
2615 2483 2745 2524 vero
2777 2470 3030 2526 universo
3063 2471 3278 2528 Patrem
3318 2483 3374 2528 et
3418 2478 3598 2544 provi-

2005 2577 2185 2616 sorem
2237 2561 2608 2627 industrium;
2677 2578 2813 2632 quos
2865 2577 3263 2620 convocaturos
3329 2567 3595 2637 synodum

2007 2653 2194 2724 (1026)
2225 2661 2448 2707 autumo
2475 2653 2858 2719 universalem,
2907 2656 3170 2710 concedat
3215 2657 3358 2712 Deus
3399 2667 3598 2712 sanctae

2007 2761 2117 2801 sua:
2146 2745 2420 2810 Ecclesia),
2454 2755 2509 2800 ut
2534 2746 2772 2815 expedit,
2807 2746 3016 2802 utilem.

2075 2842 2129 2896 5.
2172 2842 2353 2895 Adero
2377 2841 2580 2911 itaque,
2614 2842 2656 2895 si
2694 2843 2800 2896 Deo
2827 2851 3102 2897 annuente
3126 2843 3368 2909 valuere,
3399 2845 3596 2915 digito-

2005 2950 2110 3003 que
2159 2949 2509 3002 compescens
2555 2931 2828 2998 labellum,
2888 2940 3040 2986 tanto
3095 2948 3190 2988 eos
3231 2935 3322 3003 qui
3373 2936 3599 2990 aderunt

2008 3025 2197 3079 audire
2251 3025 2454 3078 curabo
2519 3023 2796 3089 humilius,
2873 3033 3078 3092 quanto
3146 3025 3278 3079 milii
3350 3041 3600 3082 necessa-

2898 3113 3340 3181 Sapicntissimos
3407 3116 3598 3185 (1027)

1999 3207 2156 3280 441
2189 3203 2332 3258 enim
2378 3213 2485 3257 tam
2529 3201 2596 3256 de
2627 3203 2732 3257 isto
2772 3217 2965 3272 regno,
3007 3218 3168 3272 quam
3206 3213 3260 3258 et
3288 3205 3353 3259 de
3385 3206 3471 3260 bis
3503 3210 3596 3275 qui

1997 3337 2779 3411 ostenduntscrmonetnunon
2827 3350 2946 3390 esse
2986 3337 3052 3411 de
3092 3335 3301 3411 Joanne
3339 3339 3452 3405 XII,
3498 3345 3589 3411 qui

1999 3411 2203 3464 electus
2239 3407 2338 3458 l'uit
2383 3420 2528 3457 anno
2575 3404 2703 3468 956,
2738 3420 2858 3458 cum
2894 3406 3130 3459 nondum
3181 3407 3307 3462 Otto
3339 3413 3390 3463 in
3439 3404 3592 3466 Ila-lia

1999 3482 2325 3548 imperaret;
2384 3486 2701 3548 congruunt
2729 3485 2908 3548 autem
2955 3475 3146 3548 Joanui
3195 3477 3330 3532 XIII.
3382 3481 3598 3537 Etenim

1999 3546 2214 3604 mortuo
2256 3547 2442 3600 Romae
2491 3547 2745 3614 antipapa
2781 3546 2961 3600 Leone
3019 3546 3148 3611 VIII,
3203 3560 3258 3601 et
3308 3551 3408 3604 sub
3459 3556 3597 3607 nlem

2001 3629 2212 3691 tempus
2257 3616 2566 3691 Benedicto
2607 3615 2657 3691 AV
2716 3617 2970 3691 pontilice
3033 3619 3172 3688 apud
3229 3619 3598 3691 ilamburgum

2000 3685 2190 3744 exsule
2217 3689 2325 3742 vita
2355 3688 2560 3756 pariter
2602 3685 2810 3749 functo,
2843 3685 3083 3741 Romani
3119 3691 3252 3743 duos
3289 3685 3500 3758 legatos
3529 3697 3596 3748 a.l

2000 3762 2250 3815 Ottonem
2286 3759 2299 3810 Ι
2354 3759 2615 3810 miserunt
2643 3773 2736 3826 pro
2776 3757 3094 3811 instituendo
3134 3776 3284 3827 quem
3316 3757 3460 3816 t-ci'let
3493 3764 3600 3820 lio-

1999 3848 2156 3885 mano
2187 3829 2451 3898 pontiﬁce,
2495 3829 2672 3896 inquit
2708 3828 3000 3897 Iteginonis
3036 3834 3382 3885 comitutator
3407 3836 3472 3887 ad
3499 3852 3598 3887 an-

2000 3917 2128 3955 num
2160 3901 2285 3954 965.
2320 3899 2537 3952 Duobus
2561 3907 2739 3951 autem
2767 3901 3036 3967 episcopis
3058 3901 3125 3954 ab
3143 3901 3340 3955 Ottone
3372 3907 3595 3958 Ilomant

2001 3973 2250 4033 directis,
2282 3981 2405 4023 tunc
2454 3969 2517 4020 ab
2563 3970 2704 4022 omni
2731 3967 2875 4037 plebe
2917 3969 3153 4023 Romana
3182 3972 3415 4026 Joannes
3454 3973 3599 4027 Ναν-

2001 4044 2196 4095 niensis
2231 4041 2481 4113 Ecclesia?
2519 4040 3052 4113 episcopuseligitur,
3087 4051 3132 4094 ct
3163 4044 3271 4113 sedi
3297 4045 3596 4113 apostolica!

1999 4113 2236 4182 pontifex
2267 4111 2637 4184 intronizatur,
2671 4110 2886 4184 nomine
2926 4109 3167 4184 Joannis
3195 4109 3338 4180 XIII,
3365 4123 3421 4168 ut
3444 4119 3586 4184 apud

2003 4180 2250 4236 eumdem
2283 4180 2575 4252 licginouis
2602 4181 3037 4252 continu_atorem
3070 4182 3284 4252 legitur.

2072 4253 2254 4324 (1026)
2288 4251 2535 4324 δγιιοιιιιε
2564 4252 2780 4324 quidem
2813 4250 2998 4306 Roma:
3024 4250 3207 4324 coacta
3239 4264 3323 4309 est
3364 4255 3584 4310 ineunte

2002 4338 2143 4376 anno
2157 4324 2280 4386 967,
2303 4332 2358 4375 ut
2374 4331 2481 4374 nol.
2497 4323 2629 4374 1016
2645 4325 3071 4376 observavimus.
3093 4323 3226 4376 Num
3247 4341 3374 4381 vero
3395 4327 3593 4382 Ilatlte-

2005 4395 2117 4448 rius
2149 4396 2273 4467 Imic
2305 4393 2633 4467 interfuerit,
2660 4404 3130 4467 monuittentorum
3167 4396 3342 4464 inopia
3379 4399 3595 4467 ignora-

1932 4484 1975 4543 ί)
2005 4474 2110 4517 tur.
2141 4464 2300 4518 Certe
2324 4478 2450 4516 vero
2473 4462 2641 4543 adfuit
2666 4462 2819 4543 alteri
2846 4468 3069 4543 sytto.!o.
3095 4462 3462 4543 quiesubint'le
3493 4469 3597 4521 Ita-

2006 4550 2192 4588 veume
2240 4548 2425 4586 mense
2467 4534 2638 4601 Aprili
2672 4533 2796 4585 anni
2827 4534 3064 4602 eiusdem
3097 4533 3387 4601 Celebrata,
3433 4541 3596 4593 veluti

2003 4604 2262 4660 Romamre
2291 4605 2552 4672 appendix
2595 4603 2782 4656 haberi
2812 4614 3008 4671 potest.
3554 4664 3556 4666 τ

2077 4675 2258 4745 (1027)
2292 4674 2583 4742 Episcopus
2620 4683 2740 4746 tum
2793 4689 2859 4726 ex
2913 4691 3076 4746 regno
3105 4675 3309 4741 Italico,
3362 4685 3472 4730 tum
3528 4696 3594 4732 ex

2005 4744 2294 4801 Germania
2328 4760 2429 4796 una
2460 4759 2579 4796 cum
2620 4745 2944 4814 imperatore
2981 4744 3241 4800 Romanae
3286 4749 3595 4802 inerl'uisse

2005 4818 2386 4888 synodo,rqua:
2439 4815 2708 4888 celebrata
2763 4814 2864 4888 fuit.
2914 4817 3131 4888 ineunte
3163 4832 3305 4888 anno
3354 4819 3478 4883 907,
3530 4839 3593 4874 ωε

2007 4885 2293 4957 privilegio
2319 4886 2795 4957 notationeprima
2839 4885 3075 4941 iudicato
3110 4887 3451 4957 manifestum
3490 4904 3594 4944 cst.

2015 4957 2070 5012 In
2124 4973 2188 5011 co
2214 4955 2542 5013 enimdato
2592 4955 2776 5010 Itonia:
2829 4970 2890 5008 ιιι
2955 4957 3083 5010 Idus
3122 4955 3413 5012 Ianuarias
3459 4979 3600 5014 anno

2015 5029 2304 5082 Dominicw
2335 5027 2720 5095 incarnationis
2759 5024 2865 5095 967
2891 5027 3095 5095 imperii
3126 5025 3241 5077 vero
3282 5026 3462 5083 dantni
3500 5031 3599 5085 0t—

1959 5113 1973 5126 '
2011 5100 2150 5151 tonis
2175 5096 2398 5175 piissimi
2420 5096 2645 5175 thsaris
2675 5093 2746 5175 _V,
2776 5093 3073 5175 indicti“),
3100 5097 3163 5148 tle
3195 5096 3433 5175 georgto
3461 5101 3604 5156 Sul—

2011 5163 2214 5222 Iacettsi
2259 5168 2626 5238 abbateidem
2673 5167 2972 5237 imperator
3000 5167 3077 5220 ait
3119 5183 3151 5237 :7
3195 5163 3442 5226 Venith
3487 5191 3602 5238 gre-
