4044 5348
508 333 613 389 583

1467 320 1792 378 RATllERll
1833 317 2047 375 EPISC.
2094 313 2345 371 VERON.
2401 315 2552 373 OPP.
2594 315 2774 375 PARS
2812 318 2856 374 Ι.

3664 319 3772 376 584

503 462 626 502 cum
654 444 873 501 domino
899 448 1084 497 nostro
1124 445 1390 494 venerunt
1424 450 1639 506 semper
1670 436 1932 506 Augusto,
1975 410 2085 486 illic
2112 436 2163 494 Α
2188 430 2348 485 nibus
2373 445 2505 502 ergo
2536 430 2790 497 traditur,
2815 429 2906 501 qui
2929 429 2982 484 in
3004 428 3277 486 forinseco
3300 430 3441 485 atrio
3461 430 3773 494 invenitur;

508 539 791 594 adfuturos
809 547 1107 605 cognosco;
1128 545 1359 602 quorum
1381 529 1564 584 doceri
1598 526 1911 599 magisterio
1931 523 2090 595 cupio

503 634 571 690 de
599 633 687 689 bis
712 630 940 693 saltem,
985 640 1103 697 quae
1145 624 1233 679 hic
1280 621 1615 692 capitulatim
1663 626 1918 690 congesta
1968 616 2089 671 ideo

505 724 701 787 habeo,
727 720 871 790 quod
903 714 1289 787 plenitudinem
1327 726 1515 766 eorum
1561 710 1612 764 in
1650 709 1860 765 illorum
1888 706 2091 762 codici-

504 812 608 867 bus
637 808 901 866 contineri
932 803 1166 860 conﬁdo.
1196 801 1337 857 Sunt
1356 815 1487 855 vero
1511 800 1643 861 lucc,
1674 814 1796 868 qua:
1821 797 1891 852 ab
1916 795 2093 851 omni-

503 903 607 959 bus
633 897 914 956 observari
944 895 1182 950 valerent
1205 932 1221 957 ,
1261 892 1308 947 si
1343 891 1660 946 obedientes
1708 890 1819 944 Deo
1855 889 2090 943 existere

504 993 743 1057 vellent,
774 1006 874 1046 nec
904 986 1178 1045 contraria
1224 984 1412 1053 utique
1454 981 1680 1052 tempori
1711 1020 1727 1046 ,
1764 996 1865 1035 nec
1899 978 2089 1057 patria:

504 1085 826 1154 incongrua,
858 1081 990 1151 ipsis
1018 1078 1207 1149 utique
1229 1075 1468 1139 omissis,
1493 1089 1615 1143 qua:
1634 1071 1874 1141 antiquis
1895 1071 2095 1125 solum:

504 1173 686 1238 modo,
718 1171 798 1226 vel
832 1167 1213 1225 transmarinis
1257 1165 1612 1235 congruentia
1638 1172 1766 1217 sunt
1792 1177 1903 1216 visa
1928 1201 1944 1226 ,
1984 1175 2090 1215 non

506 1265 679 1319 nobis.
709 1263 843 1318 Cum
873 1261 1041 1330 igitur
1063 1258 1218 1330 quasi
1243 1258 1298 1312 in
1327 1256 1647 1325 quibusdam
1679 1244 2092 1309 medicinalibus

502 1354 658 1410 libris
691 1351 951 1416 carnalia,
989 1351 1105 1405 haec
1134 1349 1438 1403 animarum
1466 1347 1576 1401 sint
1618 1353 1874 1414 congesta
1907 1345 1961 1398 in
1996 1360 2090 1400 ca-

508 1445 739 1499 nonibus
765 1443 971 1499 sanctis
1003 1441 1273 1505 remedia;
1306 1446 1366 1492 nt
1410 1437 1676 1501 videlicet,
1711 1436 1804 1505 qni
1843 1435 1931 1490 illa
1972 1450 2092 1505 qua:

507 1539 559 1592 in
592 1538 744 1592 libris
769 1534 1100 1591 medicorum
1137 1533 1390 1603 leguntur
1411 1530 1738 1602 perceperit,
1767 1527 1837 1582 ab
1867 1528 2088 1597 mgritu-

507 1627 632 1682 dine
657 1626 936 1689 liberetur,
967 1623 1059 1694 qui
1093 1621 1413 1692 neglexerit,
1456 1636 1553 1675 suo
1584 1620 1779 1674 merito
1805 1619 2091 1683 moriatur,

507 1717 588 1772 sic
611 1715 914 1769 animarum
967 1714 1059 1783 qui
1092 1712 1321 1783 despicit
1362 1711 1599 1766 remedia
1623 1751 1638 1776 ,
1668 1700 1951 1766 occasione
1988 1709 2091 1764 alia

508 1814 735 1860 mortem
774 1804 1003 1859 evadere
1040 1801 1274 1872 qualiter
1314 1800 1487 1871 possit
1527 1812 1786 1856 aeternam
1812 1839 1827 1864 ,
1881 1799 2090 1853 discere
2121 1784 2164 1843 Β

509 1898 689 1968 cupio.
736 1896 963 1967 ignarus
1004 1896 1215 1960 adhuc,
1255 1909 1450 1964 nempe
1490 1892 1717 1957 stultus,
1768 1892 1962 1947 existo.
1996 1889 2090 1944 Di-

508 1997 666 2042 cente
691 2002 903 2057 quoque
924 1984 1199 2056 Apostolo:
1217 1982 1275 2038 Si
1298 1984 1637 2053 nosmetipsos
1659 1981 2092 2051 dijudicaremus,

509 2092 611 2129 non
642 2078 818 2147 utique
856 2075 1223 2145 iudicaremur
1244 2071 1295 2143 (Ι
1320 2071 1441 2126 Cor.
1463 2087 1541 2137 st,
1563 2069 1937 2142 5|):judicari
1968 2082 2096 2124 vero

507 2167 649 2222 sicut
688 2165 1020 2222 smculariter
1069 2162 1187 2235 lege
1232 2161 1503 2217 mundana
1530 2201 1545 2227 ,
1603 2161 1676 2215 ita
1722 2159 2095 2225 ecclesiastice

509 2258 791 2313 sanctione
822 2256 1117 2313 debeamus
1158 2253 1449 2320 canonica;
1493 2253 1585 2322 qui
1614 2250 1850 2322 judicari
1891 2266 1956 2307 ea
2004 2254 2095 2308 de-

510 2347 672 2417 spicit
718 2346 1124 2417 temporaliter,
1169 2353 1351 2400 utrum
1378 2342 1648 2413 judicium‘
1686 2343 1818 2400 illud
1862 2342 2095 2400 evadere

509 2440 622 2496 ullo
649 2440 809 2495 modo
832 2440 1025 2510 possit,
1048 2453 1156 2508 quo
1177 2439 1463 2493 damnatus
1484 2436 1714 2506 quisque
1742 2435 1797 2491 in
1827 2445 2093 2492 aeternum

508 2532 727 2602 peribit,
767 2531 911 2586 dicat
935 2529 1164 2601 quilibet
1199 2529 1373 2584 alius:
1408 2543 1530 2581 nam
1569 2542 1670 2598 ego
1701 2527 1827 2584 hinc
1855 2542 1973 2582 sum
2001 2542 2096 2598 pe-

511 2621 657 2676 nitus
684 2630 883 2675 mutus.
912 2618 1184 2674 Judicium
1213 2632 1345 2672 sane
1369 2617 1639 2688 quomodo
1665 2615 1914 2683 facimus,
1944 2619 1988 2674 si
2006 2617 2094 2687 jus

512 2711 669 2765 nobis
694 2725 724 2764 a
752 2712 863 2766 Deo
883 2725 982 2779 per
1010 2708 1383 2764 sanctissimos
1409 2707 1598 2763 Patres
1623 2707 1885 2762 indictum
1925 2708 2094 2779 negli-

511 2801 725 2871 gimus?
755 2799 1029 2855 Justitiam
1055 2814 1249 2870 quam,
1282 2799 1326 2854 si
1357 2798 1530 2870 legent
1566 2813 1670 2854 non
1698 2814 1978 2855 servamus
2002 2816 2093 2856 ca-

514 2893 804 2948 nonicam?
829 2891 962 2947 Cum
1001 2892 1112 2946 Deo
1138 2890 1369 2961 qualiter
1403 2889 1774 2956 ambulamus,
1806 2891 1852 2946 si
1882 2890 1950 2944 ab
1983 2891 2090 2957 his,

511 3000 632 3055 qua:
656 2972 925 3053 sequenda
954 2981 1229 3054 praecipit,
1266 2981 1581 3036 deviamus?
1618 2980 1787 3036 Noxia
1831 2990 2090 3037 caeterum

511 3076 845 3142 sollicitudo,
877 3090 1037 3145 quam
1077 3073 1435 3146 gerendorum
1483 3089 1590 3128 non
1620 3071 1782 3129 ellicit
1821 3074 2089 3129 rectitndo

2193 523 2317 594 quia
2354 524 2446 594 qui
2497 533 2651 580 extra
2691 538 2935 578 normam
2980 523 3361 579 ecclesiasticae
3386 524 3773 599 rectitudinis,

2190 613 2353 668 etiam
2379 614 2430 667 in
2447 613 2671 670 ecclesia
2688 611 2811 685 [al.,
2841 611 3107 686 ecclesias]
3137 627 3364 683 corpore
3384 614 3619 683 positus,
3645 629 3775 670 con-

2189 712 2460 769 versatur,
2486 703 2631 758 intus
2652 703 2868 774 quidem
2890 717 3013 758 esse
3039 702 3395 773 corporaliter
3413 705 3772 774 conspicitur,

2188 799 2283 854 sed
2313 798 2625 854 auimaliter
2651 799 2704 854 in
2731 798 2872 854 atrio
2892 798 3148 853 exteriori
3179 807 3325 855 stare
3354 799 3638 870 probatur.
3682 799 3777 855 Vel

2188 897 2334 944 certe
2366 889 2620 960 gentibus
2646 889 2837 955 datur,
2888 888 2982 958 qui
3029 888 3264 944 ethnicis
3306 888 3585 944 sociatur:
3617 889 3776 945 Chri-

2189 979 2403 1034 Stianus
2450 978 2596 1035 enim
2644 979 2773 1035 licet
2817 979 3064 1047 dicatur,
3114 995 3457 1051 nequaquam
3502 988 3626 1044 est,
3680 982 3774 1051 qui

2190 1066 2409 1123 Christo
2447 1069 2755 1123 contrarius
2788 1077 2904 1135 est;
2950 1068 3250 1124 canonibus
3284 1084 3414 1124 vero
3440 1071 3648 1125 sanctis
3681 1070 3774 1139 qui

2189 1171 2297 1211 non
2333 1158 2703 1228 obtemperat,
2756 1157 2974 1214 Christo
3007 1159 3251 1215 rebellat.
3295 1158 3561 1216 Gentibus
3603 1176 3771 1226 vero,

2192 1248 2294 1303 nisi
2326 1264 2386 1305 se
2413 1249 2553 1304 infra
2593 1264 2902 1316 mensuram
2932 1251 3090 1307 lineae
3122 1252 3486 1318 recollexerit,
3519 1254 3771 1321 dabitur;

2191 1338 2446 1407 quoniam
2496 1339 2714 1408 quidem
2759 1338 2881 1412 [al.,
2930 1340 3393 1414 quandoquidem}
3421 1357 3525 1397 non
3573 1344 3775 1413 poterit

2192 1444 2379 1485 eorum
2409 1431 2767 1487 contubernio
2791 1432 3010 1499 sociari,
3049 1448 3277 1503 quorum
3308 1450 3408 1490 nec
3434 1434 3549 1505 lege
3576 1441 3769 1499 teneri,

2192 1537 2296 1576 nec
2320 1522 2606 1591 disciplina
2633 1523 2855 1595 corrigi,
2885 1538 2988 1579 nec
3019 1540 3198 1579 mores
3227 1524 3399 1579 voluit
3425 1526 3649 1581 imitari.
3684 1527 3775 1582 Vas

2191 1624 2372 1673 autem
2400 1626 2641 1672 nostrum
2674 1618 2832 1672 alicui
2852 1660 2867 1684 ,
2908 1627 3062 1674 extra
3110 1634 3421 1674 mensuram
3452 1621 3769 1674 canonicam

2193 1708 2278 1764 eui
2306 1709 2595 1779 contigerit
2625 1709 2875 1776 inveniri,
2906 1726 3028 1767 cum
3063 1709 3360 1766 electorum
3398 1711 3628 1782 populus
3662 1727 3777 1768 cm-

2191 1798 2333 1870 perit
2366 1800 2659 1854 recenseri.
2696 1799 2913 1856 Electus
2937 1801 3081 1855 enim
3111 1815 3301 1866 nemo,
3338 1803 3429 1872 qui
3465 1817 3573 1856 non
3604 1816 3773 1856 canna

2192 1889 2382 1955 uicus,
2425 1888 2672 1961 [subaudi
2706 1889 2890 1963 nemo]
2918 1889 3101 1963 (1028)
3142 1892 3473 1958 canonicus,
3521 1893 3613 1963 qui
3664 1909 3771 1948 non

2193 1979 2417 2036 electus.

2263 2070 2319 2126 4.
2353 2071 2507 2127 Dicat
2546 2085 2676 2127 sane
2718 2063 2917 2142 aliquis
2957 2062 3239 2130 vestrum.
3283 2076 3375 2126 tua
3413 2071 3544 2143 quid
3581 2071 3770 2134 refert,

2196 2163 2322 2217 talia
2349 2163 2581 2228 casteris,
2619 2171 2675 2219 et
2700 2163 2883 2233 utique
2912 2171 2963 2218 te
2991 2163 3480 2233 prtestantioribus,
3513 2161 3642 2218 hinc
3666 2161 3773 2214 mia

2193 2256 2340 2311 nime
2389 2254 2706 2311 curantibus
2731 2296 2747 2322 ,
2784 2256 2982 2327 agere?
3035 2253 3259 2322 Refert,
3308 2255 3528 2326 inquam
3552 2295 3569 2320 ,
3609 2253 3777 2311 refert

2193 2348 2535 2415 omnimodis,
2564 2348 2692 2403 etin
2722 2356 2931 2403 tantum
2958 2346 3197 2417 expedit,
3234 2356 3314 2413 ut,
3353 2349 3397 2403 Ο
3440 2365 3528 2402 nos
3570 2365 3773 2412 omnes.

2192 2439 2282 2511 qui
2307 2439 2539 2493 transitis
2558 2456 2650 2509 per
2670 2440 2806 2495 viam
2824 2479 2839 2502 ,
2866 2438 3115 2494 attendite
3133 2480 3147 2504 ,
3175 2449 3221 2494 et
3247 2440 3412 2494 uide?e
3439 2441 3485 2494 si
3513 2449 3587 2494 est
3624 2439 3776 2493 dolor

2192 2528 2326 2582 sicut
2364 2526 2517 2581 dolor
2558 2544 2701 2583 meus
2744 2527 2959 2599 (Tltren.
3009 2544 3059 2592 t,
3110 2528 3223 2598 12),
3268 2529 3484 2584 edicere
3531 2543 3771 2598 possem,

2194 2616 2298 2671 nisi
2364 2616 2794 2671 insensibilitatis
2851 2626 3072 2687 stupore
3125 2616 3459 2688 languerem.
3513 2619 3773 2673 Omittam

2195 2708 2391 2779 quippe
2447 2716 2530 2763 ter
2575 2707 2757 2779 (1029)
2795 2723 2882 2762 me
2922 2717 3110 2764 contra
3145 2724 3380 2765 canones
3427 2710 3771 2774 exsulatum.

2194 2800 2388 2856 millies
2410 2799 2725 2869 injuratum,
2747 2799 3080 2871 episcopium
3106 2802 3234 2856 mihi
3261 2801 3545 2872 illegaliter
3564 2803 3776 2873 ademp-

2194 2899 2333 2956 tutn,
2384 2890 2568 2963 (1050)
2616 2889 2779 2944 alium
2830 2906 2995 2961 super
3039 2907 3124 2947 me
3159 2893 3403 2947 adultere
3437 2894 3771 2958 adductum,

2194 2992 2498 3053 receptum;
2526 2983 2719 3039 iterum
2743 2998 2807 3039 eo
2828 2984 3196 3040 misericordia
3218 2985 3447 3055 piissimi
3473 2984 3712 3058 [Ottonis
3728 2983 3771 3056 1]

2195 3077 2450 3143 Caesaris,
2480 3086 2751 3148 prmcepto
2779 3078 3084 3148 apostolici,
3111 3079 3201 3149 qui
3223 3077 3483 3150 [Joannes
3506 3078 3622 3152 XII]
3650 3092 3776 3136 tunc

511 3164 593 3237 (ll
648 3164 772 3220 Cor.
800 3139 854 3230 vi,
884 3139 1003 3234 10);
1033 3139 1154 3219 edin
1201 3170 1543 3232 recepturum
1594 3177 1865 3233 quemque
1901 3179 2094 3217 sccnn-
2120 3139 2162 3201 (ἶ
2194 3139 2452 3223 Romanas
2481 3139 2712 3239 prmerat
2746 3139 2897 3233 sedi,
2933 3139 3143 3238 judicio
3167 3139 3544 3238 episcoporum
3587 3139 3774 3240 (lOSI)

513 3256 642 3310 dum
667 3240 808 3326 quod
837 3255 1025 3327 gessit,
1064 3255 1178 3311 sive
1204 3254 1428 3319 bonum,
1462 3254 1575 3309 sive
1616 3254 1837 3322 malum,
1869 3256 2093 3311 evidens

512 3359 636 3401 esse
661 3346 842 3401 valeat
872 3346 1159 3401 certitudo.
1189 3345 1354 3401 Extra
1378 3345 1655 3402 canonica:
1679 3346 1845 3419 igitur
1873 3348 2097 3403 rectitu-

513 3435 659 3490 dinis
681 3436 962 3491 diversans
990 3434 1210 3500 lineam,
1244 3450 1404 3506 quam
1444 3435 1635 3491 salutis
1666 3437 1867 3492 habere
1892 3445 2093 3507 potest,

514 3541 732 3596 qurcso,
781 3526 1070 3593 ﬁduciam,
1103 3541 1226 3583 cum
1268 3527 1528 3598 scriptum
1571 3528 1678 3583 sit:
1718 3528 1926 3583 Atrium
1956 3529 2096 3600 quod

510 3626 589 3672 est
615 3617 747 3687 foris
774 3633 876 3673 non
897 3618 1144 3682 metieris,
1169 3618 1293 3688 quia
1311 3618 1492 3671 datum
1513 3628 1588 3673 est
1610 3619 1844 3690 gentibus
1860 3621 1885 3673 ?
1908 3620 2092 3690 (Apoc.

513 3726 591 3775 χι,
621 3709 701 3782 2.)
730 3710 934 3777 Quibus
963 3725 1091 3765 vero
1114 3708 1389 3781 gentibus,
1419 3710 1521 3764 nisi
1553 3711 1619 3766 de
1644 3711 1843 3781 quibus
1868 3710 2097 3765 Psalmi-

516 3811 599 3855 sla
625 3800 788 3873 442
809 3801 1010 3855 dixisse
1031 3799 1348 3870 intelligitur
1371 3798 1598 3854 Domino
1620 3819 1632 3854 :
1659 3799 1934 3855 Liberator
1954 3817 2098 3855 meus

516 3891 583 3944 de
602 3890 836 3958 gentibus
861 3889 1132 3945 iracundis
1148 3890 1173 3942 7
1194 3880 1369 3961 (Psal.
1394 3905 1524 3953 xvn,
1548 3889 1662 3961 48.)
1678 3888 1749 3945 Ut
1768 3891 1914 3945 enim
1937 3892 2100 3946 homo

519 3978 695 4032 malus
733 3979 859 4032 alibi
888 3988 1114 4033 vocatur
1157 3979 1439 4043 diabolus,
1487 3980 1565 4034 sic
1604 3979 1744 4049 legio
1794 3981 2098 4036 daemonum

520 4083 716 4125 nomen
754 4069 843 4124 hic
869 4070 1110 4140 possidet
1139 4085 1246 4125 non
1278 4070 1570 4141 incongrue
1595 4072 1860 4143 gentium.
1892 4073 2102 4131 Daemo-

519 4199 762 4283 Augusto
786 4200 838 4283 in
866 4200 1154 4258 Germania
1180 4202 1389 4270 habuit,
1407 4212 1693 4274 antequam
1726 4206 1964 4261 Italicum
2001 4208 2103 4265 iter

519 4287 660 4325 susci
702 4282 837 4325 cret.

593 4287 792 4417 (1&8)
808 4341 1200 4417 Repetitionem
1235 4343 1386 4399 vocis
1420 4347 1706 4400 canonicus
1736 4346 2102 4417 supplevimus

520 4425 586 4467 ex
620 4426 722 4466 m5.
754 4412 1105 4481 Frisingensi.

2195 3258 2528 3332 synodaliter
2542 3258 2882 3337 restitutum,
2897 3260 2965 3314 ab
2986 3260 3171 3315 eodem
3196 3259 3446 3316 invasere
3467 3260 3647 3332 (vobis
3669 3275 3773 3315 non

2191 3351 2411 3422 penitus
2448 3350 2501 3405 in
2549 3359 2757 3404 tantum
2789 3351 3009 3422 ignaris,
3041 3366 3215 3420 neque
3255 3351 3431 3407 eidem
3462 3353 3772 3416 contrariis,

2193 3452 2255 3499 ut
2288 3442 2432 3498 mille
2460 3457 2566 3497 non
2594 3442 2887 3507 defuerint,
2916 3442 3007 3513 qui
3038 3458 3131 3498 vos
3154 3457 3292 3513 pene
3319 3458 3534 3509 omnes,
3561 3460 3630 3500 ne
3650 3444 3774 3499 dum

2195 3534 2554 3600 consensisse,
2607 3535 2710 3591 hoc
2757 3534 3087 3589 crediderint
3136 3534 3513 3606 machinasse)
3571 3534 3775 3605 (1052)

2195 3632 2378 3695 postea
2408 3623 2881 3693 comprehensum,
2903 3622 3064 3695 443
3088 3623 3321 3695 pulsum,
3348 3624 3664 3694 injuratum.
3687 3640 3783 3680 ex-

2197 3713 2505 3784 spoliatum,
2534 3714 2792 3769 custodiae
2817 3715 3211 3783 mancipatum:
3240 3715 3493 3771 omnibus
3516 3731 3647 3771 vero
3674 3716 3776 3779 his.

2197 3805 2324 3862 licet
2350 3813 2461 3860 tam
2504 3806 2843 3871 indiscussis,
2891 3805 3119 3869 relictis,
3150 3805 3304 3876 quasi
3337 3806 3390 3862 in
3419 3808 3501 3863 eis
3531 3808 3607 3862 nil
3632 3808 3781 3862 inve-

2201 3899 2303 3953 niri
2328 3897 2551 3963 valeret,
2577 3897 2720 3968 quod
2752 3898 3073 3969 reprehendi
3102 3898 3309 3969 legibus
3328 3899 3412 3954 vel
3442 3898 3635 3955 leviter
3660 3914 3783 3971 pos-

2200 3996 2312 4055 set;
2344 3987 2718 4044 misericordia
2757 3989 2951 4043 iternm
2978 3988 3286 4053 Creatoris,
3328 3988 3617 4044 clementia
3644 3991 3776 4059 piis-

2201 4077 2322 4134 simi
2359 4078 2703 4148 imperatoris
2746 4078 2952 4152 (1033),
2996 4079 3264 4135 s'ubventu
3311 4078 3780 4135 excellentissima:

2200 4213 2259 4268 4°
2290 4227 2433 4269 anno
2467 4213 2594 4277 961,
2619 4228 2726 4282 quo
2753 4228 2782 4267 a
2824 4212 3020 4268 Milone
3048 4212 3476 4283 comprehensus
3500 4220 3557 4267 et
3585 4213 3777 4283 expul.

2204 4300 2296 4339 Sus
2325 4284 2445 4345 fuit,
2483 4286 2557 4338 ita
2599 4293 2656 4338 ut
2698 4301 2818 4337 cum
2856 4283 3071 4338 tandem
3103 4282 3366 4338 Veronam
3398 4282 3606 4337 dimisit
3638 4282 3776 4338 anno

2205 4356 2329 4416 908,
2361 4356 2605 4422 quintum
2654 4354 2800 4408 \elnt
2841 4354 3086 4408 ess-ﬂium
3126 4353 3427 4423 computari
3478 4354 3671 4420 possit.
3722 4354 3774 4407 in

2206 4426 2481 4494 epitaphio
2512 4428 2691 4476 autem
2722 4436 2801 4477 ter
2835 4424 2982 4477 erant
3013 4424 3229 4494 dicitur,
3271 4423 3529 4494 qttiatria
3568 4432 3774 4475 tantum

594 4481 862 4564 (l029)nl.n
896 4484 1169 4564 epitaphio
1213 4484 1452 4541 Ratherii
1502 4495 1581 4539 ter
1625 4487 1777 4564 exsul
1823 4490 2058 4564 traditur
2080 4533 2095 4557 ,
2127 4488 2175 4546 Ι)
2205 4481 2405 4564 majora
2454 4495 2641 4550 exsilia
2689 4503 3011 4564 computata
3046 4481 3527 4564 fiternnqt,'iqnibus
3561 4508 3592 4547 e
3622 4495 3770 4554 sede,

522 4552 698 4628 prium
722 4552 939 4628 scilicet
958 4555 1057 4609 sub
1089 4554 1311 4628 llugone
1334 4573 1478 4628 rege,
1511 4561 1748 4612 secundo
1775 4561 1875 4615 snh
1902 4552 2095 4616 LothaQ

526 4622 608 4676 rio
628 4622 744 4692 ejus
769 4624 900 4688 lilio,
925 4639 989 4679 ac
1020 4622 1314 4681 tertio'sive
1353 4622 1474 4683 cum
1515 4644 1543 4680 a
1583 4628 1775 4684 Milone
1820 4631 2089 4694 invasore,

527 4703 809 4768 nt_postea
834 4696 921 4750 hic
946 4695 1227 4768 subditur,
1263 4697 1685 4768 comprehensus
1711 4709 1766 4754 et
1787 4715 1817 4754 e
1843 4716 1936 4755 sua
1966 4704 2094 4756 sede

522 4763 709 4836 pulsus
739 4765 871 4829 fuit,
915 4764 1030 4820 sive
1063 4767 1241 4836 potius
1278 4763 1403 4823 cum
1447 4768 1708 4823 Veronam
1750 4771 1961 4824 tandem
2014 4772 2095 4825 di-

526 4835 741 4892 mittere
770 4844 989 4892 coactus
1020 4835 1122 4891 est.
1158 4837 1268 4894 Hoc
1306 4850 1485 4894 autem
1524 4839 1642 4893 loco
1670 4856 1790 4895 cum
1820 4856 1878 4894 se
1900 4851 1978 4893 ter
2003 4858 2093 4895 ex-

524 4906 753 4960 sulatum
782 4907 996 4976 prodat,
1024 4917 1308 4979 antequam
1352 4924 1380 4962 a
1426 4909 1618 4962 Milone
1652 4910 1897 4963 invasore
1924 4910 2093 4979 pelle-

528 4986 699 5024 retur.
722 4993 881 5024 uuam
910 4977 1280 5024 exnulsiuuem
1304 4978 1378 5024 uti
1409 4979 1759 5024 nosterinmm
1787 4981 1838 5024 in
1864 4977 2092 5024 ςρὲιηρη-

2197 4562 2361 4633 quam
2390 4567 2626 4625 tenebat,
2653 4565 2971 4618 exturbatus
2994 4562 3122 4617 fuit:
3147 4562 3287 4629 unde
3312 4563 3508 4633 ibidem
3537 4575 3617 4616 ter
3640 4579 3770 4631 pra-

2196 4632 2299 4697 sul,
2324 4642 2378 4688 et
2403 4644 2480 4687 ter
2504 4633 2652 4687 exsul
2684 4643 3047 4702 opperiuntur,
3084 4634 3226 4702 quod
3276 4640 3357 4702 ter
3401 4632 3769 4701 episcopatum

2195 4704 2539 4767 obtinuisset,
2569 4712 2624 4756 et
2664 4701 2745 4757 ter
2773 4705 3061 4757 amisissct.
3093 4701 3249 4756 Anno
3284 4701 3380 4757 931
3416 4703 3519 4757 etsi
3548 4718 3767 4771 recupe-

2194 4774 2554 4843 rarestuduit
2590 4777 2988 4843 episcopatum,
3024 4787 3145 4843 nou
3182 4781 3359 4843 tamen
3407 4773 3764 4843 adeptusrst.

2196 4842 2456 4896 Exsilium
2490 4836 2671 4897 autem
2701 4836 2825 4896 anni
2861 4842 2966 4898 961
3006 4842 3151 4896 brevi
3184 4840 3421 4896 solutum
3464 4836 3583 4896 fuit.
3621 4836 3767 4908 Quod

2196 4927 2362 4983 porro
2391 4913 2466 4966 ait
2496 4913 2827 4983 episcopium
2858 4913 2958 4967 sibi
2988 4910 3270 4983 illegaliter
3299 4914 3628 4982 ademptum,
3660 4910 3766 4966 ille-

2198 4982 2388 5024 nnls'lpr
2415 4984 2656 5024 ἰιιΙρΙΙὶσίι
2685 4982 2805 5024 sint:
2831 4982 3026 5024 imlinin
3051 4982 3327 5024 pulmninn-
