4044 5348
268 296 371 357 585

1655 292 2131 367 ΙΤΙΝΕΒΑΒΙῌΜ.

3445 252 3554 355 διὸ

270 411 423 468 ἀυειε
461 415 739 478 ereptum,
787 404 1093 470 reductum,
1133 419 1164 458 a
1203 403 1360 461 vobis
1397 416 1528 459 vero
1564 413 1670 458 tam
1701 405 1858 459 iuhu-
1889 415 1934 472 Α
1965 416 2158 462 terium
2212 407 2645 478 perpetraverit;
2706 407 2828 479 quis
2880 422 2945 463 ex
2998 409 3154 466 vobis
3213 407 3552 479 indepositus

268 517 427 558 mane
472 510 752 571 receptum
778 540 792 562 ,
844 508 904 552 ut
951 515 1056 553 non
1098 497 1309 553 dillicile
1348 497 1507 552 fuerit
1543 498 1595 551 in
1625 496 1860 552 vultibus

268 593 468 650 vestris
510 592 802 660 conjectari
856 607 1019 661 quam
1063 608 1168 646 non
1216 590 1450 646 libenter
1495 607 1582 647 me
1618 590 1864 645 videritis

265 687 497 752 reverti,
531 702 653 741 cum
681 695 734 739 et
761 686 956 740 exinde
994 694 1072 740 tot
1114 701 1200 739 me
1228 700 1332 740 non
1363 683 1626 740 desinatis
1652 682 1864 753 injuriis

268 779 562 843 lacessere,
605 788 664 833 ut
691 777 835 833 onmi
882 793 969 831 me
1011 777 1367 847 praerogativa
1409 775 1617 831 ordinis
1655 773 1869 843 episco-

269 871 404 943 palis
434 871 599 936 adeo,
624 869 783 924 sicuti
813 879 935 924 ante
964 868 1173 940 (1054),
1199 869 1273 924 ita
1306 879 1361 925 et
1391 876 1534 938 post,
1559 882 1662 922 non
1685 867 1866 921 dimit-

270 964 398 1018 tatis
426 963 665 1033 privare,
697 970 754 1015 ut
780 959 916 1016 nihil
945 977 1010 1016 ex
1041 978 1104 1016 ea
1149 961 1278 1015 mihi
1321 959 1642 1030 relinquatis
1671 966 1890 1029 praeter

269 1051 587 1109 chrismatis
632 1050 1067 1117 coniectionem,
1115 1060 1168 1106 et
1220 1051 1551 1108 chrismandi
1604 1049 1866 1121 quidlibet

268 1159 394 1200 cum
436 1141 925 1214 subscriptionibus
964 1153 1307 1215 potestatem.
1358 1143 1510 1198 Adeo
1548 1158 1764 1214 quoque
1799 1141 1867 1198 de

268 1235 426 1290 vobis
455 1236 560 1290 sim
601 1236 931 1301 inhonorus,
977 1244 1035 1290 ut
1070 1251 1192 1290 cum
1232 1234 1418 1306 (1035)
1465 1250 1654 1290 omnes
1684 1235 1866 1305 coepi-

270 1327 421 1398 scopi
452 1327 581 1383 illuc
610 1327 844 1391 venturi,
879 1329 944 1384 de
974 1328 1190 1383 clericis
1219 1328 1333 1382 suis
1362 1343 1556 1398 parere
1589 1326 1723 1382 inibi
1764 1328 1864 1382 ha-

269 1419 440 1476 beant
465 1420 754 1484 honorati;
786 1435 887 1492 ego
918 1419 984 1475 de
1008 1420 1162 1475 vobis
1191 1435 1293 1476 nec
1323 1435 1486 1474 unum
1517 1419 1618 1476 sim
1651 1418 1869 1474 habitu-

272 1527 402 1574 rus;
445 1526 569 1566 cum
597 1509 665 1565 de
695 1526 813 1566 mea
847 1510 1220 1580 paupertatula
1257 1527 1364 1565 non
1403 1511 1504 1566 sim
1539 1511 1696 1566 vobis
1729 1513 1867 1567 adeo

271 1601 631 1667 inhumanus,
662 1613 723 1658 ut
749 1602 972 1656 militari
1009 1602 1272 1658 beneﬁcio
1294 1602 1504 1675 (1056),
1529 1602 1778 1672 habeam,
1812 1611 1868 1660 et

271 1695 379 1752 hoc
407 1696 602 1767 gratis,
633 1696 819 1752 decem
851 1712 919 1751 ex
957 1697 1112 1752 vobis
1144 1698 1362 1754 ditatus.

1967 499 2097 554 isset
2120 498 2239 571 [al..
2256 499 2456 571 esset]?
2479 499 2712 555 Rursum
2735 501 2778 555 si
2799 501 3120 556 recitaretur
3143 519 3156 556 :
3181 499 3551 573 Prwcipimus,

1965 602 2020 646 ut
2052 593 2242 660 biqami
2275 609 2378 646 non
2407 593 2758 646 admittuntur
2781 594 2849 646 ad
2877 593 3076 647 clerum
3105 594 3122 655 (
3145 592 3368 650 lnnocJ
3403 611 3486 666 ep.
3512 593 3551 650 4

1965 699 2012 737 c.
2042 683 2106 749 2;
2140 682 2336 739 GELAS.
2360 682 2378 738 l
2405 701 2486 754 ep.
2517 684 2570 748 9,
2594 683 2688 738 sub
2711 683 2902 756 med.);
2931 700 3093 756 quem
3120 700 3187 741 ex
3213 684 3369 741 vobis
3389 683 3555 740 conii-

1967 776 2150 830 derem
2199 775 2448 845 lcgaliler
2478 775 2546 832 ad
2575 776 2940 831 sacerdotium
2981 775 3148 832 fuisse
3196 775 3554 848 provectum?

1967 868 2051 932 Et,
2085 878 2144 922 ut
2164 869 2228 923 ad
2259 869 2492 934 minora,
2522 869 2783 939 vobisque
2813 869 3056 940 pernulla
3082 870 3319 934 veniam,
3345 868 3392 924 si
3413 869 3558 942 lege-

1968 971 2119 1014 retur
2139 970 2539 1030 contemptores
2559 977 2828 1018 canonum
2847 965 3029 1018 acrius
3049 963 3356 1034 arguendos
3382 966 3553 1032 (conc.

1969 1051 2182 1121 Hispal.
2206 1068 2267 1115 ιι.
2291 1067 2339 1106 c.
2365 1050 2454 1124 4);
2483 1052 2549 1107 de
2568 1051 3037 1122 corjurationihus
3059 1053 3180 1126 (aL,
3201 1052 3560 1125 conspiratio-

1967 1141 2149 1217 nibus]
2199 1144 2385 1207 etiam,
2435 1154 2490 1200 et
2539 1145 3026 1215 conspiratorihus,
3070 1146 3137 1202 de
3177 1144 3450 1216 periuris,
3490 1145 3559 1203 de

1968 1236 2231 1300 ebriosis,
2265 1245 2320 1292 et
2347 1237 2436 1307 qui
2479 1237 2532 1291 in
2565 1237 2804 1293 tabernis
2831 1237 3042 1304 bibunt,
3065 1247 3120 1294 et
3148 1238 3241 1309 qui
3269 1237 3449 1294 usuris
3474 1237 3560 1292 inv

1969 1329 2234 1394 serviunt,
2269 1329 2313 1384 si
2344 1328 2589 1400 legaliter
2617 1329 2977 1402 synodarem;
3012 1344 3172 1398 quem
3200 1344 3268 1385 ex
3289 1329 3444 1386 vobis
3473 1328 3560 1385 in-

1971 1423 2281 1478 demnatum
2305 1421 2706 1492 relinquerem?
2735 1420 2791 1475 Si
2814 1421 3047 1492 perjuris
3073 1419 3264 1477 saltem
3291 1420 3564 1492 paeniten-

1972 1518 2102 1573 tiam
2135 1517 2342 1589 legibus
2373 1517 2629 1572 indictam
2659 1516 2776 1587 ipse
2805 1516 3040 1573 dicerem
3059 1557 3076 1584 ,
3118 1531 3278 1586 quem
3309 1515 3379 1572 de
3403 1514 3563 1572 vobis

1970 1609 2196 1665 missam
2219 1609 2499 1665 celebrare
2526 1609 2940 1680 permitterem?
2961 1607 3018 1663 Si
3044 1607 3377 1664 multinubos
3401 1623 3433 1663 a
3454 1605 3564 1665 cle-

1972 1701 2145 1757 ricatu
2194 1701 2534 1772 repellerem,
2577 1715 2737 1771 quem
2779 1699 2882 1755 nisi
2927 1699 3181 1772 puerulos
3222 1700 3275 1755 in
3318 1698 3564 1756 Ecclesia

350 1787 410 1844 5.
445 1789 703 1845 Omittam
736 1799 912 1845 tamen
943 1831 956 1856 ,
998 1801 1056 1844 ut
1085 1792 1229 1854 dixi,
1261 1792 1403 1846 illius
1435 1793 1615 1846 omnia
1651 1793 1752 1847 ista
1783 1808 1869 1848 re-
1899 1808 1945 1868 Β
1975 1797 2376 1867 relinquerem?
2413 1795 2467 1850 Si
2499 1809 2779 1850 manzeres
2812 1795 2995 1866 (1058)
3042 1794 3333 1865 abjicerem
3373 1806 3557 1862 quem,

271 1893 488 1951 spectu,
539 1883 632 1952 qui
678 1883 840 1937 dixit:
877 1882 1056 1937 Nolite
1097 1886 1333 1938 resistere
1381 1885 1518 1938 malo
1563 1883 1778 1956 (Matth.
1813 1901 1870 1952 v,

272 1974 387 2046 59).
443 1975 516 2030 De
559 1974 762 2047 synodo
809 1992 836 2028 a
895 1977 1050 2029 nobis
1079 1977 1205 2045 quid
1247 1976 1508 2047 agendum
1558 1976 1871 2046 nuperrime

272 2079 396 2124 acta
413 2068 635 2142 (1057)?
656 2067 888 2140 (Nica'n.
914 2085 961 2124 c.
981 2070 1014 2124 5
1041 2088 1158 2124 can.
1187 2081 1355 2139 apost.
1380 2069 1494 2133 38.)
1518 2069 1681 2124 Scitis
1700 2070 1868 2137 enim,

274 2162 454 2227 scitis,
483 2177 570 2218 me
599 2177 812 2234 semper
842 2163 944 2218 hoc
967 2178 1128 2234 agere
1158 2163 1276 2218 idco
1307 2163 1606 2228 distulisse,
1638 2179 1760 2218 cum
1786 2163 1872 2218 his

274 2253 332 2311 in
361 2268 510 2311 anno
550 2253 691 2310 idem
734 2265 1067 2327 prteceplum
1110 2258 1182 2311 sit
1226 2255 1428 2322 facere,
1461 2256 1603 2327 quod
1634 2257 1869 2312 dicerem

274 2361 387 2412 me,
415 2346 558 2402 unde
586 2348 856 2419 synodare
885 2349 1164 2412 deberem,
1198 2350 1423 2404 omnino
1450 2350 1687 2405 nescire.
1721 2348 1873 2405 Solet

270 2437 422 2493 enim
452 2438 505 2492 in
534 2439 779 2509 synodis,
812 2439 858 2494 si
899 2439 1029 2510 quid
1071 2449 1259 2495 contra
1289 2456 1527 2496 canones
1552 2451 1731 2497 aetum
1763 2449 1870 2508 cst,

273 2528 581 2584 emendari.
629 2528 734 2585 Sed
764 2530 809 2585 si
843 2531 947 2586 hoc
986 2545 1149 2602 agere
1190 2532 1563 2596 tentavissem,
1618 2532 1871 2587 omnibus

273 2638 399 2696 qua:
426 2623 482 2680 in
510 2625 812 2681 canonibus
856 2633 985 2681 sunt
1024 2625 1225 2697 scripta
1275 2625 1567 2697 regyratis,
1612 2626 1680 2682 de
1725 2625 1872 2682 nullo

276 2735 468 2777 eorum
507 2736 606 2776 vos
633 2735 830 2777 curare
870 2719 1110 2776 viderem
1151 2720 1483 2776 omnimodo.
1529 2720 1571 2774 E
1603 2720 1799 2791 quibus
1825 2719 1871 2776 si

274 2814 366 2872 vel
385 2815 565 2886 aliqua
588 2815 881 2887 proferam,
900 2815 944 2869 si
969 2815 1235 2886 legeretur
1255 2815 1400 2885 quod
1422 2815 1672 2884 superius
1696 2813 1868 2884 tetigi,

277 2907 384 2967 hoc
411 2916 498 2964 est
543 2906 754 2976 (concil.
791 2907 917 2964 Nic.
951 2923 1000 2964 c.
1030 2906 1121 2979 5),
1169 2905 1638 2962 Subintroductam
1681 2905 1870 2961 habere

277 3017 558 3072 personam
585 3041 601 3066 ,
649 3001 751 3056 nisi
791 3016 1044 3066 sororem,
1071 2997 1238 3072 ω
1262 3008 1317 3053 et
1346 3009 1566 3064 cetera,
1599 3013 1719 3068 quae
1745 3006 1872 3053 sunt

280 3092 412 3149 inihi
455 3101 640 3148 notata
667 3108 682 3159 ;
713 3108 876 3164 quem
900 3101 1138 3147 vestrum
1167 3093 1235 3146 ab
1265 3089 1426 3160 hujus
1456 3089 1703 3160 neglecto
1733 3104 1871 3160 pne-

279 3185 421 3256 cepti
449 3185 745 3258 potuissem
772 3184 1067 3256 excipere?
1097 3184 1328 3239 Rursum
1365 3182 1411 3238 si
1451 3181 1648 3238 lectum
1681 3180 1870 3252 imple—
1897 3187 1946 3253 (ἶ

279 3289 433 3334 retur
477 3281 648 3350 (conc.
684 3275 850 3332 Neoc.
901 3292 950 3332 c.
982 3275 1056 3347 1).
1091 3273 1153 3330 Si
1192 3274 1308 3345 quis
1351 3273 1618 3344 presbyter
1663 3287 1877 3327 uxorem

276 3371 517 3439 duxerit,
549 3371 882 3442 deponatur;
913 3368 1086 3442 magis
1110 3375 1291 3424 autem
1319 3365 1444 3437 pelli
1476 3365 1635 3422 debet
1658 3363 1704 3420 si
1727 3362 1877 3420 adul-

280 3576 507 3640 ereptus
537 3576 593 3640 et
620 3567 1152 3640 reductusitraditur,
1180 3566 1294 3640 lui_t_
1318 3562 1537 3640 Juditha
1566 3560 1874 3640 Henrici‘l‘l,

280 3633 438 3697 duc-is
468 3639 765 3708 Bajoariae,
793 3649 848 3694 et
891 3638 1222 3694 Marchionis
1257 3635 1480 3692 Verona:
1510 3633 1874 3708 inateraVide

284 3705 576 3778 Qualitati's
604 3712 960 3779 conjecturam
980 3721 1091 3764 not.
1116 3709 1271 3765 1054.
1300 3708 1420 3762 Mox
1443 3705 1878 3779 conjectariscri-

278 3777 491 3853 psimus
513 3777 832 3836 auctoritate
847 3781 1046 3836 laudati
1071 3782 1296 3844 COdiCiS,
1315 3781 1402 3835 ubi
1430 3779 1482 3832 in
1507 3777 1738 3846 vulgatis
1758 3785 1881 3831 erat

281 3853 586 3924 conjectura
595 3853 659 3924 ri.

356 3919 729 3996 (—1054)’Sicut
762 3925 988 3996 antetiil
1015 3933 1094 3978 est
1128 3933 1369 3992 tempore
1395 3919 1609 3975 Milonis
1641 3921 1878 3996 comitis,

281 3993 491 4066 dequo
525 3993 648 4050 vide
688 4005 827 4066 part.
858 4013 874 4050 ι
904 3995 977 4048 De
1012 4007 1305 4060 contemptu
1349 4009 1609 4046 canonum
1637 4009 1785 4046 nunt.
1819 3993 1878 4058 1,

281 4067 374 4122 ubi
404 4065 531 4129 iam
569 4065 700 4121 inde
734 4067 803 4120 ab
844 4065 1082 4134 ejusdem
1118 4065 1332 4120 comitis
1364 4075 1608 4133 tempore
1636 4075 1761 4117 ante
1791 4079 1878 4119 se-

285 4138 524 4194 cundam
556 4153 710 4190 suam
744 4137 1115 4205 expulsionem
1150 4136 1282 4189 nihil
1326 4134 1426 4188 sibi
1478 4151 1505 4188 a
1552 4135 1762 4188 clericis
1792 4151 1880 4190 re-

280 4207 519 4264 bellibus
551 4208 801 4262 relictum
845 4209 1007 4262 tradit
1050 4219 1240 4276 prwter
1271 4207 1568 4276 chrismatis
1595 4207 1879 4276 confectio-

283 4296 401 4333 nem
430 4289 478 4333 et
507 4279 830 4332 chrismandi
860 4274 1108 4349 quidlibet
1138 4289 1461 4348 potestatem.
1500 4275 1648 4330 Hanc
1681 4274 1884 4349 formu-

283 4349 394 4404 lam
444 4350 642 4404 ibidem
691 4348 1080 4418 explicavimus
1140 4351 1189 4401 in
1240 4357 1352 4402 not.
1387 4349 1540 4412 Quod
1584 4357 1762 4400 autem
1799 4348 1884 4402 hic

285 4421 506 4476 additur
549 4436 667 4474 cum
715 4419 1225 4490 subscriptionibus,
1277 4435 1403 4471 num
1452 4418 1652 4471 indicat
1704 4420 1885 4488 aliqua

285 4494 612 4563 documenta
635 4507 700 4563 ex
721 4493 863 4563 gr.in
888 4489 1408 4563 consecrationibus,
1429 4490 1883 4563 ordinationibus,

1974 1903 2040 1943 ex
2073 1888 2277 1942 eisdem
2305 1887 2547 1958 puerulis
2570 1900 2718 1942 stare
2749 1887 2800 1940 in
2829 1887 2994 1940 choro
3023 1884 3433 1956 permitterem?
3457 1882 3565 1938 Eat-

1973 1983 2222 2050 speclavi,
2247 1981 2440 2050 inquit,
2468 1991 2521 2032 ut
2550 1980 2746 2049 faceres
2766 1979 3053 2048 judicium,
3074 1989 3120 2032 et
3148 1994 3264 2033 ecce
3288 1977 3565 2049 iniquitas,

1972 2083 2022 2126 et
2038 2073 2326 2144 justitiam,
2345 2083 2392 2127 et
2425 2089 2539 2126 ecce
2567 2071 2767 2124 clamor
2801 2070 2956 2140 (lsai.
2991 2087 3040 2134 v,
3066 2071 3142 2137 7).
3169 2070 3303 2138 Quis
3329 2069 3567 2125 clamor?

1971 2162 2214 2219 Pessima
2243 2163 2386 2218 fama
2412 2204 2425 2228 ,
2471 2162 2671 2216 malum
2713 2162 3042 2232 exemplum.
3079 2160 3331 2228 Clamor,
3365 2160 3566 2229 inquit,

1973 2256 2328 2314 Sodomorum
2373 2256 2507 2312 venit
2545 2256 2614 2310 ad
2657 2273 2738 2310 me
2779 2253 2930 2325 (Gen.
2971 2270 3104 2309 xvm
3129 2295 3143 2320 ,
3171 2255 3285 2326 28).
3318 2253 3569 2311 Breviter
3656 2269 3661 2278 '

1975 2348 2097 2422 [nts.
2123 2347 2385 2420 Frising.,
2406 2347 2770 2420 Pet-breviter]
2786 2347 3014 2402 dixerim
3032 2364 3044 2400 :
3062 2361 3223 2402 causa
3245 2345 3568 2416 perditionis

1973 2441 2140 2496 totius
2168 2441 2299 2496 mihi
2339 2439 2521 2511 populi
2565 2439 2874 2505 commissi,
2925 2446 3331 2494 commanentes
3374 2437 3561 2510 (1059)

1973 2539 2049 2595 illi
2080 2547 2207 2594 sunt
2232 2537 2440 2594 clerici.
2471 2537 2642 2605 Quem
2675 2535 2824 2591 enim
2867 2534 3133 2590 laicorum
3178 2535 3247 2589 de
3293 2531 3565 2590 adulterio

1973 2632 2261 2688 convenire
2289 2646 2452 2686 ausus
2479 2630 2699 2686 fuissem
2735 2629 2787 2684 in
2819 2627 3026 2700 synodo
3057 2625 3264 2698 (1040).
3289 2641 3449 2698 quem
3497 2627 3568 2703 de

1971 2724 2230 2798 perjurio,
2247 2739 2408 2793 quem
2431 2724 2497 2779 de
2519 2722 2711 2793 quovis
2733 2721 2961 2793 ﬂagitio,
2980 2720 3304 2778 clericorum
3333 2718 3569 2775 frustra-

1972 2829 2058 2874 tus
2082 2817 2327 2887 judicio?
2353 2816 2487 2884 Quis
2526 2816 2672 2870 enim
2715 2815 2806 2871 ille
2835 2824 3020 2881 esset,
3048 2816 3134 2872 cui
3167 2831 3275 2870 non
3308 2812 3570 2870 continuo

1975 2910 2091 2975 ille,
2123 2909 2224 2964 etsi
2265 2908 2422 2964 labiis
2468 2923 2574 2964 non
2621 2906 2870 2971 auderet,
2903 2909 3067 2964 corde
3097 2907 3341 2964 diceret:
3384 2904 3572 2976 Hypoo

1971 3006 2125 3068 crita,
2164 3003 2216 3058 id
2245 3011 2329 3059 est
2365 2999 2797 3072 pseudoclerice,
2835 3000 2966 3072 ejice
3008 3000 3236 3066 primum
3275 2997 3475 3052 trabem
3507 2995 3572 3053 ds

1972 3094 2122 3149 oculo
2153 3105 2260 3153 tuo.
2294 3103 2340 3148 et
2371 3103 2496 3147 tunc
2531 3092 2840 3163 prospicies,
2872 3100 2928 3146 ut
2970 3090 3164 3146 educas
3201 3089 3460 3160 festucam
3502 3087 3570 3143 de

1974 3186 2126 3243 oculo
2152 3203 2265 3241 meo
2299 3185 2517 3253 (Matth.
2550 3202 2646 3254 vn,
2677 3185 2755 3256 5).

2053 3279 2104 3334 6.
2150 3279 2221 3332 De
2264 3277 2463 3335 talibus
2502 3277 2667 3350 igitur
2706 3292 2830 3333 cum
2873 3275 3058 3349 (1011)
3100 3275 3244 3331 nulla
3274 3289 3440 3346 penes
3466 3289 3567 3330 nos

1977 3368 2140 3442 445
2178 3369 2398 3425 omnino
2425 3369 2497 3425 sit
2528 3367 2784 3438 quaestio;
2823 3367 2964 3424 unde
3005 3366 3245 3439 synodus
3282 3367 3369 3438 agi
3404 3364 3570 3422 debe-

1979 3574 2085 3632 966
2117 3569 2381 3644 symdnm
2410 3570 2623 3644 habuit.
2654 3584 2717 3644 ex
2750 3584 2854 3644 qua
2887 3560 3425 3644 Synodicanredidi-t‘.

2053 3634 2234 3715 (1038)
2266 3643 2553 3697 [latitet-ius
2588 3642 2640 3715 in
2669 3634 3007 3715 Coiil'chio'ite
3038 3634 3245 3715 n_um._5
3273 3635 3572 3715 expculea

1983 3705 2230 3772 ronomio
2259 3731 2307 3767 c.
2342 3730 2498 3778 xxnt,
2527 3727 2578 3763 v.
2611 3712 2666 3772 2,
2702 3709 2974 3764 illanzeres
2998 3752 3013 3775 ,
3057 3708 3268 3778 inquit,
3309 3705 3365 3760 id
3403 3713 3477 3760 est
3505 3717 3572 3760 ea:

1981 3798 2152 3843 scorto
2180 3796 2352 3849 natus,
2386 3801 2479 3837 seu
2512 3784 2748 3854 spurius.

2056 3857 2238 3925 (1059)
2290 3846 2688 3910 Commorientes
2707 3897 2721 3917 ,
2755 3851 2826 3906 illi
2867 3851 3074 3906 scilicet
3099 3848 3284 3906 clerici
3307 3889 3322 3916 ,
3347 3846 3438 3919 qui
3464 3857 3575 3902 una

1982 3947 2102 3987 cum
2131 3927 2325 3997 popqu
2355 3943 2449 3980 seu
2483 3927 2634 3980 laicis
2668 3933 2908 3997 manent.
3169 3992 3180 3997 _
3205 3991 3218 3997 _

2056 3990 2239 4069 (1040)
2285 3999 2562 4070 Synotltitn
2597 3998 2698 4049 hoc
2738 3995 2861 4070 loco
2903 4009 3096 4048 vocare
3132 3991 3348 4070 videtur
3377 3990 3566 4070 illam,

1984 4059 2106 4140 quae
2135 4072 2186 4126 in
2210 4059 2612 4125 visitationihus
2640 4066 2994 4140 ecclesiarum
3025 4065 3336 4140 cogebatur,
3376 4061 3465 4140 ubi
3506 4059 3575 4140 de

1984 4130 2139 4199 luit-is
2194 4141 2473 4209 inquisitio
2532 4139 2716 4193 (iebat.
2766 4137 2897 4192 Vide
2952 4145 3067 4190 not.
3094 4130 3174 4209 iin
3215 4134 3372 4200 epist.
3418 4130 3452 4185 5
3507 4130 3578 4209 ad

1983 4214 2248 4272 Joannem
2273 4202 2391 4268 'Xll.
2427 4211 2478 4264 in
2507 4227 2608 4279 qua
2650 4209 2836 4278 synodi
2874 4224 3066 4261 nomen
3103 4206 3206 4259 hoc
3239 4219 3400 4259 sensu
3433 4202 3575 4279 acci-

2025 4287 2150 4339 ilur.
2195 4283 2377 4354 Neque
2412 4271 2554 4354 eniti]
2603 4271 2931 4354 dcwsyn-ulo
2955 4279 3260 4354 dimrcsana
3289 4317 3325 4354 ,_
3359 4271 3576 4354 qualern

2026 4302 2150 4339 Illll‘.
2195 4302 2377 4354 LVPle
2412 4302 2554 4334 ιξιιιιιι
2603 4302 2667 4334 uc
2711 4302 2918 4349 Syll'ltlt)
2955 4302 3260 4333 ιιιωιίςδὶιιιὶι
3289 4317 3304 4341 ,
3359 4302 3576 4343 qlldtclu

1988 4302 2282 4410 iiatherius
2317 4354 2369 4407 in
2413 4351 2570 4418 hujus
2611 4350 2737 4404 anni
2783 4349 3205 4419 Quadragesinia
3247 4343 3577 4419 celebrarit,

1989 4437 2044 4482 et
2075 4428 2140 4480 de
2177 4443 2280 4496 qua
2312 4415 2495 4492 agitur
2529 4437 2755 4475 numero
2792 4415 3174 4496 sequenti_,_it_l
3221 4415 3443 4496 intelligi
3483 4429 3580 4496 p9-

1992 4506 2114 4554 lest.
2144 4485 2264 4550 etim
2288 4485 2485 4550 iubam
2516 4509 2619 4546 non
2648 4485 3015 4546 convoreutur
3043 4489 3188 4552 laici,
3213 4505 3317 4545 nec
3340 4485 3581 4542 tleilaicis

288 4563 520 4637 aliisque
547 4557 862 4637 chrismatis
891 4561 1076 4617 usibus
1104 4563 1321 4626 tradita,
1364 4560 1564 4630 quibus
1597 4561 1885 4631 episcopus
1914 4567 1964 4627 Ι)
1993 4568 2274 4637 inquisitio
2300 4567 2412 4629 ﬁat,
2455 4573 2514 4637 ιιι
2539 4563 2593 4616 in
2627 4562 2850 4637 Sy‘ll‘odi‘s
2889 4561 3256 4637 visitationuin
3285 4557 3577 4637 occasione

285 4634 690 4689 subscriberet?
1178 4680 1182 4683 .

362 4704 546 4775 (1055)
575 4703 890 4776 A-ljerimus
919 4719 1037 4758 cum
1080 4719 1148 4776 ex
1197 4718 1341 4776 saepe
1387 4701 1602 4776 laudato
1650 4701 1880 4776 codice;

289 4773 919 4846 ejusdemquesubsidio
965 4791 1090 4829 mox
1134 4773 1746 4840 inibi’emendavimus,
1795 4773 1886 4828 ubi

289 4845 412 4902 erat
439 4847 589 4913 mihi,
629 4857 683 4900 et
709 4849 813 4900 sim
841 4845 930 4899 ubi
953 4855 1073 4900 erat
1102 4861 1238 4899 sum.

364 4917 549 4987 (1056)
578 4917 906 4987 Beneﬁcium
936 4917 1164 4970 militare
1207 4915 1494 4971 dicebatur
1531 4915 1729 4970 fundus
1755 4930 1884 4987 usu-

293 4986 594 5060 iructuario
617 4986 742 5060 jure
775 5003 1086 5048 concessus,
1121 5001 1281 5057 quem
1311 4987 1404 5057 qui
1437 4987 1756 5060 recipiebat,
1789 4986 1889 5060 mi-

293 5059 474 5126 litare,
503 5069 596 5114 aut
619 5056 859 5123 milites,
890 5074 1012 5113 cum
1041 5056 1176 5128 opus
1201 5056 1382 5121 esset,
1411 5056 1762 5128 suppeditare
1787 5056 1884 5128 de-

294 5129 476 5186 bebat.
507 5131 805 5186 Rathcrius
837 5130 1040 5196 aliquot
1065 5126 1267 5190 fundis.
1289 5129 1380 5196 qui
1409 5126 1887 5196 episcopalisjuris

1993 4626 2199 4695 coactis
2229 4626 2446 4691 accidit.
2486 4626 2772 4703 Inquisitio
2797 4632 2865 4686 de
2892 4632 3105 4687 clericis
3134 4631 3294 4685 [iebat
3336 4630 3387 4703 i_n
3426 4626 3577 4703 capi-

1994 4710 2124 4766 tulis
2151 4708 2541 4778 visitatiouum,
2566 4696 2638 4759 de
2665 4703 2936 4778 quibusin
2959 4703 3145 4756 eadem
3185 4699 3464 4778 notatioiie
3494 4696 3578 4778 di:

1994 4783 2206 4844 ximus,
2235 4794 2441 4834 necnon
2487 4766 2541 4830 in
2581 4766 2790 4844 synodo
2824 4775 3127 4828 diu'cesana
3150 4811 3179 4844 ,ί
3204 4771 3257 4824 in
3288 4785 3450 4844 quam
3478 4766 3581 4844 soli

1994 4837 2568 4908 clerici'conveuinnt.
2597 4837 2658 4900 tit
2681 4861 2909 4898 numero
2941 4843 3182 4914 sequenti
3215 4837 3444 4914 patebit.
3476 4837 3579 4894 So-

1997 4923 2104 4977 lum
2152 4922 2206 4977 in
2251 4919 2515 4990 ejusmodi
2559 4916 2780 4988 syuotlis
2817 4913 3232 4990 constitutiones
3259 4913 3585 4990 quandoqiie

1997 4995 2249 5049 feruntur
2278 4985 2375 5062 pro
2416 4985 2680 5062 laicoriim
2720 4985 3024 5062 regimine,
3058 4991 3129 5062 Aut
3169 4998 3240 5062 ne
3276 4991 3456 5038 tamen
3495 4985 3585 5044 hi,

1990 5065 2093 5122 etsi
2126 5057 2354 5134 alicujus
2379 5058 2628 5117 criminis
2658 5058 2758 5120 rei,
2781 5057 2988 5134 ibidem
3016 5057 3437 5134 cauveniantur.

2064 5121 2415 5196 (Win-llam
2441 5147 2506 5188 ex
2546 5129 2899 5196 sequentibus
2945 5126 3023 5180 sic
3052 5121 3316 5196 explicari
3359 5129 3592 5196 queunt.
