4044 5348
507 221 611 280 587

1493 223 1821 282 liA’l‘IIERIl
1858 220 2071 281 EPISC.
2112 216 2366 279 VERON.
2403 216 2554 276 OPP.
2583 212 2766 274 PARS
2801 212 2847 272 I.

3659 210 3768 272 588

497 350 605 405 ret,
640 340 803 405 unde.
827 339 971 397 unde
995 356 1152 412 rogo,
1183 341 1509 397 concilium?
1540 344 1795 399 Recolitis
1821 357 2075 414 namque,
2105 340 2152 400 Α
2181 333 2462 391 stolorum.
2508 332 2621 387 Hac
2655 330 2941 388 occasione
2984 326 3294 402 synodicam
3323 326 3566 385 scribere
3590 328 3773 385 omni-

493 446 792 503 cognosco,
826 448 911 487 me
948 432 1271 503 priccepisse
1296 430 1502 504 (1042),
1530 441 1589 487 ιιι
1633 433 1840 489 duobus
1886 432 2074 488 diebus

497 522 941 594 archipresbyter
969 530 1024 577 et
1073 522 1517 589 archidiaconus,
1563 539 1649 579 me
1683 524 1905 579 absente
1928 564 1943 589 ,
1976 524 2073 578 ad-

488 623 773 670 ventanles
807 631 930 671 cum
970 614 1259 670 ordinariis
1295 615 1549 672 omnibus
1592 615 1795 684 pariter
1832 615 2073 672 residen-

490 705 637 760 tibus
663 705 1011 769 discuterent,
1046 705 1131 761 die
1161 705 1317 760 tertia
1352 706 1690 761 emendanda
1724 706 1854 762 mihi
1892 707 2073 762 omnia

488 797 804 853 recitarem.
839 797 1062 852 Factum
1110 806 1213 854 est.
1260 798 1525 856 Residens
1570 800 1899 872 interrogavi
1944 801 2074 872 quid

489 897 670 943 actum
703 887 910 943 fuisset.
944 888 1236 957 Respondit
1265 886 1420 957 cujus
1451 890 1734 958 inlererat,
1765 906 1861 946 vos
1898 890 2075 960 inqui-

485 981 623 1037 sisse
652 982 671 1052 (
686 982 836 1045 1045)
864 985 931 1038 de
973 983 1216 1052 psalmis;
1243 992 1300 1037 et
1328 984 1656 1054 bujusmodi,
1687 994 1761 1053 et,
1801 985 1909 1040 Deo
1949 1000 2073 1056 gra-

485 1074 610 1137 tias,
643 1088 746 1128 non
776 1074 974 1128 malum
1003 1076 1139 1130 adeo
1168 1075 1455 1132 invenisse.
1489 1075 1627 1145 Quid
1660 1078 1913 1133 haberem
1943 1092 2071 1149 ergo

485 1165 553 1221 de
580 1174 658 1222 tot
686 1170 916 1227 sanctis.
947 1167 1048 1221 nisi
1077 1167 1185 1223 Deo
1212 1168 1417 1237 gratias
1446 1169 1663 1224 dicere?
1687 1168 1933 1225 Psalmos
1962 1185 2069 1225 non

480 1260 623 1315 male
650 1259 786 1315 adeo
813 1261 1037 1327 scirent,
1069 1259 1337 1316 immunes
1367 1276 1398 1315 a
1425 1262 1639 1316 caeteris
1667 1261 1841 1332 culpis
1873 1263 2072 1318 existe-

482 1359 641 1418 rent;
675 1350 835 1413 unde,
868 1365 1073 1419 quasso,
1105 1351 1341 1423 synodus
1367 1352 1451 1422 agi
1485 1350 1742 1407 deberet?
1783 1353 2069 1424 Deceptio-

482 1457 607 1498 nem
634 1442 800 1514 igitur
825 1444 1126 1497 animarum
1154 1443 1256 1497 hoc
1278 1458 1399 1499 esse
1423 1443 1728 1514 intelligens
1753 1447 2067 1517 maximam,

479 1548 646 1587 unum
677 1534 730 1588 in
758 1534 923 1589 corde
950 1533 1083 1594 dixi.
1113 1532 1257 1588 aliud
1287 1534 1443 1589 labiis
1472 1535 1688 1604 protuli.
1720 1536 1894 1591 Corde
1922 1537 2065 1592 enim

476 1625 612 1683 mihi
638 1626 737 1695 ipsi
764 1641 882 1679 sum
914 1625 989 1678 ita
1016 1634 1343 1695 conquestus
1374 1643 1384 1679 :
1416 1624 1548 1693 Quis
1574 1635 1626 1681 tu
1651 1626 1760 1691 hic,
1793 1636 1887 1683 aut
1912 1629 2066 1698 quasi

2176 423 2275 479 bus
2315 421 2641 494 presbyteris
2683 436 2801 483 sum
2849 417 3174 488 compulsus,
3210 418 3265 472 in
3308 432 3412 486 qua
3451 421 3773 473 continetur

2174 516 2427 587 primitus
2454 516 2525 571 ita
2559 529 2798 569 suasum.
2838 532 2857 565 ι
2892 512 3080 567 Moneo
3109 512 3272 582 igitur
3298 512 3680 582 paternaliter,
3708 519 3771 568 et

2173 608 2429 679 praecipio
2470 607 2835 679 pastoraliter,
2875 615 2937 661 ut
2976 606 3204 662 dicentis
3251 605 3490 676 Apostoli
3538 605 3769 662 remini-

2128 740 2135 747 ς
2175 709 2406 765 scentes,
2448 699 2572 770 quia
2616 699 2728 753 sine
2775 698 2881 768 ﬁde
2929 697 3248 770 impossibile
3291 705 3367 753 est
3407 697 3616 770 placere
3655 697 3771 755 Deo

2175 792 2362 866 (Hebr.
2388 809 2466 859 χι,
2488 791 2568 864 6),
2598 793 2701 847 hoc
2721 802 2805 847 est
2831 791 2949 847 sine
2972 790 3312 856 credulitate,
3340 806 3461 860 quae
3489 791 3647 847 nobis
3670 806 3772 863 per

2174 884 2477 955 apostolos,
2531 898 2829 951 eorumque
2881 896 3224 937 successores
3275 890 3360 936 est
3407 881 3642 948 tradita;
3693 891 3770 949 et,

2173 978 2299 1049 quia
2312 978 2491 1049 justus
2512 994 2576 1033 ea:
2600 977 2726 1046 ﬁde,
2753 976 2806 1032 id
2834 984 2918 1031 est
2942 975 3264 1032 credulitate
3292 991 3415 1040 sua,
3437 977 3559 1031 vivit
3584 973 3770 1049 (Rom.

2172 1086 2213 1137 ι,
2242 1069 2364 1140 I7);
2412 1080 2487 1136 et,
2522 1070 2789 1141 Quidquid
2831 1071 2942 1125 sine
2975 1069 3103 1140 ﬁde,
3135 1069 3237 1124 hoc
3273 1077 3358 1125 est
3391 1068 3511 1124 sine
3539 1067 3773 1126 creduli-

2172 1170 2281 1217 tate
2308 1162 2401 1215 Dei
2433 1172 2532 1229 est,
2558 1171 2830 1232 peccatum
2858 1171 2933 1215 est
2966 1159 3109 1231 (Jac.
3138 1176 3197 1224 tt,
3230 1158 3356 1233 I7);
3390 1159 3523 1229 ﬁdes
3560 1170 3767 1225 autem,

2170 1254 2225 1312 id
2255 1265 2339 1312 est
2377 1255 2670 1314 credulitas
2701 1253 2818 1320 Dei,
2847 1254 2894 1308 si
2923 1271 3029 1308 non
3058 1252 3210 1308 habet
3241 1268 3397 1323 opera
3426 1251 3597 1319 bona,
3626 1266 3770 1306 mor-

2171 1356 2263 1403 tua
2288 1359 2363 1403 est
2392 1351 2447 1404 in
2476 1348 2751 1418 semetipsa
2783 1359 2801 1398 :
2832 1345 3005 1416 ipsam
3036 1343 3223 1411 ﬁdem,
3252 1344 3304 1399 id
3347 1351 3432 1399 est
3474 1341 3769 1399 credulita-

2170 1448 2278 1497 tem
2308 1441 2401 1497 Dei
2437 1441 2645 1496 trifarie
2678 1437 2867 1511 (1044)
2897 1452 3092 1509 parare
3122 1438 3438 1492 memoriter
3474 1435 3765 1500 festinetis,

2170 1536 2275 1591 hoc
2302 1545 2384 1592 est
2416 1535 2665 1607 [subaudi
2698 1531 2870 1606 illam]
2913 1532 3205 1589 secundum
3240 1529 3569 1604 symbolum,
3600 1530 3657 1585 id
3683 1538 3770 1585 est

2171 1628 2513 1684 collationem
2542 1625 2934 1697 apostolorum,
2962 1625 3104 1680 sicut
3126 1624 3180 1678 in
3205 1622 3478 1694 psalteriis
3500 1621 3767 1679 correctis

477 1720 601 1789 quis
638 1720 762 1774 hic?
792 1719 974 1773 Labiis
1017 1734 1147 1773 vero
1194 1719 1266 1773 ita
1308 1719 1507 1774 dicenti
1559 1721 1807 1790 respondi
1843 1739 1856 1776 :
1892 1721 1948 1776 Si
1998 1722 2064 1776 de
2095 1711 2140 1770 B
2168 1722 2462 1787 invenitur,
2494 1732 2550 1777 et
2578 1721 2722 1776 illam
2754 1734 2873 1791 qua:
2903 1718 2967 1773 ad
3000 1718 3222 1774 missam
3250 1718 3489 1781 canitur,
3518 1724 3576 1772 et
3616 1714 3764 1770 illam

473 1813 720 1884 psalmis,
753 1822 809 1867 et
851 1828 955 1866 non
988 1813 1056 1868 de
1085 1812 1190 1867 alio
1226 1812 1277 1865 in
1327 1812 1430 1867 isto
1473 1812 1703 1868 concilio
1746 1814 1905 1868 debet
1946 1829 2067 1869 esse

478 1906 833 1976 conquiestio,
866 1921 950 1960 me
988 1906 1222 1976 primum
1266 1905 1335 1958 ad
1380 1921 1608 1961 examen
1652 1906 1932 1975 producitc
1967 1906 2063 1978 [αι.

472 1994 810 2068 perducite];
843 1995 1086 2049 convinci
1139 2010 1261 2048 nam
1306 2010 1545 2064 possum,
1581 2010 1667 2049 me
1705 1995 1823 2050 illos
1863 2011 1967 2049 non
2007 2004 2067 2050 ut

472 2095 807 2157 competeret
850 2086 1007 2140 scire.
1046 2083 1199 2140 Unde
1230 2084 1393 2156 igitur
1421 2086 1657 2156 synodus
1685 2094 1958 2157 ageretur,
1990 2086 2064 2141 nil

474 2177 707 2246 amplius
737 2177 875 2246 quod
909 2178 1294 2231 emendaretur
1322 2177 1573 2231 invento?
1605 2177 1927 2233 Sciscitatus
1959 2180 2062 2232 ita-

474 2281 581 2337 que
615 2267 681 2322 de
722 2267 823 2323 ﬁde
867 2267 1101 2331 illorum,
1133 2266 1313 2322 inveni
1360 2267 1622 2337 plurimos
1666 2284 1840 2338 neque
1888 2269 2062 2340 ipsum
2126 2304 2131 2309 ο

471 2374 666 2430 sapere
697 2358 1025 2429 symbolum,
1056 2358 1201 2429 quod
1244 2357 1412 2414 fuisse
1445 2358 1611 2433 446
1644 2362 1886 2416 creditur
1929 2376 2061 2431 apo-

538 2558 726 2684 9042)
765 2558 892 2614 Haec
931 2558 1241 2611 referuntur
1285 2557 1352 2611 ad
1399 2556 1661 2628 synodum
1699 2557 2062 2613 dimeesanam

582 2631 708 2683 itam
763 2630 816 2683 in
875 2628 1197 2684 ormccdcnti
1259 2627 1681 2684 Ouadragcsima
1747 2628 1875 2681 anni
1933 2628 2059 2682 966.

472 2627 715 2688 habitam
763 2630 816 2683 in
874 2628 1197 2699 prmccdcnti
1259 2627 1713 2699 Quadragcsima‘
1747 2628 1875 2681 anni
1922 2628 2059 2699 966.

472 2696 1006 2754 Animadversionem
1056 2707 1297 2770 meretur
1333 2696 1628 2770 ritus,quo
1670 2696 1932 2770 ejusmodi
1970 2715 2063 2770 sy-

468 2771 644 2826 nodus
680 2770 1079 2824 celebrabatur.
1128 2769 1334 2822 Similis
1367 2769 1528 2823 etiam
1568 2769 1702 2823 ritus
1741 2769 2064 2824 servabatur

469 2841 525 2895 in
566 2841 809 2912 synodis,
841 2856 961 2912 qtae
1007 2840 1292 2895 occasione
1330 2840 1412 2893 vis
1438 2840 1699 2912 talionum
1743 2840 1794 2894 in
1837 2840 2061 2912 singulis

508 2909 749 2967 arochiis
780 2909 1048 2964 ruralibus
1073 2912 1422 2980 cogebantur.
1460 2909 1534 2964 De
1563 2911 1644 2963 his
1682 2912 1826 2964 enim
1855 2909 1943 2965 sic"
1966 2913 2062 2965 ha-

508 2928 749 2967 arocnus
780 2928 1048 2964 l‘urattmts
1073 2928 1422 2980 cogebantur.
1461 2928 1534 2964 uc
1564 2928 1644 2963 ms
1682 2928 1826 2964 emm
1855 2928 1934 2965 suc
1966 2928 2058 2965 na-

468 2928 565 3037 iiet
592 2997 764 3036 canon
797 2981 1008 3035 concilii
1044 2980 1493 3051 Rothomagensis
1530 2998 1557 3033 a
1592 2980 1869 3051 llegiuone
1904 2982 2058 3051 nobis

468 3062 824 3135 conservatus
872 3052 963 3105 lib.
990 3067 1048 3137 “tt
1105 3050 1178 3133 De
1221 3050 1425 3132 eccles.‘
1470 3050 1788 3137 Discipl.“c.
1828 3054 1850 3105 l
1884 3050 2058 3137 :Cuni
2085 3074 2131 3137 ρ

467 3126 738 3194 episcopus
780 3140 929 3177 suam
967 3123 1224 3176 diazcesim
1261 3121 1479 3194 circuit,
1522 3122 1943 3186 archidiaconus,
1980 3122 2058 3178 vel

466 3192 880 3263 archipresbyter
914 3208 1031 3246 eum
1057 3194 1244 3263 praeire
1268 3192 1413 3245 debet
1454 3209 1558 3246 uno
1603 3202 1692 3245 aut
1723 3194 1927 3247 duobus
1950 3194 2060 3248 die-

468 3264 561 3318 bus
588 3280 678 3331 per
706 3264 1002 3333 parochias,
1043 3280 1172 3328 quas
1204 3264 1506 3316 visitaturus
1534 3273 1642 3328 est;
1679 3274 1725 3318 et
1762 3264 1902 3331 plebe
1935 3282 2061 3319 con-

466 3345 647 3388 vocata
674 3336 985 3387 annuntiare
1010 3334 1152 3386 debet
1186 3334 1381 3403 praprii
1417 3333 1641 3402 pastoris
1671 3335 1972 3398 adventant,
2008 3343 2056 3388 et

467 3416 521 3459 ut
550 3420 725 3459 omnes
752 3407 819 3457 ad
849 3404 963 3474 ejus
990 3407 1251 3474 synodum
1282 3404 1364 3456 die
1397 3406 1731 3458 denominata
1767 3407 2057 3473 imprimer-

466 3476 622 3529 misse
652 3484 927 3546 occurrunt
955 3514 968 3527 .
1002 3513 1016 3527 .
1051 3513 1064 3527 .
1094 3515 1108 3529 .
1146 3474 1583 3546 Deindeadscitis
1606 3492 1777 3528 secum
1800 3478 2057 3546 presbyte-

466 3548 561 3609 ris,
591 3547 680 3617 qui
710 3546 801 3617 illo
830 3546 883 3598 in
907 3544 1017 3599 loco
1038 3546 1301 3617 servitium
1323 3544 1505 3617 debent
1529 3545 1766 3600 exhibere
1791 3544 2051 3616 episcopo,

462 3613 718 3688 quidquid
755 3616 818 3669 de
855 3616 1142 3688 minoribus
1178 3626 1224 3668 et
1255 3613 1532 3688 levioribus
1578 3617 1750 3669 causis
1797 3613 2054 3685 corrigere

464 3686 650 3757 potest,
681 3686 955 3757 enteudare
983 3696 1208 3757 satagat,
1243 3695 1297 3737 ut
1337 3686 1571 3757 pontifea:
1608 3687 1815 3757 veniens
1860 3702 2053 3757 nequa-

465 3754 624 3829 quam
652 3758 703 3810 in
733 3755 1065 3829 facilioribus
1086 3754 1299 3826 negotiis
1331 3754 1599 3829 fatigetur,
1626 3767 1730 3812 etc.
1759 3755 1871 3811 Non
1889 3754 2050 3829 absi-

468 3825 693 3888 iniliter,
720 3841 839 3881 cum
864 3826 1100 3893 cogenda
1126 3825 1245 3880 erat
1271 3825 1508 3895 synodus
1527 3826 1858 3893 dioecesana,
1889 3825 2050 3883 biduo

472 3906 600 3950 ante
630 3897 1072 3967 archipresbyter
1095 3906 1150 3967 et
1180 3896 1594 3967 archidiaconus
1623 3914 1726 3950 una
1754 3914 1874 3950 cum
1903 3899 2052 3952 ordi-

468 3966 660 4028 nariis,
688 3966 739 4019 id
771 3974 852 4019 est
888 3965 1161 4020 canonicis
1189 3965 1432 4035 ecclesia}
1467 3968 1814 4035 calhedralis,
1847 3969 2052 4035 pariter

467 4037 833 4108 residentibus
871 4051 985 4108 eos,
1019 4037 1111 4105 qui
1140 4034 1585 4108 extilulisuriis
1615 4052 1678 4108 ac
1704 4052 1771 4091 ex
1802 4034 2049 4108 plebibus

468 4106 746 4177 ruralibus
773 4107 950 4177 vocati
977 4114 1132 4161 eram
1160 4106 1225 4160 ad
1255 4105 1541 4177 synodum,
1573 4105 1842 4162 discutere
1887 4108 2049 4164 debe-

467 4176 622 4242 bant,
650 4187 711 4231 ut
740 4176 782 4230 si
804 4192 934 4249 quae
973 4186 1157 4232 essent
1194 4176 1527 4249 emendanda
1557 4177 1842 4245 diligenter
1872 4178 2048 4249 inqui-

467 4256 673 4319 rercnt,
703 4256 757 4302 et
784 4248 871 4302 die
900 4248 1081 4319 tertia,
1111 4261 1217 4316 qua
1242 4248 1537 4319 episcopus
1561 4251 1766 4319 synodo
1794 4248 2043 4317 praeerat,

466 4318 569 4390 ipsi
600 4318 915 4390 corrigenda
948 4315 1233 4390 referrent.
1260 4315 1541 4390 NOrdiuarii
1569 4315 1746 4374 autem
1787 4315 1859 4374 ita
1900 4315 2046 4376 dice-

465 4386 667 4444 bantur
709 4386 952 4444 canonici
997 4388 1325 4444 cathedralis
1354 4386 1700 4454 Veronensis,
1736 4391 1814 4445 uti
1852 4391 2042 4447 eadem

468 4459 828 4532 appellatione
865 4461 1314 4532 nuncupabantur
1350 4460 1597 4532 canonici
1635 4460 2043 4532 Argentinensis

469 4528 819 4593 cathedralis,
854 4542 908 4586 ct
938 4528 1361 4602 Mediolauenses
1405 4529 1505 4602 hoc
1540 4528 1756 4601 quoque
1798 4541 2042 4602 tempore

466 4602 726 4672 ordinarii
770 4610 1044 4672 vocantur.
1080 4600 1165 4672 _De
1198 4600 1702 4672 Argentiueusibus,
1731 4617 1824 4657 seu
1864 4600 2043 4658 Siras-

466 4670 829 4744 burgensibus
864 4671 1022 4744 fidem
1070 4669 1196 4725 facit
1241 4669 1930 4744 [leginouis_continuator
1972 4673 2041 4727 ad

466 4741 667 4812 annum
698 4741 825 4808 925,
854 4743 941 4796 ubi
985 4741 1251 4796 Benonem
1283 4741 1500 4810 Vitgero
1529 4741 1751 4799 Metensi
1788 4745 2042 4812 episcopo

466 4811 748 4867 sttIIectum
783 4815 945 4869 tradit
973 4829 1037 4867 ea:
1068 4812 1349 4866 ordinariis
1379 4812 1892 4882 Strasburgensibus.
1928 4811 2039 4868 Me-

466 4882 809 4955 diolanenses
847 4900 1009 4955 porro
1047 4883 1212 4941 etiam
1253 4883 1488 4950 antiquis
1526 4885 1860 4955 temporibus
1898 4884 2044 4955 ordia

466 4954 645 4994 nnrine
679 4952 981 4994 nnmiriulnc
1023 4956 1246 4994 nrnlmnl
1290 4955 1506 4994 EIII'It’IIn
1548 4952 1866 4994 dittirlmpnha
1901 4954 2039 4994 amid

2070 4427 2121 4488 D

2167 1814 2225 1871 S.
2254 1813 2558 1879 Athanasii,
2589 1829 2708 1884 quae
2737 1812 2809 1867 ita
2841 1809 3031 1880 incipit
3060 1826 3074 1863 :
3111 1808 3419 1881 Quicunque
3444 1806 3556 1862 vult
3584 1807 3766 1862 salvus

2165 1924 2293 1963 esse.
2321 1907 2643 1976 Quicunque
2681 1904 2796 1959 vult
2834 1919 2963 1974 ergo
2998 1902 3255 1958 sacerdos
3296 1901 3348 1957 in
3382 1911 3574 1956 nostra
3604 1912 3765 1972 paro-

2164 2002 2287 2059 chia
2317 2016 2458 2065 esse,
2489 2009 2582 2055 aut
2610 2000 2749 2065 ﬁeri,
2777 2006 2869 2052 aut
2896 2009 3236 2068 permanere,
3266 1994 3383 2051 illas
3413 2001 3523 2050 tres
3553 2006 3763 2048 memo-

2165 2092 2301 2147 riter
2340 2091 2495 2145 nobis
2531 2089 2742 2156 recitet,
2777 2103 2899 2142 cum
2931 2085 3177 2155 proxime
3201 2101 3229 2138 a
3258 2082 3414 2139 nobis
3449 2084 3557 2139 huc
3598 2097 3763 2137 voca-

2164 2184 2465 2331 tus'i'f
2494 2204 2692 2347 ’(lOlS)
2735 2290 2857 2328 cum
2904 2234 2963 2329 et
3015 2271 3283 2327 mediante
3330 2268 3759 2341 Quadrageslma

2163 2367 2271 2425 illis
2300 2367 2613 2424 scribendas
2667 2373 2830 2435 atque
2873 2363 3147 2420 memoriae
3193 2361 3533 2419 mandandus
3571 2361 3755 2417 dedis-

2165 2578 2318 2618 num.
2342 2562 2378 2616 2
2409 2562 2527 2642 ait":
2559 2559 2853 2642 Quemdfmt
2887 2559 3167 2642 diaconum
3201 2597 3217 2615 .
3249 2599 3264 2615 .
3298 2597 3314 2615 .
3349 2598 3364 2614 .
3397 2567 3585 2642 contra
3613 2576 3756 2642 spem

2161 2650 2364 2706 quoque
2392 2632 2719 2706 ordinarium
2753 2631 2873 2702 feci,
2901 2631 3170 2706 innuit__se
3202 2646 3321 2684 eum
3356 2630 3424 2684 ad
3455 2630 3752 2706 canonica-

2164 2701 2633 2784 tunica-thetlralis
2671 2701 3028 2784 prumovisse.
3074 2701 3183 2756 Hos
3217 2710 3397 2784 autem
3434 2702 3753 2784 canonicos,

2162 2790 2300 2844 quos
2332 2775 2417 2828 hic
2445 2771 2741 2844 ordinarios
2780 2780 2956 2837 vocat,
2989 2787 3113 2844 mox
3140 2771 3435 2844 cardinales
3463 2772 3749 2844 nominat;

2163 2841 2394 2915 utroque
2424 2845 2567 2915 enin]
2601 2843 2754 2915 titulo
2791 2843 2974 2915 donati
3019 2841 3271 2915 leguntur
3301 2842 3465 2915 etiam
3485 2841 3751 2915 _canonici

2163 2911 2487 2972 cathedralis
2512 2912 2930 2968 Mediolanensis
2958 2914 3095 2980 apud
3127 2911 3451 2967 Landulfum
3475 2911 3750 2980 iuniorem

2163 2987 2216 3041 in
2249 2986 2384 3041 Hist.
2411 2984 2625 3039 Mediol.
2653 2999 2702 3038 c.
2730 2984 2802 3038 22
2833 2993 2961 3038 tom.
2992 2981 3030 3037 ν
3055 2983 3255 3038 Rerum
3282 2981 3452 3055 Italic.
3476 2983 3749 3055 μεθείω,

2162 3059 2252 3111 ubi
2284 3059 2395 3111 hrcc
2424 3055 2698 3125 profertur
2726 3054 2966 3125 epistola:
3000 3069 3187 3125 eorum
3235 3053 3568 3125 inscriptioz'
3591 3053 3751 3125 Ordi-

2162 3130 2299 3182 narii
2331 3122 2625 3181 cardinales
2655 3122 2849 3179 sancta;
2885 3124 3292 3179 Mediolanensis
3332 3122 3604 3179 Ecclesite.
3648 3123 3751 3179 Be-

2160 3197 2345 3253 roldus
2368 3212 2579 3266 quoque
2603 3196 2655 3251 in
2678 3195 2865 3266 ordine
2887 3193 3139 3266 Ecclesia:
3163 3194 3583 3266 Mediolanensis
3603 3196 3748 3250 edito

2161 3278 2289 3323 tom.
2323 3266 2390 3323 IV
2436 3264 2620 3335 Antiq.
2654 3265 2821 3336 Italic.
2855 3264 3130 3336 Maratorii
3170 3281 3294 3334 pag.
3331 3265 3429 3320 861
3471 3275 3528 3318 et
3564 3280 3743 3336 θείη,

2155 3340 2373 3394 eosdem
2419 3334 2712 3392 canonicos
2759 3334 3184 3391 Mediolauenses
3233 3352 3378 3391 nunc
3422 3334 3743 3400 ordinarios,

2155 3426 2304 3488 nunc
2325 3406 2618 3488 cardinales
2644 3406 2896 3488 appellat.
2931 3404 3132 3488 Notaui
3154 3408 3361 3488 pariter
3382 3406 3743 3488 diguum_est,

2155 3480 2703 3549 archipresbyterutn,
2734 3478 2826 3547 qui
2858 3486 2983 3549 ante
3009 3476 3467 3549 _arcbidiaconuni
3500 3479 3736 3546 ponitur,

2155 3552 2258 3606 hoc
2306 3545 2547 3619 [empore
2591 3545 2822 3619 primam
2876 3545 3192 3619 dignitatem
3237 3546 3407 3602 fuisse
3453 3545 3515 3601 in
3557 3561 3744 3604 nostra

2154 3617 2446 3675 cathedrali
2493 3617 2752 3683 ecclesia;
2798 3632 2921 3672 cum
2966 3617 3118 3688 initio
3164 3618 3345 3672 saeculi
3386 3621 3745 3688 prmcedentis

2153 3690 2419 3746 Pacillcus
2454 3699 2508 3743 et
2549 3688 2701 3743 Audo
2733 3687 3099 3743 archidiaconi
3143 3688 3345 3754 primas
3381 3698 3653 3756 tenerent,
3685 3701 3746 3746 ut

2153 3762 2205 3815 in
2237 3762 2355 3816 aliis
2394 3759 2882 3831 quoque_ecclesiis
2913 3757 3033 3831 fere
3052 3757 3352 3831 obtinebat.
3384 3759 3524 3815 Ilinc
3562 3761 3620 3815 in
3655 3777 3742 3815 re-

2152 3832 2315 3887 citato
2365 3828 2571 3886 canone
2617 3828 3035 3898 Rolhomagcnsi
3092 3830 3512 3885 archidiaconus
3564 3832 3745 3887 archi-

2150 3901 2793 3973 presliyteropraeponitu
2803 3915 2846 3953 r.

2221 3970 2403 4042 “0755)
2454 3970 2554 4025 vos
2598 3971 2900 4041 inquisisse,
2944 3970 3150 4042 inquit;
3187 3970 3311 4041 quia
3348 3986 3461 4041 prae
3494 3971 3743 4028 multitu-

2150 4042 2275 4097 dine
2325 4042 2758 4114 convenientium
2811 4042 2877 4095 ad
2933 4041 3198 4114 synodum
3245 4051 3357 4096 tum
3390 4059 3458 4098 ex
3496 4043 3738 4111 civitate,

2150 4122 2261 4167 tum
2310 4129 2340 4167 c
2386 4112 2629 4173 dimccsi,
2657 4120 2715 4164 ut
2756 4112 2984 4166 examen
3023 4115 3184 4167 citius
3223 4116 3599 4183 expediretur,
3633 4130 3739 4170 non

2147 4197 2288 4238 unus
2325 4183 2780 4252 archipresbyter,
2814 4191 2907 4236 aut
2949 4184 3385 4250 archidiaconus,
3416 4186 3512 4240 sed
3547 4200 3741 4242 omnes

2146 4255 2308 4307 etiam
2341 4253 2604 4309 ordinarii
2640 4252 2949 4323 inquirendi
2991 4254 3226 4310 ollicium
3272 4256 3416 4311 inter
3444 4256 3739 4312 sedivise.

2147 4333 2289 4378 rant.

2218 4393 2518 4472 (Ioui-Ila
2552 4393 2721 4449 codex
2745 4393 3133 4472 Frising._cum
3164 4393 3398 4451 lectione
3418 4396 3615 4472 ipsius
3649 4415 3738 4472 sy-

2149 4463 2581 4541 nodicge.'_\_’ulg.,
2613 4463 2949 4541 pra-parare.
2980 4463 3186 4520 Parare
3207 4463 3513 4541 memoriter
3544 4486 3646 4541 pro
3671 4463 3736 4528 ὀο

2148 4536 2290 4607 quod
2318 4535 2497 4607 Italico
2516 4535 2754 4607 dicimus
2776 4536 3038 4607 imperare
3066 4553 3098 4589 a
3123 4539 3399 4594 memoria.

2219 4605 2619 4677 (IOiSqulg,
2651 4604 2804 4677 Istud
2834 4604 2953 4659 cum
2988 4616 3038 4660 et
3067 4608 3383 4661 mediantem
3424 4608 3647 4676 ρειαί-α

2147 4674 2334 4752 simam
2363 4674 2469 4752 illis
2494 4674 2767 4752 scribenda
2792 4686 2949 4752 atque
2973 4678 3240 4752 memoria:
3266 4674 3595 4752 mandanda.
3621 4674 3732 4752 (ipe

2147 4747 2350 4821 _codicis
2380 4744 2418 4799 F
2426 4748 2610 4821 rising.
2641 4744 2977 4821 correximus
3005 4746 3269 4821 mediante
3291 4744 3725 4821 Quadragesima,

2149 4818 2201 4872 id
2237 4827 2320 4872 est
2356 4817 2528 4871 media
2559 4817 3009 4888 Quadragesima,
3056 4818 3133 4888 uti
3177 4817 3459 4875 Dominica
3488 4817 3724 4876 mediana

2148 4889 2451 4969 vocabatur:
2473 4887 2748 4969 Doniinica
2781 4886 3484 4969 Quadragesitnauquarta,
3515 4907 3635 4961 quae
3671 4892 3722 4946 in

2149 4959 2379 4994 modicui-
2411 4956 2889 4994 Παιαιῖιιαηιιαῖηὶοηη
2923 4956 3188 4994 ἰηιαῖιὶμΙνιΙ
3241 4956 3476 4994 mnam...
3506 4956 3611 4994 ulla
3642 4977 3720 4994 οη..
