4044 5348
297 285 406 346 5‘89

1563 276 2041 342 ITINERARIUM.

3463 283 3568 342 590

297 417 443 467 sem,
477 397 640 474 M7
668 403 720 455 et
751 395 1122 454 inobedientes
1150 396 1423 453 exstitisse
1442 396 1728 464 vidissem;
1758 401 1885 456 dum
1915 403 1964 462 Α
1992 394 2260 452 suetudini
2302 391 2753 468 praedecessorum
2789 391 2956 469 m
2985 402 3288 453 vestrorum
3329 395 3439 451 Deo
3471 398 3573 468 ipsi

297 494 431 566 quid
470 492 595 548 inde
629 492 888 548 canonice
924 507 1085 562 agere
1128 506 1338 562 possem
1384 490 1734 561 inquirerem,
1773 507 1888 547 me-

299 596 388 642 tus
413 585 629 640 illorum
651 583 910 655 quosdam
937 592 1116 639 tantus
1144 584 1358 649 invasit,
1385 593 1442 638 ut
1465 585 1732 655 promisso
1758 584 1888 639 mihi

299 677 370 732 ad
418 675 526 732 iter
567 677 894 744 carpendum
944 675 1167 739 auxilio,
1205 674 1589 745 pollicerentur
1636 691 1694 730 se
1740 675 1891 730 dein-

299 787 430 842 ceps
475 769 891 839 descriptionem
940 769 1082 824 beati
1131 767 1414 823 Athanasii
1465 775 1800 833 cantaturos,
1837 776 1893 822 et

299 862 510 934 reliqua
541 861 672 917 inibi
714 859 792 934 [id
833 869 975 915 est...
1018 862 1071 916 in
1117 858 1397 934 synodica]
1435 861 1701 931 descripta
1733 858 1891 928 juxta

299 951 716 1023 possibilitatem
757 966 910 1007 suam
952 950 1207 1007 facturos.
1242 951 1321 1006 Ad
1361 953 1501 1023 quod
1549 968 1670 1007 cum
1713 952 1894 1006 titula-

299 1047 414 1102 rios
451 1061 641 1102 omnes
672 1045 881 1117 (1046),
907 1055 960 1102 et
1002 1046 1120 1102 illos
1147 1047 1213 1100 de
1238 1045 1483 1117 plebibus
1509 1055 1749 1117 paratos,
1782 1047 1892 1102 Deo

299 1138 528 1210 gratias,
553 1137 909 1203 invenissem;
943 1153 1038 1194 vos
1060 1138 1381 1205 cardinales,
1401 1139 1515 1209 qui,
1540 1147 1598 1192 ut
1618 1139 1891 1208 quondam

300 1229 508 1286 Scriba;
551 1237 606 1284 et
644 1229 904 1285 Pharismi
937 1229 1248 1301 populares,
1281 1229 1352 1284 ita
1392 1230 1523 1285 istos
1555 1229 1606 1283 in
1637 1230 1892 1300 perditio-

299 1335 425 1377 nem
463 1320 683 1376 mittitis
718 1335 930 1385 omnes,
962 1321 1037 1376 ita
1082 1321 1210 1377 hinc
1255 1336 1475 1375 manere
1517 1320 1692 1375 adhuc
1730 1336 1894 1377 cerno

299 1411 559 1478 rebelles,
584 1419 641 1465 ut
670 1412 885 1482 eligatis
914 1428 1036 1467 cum
1069 1413 1289 1468 inimico
1315 1412 1554 1481 ejusdem
1599 1411 1720 1467 ﬁdei
1765 1412 1895 1467 Ario

301 1501 355 1557 in
385 1511 647 1557 :eternum
696 1503 966 1568 damnari,
999 1519 1162 1574 quam
1209 1504 1311 1558 hoc
1339 1504 1550 1575 publice
1593 1503 1802 1576 (1017),
1835 1512 1895 1557 ιιι

301 1595 534 1650 aliarum
592 1596 949 1652 ecclesiarum
1005 1596 1228 1665 clerici,
1285 1597 1556 1653 cantando
1606 1596 1896 1652 salubriter

302 1704 470 1746 vmcr.

1995 489 2264 554 similiter,
2297 489 2388 560 qui
2431 489 2646 545 eosdem
2694 490 2992 545 inStituisse
3040 491 3279 545 noscitur
3316 507 3572 557 canones,

1995 582 2419 647 rebellium,vos
2459 590 2566 635 tam
2609 582 2881 637 obstinate
2928 583 3081 637 inniti
3128 582 3434 649 considero,
3463 599 3575 639 me-

1994 687 2115 727 cum
2153 687 2249 727 vos
2285 671 2345 745 [ι.
2373 687 2403 726 a
2432 670 2607 743 vobis]
2649 672 3138 728 indesinentissime
3172 683 3278 728 tam
3311 689 3409 744 pro
3447 674 3575 743 illis,

1994 777 2160 831 quam
2209 779 2307 832 pro
2345 763 2517 826 vobis,
2551 763 2660 818 Deo
2698 762 3038 818 clamandum
3081 765 3295 820 invenio
3329 783 3344 819 :
3383 763 3578 821 Pecca-

1993 853 2158 907 vimus
2185 870 2301 907 cum
2344 854 2577 924 patribus
2615 856 2830 920 nostris,
2861 856 3056 925 injuste
3099 858 3318 928 egimus,
3349 859 3579 929 inquito-

1993 955 2152 1000 tatem
2192 946 2408 1016 fecimus
2437 945 2666 1016 (Iudith.
2700 962 2798 1013 vn,
2830 947 2938 1016 19).
2987 948 3120 1003 Cum
3168 947 3315 1004 Josia
3364 964 3579 1020 quoque

1994 1051 2118 1108 rege
2158 1038 2501 1093 sanctissimo
2553 1038 2710 1093 nobis
2758 1037 3079 1093 alterutrum
3113 1037 3189 1111 [id
3225 1049 3300 1093 est
3339 1039 3578 1095 claman-

1993 1128 2119 1184 dum
2152 1129 2306 1184 nobis
2329 1128 2607 1202 utrinque]
2639 1148 2652 1183 :
2681 1129 2780 1198 Ite,
2811 1131 3066 1185 consulite
3091 1131 3258 1186 Deum
3290 1150 3444 1199 super
3475 1150 3576 1198 me,

1993 1229 2040 1274 et
2084 1238 2240 1291 super
2278 1221 2528 1291 populum
2578 1237 2785 1289 meum,
2829 1233 2876 1278 et
2927 1241 3083 1294 super
3130 1241 3336 1279 omnem
3379 1225 3581 1280 ludam

1996 1315 2176 1384 (quem
2201 1313 2364 1388 [idem
2393 1315 2590 1387 legitur
2617 1325 2754 1386 part.
2782 1332 2820 1371 tt
2847 1318 2912 1372 de
2939 1318 3258 1389 Contemptu
3288 1319 3578 1392 canonum]

1995 1406 2298 1477 intelligere
2336 1422 2624 1476 possumus
2657 1410 2998 1466 confessione
3040 1413 3132 1468 Dei
3179 1415 3444 1485 insignem
3491 1431 3583 1471 ca-

1997 1496 2253 1550 tholicam
2298 1497 2620 1570 Ecclesiam)
2666 1501 2730 1555 de
2770 1503 2934 1556 verbis
2975 1503 3294 1559 voluminum
3338 1507 3580 1573 istorum,

1997 1603 2264 1644 canonum
2313 1590 2521 1646 scilicet
2565 1601 2620 1648 et
2661 1597 3023 1663 decretorum,
3067 1614 3186 1668 qua:
3232 1599 3583 1655 continentur

1998 1680 2050 1735 in
2094 1682 2328 1738 archivis
2371 1684 2722 1742 ecclesiarum
2756 1706 2771 1742 :
2804 1687 3000 1759 Magna
3049 1692 3206 1755 enim,
3247 1692 3324 1744 ait
3353 1691 3465 1757 ille,
3499 1693 3584 1746 ira

371 1783 428 1837 8,
470 1781 589 1837 Tali
654 1797 890 1852 namque
943 1797 1032 1838 me
1090 1781 1516 1837 infelicissimum
1575 1783 1894 1839 necessitate
1921 1785 1970 1846 Β
1997 1772 2209 1829 Domini
2244 1793 2494 1832 succensa
2529 1790 2603 1833 est
2635 1791 2816 1834 contra
2847 1798 2972 1844 nos;
3011 1782 3134 1852 quia
3164 1800 3268 1836 non
3304 1785 3584 1839 audierunt

301 1881 550 1946 urgente,
588 1890 694 1929 non
726 1873 981 1929 haberem
1017 1873 1143 1928 illuc
1174 1889 1421 1944 pergere,
1453 1874 1542 1928 ubi
1577 1889 1792 1944 possem
1825 1889 1891 1929 ex

302 1964 406 2020 hoc
444 1964 727 2020 consilium
776 1964 994 2034 aliquod
1043 1963 1324 2018 invenire?
1371 1963 1415 2019 Ο
1457 1964 1890 2034 chronographia

302 2055 551 2113 Batherii
600 2056 834 2128 pessima
882 2054 1098 2127 (1048)!
1133 2070 1166 2109 ο
1204 2055 1408 2110 veritas
1448 2055 1622 2108 eidem
1666 2055 1888 2124 perosa!

305 2149 478 2217 Quam
503 2149 649 2206 enim
676 2149 968 2221 optabilius
999 2148 1212 2214 luisset,
1244 2157 1305 2202 ut
1335 2148 1481 2202 solus
1509 2147 1620 2218 ipse
1661 2147 1893 2201 mendax

302 2240 619 2308 existerent,
649 2257 812 2312 quam
845 2241 971 2295 talia
1008 2241 1076 2296 de
1105 2241 1260 2296 vobis
1289 2256 1425 2310 pene
1457 2241 1711 2295 omnibus
1738 2255 1894 2294 vera-

303 2333 446 2390 citer
477 2334 662 2390 dicere
707 2349 942 2405 possem.
973 2349 1075 2388 nec
1121 2333 1236 2404 ipse
1279 2333 1433 2388 valeo
1477 2333 1766 2392 mstimare,
1801 2330 1894 2402 qui

303 2423 433 2479 talia
466 2424 760 2495 compellor
791 2423 978 2480 infelix
1008 2422 1272 2496 proferre.
1311 2423 1666 2479 Clamandum
1706 2425 1893 2495 igitur,

304 2513 669 2580 clamandum,
696 2523 751 2570 et.
793 2514 912 2570 sine
946 2513 1346 2569 intermissione
1387 2514 1672 2569 dicendum
1710 2532 1724 2568 :
1759 2515 1900 2570 Con-

301 2616 444 2662 verte
467 2623 584 2672 nos,
615 2606 755 2662 Deus
787 2606 1035 2661 salutaris
1066 2617 1262 2670 noster,
1295 2615 1343 2659 et
1382 2616 1551 2660 averte
1584 2622 1718 2660 iram
1751 2618 1894 2660 tuam

305 2712 340 2751 α
370 2699 516 2753 nobis
544 2697 718 2770 (Psal.
745 2713 966 2763 Lxxxtv,
1001 2697 1075 2769 5).
1103 2697 1391 2770 Angustiat
1424 2714 1549 2753 nam
1594 2714 1768 2770 neque
1798 2699 1897 2754 im-

305 2790 502 2846 merito
543 2807 649 2846 non
683 2791 1054 2846 immemorem
1095 2790 1175 2846 sui
1218 2791 1508 2862 propensio
1550 2791 1775 2846 nimium
1813 2801 1898 2846 ta-

305 2883 375 2940 lis
417 2884 600 2956 (conc.
666 2881 824 2938 Sard.
871 2898 992 2938 can.
1028 2883 1142 2954 1):
1180 2882 1303 2937 Non
1352 2883 1525 2937 minus
1572 2884 1708 2938 enim
1756 2882 1896 2938 mala

305 2975 655 3040 consuetudo,
683 2993 844 3046 quam
867 2975 1157 3046 perniciosa
1189 2975 1484 3046 corruptela
1509 2976 1746 3046 funditus
1774 2991 1896 3031 era-

304 3069 535 3123 dicanda
565 3078 661 3133 est,
694 3066 825 3124 Osio
861 3067 1192 3139 rigidissimo
1223 3067 1313 3122 illo
1342 3067 1396 3122 in
1430 3065 1744 3122 Sardicensi
1784 3067 1897 3122 cla-

1996 1876 2169 1936 patres
2194 1870 2359 1922 nostri
2384 1870 2536 1923 verba
2561 1869 2814 1924 librorum
2840 1873 3080 1936 istorum,
3105 1883 3160 1927 ut
3183 1875 3408 1943 facerent
3433 1891 3585 1930 omne

1993 1959 2131 2029 quod
2156 1961 2405 2031 scriptum
2430 1972 2504 2016 est
2529 1963 2585 2016 in
2610 1964 2682 2016 eis
2705 1962 2810 2034 (IV
2835 1963 2963 2033 Ileg.
2993 1981 3127 2031 χχιι,
3155 1967 3261 2035 15).
3297 1965 3365 2021 Ut
3396 1965 3584 2020 Patres

1996 2052 2266 2121 intelligas
2305 2069 2411 2108 non
2447 2054 2623 2109 solum
2669 2056 3020 2111 ecclesiarum
3065 2060 3369 2127 pontiﬁces,
3403 2061 3494 2114 sed
3527 2067 3584 2114 et:

1996 2145 2207 2200 illarum
2257 2147 2520 2218 majores;
2561 2157 2830 2217 quatenus
2872 2151 2962 2205 ille
3004 2152 3196 2206 saltem
3239 2153 3458 2209 cuilibet
3486 2171 3583 2209 no-

1995 2247 2166 2292 strum
2217 2239 2543 2308 respondere
2590 2239 2944 2310 dignaretur:
2978 2241 3107 2297 IItcc
3155 2244 3279 2298 dicit
3322 2244 3580 2300 Dominus

1995 2326 2140 2382 Deus
2184 2327 2396 2383 Israel:
2423 2327 2532 2384 Pro
2577 2346 2637 2384 eo
2679 2333 2818 2403 quod
2859 2335 3055 2387 audisti
3091 2335 3242 2389 verba
3283 2335 3581 2404 voluminis,

1995 2432 2042 2477 et
2087 2423 2417 2493 perterritum
2447 2433 2520 2478 est
2549 2441 2639 2477 cor
2664 2434 2833 2492 tuum,
2875 2437 2922 2481 et
2957 2427 3267 2483 humiliatus
3306 2446 3360 2484 es
3403 2446 3584 2484 coram

1997 2506 2256 2580 Domino,
2294 2514 2489 2568 auditis
2523 2517 2848 2571 sermonibus
2881 2528 3062 2572 contra
3107 2519 3277 2574 locant
3321 2521 3500 2588 istum,
3533 2530 3585 2577 et

1997 2605 2315 2681 habitatores
2357 2608 2471 2678 ejus
2502 2624 2520 2662 :
2549 2608 2688 2678 quod
2737 2608 2972 2664 videlicet
3011 2611 3193 2680 ﬁerent
3235 2614 3288 2666 in
3317 2623 3584 2684 stuporem

1997 2708 2044 2754 et
2091 2699 2448 2765 maledictum,
2485 2709 2535 2755 et
2572 2701 2772 2755 scidisti
2814 2703 3113 2757 vestimenta
3156 2714 3270 2771 tua,
3304 2716 3351 2759 et
3396 2705 3587 2776 ﬂevisti

1998 2805 2176 2844 coram
2201 2807 2302 2854 me,
2336 2801 2383 2846 et
2410 2808 2501 2861 ego
2529 2793 2728 2858 audivi,
2759 2793 2884 2847 dicit
2913 2793 3186 2850 Dominus.
3235 2797 3444 2852 Idcirco
3478 2800 3588 2852 col-

1998 2878 2156 2950 ligam
2198 2892 2244 2935 te
2289 2881 2357 2934 ad
2396 2891 2568 2952 patres
2604 2893 2744 2949 tuos,
2783 2891 2831 2938 et
2876 2883 3134 2955 colligeris
3175 2887 3244 2940 ad
3285 2886 3584 2958 sepulcrum

1999 2984 2146 3030 tuum
2180 2977 2233 3030 in
2271 2993 2420 3046 pace,
2447 2985 2504 3030 ut
2548 2993 2650 3031 non
2679 2978 2887 3032 videant
2926 2979 3063 3032 oculi
3097 2981 3175 3034 tui
3213 2982 3390 3034 omnia
3420 2981 3586 3047 mala,

1998 3082 2115 3137 qua:
2136 3066 2450 3120 inducturus
2480 3083 2594 3121 sum
2616 3083 2770 3136 super
2791 3066 2963 3121 locum
2988 3068 3146 3123 istum
3170 3068 3357 3139 (Ibid.,
3381 3070 3584 3142 18-20).

306 3172 491 3218 mante
531 3161 795 3228 concilio;
835 3161 960 3216 alibi
989 3163 1151 3217 etiam
1185 3161 1291 3216 alio
1321 3179 1336 3218 :
1369 3161 1534 3217 Cedat
1569 3160 1891 3216 consuetudo
1920 3145 1967 3210 C
1997 3156 2248 3225 Circuite,
2279 3158 2453 3228 inquit
2482 3158 2740 3213 Dominus
2769 3159 2914 3226 alibi,
2941 3161 3156 3214 circuite
3183 3162 3294 3216 vias
3323 3161 3586 3216 Hierusa-

304 3254 642 3319 auctoritati;
673 3269 891 3324 pravum
935 3270 1089 3307 usum
1133 3252 1218 3308 lea:
1266 3262 1314 3308 et
1361 3255 1497 3307 ratio
1536 3255 1740 3319 vincat;
1768 3254 1894 3308 dum

306 3357 620 3419 contempta
647 3347 864 3418 penitus
890 3347 1214 3403 auctoritate
1241 3362 1508 3402 canonum
1536 3345 1742 3417 (1019),
1768 3362 1897 3403 con-

300 3488 501 3545 beret:
532 3505 598 3543 ex
640 3503 748 3558 quo
790 3486 863 3542 illi
912 3495 1214 3542 metuentes
1244 3485 1503 3553 majorem
1536 3485 1890 3558 punitionem.

303 3561 491 3616 multa:
517 3560 636 3614 loco
663 3557 886 3627 polliciti
929 3567 1056 3614 sunt
1091 3574 1150 3613 se
1178 3559 1244 3612 ad
1275 3559 1573 3612 Romanum
1600 3558 1721 3620 iter,
1752 3557 1896 3626 quod

303 3631 603 3687 Batherius
633 3630 1018 3694 meditabatur,
1048 3637 1402 3699 priestaturos
1437 3627 1716 3681 auxilium.

379 3700 566 3772 (1046)
606 3700 744 3755 Tres
788 3698 1176 3772 Veronensium
1215 3699 1537 3772 clericorum
1573 3699 1780 3772 species
1812 3698 1895 3772 di-

306 3768 559 3844 stinguit.
596 3771 842 3844 Tititlarii
889 3779 1014 3844 sunt
1046 3771 1242 3844 clerici
1264 3769 1617 3844 ecclesiarum
1663 3768 1897 3844 civitatis

305 3855 367 3900 et
397 3837 806 3905 suburbiorum,
839 3857 958 3911 quae
995 3843 1046 3896 in
1075 3842 1281 3912 synodo
1309 3839 1604 3912 Veronensi
1636 3840 1761 3912 anni
1792 3837 1897 3912 Q95
1933 3885 1938 3894 .

308 3915 457 3972 edita
504 3929 532 3967 a
581 3915 638 3968 P.
670 3909 945 3968 Bernardo
975 3913 1040 3967 de
1073 3909 1273 3966 [{ubzeis
1306 3912 1357 3964 in
1391 3910 1755 3965 Monnmentis
1799 3909 1899 3964 Ec-

308 3986 496 4041 clesiae.
535 3983 894 4054 Aquileiensis
920 3983 1022 4054 col.
1065 3983 1189 4046 484,
1217 3991 1270 4036 et
1302 3997 1330 4036 a
1367 3981 1658 4054 Muratorio
1695 3978 1897 4054 tom._V

309 4057 499 4125 Antiq.
543 4048 715 4110 Italic.
752 4055 854 4109 col.
890 4053 1047 4118 1005,
1078 4063 1337 4108 vocantur
1374 4051 1534 4125 tituli.
1565 4050 1656 4104 Illi
1692 4048 1901 4125 deple-

311 4120 479 4182 bibus'
499 4135 625 4180 sunt
664 4125 849 4180 clerici
890 4125 1238 4179 ecclesiarum
1272 4123 1552 4185 ruralium,
1583 4137 1702 4191 qua:
1728 4120 1897 4192 plebes

312 4197 675 4270 appellantur.
700 4195 1018 4270 ⁸(Στιιθάὶηιιίεις
1053 4196 1263 4270 tandem
1296 4202 1421 4270 sunt
1451 4191 1896 4270 canonici_eccle-

311 4264 409 4325 sia:
438 4267 787 4327 cathedralis,
820 4282 925 4334 quo
945 4265 1207 4320 vocabulo
1236 4265 1437 4334 pariter
1480 4264 1901 4334 nominabantur

227 4341 253 4354 '
312 4338 563 4395 canonici
609 4333 1002 4395 cathetlralium
1041 4333 1471 4399 Mediolanensis,
1516 4333 1898 4404 Aquileiensis,

312 4409 708 4480 Neapolitana,
731 4408 1016 4480 Capuamc.
1062 4407 1313 4480 Lucanum,
1340 4415 1393 4480 et
1425 4405 1663 4480 aliarum
1704 4419 1901 4480 quam-

355 4475 576 4534 lui-ium.
612 4478 747 4533 Vide
790 4475 1050 4546 Cangium
1094 4478 1153 4532 V.
1183 4476 1434 4531 Canonici
1473 4475 1803 4546 cardinales,
1843 4482 1898 4528 et

355 4496 576 4534 llll'llllll.
620 4496 747 4533 Viue
790 4496 1050 4546 baﬂglllln
1099 4496 1153 4532 Υ.
1183 4496 1432 4531 ιιίυιοηιει
1473 4496 1803 4539 cardinales,
1843 4496 1897 4528 BI.

313 4496 672 4606 gluratorium
727 4558 857 4604 tom.
901 4549 937 4601 ν
972 4548 1205 4611 laudato,
1254 4547 1468 4601 dissert.
1512 4545 1686 4600 61.1n
1734 4547 1897 4599 docu-

314 4634 504 4677 mento
545 4622 670 4675 anni
718 4619 824 4675 932
863 4619 1008 4674 edito
1050 4635 1079 4672 a
1117 4617 1272 4671 Joan.
1308 4617 1542 4686 Baptista
1586 4616 1897 4686 Biancolino

315 4693 416 4747 lib.
451 4708 487 4746 tt
506 4689 715 4745 Notizie
733 4690 986 4744 Istoriclte
1013 4688 1146 4742 delle
1177 4690 1343 4742 citiese
1368 4685 1422 4741 di
1461 4686 1666 4742 Verona
1691 4703 1742 4755 p.
1769 4685 1895 4756 698,

317 4762 649 4818 cathedralis
695 4761 1024 4816 Veronensis
1065 4769 1291 4814 vocatur
1323 4759 1539 4813 ecclesia
1579 4757 1897 4822 cardinalis;

316 4834 567 4889 canonici
596 4843 778 4888 autem
805 4832 886 4887 sic
915 4832 1259 4886 nominantur
1287 4845 1300 4881 :
1335 4829 1778 4897 Archipresbyter,
1812 4843 1902 4880 ar-

318 4904 685 4967 chidiaconus,
710 4921 800 4958 seu
827 4912 876 4956 et
910 4904 1222 4966 sacerdotes,
1247 4907 1296 4954 et
1324 4899 1532 4953 diaconi
1560 4907 1755 4951 sancta:
1784 4913 1899 4951 car-

318 4975 515 5029 dinalis
553 4973 859 5030 Veronensis
885 4973 1130 5026 ecclesize.

395 5045 576 5116 (1017)
614 5047 794 5116 Anyto
836 5047 1120 5116 episcopus
1159 5040 1483 5116 Basileensis
1515 5039 1570 5116 in_
1602 5036 1900 5116 Capitulari

321 5110 525 5185 scripto
551 5110 651 5171 sub
680 5110 769 5170 an.
805 5110 1032 5185 circiter
1061 5114 1164 5170 820
1205 5114 1344 5185 apud
1375 5112 1692 5185 Acherium_
1719 5119 1853 5185 to_m_.
1883 5110 1902 5164 l

323 5179 594 5258 Spicilegii
630 5204 752 5258 pag.
782 5183 908 5259 584,
942 5200 1005 5259 c.‘
1016 5186 1072 5259 51,
1100 5179 1374 5256 praecepit,
1404 5195 1459 5236 ut
1489 5182 1618 5259 ﬁdes
1655 5179 1717 5234 S.
1745 5180 1906 5259 ritim-

321 5251 460 5312 nasii
500 5251 554 5311 τί
575 5251 934 5312 διιέειῖιιοιὶὺιω
973 5251 1224 5318 discatur,
1255 5251 1303 5307 et
1344 5269 1408 5307 ex
1450 5253 1603 5306 corde
1642 5251 1783 5305 omni
1819 5251 1903 5304 die

1927 4510 1976 4570 D

1997 3249 2118 3316 lem,
2141 3260 2189 3306 et
2229 3251 2466 3322 aspicite,
2497 3260 2543 3304 et
2573 3250 2918 3316 considerate,
2948 3261 2996 3305 et
3038 3254 3256 3322 qumrite
3293 3256 3346 3310 in
3395 3255 3584 3325 plateis

1996 3344 2143 3415 ejus,
2193 3361 2260 3398 an
2316 3344 2592 3398 inveniatis
2643 3343 2809 3398 virum
2865 3343 3142 3412 facientem
3181 3346 3480 3416 judicium,
3533 3360 3584 3404 et

1997 3477 2276 3532 Thesauro
2301 3476 2546 3530 anecdot.
2583 3475 2687 3529 PP.
2729 3473 2970 3530 Martene
3003 3485 3058 3529 et
3097 3475 3357 3543 Durandi,
3403 3487 3533 3534 tom.
3566 3481 3587 3536 1

1996 3565 2118 3619 pag.
2143 3549 2210 3602 65
2233 3546 2450 3619 capituli
2478 3548 2532 3601 S.
2566 3546 2782 3600 Martini
2811 3545 3142 3619 Turonensis
3165 3557 3424 3619 statutum
3457 3567 3584 3618 pro-

1997 3617 2173 3672 fertur
2201 3619 2325 3671 anni
2358 3617 2483 3680 922,
2517 3632 2624 3688 quo
2652 3617 3040 3688 praiscribitur,
3074 3628 3128 3671 ut
3161 3619 3293 3673 litles
3321 3618 3378 3673 S.
3409 3617 3583 3676 Atha-

1998 3690 2138 3744 nasii
2176 3698 2404 3743 canatur
2446 3688 2514 3740 ad
2556 3687 2742 3741 horum
2776 3688 3002 3757 primam
3048 3697 3156 3741 tam
3202 3688 3348 3756 festis
3384 3691 3586 3756 diebus.

1998 3759 2603 3844 gua’m‘eroquot‘idianis.
2640 3757 2801 3844 Hunc
2838 3759 3000 3842 ritum
3039 3759 3314 3844 ἰριιιιςιιιιῃ
3353 3763 3587 3844 primum

1999 3828 2055 3886 in
2088 3828 2296 3904 Galliis,
2336 3838 2395 3884 ut
2433 3843 2502 3885 ex
2549 3829 2634 3884 his
2682 3829 3004 3904 testimoniis
3048 3828 3367 3904 Gallicanis'
3394 3833 3581 3904 liquet,

1999 3901 2201 3958 sensim
2230 3909 2603 3972 prOpagatum,
2637 3909 2691 3956 et
2717 3899 2962 3972 Ratherii
2993 3915 3109 3956 aevo
3145 3917 3172 3954 a
3207 3899 3584 3970 pluribus-Ec?

2000 3973 2181 4028 clesiis
2207 3970 2483 4044 receptum
2514 3970 2680 4026 fuisse
2705 3987 2771 4026 ex
2801 3971 3132 4044 Ratlieriano
3153 3976 3408 4044 praisenti
3437 3986 3587 4031 textu

1999 4045 2396 4115 cognoscimus.
2427 4041 2561 4115 Cum
2603 4058 2732 4096 vero
2759 4042 2970 4115 isrilus
3005 4041 3176 4115 novus
3207 4053 3346 4099 esset
3367 4087 3382 4111 ,
3417 4047 3586 4101 Vero-

1999 4113 2200 4187 nenses
2219 4114 2466 4187 canonici
2493 4115 2544 4166 in
2570 4127 2636 4168 eo
2661 4113 2968 4187 recipiendo
2994 4113 3255 4187 dillieiles,
3285 4117 3423 4170 idem
3449 4134 3592 4187 sym-

2001 4186 2182 4240 bolum
2210 4185 2424 4255 publice
2445 4194 2667 4239 cantare
2690 4183 3033 4249 recusabant,
3063 4186 3136 4238 uti
3164 4186 3327 4240 etiam
3359 4183 3590 4244 traditur

2000 4265 2186 4327 parnt
2217 4255 2974 4327 De_contemptu__canonumin
3007 4255 3130 4327 line.

2073 4326 2257 4397 (1018)
2301 4325 2492 4397 Vulg,
2518 4323 2563 4397 Ο
2603 4323 2975 4397 Chronoloqia.
3015 4324 3356 4385 Przetulimus
3402 4330 3590 4388 lectio—

2004 4395 2127 4453 nern
2159 4397 2350 4470 Optimi
2378 4395 2580 4470 collicis
2623 4396 3004 4470 Frisingensis,
3037 4413 3157 4452 cum
3202 4415 3306 4470 qua
3349 4404 3591 4457 concinit.

2006 4470 2167 4524 etiam
2208 4468 2354 4540 aliud
2401 4468 2639 4540 lt_atlierii
2683 4482 2818 4540 opus
2846 4468 3132 4533 Qualitatis
3173 4468 3496 4540 conjectura,
3533 4475 3587 4527 in

2001 4555 2110 4612 quo
2136 4537 2344 4612 num_._2
2374 4555 2385 4590 :
2419 4535 2900 4612 Cltronographiam
2930 4549 3108 4612 vocat,
3134 4535 3590 4612 quw'contempo-

2001 4608 2194 4664 ralium
2233 4608 2330 4662 sibi
2376 4609 2636 4680 contineat
2680 4609 2858 4674 vitam,
2889 4618 2942 4662 et
2989 4609 3042 4663 in
3085 4608 3192 4680 quo
3228 4629 3333 4665 non
3367 4621 3474 4666 tam
3497 4608 3586 4678 se,

2001 4696 2162 4751 quam
2191 4694 2379 4751 omnes
2405 4678 2772 4751 perstringere
2807 4681 3033 4734 traditur
3062 4678 3314 4735 intactum
3347 4685 3589 4738 deserens

2002 4749 2277 4805 neminem.
2309 4749 2471 4804 Forte
2513 4749 2564 4802 in
2607 4764 2670 4804 eo
2711 4765 2930 4805 suorum
2972 4751 3292 4806 clericormn
3325 4769 3504 4808 mores
3535 4763 3594 4809 et

2001 4823 2130 4894 vitia
2179 4821 2495 4894 descripsit;
2527 4835 2588 4873 ac
2621 4833 2901 4894 propterea
2929 4822 3068 4876 hanc
3100 4821 3593 4894 CItronograp/rlam

2003 4893 2148 4948 circa
2186 4893 2653 4962 vitiaversantem
2695 4893 2976 4961 pessimam
3015 4892 3267 4962 appellat.
3306 4892 3506 4948 Confer
3545 4897 3598 4949 in

2009 4963 2254 5034 eamdem
2297 4961 2581 5028 Quulttatis
2621 4961 3094 5028 conjecturam,-in
3123 4971 3234 5016 uol.
3284 4964 3376 5016 Ait
3415 4981 3603 5034 porro,

2012 5033 2057 5088 0
2081 5035 2268 5090 veritas
2290 5034 2456 5088 eidem
2482 5049 2684 5102 perosa,
2705 5045 2988 5102 propterea
3013 5035 3153 5103 quod
3182 5033 3468 5090 molestum
3499 5039 3604 5093 sibi

2009 5115 2333 5179 esset,_vera_
2355 5119 2472 5179 esse
2512 5104 2906 5179 illoruurvitia,
2933 5106 3133 5179 quaein
3163 5104 3608 5179 ea__C_lironogra-

2008 5177 2134 5244 phia
2163 5177 2447 5244 descripsit
2473 5193 2484 5228 :
2511 5176 2650 5228 unde
2679 5175 2851 5236 addit,
2881 5174 3176 5240 optabilius
3200 5172 3302 5244 sibi
3336 5172 3603 5240 futurum,

2010 5243 2066 5300 ut
2096 5245 2238 5302 solus
2267 5243 2373 5312 ipse
2408 5248 2635 5299 mendax
2664 5247 2959 5305 existerem,
2988 5261 3147 5313 quam
3189 5243 3322 5299 talia
3359 5252 3426 5304 de
3471 5251 3609 5306 υοίιίε
