4044 5348
463 247 569 319 sat
584 280 591 287 ι

1371 254 1700 313 BATllERll
1738 227 1961 313 El’lSC.
1996 252 2245 314 vanos.
2290 218 2442 313 ore.
2479 256 2658 312 rans
2695 254 2735 310 ι.

3630 247 3737 308 592

462 380 779 447 quwrentem
835 371 1029 441 ﬁdem;
1084 376 1132 426 et
1182 370 1438 442 propitius
1497 352 1586 429 ero
1645 374 1741 428 eis.
1795 372 1946 440 Quod
2004 374 2049 428 si
2075 379 2127 438 Α
2153 388 2279 428 cum
2307 387 2364 427 se
2396 371 2726 442 usurpative,
2765 385 2907 435 reor,
2941 367 3271 445 pronuntiat,
3299 368 3391 441 qui
3431 370 3735 449 canonibus

461 466 645 531 etiam,
695 462 828 519 Vivit
875 460 1151 529 Dominus,
1195 462 1442 529 dixerint,
1485 474 1536 519 et
1582 464 1679 519 hoc
1718 464 1852 536 falso
1888 465 2046 536 jura-

462 558 609 612 bunt.
645 556 882 622 Domine,
898 554 1043 611 oculi
1080 556 1157 610 tui
1198 556 1478 628 respiciunt
1517 556 1710 627 ﬁdem;
1750 558 2047 628 percussisti

404 700 413 707 .
461 646 735 723 meos
763 658 812 703 et
847 664 952 705 non
990 647 1269 703 doluerunt
1316 648 1532 719 (i050);
1577 650 1821 704 attrivisti
1858 666 1967 718 eos,
1997 658 2049 705 et

462 752 748 798 renuerunt
791 743 1025 812 accipere
1063 739 1433 812 disciplinam;
1464 742 1844 798 induraverunt
1883 743 2046 813 facies

462 850 585 892 suas
608 838 769 903 supra
809 842 1032 904 petram,
1063 841 1112 887 et
1152 831 1432 888 noluerunt
1472 834 1675 888 reverti.
1706 832 1819 904 Ego
1870 843 2044 887 autem

457 924 571 979 dixi
591 940 609 979 :
631 922 883 979 Forsitan
907 940 1159 995 pauperes
1181 934 1301 978 sunt
1320 933 1371 978 et
1391 923 1559 989 stulti,
1582 926 1880 996 ignorantes
1909 925 2044 980 viam

455 1014 693 1081 Domini,
723 1026 773 1071 et
790 1014 1054 1086 judicium
1080 1014 1179 1070 Dei
1207 1016 1311 1070 sui.
1341 1015 1437 1071 Ibo
1462 1017 1622 1088 igitur
1650 1016 1720 1071 ad
1745 1016 2042 1087 optimates,

455 1115 504 1161 et
537 1105 725 1177 loquar
752 1107 825 1161 eis
857 1121 875 1159 :
901 1106 1001 1178 ipsi
1027 1108 1163 1161 enim
1190 1116 1541 1179 cognoverunt
1568 1108 1703 1165 viam
1731 1107 1964 1175 Domini,
1993 1118 2045 1163 et

449 1196 713 1268 judicium
738 1196 837 1252 Dei
864 1197 949 1251 sui
978 1210 996 1250 :
1018 1206 1065 1253 et
1089 1214 1205 1253 ecce
1226 1201 1393 1269 magis
1419 1199 1473 1253 lii
1497 1197 1655 1254 simul
1676 1199 2043 1270 confregerunt

416 1352 417 1359 γ
449 1287 661 1358 iugum,
692 1297 941 1360 ruperunt
971 1287 1201 1344 vincula.
1231 1288 1439 1344 Idcirco
1466 1289 1719 1360 percussit
1749 1305 1834 1344 eos
1859 1287 1939 1344 leo
1978 1289 2043 1344 de

453 1377 608 1446 silva,
650 1378 805 1448 lupus
848 1379 918 1435 ad
947 1396 1209 1451 vesperam
1239 1380 1461 1436 vastavit
1490 1399 1576 1436 eos
1630 1380 1764 1453 (Jer.
1813 1397 1852 1448 ι,
1902 1380 2037 1454 l‘-6).

418 1532 424 1537 ,
452 1469 566 1528 Leo
606 1472 817 1529 scilicet
854 1473 1070 1543 rugiens
1090 1472 1382 1544 quaerendo
1407 1490 1568 1545 quem
1592 1477 1832 1542 devoret,
1864 1474 1917 1530 id
1956 1484 2040 1532 est

456 1563 705 1621 diabolus
748 1564 797 1636 (ι
843 1562 989 1620 Petr.
1017 1580 1069 1632 v,
1097 1567 1186 1632 8);
1221 1565 1377 1638 lupus
1411 1576 1467 1622 et
1500 1567 1692 1634 isdem,
1722 1568 1812 1639 qui
1842 1567 1911 1623 ob
1947 1582 2041 1623 ne-

455 1660 770 1734 gligentiam
798 1655 1262 1717 mercennariorum
1315 1671 1591 1732 pastorum
1619 1660 1899 1724 vocabulo,
1929 1676 2036 1716 non
2062 1734 2067 1737 ν

445 1749 573 1822 jure
616 1752 1026 1824 possidentium,
1059 1754 1153 1809 sed
1192 1754 1478 1825 illegaliter
1510 1755 1912 1826 usurpantium,
1945 1770 2030 1808 ra-
2066 1774 2114 1833 Β

450 1843 535 1916 pit
567 1853 624 1900 et
670 1844 933 1916 dispergit
957 1861 1089 1903 oves
1133 1844 1315 1918 (Joan.
1349 1864 1405 1913 x,
1437 1848 1558 1921 l2);
1594 1865 1698 1904 non
1739 1849 1910 1905 solum
1944 1866 2040 1919 per

454 1951 536 2004 se,
564 1938 659 1994 sed
678 1947 846 2009 etper
872 1939 1113 1994 membra
1142 1939 1242 1995 sibi
1273 1941 1637 2010 cooperantia,
1665 1957 1762 1996 sua
1798 1942 2040 1996 vineam-

451 2046 560 2103 quc
589 2031 803 2087 Domini
834 2028 1069 2087 Sabaoth
1101 2047 1131 2086 a
1162 2032 1399 2102 primore
1430 2032 1717 2087 vastantia.

526 2125 581 2182 9.
621 2125 687 2181 Et
717 2125 842 2193 heu,
872 2141 1033 2197 quam
1068 2141 1173 2181 non
1204 2125 1621 2183 disconveniunt
1661 2127 1873 2184 miseris
1908 2127 2037 2183 talia

449 2216 635 2274 nobis!
670 2215 777 2273 Nos
805 2219 951 2274 enim
994 2217 1096 2288 ipsi
1130 2233 1318 2274 sumus
1363 2220 1740 2285 aestimatione,
1789 2221 2037 2291 quamvis

450 2324 558 2366 non
592 2325 674 2375 re,
704 2310 996 2381 optimates
1030 2325 1046 2364 :
1076 2325 1196 2375 nos,
1225 2309 1467 2379 inquam,
1494 2326 1651 2380 quos,
1684 2310 1885 2366 relictis
1907 2325 2036 2380 pau-

450 2404 675 2478 peribus
705 2403 949 2475 legisque
978 2404 1071 2460 Dei
1101 2404 1314 2474 penitus
1345 2406 1568 2476 ignaris,
1596 2404 1887 2475 alloquitur
1920 2420 2036 2460 ser-

449 2511 541 2551 mo
564 2496 910 2564 Dominicus;
942 2511 1041 2553 nos
1082 2496 1311 2567 legendo
1340 2498 1480 2553 viam
1509 2498 1603 2553 Dei
1632 2500 2031 2570 cognoscimus,

450 2602 615 2657 quam
645 2603 869 2660 pergere
896 2587 1262 2655 declinamus;
1297 2604 1395 2644 nos
1417 2587 1680 2658 judicium
1716 2591 1806 2645 Dei
1838 2591 2033 2659 noswi,

449 2675 548 2732 sed
576 2692 674 2732 nos
700 2677 874 2749 magis
897 2680 1310 2744 eontemnemlo,
1327 2678 1516 2751 jugum
1543 2682 1708 2751 ipsius
1733 2697 1914 2746 suave,
1938 2682 2034 2739 sed

445 2766 774 2834 volentibus,
798 2780 854 2824 et
896 2783 1034 2825 onus
1062 2768 1201 2837 leve,
1234 2788 1342 2826 non
1388 2772 1807 2844 dedignantibus
1848 2774 2032 2849 (1051)

448 2867 689 2915 attamen
739 2858 906 2928 ferre;
960 2861 1114 2931 quasi
1164 2863 1529 2934 confregimus
1578 2865 1737 2933 illud;
1790 2868 2035 2938 rupimus

443 2951 660 3009 vincula
690 2952 825 3022 legis
852 2955 1127 3011 canonica:
1148 2956 1289 3011 nihil
1320 2957 1387 3013 de
1416 2957 1505 3012 illa
1534 2960 1795 3015 curando.
1828 2960 2034 3017 Idcirco

445 3048 743 3103 verendum
773 3063 841 3105 ne
864 3047 1048 3120 pejora
1080 3051 1235 3107 nobis
1260 3054 1599 3125 contingant,
1627 3072 1788 3127 quam
1816 3057 1940 3124 illis,
1967 3059 2032 3113 de

447 3141 645 3211 quibus
690 3143 808 3198 haec
851 3151 977 3199 tunc
1019 3147 1436 3215 praesentialiter
1475 3148 1813 3215 dicebantur,
1844 3160 2030 3221 utpote
2059 3141 2104 3204 C

445 3232 539 3304 qui
558 3248 664 3289 non
691 3234 866 3290 solum
892 3235 1033 3301 illos,
1057 3237 1149 3307 qui
1176 3245 1303 3293 tunc
1325 3239 1704 3309 loquebantur,
1733 3241 1823 3296 sed
1850 3242 2027 3313 ipsum

443 3326 860 3393 contemnimus,
887 3328 979 3398 qui
1005 3344 1111 3384 non
1154 3338 1362 3385 tantum
1394 3346 1492 3401 per
1521 3333 1687 3403 ipsos,
1734 3330 2037 3406 eorumque.

441 3430 729 3488 sequaces,
756 3419 852 3474 sed
899 3428 955 3475 et
994 3435 1092 3492 per
1135 3423 1371 3494 seipsum
1409 3441 1554 3482 nunc
1585 3428 1742 3484 nobis
1770 3428 2038 3502 loquitur,

444 3507 635 3565 Deum.
666 3508 823 3579 Pejor
851 3519 1032 3567 autem
1076 3513 1304 3568 multum
1347 3524 1432 3571 est
1474 3515 1560 3573 leo
1607 3518 1817 3575 animas
1861 3521 2027 3577 devo-

439 3609 588 3665 rans,
632 3615 794 3671 quam
844 3601 929 3657 leo
973 3618 1172 3672 pecora
1217 3603 1461 3668 lanians;
1496 3606 1654 3678 lupus
1707 3606 2041 3685 interimens

443 3693 765 3761 apiritaliter
790 3695 1052 3760 homines,
1079 3713 1241 3769 quam
1283 3700 1441 3771 lupus
1471 3701 1739 3758 devorans
1765 3720 2027 3776 corpora-

438 3783 567 3842 liter
591 3801 741 3841 oves.
771 3787 1003 3845 Maxime
1041 3790 1084 3845 si
1116 3792 1219 3846 hoc
1249 3793 1406 3848 nobis
1434 3796 1713 3868 contingat
1740 3798 1807 3852 ad
1843 3815 2028 3869 vespe-

441 3893 584 3946 ram,
623 3879 727 3936 hoc
755 3890 857 3946 est,
890 3884 1107 3952 quando
1151 3894 1472 3953 prmsentem
1503 3890 1912 3947 terminahimus
1951 3892 2047 3963 vi—r

442 3976 577 4026 tam.
628 3969 793 4039 Cujus
842 3971 1061 4041 periculi
1117 3983 1275 4037 metu,
1313 3975 1415 4032 iter
1453 3980 1747 4050 compellor
1784 3982 2049 4054 arripere

440 4059 612 4128 iltud,
636 4062 865 4117 aliorum
885 4065 1211 4135 quaesiturus
1234 4067 1541 4145 consilium,
1569 4071 1695 4141 quia
1719 4072 1772 4127 in
1801 4088 1888 4130 me
1916 4078 2045 4130 non

437 4152 659 4210 invenio
683 4153 873 4208 ullum.
1430 4212 1437 4219 ,

510 4244 600 4302 10.
641 4245 899 4302 Cruciant
949 4264 1036 4304 me
1088 4264 1212 4306 nam
1265 4267 1370 4308 non
1423 4270 1636 4325 parum,
1684 4256 1876 4325 fateor,
1920 4259 2049 4315 ista'

437 4346 792 4409 quaerentem,
832 4339 953 4396 istis
987 4351 1294 4400 utrumnam
1322 4349 1647 4418 contemptis
1677 4360 1846 4407 restet
1874 4353 2051 4407 salu-‘

438 4428 511 4485 tis
556 4429 684 4496 alia,
730 4433 872 4502 quod
917 4449 1096 4503 neque
1143 4437 1410 4508 suspicor,
1461 4439 1567 4492 via.
1600 4441 1657 4495 Si
1694 4442 1837 4497 enim
1878 4442 2020 4514 quod

437 4522 765 4580 canonicum
791 4532 874 4581 est
901 4527 1167 4584 catholica
1205 4529 1446 4587 defendit
1484 4532 1756 4603 Ecclesia;
1789 4508 2023 4593 catholi-
2048 4508 2103 4568 Ῑ)

517 4659 885 4745 (1050)ΔΕι1ἱιιὶ
915 4662 1499 4745 indoluernnt._Melin_s
1540 4670 1594 4724 in
1644 4687 1747 4727 ms.
1787 4671 2024 4745 Frising.

438 4731 777 4806 concinente
791 4732 987 4806 vulgati
1024 4735 1336 4806 interpretis
1365 4740 1614 4795 lectione.

509 4800 699 4879 (1051)
739 4800 917 4879 iulg;
941 4800 1297 4879 dignantibus,
1332 4824 1431 4878 pro
1463 4825 1572 4879 quo
1600 4811 1883 4869 meliorem
1911 4830 2026 4869 ma—

439 4873 703 4942 nuscripti
745 4871 1123 4949 Frisingensis
1154 4871 1440 4934 lectionem
1480 4871 1845 4949 'praatulimus.
1873 4885 2021 4939 Con-

441 4949 595 4997 strue
620 4941 747 4997 vero
772 4960 785 4996 :
806 4941 1157 4998 Nasicaendo
1177 4941 1538 4998 coanoscimus
1566 4954 1701 4998 uiam
1732 4953 1844 4998 Πρὶ,
1863 4972 2019 4998 mmm

2146 469 2351 525 sanctis
2402 467 2790 540 prtesumptive
2829 475 3092 538 repugnat
3144 462 3329 538 (Cone.
3377 465 3506 521 Nic.
3551 481 3606 522 c.
3652 464 3732 537 9).

2145 558 2337 615 Fidem
2374 559 2540 634 450
2573 571 2775 626 autem,
2824 567 2885 615 ut
2926 570 3233 625 cantamus,
3276 558 3591 635 catholicam
3634 557 3737 615 nisi

2146 649 2365 723 quisque
2409 650 2703 720 integrant,
2735 647 3143 718 inviolatamque
3189 646 3499 712 servaverit,
3541 647 3736 719 absque

2144 740 2303 796 dubio
2334 742 2388 795 in
2420 750 2671 796 aeternum
2720 740 2902 811 peribit
2937 738 3267 811 (Symbolum
3308 737 3371 794 S.
3401 739 3732 811 Athanasii).

2144 829 2190 887 Ο
2209 838 2388 887 autem
2418 830 2684 887 confessio
2714 830 2894 903 (1052)
2921 829 3097 897 ﬁrma,
3123 829 3265 902 quod
3293 828 3599 886 catholicus
3622 844 3733 887 non

2144 924 2217 980 sit
2249 924 2343 995 qui
2391 924 2564 996 legem
2613 924 2931 981 canonicam
2981 923 3207 994 respuit,
3251 923 3505 993 quodque
3559 921 3733 979 vitam

2143 1024 2401 1071 aeternam
2432 1015 2689 1086 consequi
2717 1030 2875 1071 nemo
2904 1014 3006 1071 nisi
3034 1013 3337 1071 catholicus
3360 1014 3554 1085 possit.
3579 1012 3735 1082 Quod

2144 1120 2267 1162 sum
2315 1105 2387 1160 ita
2438 1105 2756 1162 innutanter
2784 1113 2949 1176 atque
3001 1105 3300 1162 certissime
3343 1113 3579 1171 constet,
3604 1103 3735 1177 quid

2144 1199 2406 1270 cogitare,
2448 1198 2576 1268 quid
2610 1212 2898 1268 possumus
2942 1199 3218 1255 :estimare
3255 1198 3324 1254 de
3368 1197 3461 1254 illo
3492 1206 3606 1253 tam
3636 1213 3736 1268 pu-

2142 1288 2284 1345 blico
2312 1289 2587 1345 canonica:
2621 1289 2779 1359 legis,
2825 1288 2918 1360 qui
2959 1289 3101 1346 inter
3143 1304 3243 1344 nos
3288 1296 3564 1352 versatur,
3605 1302 3735 1344 con-

2145 1388 2375 1451 temptu,
2405 1368 2513 1451 quo
2543 1396 2648 1435 non
2689 1379 2862 1435 solum
2893 1381 3005 1447 illa,
3027 1396 3147 1452 quae
3176 1390 3284 1434 tam
3317 1380 3586 1436 severiter
3608 1385 3735 1435 sunt

2142 1470 2416 1542 prohibita
2442 1471 2705 1527 ministris
2729 1472 2973 1528 ecclesia:
3000 1473 3065 1528 de
3094 1470 3502 1528 cohabitatione
3534 1469 3731 1526 mulie-

2104 1558 2107 1563 “
2141 1575 2261 1616 rum
2308 1560 2363 1615 in
2411 1559 2628 1616 Nicaeae
2672 1561 2882 1617 sancita
2910 1561 3139 1618 concilio
3186 1559 3371 1634 (Cone.
3398 1558 3524 1615 Nic.
3556 1575 3606 1617 c.
3639 1560 3728 1632 5);

2141 1659 2197 1705 ct
2241 1650 2369 1706 illud
2413 1652 2556 1722 quod
2606 1651 2734 1709 alibi
2782 1661 2890 1707 tam
2938 1662 3156 1710 austere
3202 1652 3397 1709 feritur
3423 1651 3635 1725 (1053),
3673 1659 3735 1707 ut

2143 1760 2304 1815 supra
2332 1744 2594 1811 habetur;
2632 1745 2683 1799 in
2716 1743 3140 1801 Neocmsariensi
3168 1761 3382 1816 quoque
3411 1760 3519 1799 non
3557 1743 3734 1801 levius

2143 1836 2246 1891 tale
2277 1837 2404 1906 quid
2433 1837 2742 1892 continetur
2768 1837 2997 1893 concilio
3024 1856 3036 1891 :
3072 1820 3352 1908 Presbyter
3379 1838 3427 1892 si
3454 1836 3727 1906 confessus

2139 1927 2319 1998 fuerit,
2351 1927 2489 1999 quod
2515 1938 2634 1982 ante
2665 1929 3047 1984 ordinationem
3085 1930 3349 2001 corporali
3380 1941 3595 2001 peccato
3625 1930 3722 1986 de-

2138 2019 2370 2092 liquerit,
2398 2020 2572 2076 oblata
2604 2040 2708 2077 non
2731 2033 3015 2090 consecret,
3053 2039 3267 2078 manens
3297 2024 3351 2077 in
3390 2021 3606 2094 reliquis
3641 2022 3726 2091 of-

2136 2111 2271 2182 ﬁciis
2304 2124 2514 2185 propter
2538 2114 2769 2169 studium
2797 2117 2987 2169 bonum
3031 2115 3172 2188 (can.
3199 2115 3276 2189 9).
3302 2100 3433 2184 Qum
3461 2114 3648 2186 utique
3674 2114 3730 2170 in

2138 2217 2197 2257 se
2237 2203 2514 2275 recognita
2548 2205 2844 2276 quemlibet
2877 2206 2931 2260 in
2977 2205 3369 2278 desperationis
3413 2206 3731 2277 voraginem

2135 2302 2387 2366 poterant
2434 2310 2698 2367 mergere,
2748 2297 2849 2352 nisi
2882 2296 3074 2354 fuisset
3121 2298 3437 2369 praedictum
3486 2298 3673 2370 (1054)
3710 2315 3726 2353 :

2128 2383 2323 2438 Nescit
2346 2383 2499 2439 homo
2531 2398 2706 2439 utrum
2754 2388 2872 2442 odio
2912 2405 2981 2442 an
3021 2405 3197 2444 amore
3243 2389 3434 2461 dignus
3490 2391 3599 2453 sit;
3639 2387 3731 2444 sed

2136 2474 2313 2528 omnia
2343 2473 2398 2528 in
2430 2475 2667 2545 futurum
2690 2488 2967 2532 servantur
2991 2479 3188 2534 incerta
3220 2479 3446 2552 (Eccles.
3476 2497 3559 2548 ιχ,
3590 2480 3727 2552 1-2).

2138 2562 2196 2620 Si
2224 2567 2368 2621 enim
2405 2567 2496 2636 qui
2533 2577 2659 2624 ante
2687 2569 3083 2627 ordinationem
3114 2570 3472 2643 corporaliter
3515 2589 3577 2629 se
3603 2587 3733 2643 pec-

2136 2671 2293 2713 casse
2323 2658 2637 2725 conﬁtetur,
2684 2669 2795 2716 tam
2844 2671 3062 2719 austere
3092 2663 3344 2731 teritur;
3376 2664 3506 2735 quid
3555 2666 3622 2720 de
3665 2679 3731 2721 eo

2137 2749 2229 2819 qui
2258 2760 2382 2820 post
2418 2751 2816 2807 ordinationem
2866 2755 3171 2812 ιηωριιιιιυε
3213 2755 3409 2813 millies
3439 2757 3608 2814 fuisse
3641 2773 3731 2815 co-

2134 2840 2449 2910 gnoscitur?
2491 2840 2567 2897 De
2598 2843 2795 2914 quibus
2840 2844 3026 2919 (1055)
3076 2847 3261 2919 utique
3307 2848 3552 2920 quidam,
3602 2849 3729 2907 licet

2135 2933 2382 3001 perrari,
2435 2933 2562 2988 dum
2612 2935 2904 2992 videantur
2952 2939 3255 3007 immunes;
3306 2940 3375 2997 de
3431 2941 3730 3000 levioribus

2136 3026 2288 3095 quasi
2319 3034 2374 3081 et
2402 3026 2667 3083 usualiter
2695 3029 2830 3085 adeo
2858 3032 3157 3101 usurpatis,
3186 3043 3243 3086 ut
3269 3047 3444 3104 neque
3469 3031 3585 3103 jam
3617 3043 3729 3090 tra-

2137 3115 2337 3169 hantur
2365 3115 2418 3170 in
2444 3115 2680 3187 culpam,
2702 3119 2836 3188 quid
2864 3119 3172 3186 dicendum,
3201 3120 3330 3190 quid
3357 3122 3723 3195 cogitandum,

2138 3213 2195 3261 ut
2230 3216 2357 3261 sunt
2384 3206 2531 3262 verbi
2564 3209 2736 3280 gratia
2769 3210 2871 3265 ista
2914 3228 2927 3265 :
2956 3209 3273 3283 Episcopus,
3303 3212 3596 3283 presbyter,
3626 3224 3723 3270 aut

2133 3300 2408 3366 diaconus,
2433 3301 2523 3371 qui
2552 3301 2607 3356 in
2650 3303 2903 3358 seditione
2930 3304 3111 3375 aliqua
3138 3323 3289 3361 arma
3317 3309 3616 3376 sumpserit,
3658 3304 3723 3363 ab

2134 3390 2275 3444 onmi
2302 3400 2433 3445 coetu
2460 3388 2883 3448 Christianorum
2911 3394 3206 3466 deponatur
3227 3395 3412 3470 (Cone.
3439 3397 3607 3454 Tolet.
3634 3414 3723 3469 tv;

2134 3501 2254 3538 can.
2286 3484 2411 3557 45);
2437 3496 2492 3541 et
2525 3505 2538 3540 :
2566 3486 2880 3558 Episcopus,
2909 3492 3175 3564 presbyter
3197 3506 3245 3548 et
3288 3495 3565 3563 diaconus,
3590 3496 3718 3553 alere

2132 3584 2182 3630 et
2228 3576 2465 3633 ebrietati
2508 3580 2820 3648 deserviens,
2863 3593 2954 3637 aut
3001 3585 3227 3646 desinat.
3280 3598 3371 3643 aut
3420 3591 3716 3661 deponatur

2134 3666 2274 3738 (can.
2321 3669 2501 3737 Apost.
2529 3668 2643 3741 42),
2680 3683 2737 3726 et
2775 3673 2880 3727 alia
2918 3674 3225 3750 huiusmodi
3262 3677 3577 3747 innumera,
3604 3695 3724 3752 que

2131 3773 2237 3813 non
2274 3756 2446 3814 levius
2475 3777 2635 3830 quam
2667 3762 3000 3819 cohabitatio
3039 3767 3323 3824 mulierum
3351 3779 3405 3826 et
3433 3769 3719 3829 fornicatio

2130 3850 2216 3905 vel
2264 3851 2609 3920 adulterium,
2660 3855 3038 3913 incestuositas
3090 3869 3298 3918 natura:
3350 3862 3453 3935 ipsi
3505 3880 3720 3938 quoque

2130 3942 2378 4009 adversa,
2407 3946 2668 4001 canonica
2697 3947 2969 4006 feriuntur
2999 3953 3290 4009 machaera.

2201 4074 2287 4128 ll.
2329 4074 2426 4131 His
2454 4075 2613 4146 igitur
2641 4081 2873 4150 superbe
2920 4084 3201 4156 neglectis,
3231 4088 3534 4147 catholicus
3580 4108 3712 4163 qua-

2128 4168 2250 4225 liter
2276 4171 2399 4240 quis
2424 4172 2620 4227 nedum
2648 4176 2927 4245 appellari,
2956 4179 3146 4234 saltem
3192 4180 3373 4238 valeat
3416 4199 3523 4239 non
3554 4186 3712 4242 video

2126 4261 2416 4328 aestimari;
2445 4278 2592 4330 cum,
2619 4274 2679 4319 ut
2719 4281 2880 4335 supra
2911 4269 3132 4337 protuli,
3174 4269 3230 4325 in
3261 4270 3481 4329 Nicmno
3508 4275 3712 4332 dictum

2128 4351 2339 4423 legatur
2365 4354 2593 4410 concilio
2623 4372 2637 4409 :
2670 4354 2823 4422 Quod
2858 4361 3170 4415 canonicum
3201 4372 3298 4428 est,
3332 4364 3591 4420 catholica
3625 4366 3715 4422 dc-

2127 4442 2292 4513 [endit
2336 4443 2574 4500 Ecclesia
2605 4446 2808 4518 (-1056).
2838 4448 3095 4516 Quamvis
3120 4453 3262 4508 enim
3314 4455 3552 4527 (dicente
3603 4459 3710 4515 Do-

2130 4536 2277 4592 mino
2304 4552 2318 4590 :
2343 4535 2558 4592 Dimitte
2590 4550 2823 4595 mortuos
2851 4542 3068 4611 sepelire
3093 4556 3328 4602 mortuos
3348 4564 3473 4605 suos
3496 4548 3706 4621 (Matth.

2128 4666 2592 4744 numer_i__legitur,
2628 4674 2882 4744 canonica
2913 4674 3181 4744 feriuntur
3205 4684 3493 4736 macltarra.

2203 4737 2505 4819 (l0_54)_lta
2543 4737 2928 4819 cod._Frisingl
2956 4744 3013 4799 ln
3045 4746 3216 4819 vulg.,
3253 4754 3397 4807 male
3431 4768 3703 4819 emergere.

2203 4770 2387 4819 (ιυυιη
2429 4770 2505 4794 ua
2543 4770 2663 4797 υυυ.
2694 4770 2928 4815 tutatus.
2956 4770 3013 4799 ιιι
3048 4770 3216 4818 γυιεη
3253 4770 3397 4807 nlale
3431 4770 3573 4807 emer
3634 4770 3699 4810 re.

2126 4806 2261 4933 aestu
2293 4808 2542 4866 laudatus
2576 4812 2749 4868 codex
2773 4828 2874 4884 pro
2913 4816 3226 4887 praedictum
3255 4820 3418 4879 habet
3444 4770 3699 4894 pristinia-

2201 4972 2382 4998 IIHEE\
2424 4971 2689 4998 ΠΑ..-.....-
2727 4984 2772 4998 ..ι
2822 4977 3015 4998 ,μ-ἱακ-
3113 4979 3149 4998 ἢ
3228 4978 3233 4985 '
3305 4984 3336 4998 οι
3577 4988 3589 4998 ι
3654 4988 3666 4998 .
