4044 5348
293 271 401 330 595

1711 257 2176 316 lTlNERARlUM.

3422 239 3434 253 ‘
3475 255 3585 315 set

296 406 420 454 vin,
444 386 558 459 9.9.),
594 381 898 441 criminosis
929 381 1029 438 sibi
1066 379 1380 437 consimiles
1423 379 1507 434 vel
1551 377 1889 434 defeudenti-
1919 385 1967 440 Α
1999 377 2097 431 Dei
2137 386 2472 432 constituitur
2520 377 2664 448 (Jac.
2716 393 2791 441 tv,
2839 375 2918 447 4).
2968 365 3120 446 Quod
3153 382 3333 432 tamen
3366 374 3467 431 nisi
3517 390 3586 434 ea

307 483 440 542 bus,
480 477 565 533 vel
611 474 1005 545 occulentibus)
1047 473 1393 544 deponendos
1440 473 1691 543 legaliter
1734 484 1892 524 nemo

299 574 554 642 deponat,
618 567 955 623 damnandos
1016 581 1121 621 non
1162 566 1355 636 aliquis
1417 567 1666 629 damnet;
1728 561 1888 635 45],

298 680 410 720 non
472 664 595 719 ideo
663 660 1064 716 damnationem
1128 673 1226 728 per
1300 657 1562 728 Spiritum
1640 665 1888 710 sanctum

298 755 406 809 illis
444 753 649 808 illatam
681 760 935 824 poterunt
964 751 1218 815 evadere,
1245 759 1298 804 et
1326 765 1462 820 quos
1492 750 1606 820 ipse
1635 749 1895 804 Dominus

296 843 450 899 fures
480 852 638 898 vocat
667 852 719 896 et
753 843 1016 904 latrones,
1048 851 1294 911 pastores
1322 842 1503 896 ovium
1554 840 1721 910 ipsius
1775 839 1893 894 exi-

296 944 442 992 stere
461 935 667 1007 (-1057).
695 933 1062 990 Simoniacum
1091 933 1236 987 enim
1260 933 1381 1002 quis
1402 931 1528 1002 quid
1553 940 1890 1001 perpetrans,

297 1031 707 1086 damnationem
739 1029 977 1085 Simonis
1005 1045 1107 1084 non
1129 1029 1328 1100 poterit
1356 1030 1610 1093 evadere,
1635 1045 1733 1084 nec
1764 1027 1891 1084 Gie-

298 1124 448 1181 ziaca
468 1125 614 1196 lepra
628 1140 834 1190 carere,
853 1124 944 1195 qui
969 1125 1108 1194 quod
1134 1123 1259 1178 fecit
1279 1123 1449 1187 Giezi,
1471 1122 1656 1178 fecerit
1674 1124 1805 1192 ipse.
1827 1119 1891 1176 Ut

297 1217 627 1286 inquiratur,
661 1215 834 1286 inquit
866 1214 1127 1269 Dominus
1158 1213 1332 1286 (quasi
1365 1213 1430 1267 de
1461 1211 1662 1268 Judreis
1691 1213 1892 1268 solum-

297 1311 462 1366 modo
501 1309 710 1379 dicens)
741 1310 959 1379 sanguis
989 1310 1221 1363 omnium
1253 1309 1643 1378 prophetarum,
1685 1309 1776 1379 qui
1815 1307 1896 1377 ef-

277 1389 446 1476 fusu's
478 1411 552 1455 est
579 1416 734 1471 super
761 1410 956 1453 terram
980 1415 1008 1453 a
1036 1400 1386 1471 generatione
1418 1400 1542 1464 ista,
1573 1418 1604 1454 a
1636 1399 1894 1469 sanguine

295 1493 426 1548 Abel
442 1493 580 1564 justi
610 1509 772 1565 usque
801 1493 868 1546 ad
908 1493 1218 1563 sanguinem
1251 1489 1554 1556 Zachariw,
1580 1491 1680 1560 ﬁlii
1717 1491 1892 1545 Bara-

295 1588 451 1652 chitv,
479 1603 634 1658 quem
661 1586 926 1640 occidistis
956 1585 1093 1639 inter
1128 1582 1374 1653 templum
1403 1594 1448 1637 et
1479 1583 1645 1637 altare
1674 1582 1890 1654 (Matth.

298 1694 459 1743 nm,
485 1678 596 1750 53).
623 1678 757 1733 Cum
781 1678 969 1748 utique
995 1676 1089 1739 illi,
1117 1675 1312 1745 quibus
1336 1675 1438 1728 hoc
1461 1675 1696 1740 dicebat,
1721 1688 1895 1744 neque

1998 472 2166 540 figura
2209 474 2479 543 prolatum
2519 473 2872 544 intelligatur,
2905 489 3010 543 qua
3061 489 3157 544 per
3188 473 3238 527 id
3274 470 3418 544 quod
3454 486 3587 528 con-

1998 566 2154 630 tinet,
2203 567 2305 621 hoc
2346 567 2489 636 quod
2539 566 2850 621 continetur
2880 575 3256 630 monstratur;
3289 563 3586 637 quamdam

1996 661 2150 731 quasi
2206 662 2644 732 iugratitudiuetu
2703 677 2914 726 eorum,
2969 676 3090 730 qua:
3147 659 3304 715 nobis
3358 657 3588 714 contulit

1997 754 2160 818 Deus,
2205 756 2432 809 suadere
2461 763 2812 809 monstratur.
2847 753 2903 808 Si
2954 754 3099 808 enim
3131 751 3406 816 smculum,
3439 749 3588 822 quod

1996 852 2167 907 nostri
2198 867 2357 905 causa
2393 849 2520 905 fecit
2547 851 2708 916 Deus,
2741 849 2960 903 minime
2992 847 3285 919 diligimus,
3315 845 3471 917 quasi
3497 844 3585 900 in-

1996 945 2135 1015 grati
2188 944 2455 999 conditori
2521 953 2684 1014 atque
2737 942 2983 1014 largitori
3044 941 3186 996 illius
3239 939 3584 996 existimas:

2008 1035 2146 1089 Vidit
2177 1036 2336 1102 Deus,
2369 1035 2545 1105 inquit
2581 1035 2886 1104 Scriptura,
2922 1027 3049 1089 vidit
3082 1032 3220 1087 Deus
3249 1042 3433 1086 cuncta
3466 1047 3588 1103 qua:

1994 1130 2210 1200 fecerat,
2266 1140 2313 1184 et
2369 1139 2518 1183 erant
2572 1128 2722 1183 valde
2783 1130 2916 1183 bona
2975 1126 3126 1199 (Gen.
3184 1144 3225 1195 ι,
3277 1127 3387 1199 51).
3431 1125 3587 1194 Quod

1996 1222 2162 1292 igitur
2188 1221 2350 1295 452
2385 1221 2493 1276 Deo
2532 1221 2631 1290 ipsi
2664 1219 2818 1274 valde
2858 1221 3057 1274 bonum
3091 1229 3197 1282 est,
3223 1220 3398 1274 visum
3429 1219 3586 1276 nobis

1995 1315 2267 1384 quomodo
2323 1328 2443 1369 esse
2498 1313 2657 1368 debet
2716 1312 2988 1366 invisum?
3037 1310 3401 1382 lotclligamus
3455 1322 3588 1382 ergo

1966 1427 2102 1466 .non
2155 1411 2285 1466 illud
2334 1410 2588 1465 srecnlum
2642 1409 2845 1482 (-l06l),
2877 1411 3018 1480 quod
3070 1409 3302 1465 mundus
3338 1415 3585 1472 vocatur,

1997 1502 2100 1557 hoc
2127 1513 2229 1565 est,
2257 1503 2475 1564 cmlum,
2513 1512 2737 1564 terram,
2776 1518 2926 1556 mare
2973 1510 3029 1555 et
3058 1501 3238 1556 omnia
3268 1515 3386 1570 qua:
3416 1498 3470 1553 iu
3503 1495 3587 1552 eis

1997 1608 2144 1661 sunt,
2169 1597 2250 1653 vel
2283 1597 2400 1652 illas
2433 1596 2796 1652 rcvolutiones
2828 1604 3153 1666 temporum,
3200 1601 3423 1662 propter
3452 1603 3589 1660 quas

1996 1702 2182 1747 nostra
2211 1692 2313 1746 ista
2341 1700 2568 1746 vocatur
2591 1681 2846 1746 sicculum
2872 1690 3006 1753 vita,
3029 1686 3154 1741 odio
3177 1685 3376 1740 habere
3397 1697 3587 1754 quem-

291 1769 450 1834 Ahel,
479 1786 655 1840 neque
676 1767 1020 1832 Zachariam,
1049 1781 1148 1821 nec
1177 1764 1473 1836 quemlibet
1498 1764 1885 1834 prOphetarum
1921 1759 1965 1820 Β
1993 1784 2074 1838 vis
2103 1785 2335 1849 debere;
2362 1783 2456 1838 sed
2479 1783 2619 1852 quod
2645 1796 2928 1853 pel-peram
2954 1779 3006 1834 ίη
3032 1779 3135 1834 hoc
3162 1778 3342 1848 θείων
3367 1774 3588 1841 summa,

294 1863 702 1930 interfecerint;
748 1864 841 1918 sed
887 1862 1015 1933 quia
1065 1861 1165 1926 eis,
1217 1860 1307 1929 qui
1362 1860 1464 1914 hoc
1518 1858 1779 1927 fecerant,
1834 1862 1886 1915 in

294 1954 500 2010 malitia
529 1953 735 2011 similes
768 1953 1000 2017 fuerint;
1037 1962 1088 2006 et
1119 1952 1325 2006 idcirco
1352 1951 1584 2005 vindicta
1619 1942 1887 2004 consimili

291 2047 455 2118 plecti
479 2044 973 2116 debuerinttlbid”
991 2043 1211 2108 50,51).
1239 2042 1501 2111 Colligite,
1530 2043 1700 2111 inquit
1724 2043 1886 2095 ctiam

294 2137 420 2192 alibi
467 2137 728 2191 Dominus
770 2136 1100 2205 quandoque
1140 2134 1427 2188 dicendum
1456 2151 1468 2185 :
1500 2131 1741 2201 Colligite
1775 2133 1887 2202 pri-

273 2251 436 2302 ,ιιιιιιιι
467 2235 697 2297 zisanta,
722 2243 771 2287 et
801 2232 1018 2300 alligata
1059 2232 1111 2283 in
1152 2227 1436 2300 fasciculos
1472 2228 1542 2279 ad
1574 2226 1883 2280 comburen-

289 2328 418 2382 dum
447 2326 664 2390 (Matth.
699 2341 817 2388 XIII,
851 2324 940 2396 30)
979 2343 992 2378 :
1040 2325 1140 2377 hoc
1175 2332 1278 2386 est,
1312 2336 1470 2390 pares
1508 2321 1560 2374 in
1594 2319 1799 2374 scelere
1833 2319 1886 2373 in

290 2419 640 2474 damnatione
687 2417 852 2471 simili
879 2415 1106 2487 j'tngite.
1143 2413 1198 2468 Si
1228 2429 1356 2482 ergo
1389 2413 1459 2466 ita
1498 2421 1600 2475 est,
1631 2410 1708 2464 uti
1740 2409 1888 2464 dam-

239 2527 244 2531 '
295 2523 459 2566 natus
494 2519 577 2564 est
628 2508 891 2563 Maximus
937 2507 1172 2577 Cynicus
1203 2504 1410 2577 (l053),
1445 2503 1516 2558 ita
1558 2503 1890 2555 damnantur

288 2603 423 2659 socii
470 2603 522 2657 in
569 2601 757 2657 eodem
809 2599 1014 2656 scelere
1067 2599 1237 2668 ipsius
1278 2613 1292 2652 :
1343 2597 1418 2652 uti
1454 2596 1698 2660 Photius,
1732 2596 1800 2648 ita
1836 2603 1887 2650 et

289 2695 597 2750 imitatores
621 2694 794 2758 illius;
827 2693 901 2746 nti
933 2690 1322 2746 Constantinus
1350 2690 1608 2742 Romana:
1635 2689 1780 2742 sedis
1807 2688 1890 2741 in-

288 2803 474 2851 vasor,
503 2788 575 2842 ita
613 2788 779 2858 ipsius
806 2785 1034 2857 quilibet
1067 2785 1312 2838 imitator
1347 2801 1360 2836 :
1401 2792 1454 2837 et
1491 2783 1649 2837 sicuti
1700 2797 1888 2836 eorum

286 2882 444 2938 irrita
474 2881 744 2936 ordinatio
782 2879 990 2952 (1059),
1029 2879 1102 2932 ita
1133 2886 1187 2933 et
1233 2878 1461 2931 istorum
1497 2891 1671 2946 neque
1723 2876 1889 2929 dissi-

287 2974 434 3030 milis
471 2973 875 3029 condemnatio.
906 2972 969 3025 Et
998 2975 1098 3025 heu
1126 2970 1246 3024 fidei
1271 2968 1550 3025 catholiczn
1580 2969 1887 3038 integritas,

285 3068 511 3139 antiqua
537 3067 824 3130 sanctitas,
848 3075 903 3121 et
933 3080 1060 3121 vera
1086 3079 1195 3135 quo
1219 3062 1438 3119 evasisti
1461 3061 1882 3116 Christianitas!

287 3158 509 3230 Rogas?
533 3157 825 3214 Faciamus
857 3173 982 3211 nam
1019 3171 1137 3210 eam
1187 3153 1516 3224 respondere
1546 3152 1702 3223 quasi
1744 3167 1885 3222 prae-
1915 3138 1960 3201 C

284 3261 519 3306 sentem.
565 3249 812 3305 PI‘mSCIlS
839 3257 926 3304 est
970 3249 1139 3312 enim,
1183 3247 1308 3302 licet
1344 3261 1453 3317 prm
1493 3245 1763 3315 paucitate
1799 3245 1886 3300 ni-

287 3345 395 3400 mia
430 3343 619 3398 lateat.
648 3341 837 3413 Neque
874 3341 1017 3397 enim
1057 3340 1232 3394 adhuc
1269 3348 1478 3409 tempus
1516 3337 1644 3391 illud
1668 3345 1891 3407 prseter-

275 3435 349 3500 it,
375 3435 522 3506 quod
573 3435 685 3506 ipse
717 3433 980 3488 Dominus
1020 3431 1196 3487 eidem
1227 3430 1302 3485 ita
1335 3430 1560 3499 loquens
1592 3429 1885 3500 imposuit:

284 3525 425 3582 Ecce
466 3545 560 3598 ego
601 3528 860 3582 vobiscum
907 3509 1042 3580 sum.
1074 3540 1237 3596 usque
1275 3523 1344 3578 ad
1387 3523 1889 3578 consummationem

283 3619 471 3673 δίει-ιιιί
499 3617 718 3690 (Matth.
745 3633 864 3684 vui,
888 3616 1003 3686 20).
1858 3660 1862 3665 .

363 3712 448 3767 12.
515 3710 718 3767 Taeeat
767 3727 897 3781 ergo
945 3710 1013 3766 de
1058 3725 1135 3774 se,
1182 3709 1438 3780 loquatur
1489 3709 1555 3763 de
1613 3708 1698 3763 illa
1751 3708 1889 3765 falso

284 3804 700 3860 Christianitate
749 3814 940 3859 vocata
1001 3802 1099 3858 :A
1151 3801 1619 3869 sollicitudinibus,
1673 3803 1750 3856 ait
1785 3803 1892 3857 D0-

285 3900 493 3964 minus,
519 3909 565 3954 et
587 3900 805 3964 divitiis,
828 3909 874 3952 et
903 3897 1253 3966 voluptatibus
1282 3907 1396 3952 vztcv
1419 3906 1598 3950 euntes
1623 3897 1891 3966 sit/focan-

285 4003 396 4059 tur,
443 4003 491 4048 et
539 4010 642 4048 non
686 3993 918 4064 referunt
951 3993 1181 4062 fructum
1213 3990 1365 4060 (Luc.
1409 4007 1528 4057 vm,
1564 3991 1673 4060 14).
1717 3991 1887 4059 Quem

284 4103 416 4143 vero
470 4087 743 4144 fructum?
793 4087 910 4156 Quo
967 4096 1324 4158 pascerentur
1378 4087 1564 4156 utique
1616 4085 1666 4139 in
1723 4101 1889 4155 regno

281 4182 554 4239 (telorum
621 4182 805 4253 (1060)
865 4201 880 4238 :
941 4183 1285 4237 incurrentes
1351 4182 1558 4251 pariter
1623 4179 1887 4235 Altissinti

284 4277 502 4341 odium;
556 4276 631 4331 ita
683 4277 828 4331 enim
883 4284 1115 4331 testatur
1146 4275 1440 4345 Apostolus
1489 4289 1504 4328 :
1557 4273 1887 4344 Quicunque,

285 4368 560 4441 inquiens,
594 4369 813 4425 voluerit
847 4369 1048 4424 amicus
1079 4385 1189 4424 esse
1219 4367 1400 4423 stcculi
1430 4367 1613 4438 hujus,
1645 4367 1888 4422 inimicus

288 4651 414 4689 num
444 4650 595 4690 num.
630 4634 719 4690 11.
750 4633 997 4689 Priorem
1028 4648 1156 4689 vero
1183 4619 1472 4688 lectionem
1509 4633 1561 4688 in
1590 4633 1693 4688 hoc
1717 4648 1882 4705 opere

284 4722 447 4776 supra
474 4707 693 4774 protulit
727 4723 875 4761 num.
911 4706 996 4776 10.

360 4777 544 4849 (1057)
585 4777 855 4849 Construe
896 4795 909 4830 :
959 4775 1210 4849 Quamvis
1238 4777 1376 4830 enim
1411 4777 1614 4849 dicente
1656 4778 1881 4831 Domino

287 4847 604 4913 criminosis,
637 4850 713 4903 vel
747 4847 1169 4918 defendentibus,
1201 4850 1279 4901 vel
1311 4847 1664 4902 occulentibus
1701 4851 1878 4902 consi-

287 4919 438 4974 miles
463 4921 561 4975 sibi
593 4934 613 4972 :
648 4920 870 4974 Dimitte
901 4929 1144 4974 mortuos
1171 4918 1400 4988 sepelire
1431 4929 1673 4973 mortuos
1703 4935 1832 4973 suos
1862 4936 1876 4972 :

288 4993 546 5062 quamvis,
563 4991 804 5061 inquam,
821 5006 970 5062 nemo
1003 4990 1224 5061 deponat
1250 4989 1493 5062 legahter
1525 4989 1877 5062 deponendos,

223 5117 228 5120 .
292 5060 387 5116 nec
411 5062 600 5130 aliquis
621 5060 838 5116 damnet
870 5060 1344 5126 damnandos;non
1365 5061 1483 5113 ideo
1510 5069 1751 5129 poterunt
1779 5060 1881 5126 (sic

290 5147 358 5186 ex
383 5148 482 5188 ms.
510 5132 905 5204 Frisingscum
928 5133 1064 5204 apud
1096 5131 1389 5204 Acberiiun
1419 5132 1628 5199 poterit)
1662 5131 1881 5186 evadere

289 5205 678 5258 damnationem
701 5201 918 5258 illatam
947 5201 1052 5256 illis
1087 5220 1179 5274 per
1207 5201 1468 5274 Spiritum
1496 5211 1758 5274 functum.
1788 5219 1881 5256 nec

287 5282 529 5348 poterunt
558 5276 783 5348 existere
809 5283 1045 5348 pastores
1082 5271 1256 5330 ovium
1291 5273 1456 5342 ipsius
1487 5271 1720 5338 Domini,
1747 5288 1880 5342 quos

1914 4506 1964 4566 ῐ)

1967 1877 2095 1932 .boc
2140 1886 2244 1940 est,
2299 1873 2689 1945 superfluitatis
2741 1874 2976 1943 primum
3029 1872 3245 1926 illorum
3301 1867 3588 1934 ambitum,

1991 1982 2111 2036 quae
2145 1967 2264 2021 usui
2306 1975 2490 2020 nostro
2525 1966 2666 2020 istud
2709 1965 2980 2017 ministrat
3011 1961 3291 2025 szeculum,
3341 1959 3464 2014 inde
3499 1971 3590 2012 vo-

1991 2059 2272 2127 luptatem,
2312 2066 2432 2128 post
2479 2056 2849 2111 omnimodam
2898 2055 3274 2110 vitiositatem.
3315 2048 3590 2120 Quidquid

1991 2167 2121 2218 ergo
2155 2152 2351 2204 bomun
2408 2150 2514 2204 Deo
2562 2149 2662 2217 ipsi
2713 2149 2946 2210 videtur,
2979 2155 3039 2200 ut
3085 2145 3215 2198 utile
3262 2143 3584 2214 diligamus;

1991 2245 2134 2314 quod
2168 2244 2390 2308 Inalum,
2425 2255 2482 2297 ut
2523 2243 2742 2297 noxium
2773 2242 2898 2297 odio
2939 2241 3254 2304 habeamus,
3301 2248 3358 2293 ut
3409 2235 3592 2292 inimi-

1973 2338 2178 2398 .eitiam
2230 2337 2319 2390 Dei
2375 2336 2630 2400 evadere,
2685 2343 2739 2390 et
2775 2335 2917 2389 inter
2965 2332 3086 2388 illos
3135 2331 3227 2402 qui
3283 2345 3409 2386 vere
3461 2335 3591 2385 sunt

1992 2428 2310 2492 Christiani,
2342 2428 2646 2498 computari
2678 2426 3063 2496 quoquomodo
3102 2423 3400 2480 valeamus.
3431 2420 3590 2489 Quod

1993 2531 2172 2578 tamen
2217 2524 2395 2578 facere
2445 2523 2592 2578 nullo
2628 2524 2787 2578 modo
2829 2536 3138 2592 possumus,
3170 2519 3273 2575 nisi
3321 2520 3464 2589 quod
3495 2532 3588 2574 ca-

1993 2632 2163 2670 nones
2201 2616 2377 2670 sancti
2413 2615 2755 2686 prazeipiunt,
2789 2613 3078 2668 faciamus.

1999 2720 2001 2723 ‘
2066 2709 2150 2764 15.
2195 2707 2301 2763 Sed
2329 2717 2387 2761 ut
2410 2708 2474 2762 ad
2505 2723 2590 2761 me
2617 2707 2830 2776 meique
2858 2713 3100 2760 revertar
3121 2702 3454 2767 consimiles,
3484 2701 3589 2758 hoc

1991 2810 2094 2863 est,
2126 2800 2429 2854 canonibus
2461 2799 2665 2853 sanctis
2691 2814 2859 2868 usque
2881 2796 3042 2852 modo
3072 2797 3323 2860 rebelles,
3351 2794 3590 2866 qualiter

1994 2895 2096 2948 hoc
2123 2894 2301 2948 facere
2330 2892 2592 2957 valemus,
2621 2908 2744 2948 cum
2775 2893 3029 2947 omnibus
3057 2890 3386 2962 generaliter
3411 2887 3587 2959 poeni-

1994 2986 2176 3040 tenticc
2208 2993 2329 3054 post
2363 2984 2569 3055 lapsum
2601 2985 2710 3039 sint
2741 2982 2947 3039 indulta
2980 2981 3240 3044 remedia,
3272 2980 3434 3034 nobis
3456 2993 3588 3033 vero

1992 3077 2318 3133 miserrimis
2356 3078 2468 3148 ipse
2521 3077 2781 3132 Dominus
2829 3077 3005 3142 dicat;
3038 3075 3182 3144 quod
3211 3074 3258 3129 si
3300 3072 3400 3135 sal,
3443 3069 3592 3143 quod

1993 3184 2093 3224 nos
2117 3183 2239 3224 esse
2265 3169 2569 3234 debuimus,
2596 3169 2886 3232 evanuerit,
2913 3166 2982 3221 ad
2999 3165 3131 3220 nihil
3158 3166 3284 3220 utile
3311 3165 3399 3231 sit,
3425 3179 3590 3236 neque

1991 3258 2459 3331 iusterquilinium
2507 3258 2698 3314 saltem
2747 3256 2899 3329 (Luc.
2945 3272 3055 3320 xrv,
3087 3254 3210 3325 54),
3242 3269 3350 3325 quo
3397 3252 3586 3324 (1062)

1991 3351 2370 3421 paenitentiam
2411 3350 2632 3420 [igurari
2681 3349 2809 3403 alibi
2853 3349 2926 3402 ita
2973 3348 3239 3402 habemus
3275 3363 3290 3400 :
3325 3344 3586 3411 Domine,

1993 3445 2195 3498 dimitte
2231 3443 2377 3498 illam
2418 3443 2590 3497 ethoc
2627 3459 2788 3508 anno,
2832 3456 2994 3512 usque
3040 3440 3166 3510 dum
3196 3438 3398 3508 fodiam
3443 3453 3590 3492 circa

1993 3534 2159 3599 illam,
2191 3543 2239 3589 et
2268 3535 2472 3587 mittam
2501 3543 2734 3588 stercora
2787 3531 2942 3604 (Luc.
2972 3547 3094 3597 xm,
3122 3530 3199 3601 8),
3231 3530 3284 3586 id
3310 3539 3394 3586 est
3428 3529 3590 3585 faeto-

1995 3642 2110 3682 rem
2137 3626 2425 3681 criminum
2461 3625 2602 3680 illius
2628 3626 2696 3680 ad
2737 3625 3055 3680 memoriam
3093 3624 3262 3694 ipsius
3296 3621 3587 3690 reducens,

1993 3720 2372 3791 pmnitentiam
2417 3736 2576 3791 agere
2626 3719 2770 3774 illam
2819 3718 3172 3790 compellam;
3228 3732 3348 3788 qua:
3399 3715 3590 3786 utique

1994 3814 2150 3868 nobis
2199 3828 2416 3883 quoque
2467 3809 2852 3867 infelicissimis
2907 3811 3226 3880 denegatur,
3286 3823 3408 3863 cmn
3463 3813 3590 3878 post

1993 3906 2366 3977 pmnitentiam
2407 3905 2530 3976 quis
2575 3919 2678 3958 nec
2723 3903 2955 3958 clericus
2997 3917 3118 3958 esse
3173 3902 3290 3971 lege
3325 3899 3590 3957 canonica

1991 3998 2188 4052 sinitur
2219 3997 2586 4067 (Smtc.epist.
2617 3996 2686 4050 ad
2717 3995 2928 4050 Himer.
2967 4011 3020 4048 ιι.
3054 3994 3159 4061 18;
3213 3994 3390 4048 Isnoc.
3432 3992 3587 4062 epist.

1993 4092 2062 4144 ad
2112 4089 2318 4145 Maced.
2375 4107 2428 4144 ιι.
2481 4089 2578 4155 11,
2642 4098 2687 4142 et
2717 4105 2801 4158 ep.
2849 4088 2918 4140 ad
2969 4084 3235 4157 Apulos.).
3268 4085 3408 4152 Quid
3455 4098 3588 4155 ergo

1994 4187 2203 4248 miseri,
2229 4185 2358 4255 quid
2384 4186 2624 4255 undique
2655 4183 2885 4238 facimus
2909 4181 3188 4236 conclusi?
3219 4179 3384 4235 Nobis
3411 4182 3590 4233 inceso

1995 4285 2179 4333 santer
2204 4277 2471 4331 clamatur
2498 4289 2512 4328 :
2548 4275 2859 4345 Quicunque
2888 4272 3167 4326 comederit
3205 4271 3270 4324 de
3313 4286 3471 4324 carne
3501 4285 3589 4323 sa-

1993 4370 2203 4441 criﬁcii,
2227 4370 2368 4442 quod
2397 4378 2473 4424 est
2512 4367 2747 4434 Domini,
2777 4378 2823 4421 et
2856 4365 3194 4421 immunditia
3227 4365 3393 4436 ipsius
3423 4377 3582 4433 super

1993 4635 2237 4692 Ratherii
2287 4635 2526 4702 decreto,
2561 4633 2636 4690 De
2685 4631 2887 4688 clericis
2926 4631 2991 4688 ab
3035 4634 3274 4706 invasore
3304 4625 3587 4694 ordinatis,

1992 4707 2478 4850 ηυῖῗὸέοξῑιῗὶιςη
2527 4779 2616 4833 hic
2661 4778 2865 4850 addunt
2913 4772 3360 4850 Christianitates.
3404 4768 3594 4850 Melius

1991 4841 2290 4906 delevimus
2337 4841 2439 4920 ope
2466 4841 2686 4905 codicis
2725 4847 3108 4916 Frisingensis,
3141 4858 3209 4896 ex
3258 4857 3369 4920 quo
3422 4841 3592 4920 etiam

1991 4933 2116 4990 post
2158 4937 2327 4988 pauca
2359 4911 2721 4991 expunximus
2758 4930 2805 4991 et
2851 4911 2980 4972 ante
3012 4927 3196 4970 vocem
3230 4929 3245 4966 :
3280 4911 3590 4991 Apostolus.

1979 4983 2006 5032 -’
2062 4983 2248 5065 (1001)
2287 4983 2595 5065 Co..sirue_:
2624 4990 2990 5065 Intelligamus
3011 5003 3132 5065 ergo
3153 4984 3386 5065 quemvis
3411 4983 3597 5038 debere

1983 5054 2108 5119 odio
2139 5054 2330 5118 habere
2359 5081 2462 5118 non
2508 5063 2640 5116 illud
2673 5054 2947 5121 sitientum,
2976 5054 3114 5126 quod
3150 5054 3385 5126 mundus
3432 5071 3594 5126 voca-

1986 5146 2093 5201 tur,
2127 5137 2224 5189 hoc
2246 5145 2323 5189 est
2362 5134 2566 5198 caelum,
2610 5146 2826 5190 terram,
2871 5124 3016 5182 mare
3044 5138 3090 5182 et
3132 5124 3338 5191 omnia,
3382 5141 3498 5200 quae
3535 5125 3596 5181 in

1985 5207 2059 5263 eis
2119 5216 2260 5269 sunt,
2316 5205 2392 5261 vel
2440 5206 2560 5258 illas
2620 5201 2966 5258 revelationes
3013 5210 3329 5269 temporum,
3383 5207 3597 5269 propter

1985 5296 2118 5348 quas
2172 5267 2274 5330 ista
2324 5287 2503 5330 nostra
2540 5276 2914 5348 vitavocatur
2953 5268 3240 5348 arculum;
3290 5267 3391 5323 Sed
3433 5267 3595 5348 illud,
