4044 5348
487 316 593 376 595

1435 289 2011 372 ιιΑΤιιιειιΠένιδε.
2058 306 2310 368 ’.ῥηιω
2350 313 2501 370 opp.
2541 314 2719 372 mus
2755 316 2797 371 1.

3654 323 3761 382 596

452 457 456 466 ι
486 439 656 505 ipsum
687 442 781 501 est,
810 418 995 505 peribit
1023 437 1201 491 anima
1229 434 1324 490 illa
1358 436 1421 491 de
1442 436 1633 508 populo
1662 452 1758 491 suo
1789 434 1933 507 (Lev.
1966 451 2065 501 vn,
2097 438 2143 497 Δ
2172 434 2325 509 ιιιιιιι]
2385 437 2703 493 accenditis.
2763 436 3071 493 Verendum
3129 436 3294 509 igitur
3317 477 3334 505 ,
3387 452 3458 493 ne
3524 452 3760 509 quorum

487 529 601 599 ‘20).
642 528 884 600 Itemque
917 547 930 584 :
966 529 1134 584 Homo
1162 530 1406 584 sacerdos
1435 530 1500 585 de
1527 532 1722 585 semine
1758 531 1940 586 Aaron
1977 530 2069 601 qui

489 623 729 677 [tabuerit
779 623 1064 686 maculam,
1109 641 1211 677 non
1257 624 1439 695 oﬁ'eret
1483 642 1644 695 panes
1687 625 1933 688 Domino,
1979 641 2073 680 nec

491 715 697 768 accedet
745 714 814 768 ad
836 715 1180 769 ministerium
1208 714 1391 786 (1065)
1412 716 1526 785 eius
1556 716 1700 789 (Leu.
1725 732 1841 781 xxi,
1868 715 2067 787 17-18).

490 804 733 871 Qualiter
755 805 918 876 igitur
939 805 1253 871 miserrimi,
1275 806 1505 877 qualiter
1526 811 1593 862 ab
1618 807 1703 861 illa
1731 806 2069 863 immunditia

491 899 682 963 lavari,
716 898 948 969 qualiter
982 900 1069 953 his
1093 897 1336 955 valemus
1366 900 1593 955 maculis
1623 900 1791 966 ablui,
1821 899 1912 970 qui
1948 911 2072 969 post

491 992 804 1045 levatricem
835 991 1121 1045 criminum
1143 990 1516 1059 paenitentiam
1547 992 1741 1045 nedum
1768 991 2071 1045 sacerdotio

490 1085 662 1156 fungi,
693 1086 743 1138 in
788 1083 1044 1139 clericatu
1088 1084 1278 1139 saltem
1329 1099 1432 1138 non
1488 1084 1852 1155 permittimur
1887 1083 2068 1153 (1064)

490 1176 697 1245 linqui?
746 1175 897 1241 Esto,
960 1175 1100 1230 istud
1164 1175 1502 1231 solummodo
1560 1177 1778 1231 miseris
1827 1177 2073 1232 obstaret

490 1268 801 1323 immaniter
826 1269 999 1332 nobis,
1032 1268 1158 1337 quid
1190 1267 1256 1323 de
1296 1268 1450 1323 nobis
1498 1268 1875 1322 aestimandum
1916 1284 2069 1324 com-

490 1361 672 1415 missis
697 1360 919 1432 (1065)?
945 1360 1082 1428 Quid
1112 1361 1178 1416 de
1204 1362 1286 1415 his
1313 1377 1433 1432 quae
1461 1360 1652 1427 lavari,
1675 1361 1920 1417 mundari
1951 1371 2004 1418 et
2039 1379 2069 1419 a

495 1452 648 1506 nobis
692 1453 990 1508 debuerant
1035 1451 1302 1518 benedici,
1352 1468 1473 1523 quae
1529 1463 1924 1524 consequenter
1972 1455 2074 1510 im-

494 1546 692 1600 munda
738 1556 922 1600 noster
951 1544 1147 1609 effecit,
1192 1546 1325 1617 proh
1379 1546 1563 1601 dolor!
1608 1556 1804 1612 tactus,
1843 1548 2073 1603 Domino

495 1640 710 1692 tliccnte
740 1656 753 1691 :
786 1638 938 1703 Quod
960 1638 1183 1707 tetigerit
1224 1638 1545 1703 immundus,
1578 1639 1906 1693 immundum
1938 1639 2077 1694 erit?

494 1728 685 1795 (Nam.
717 1744 830 1793 xix,
859 1726 973 1797 29.)
1022 1727 1078 1783 Si
1106 1744 1233 1782 vero
1268 1715 1425 1799 pauci
1458 1729 1765 1796 fuissemus,
1793 1730 1935 1799 quod
1965 1729 2070 1785 uti-

495 1836 618 1874 nam
670 1820 982 1875 fuissemus!
1028 1820 1262 1891 indignis
1295 1819 1457 1892 553
1506 1831 1667 1891 atque
1711 1820 1941 1892 repulsis
1974 1821 2066 1876 Dei
2102 1801 2146 1861 Β

492 1912 665 1978 gratia
726 1911 909 1983 (1066)
969 1913 1060 1982 qui
1120 1913 1276 1967 nobis
1320 1911 1556 1967 valerent
1598 1911 1791 1980 sullici,
1841 1913 2071 1969 inveniri

495 2004 722 2057 forsitan
761 2012 1001 2074 possent,
1026 2020 1131 2059 non
1182 2002 1291 2058 tale
1338 2002 1516 2060 fuerat
1558 2004 1882 2075 periculum.
1919 2003 2073 2060 Nunc

493 2111 645 2162 vero,
684 2097 817 2165 proh
858 2097 1035 2152 nefas!
1093 2111 1216 2151 cum
1256 2110 1599 2166 conquerens
1644 2096 1842 2152 clamet
1890 2095 2073 2152 Domi-

492 2205 616 2254 nus,
632 2187 832 2244 ﬁlcens
862 2204 876 2243 :
919 2190 1164 2242 Attamen
1194 2191 1248 2245 hi
1291 2187 1449 2245 simul
1479 2205 1657 2243 omnes
1704 2188 2073 2259 confregerunt

481 2284 696 2355 jugum,
729 2293 981 2352 ruperunt
1012 2283 1219 2338 vincula
1247 2283 1382 2355 (Jer.
1408 2300 1462 2350 v,
1485 2283 1577 2353 5);
1605 2283 1746 2354 quod
1775 2283 2073 2338 remedium

493 2376 703 2431 invenit
737 2376 981 2446 decepta,
1027 2392 1188 2445 quam
1219 2392 1409 2449 regere
1443 2361 1749 2442 debuimus,
1795 2375 2071 2441 Ecclesia;

491 2484 615 2522 cum
658 2483 849 2524 omnes
895 2485 995 2524 nos
1041 2468 1199 2523 simul
1241 2468 1576 2538 confregisse
1615 2467 1827 2540 iugum,
1860 2468 2075 2524 vincula

490 2560 703 2628 rupisse
747 2575 847 2613 vox
900 2570 1262 2629 conqueratur
1301 2560 1619 2616 Dominica?
1654 2560 1875 2616 Dicente
1928 2561 2075 2616 enim

492 2651 694 2707 Jacoho
728 2671 741 2707 :
768 2652 1102 2723 Con/itemini
1133 2653 1449 2708 alterutrum
1478 2665 1716 2723 peccata,
1740 2664 1797 2708 ut
1827 2653 2075 2708 salvemi-

449 2759 452 2763 ‘
495 2748 571 2811 ni,
602 2756 772 2801 vestra
821 2747 963 2819 (Jac.
990 2764 1058 2813 _v,
1107 2749 1196 2819 16)
1231 2766 1244 2802 :
1287 2747 1715 2804 Neocazsariensi
1749 2762 1882 2803 vero
1906 2746 2077 2803 conli-

502 2849 666 2893 nente
693 2840 943 2909 superius
968 2840 1170 2910 scripto
1201 2839 1441 2910 capitulo
1468 2840 1650 2913 (1067)
1682 2857 1694 2893 :
1723 2837 2005 2910 Presbyter
2029 2839 2076 2894 si

494 2930 767 2999 confessus
811 2930 994 3002 fuerit,
1039 2932 1344 3003 quod'ante
1387 2931 1771 2986 ordinationem
1816 2930 2077 3000 corporali

493 3034 706 3094 peccato
750 3026 1048 3099 deliquerit,
1095 3026 1271 3082 oblata
1302 3045 1404 3082 non
1450 3036 1733 3094 consecret,
1773 3043 1992 3082 manens
2021 3028 2079 3083 in

501 3115 719 3188 reliquis
767 3118 947 3189 ofﬁciis
990 3129 1204 3190 propter
1247 3120 1480 3174 studium
1535 3120 1725 3175 bonum
1771 3118 1914 3191 (can.
1975 3120 2072 3189 9);

2176 531 2481 602 exemplum
2515 532 2724 596 tenetis,
2757 547 2942 587 eorum
2976 530 3327 587 similitudine
3357 533 3619 601 pereatis.

2248 626 2332 680 14.
2378 626 2676 695 Desperare
2724 625 2905 696 itaque
2953 640 3050 681 vos
3095 638 3304 680 mecum
3360 622 3755 694 compellerer,

2175 717 2277 772 nisi
2311 717 2504 771 iterum
2552 715 2750 771 lectum
2789 716 2985 785 saepius
3019 713 3378 769 recordarer:
3411 714 3573 768 nescit
3602 713 3757 768 homo

2175 817 2353 862 utrum
2380 807 2500 861 odio
2527 825 2597 862 an
2631 823 2808 862 amore
2833 807 2898 863 sit
2926 807 3113 878 dignus
3149 804 3350 878 (Eccle.
3384 821 3461 871 tx,
3513 805 3591 874 1).
3630 804 3759 874 Quis

2176 902 2319 957 enim
2363 902 2552 968 novit,
2595 901 2641 958 si
2681 900 2767 957 cui
2822 910 3066 956 nostrum
3115 901 3187 955 sit
3222 915 3542 956 concessum
3601 906 3763 955 antea

2177 993 2441 1058 converti,
2466 1009 2627 1064 quam
2652 994 2788 1048 mori
2813 976 3064 1049 lFelices
3087 994 3231 1048 enim
3253 994 3354 1048 hac
3371 992 3488 1063 lege
3509 990 3787 1062 depositi,

2178 1084 2365 1141 felices
2390 1087 2624 1155 expulsi,
2654 1085 2841 1141 felices
2871 1087 2984 1141 suis
3016 1085 3177 1140 rebus
3201 1085 3438 1156 spoliati,
3469 1092 3526 1140 et
3546 1083 3761 1153 episco-

2176 1187 2303 1247 patu
2345 1178 2526 1251 (1070)
2559 1178 2794 1244 viduati;
2837 1179 2881 1235 si
2912 1190 3090 1234 tamen
3113 1179 3195 1234 eis
3223 1178 3424 1250 aliquid
3469 1177 3600 1233 huic
3640 1191 3761 1233 eve-

2176 1270 2289 1324 niat
2319 1270 2495 1325 simile
2529 1270 2670 1341 quod
2705 1270 3009 1342 Scotigenis
3041 1270 3251 1325 duobus
3291 1269 3594 1324 audivimus
3635 1281 3759 1324 eve-

2176 1362 2342 1416 nisse.
2371 1360 2600 1427 Quidam
2640 1362 2783 1417 enim
2814 1360 3085 1433 potentior
3115 1376 3278 1431 super
3315 1360 3756 1431 impotentiorem

2175 1450 2443 1515 insiliens,
2472 1452 2600 1506 sede
2628 1449 2775 1506 illum
2804 1451 3022 1523 propria
3052 1450 3279 1522 pepulit,
3306 1450 3464 1521 eique
3486 1448 3759 1520 praesedit.

2174 1541 2307 1598 Erat
2352 1543 2463 1599 illic
2499 1543 2683 1616 (1771)
2732 1544 2950 1616 quidam
2995 1558 3199 1615 pauper
3226 1543 3475 1598 omnibus
3506 1541 3762 1597 membris

2175 1644 2518 1701 contractus,
2566 1635 2966 1707 abeuntemque
3005 1636 3080 1691 ita
3105 1643 3187 1691 est
3212 1634 3479 1689 allocutus
3506 1651 3520 1689 :
3551 1632 3650 1688 Cui
3679 1646 3763 1688 me

2176 1729 2385 1785 deseris
2411 1730 2601 1798 pater?
2640 1729 2750 1785 Deo
2777 1770 2793 1796 ,
2830 1729 3027 1801 inquit.
3058 1729 3196 1783 Esne
3227 1742 3463 1797 unquam
3511 1739 3761 1781 reversu-

2175 1821 2300 1876 rus?
2328 1820 2464 1889 Non,
2488 1821 2587 1877 nisi
2614 1832 2667 1878 tu
2688 1838 2775 1877 tne
2799 1822 3099 1886 reduxeris,
3122 1818 3286 1893 454
3309 1818 3503 1889 inquit.
3529 1815 3765 1873 Secessit

2174 1912 2338 1984 igitur
2368 1912 2674 1984 sepulcrum
2737 1913 2924 1968 adiens
2953 1911 3183 1967 Domini.
3216 1909 3761 1989 Interjectoqtandem

2175 2011 2414 2074 tempore
2440 2046 2455 2069 ,
2493 2013 2641 2060 tanta
2698 2004 2815 2060 lues
2865 2013 3072 2071 totam,
3107 2003 3248 2058 unde
3275 2010 3495 2058 sanctus
3533 2001 3619 2056 vir
3664 2000 3754 2057 ille

2172 2094 2349 2153 fuerat
2370 2097 2556 2168 pulsus
2579 2139 2593 2163 ,
2623 2098 2819 2153 invasit
2852 2098 3182 2169 provinciam
3206 2138 3221 2161 ,
3259 2105 3319 2151 ut
3366 2095 3460 2150 vix
3491 2109 3666 2164 usque
3691 2092 3756 2147 ad

2173 2188 2437 2244 decimam
2487 2190 2765 2246 hominum
2816 2190 3144 2261 pervenerit.
3182 2185 3761 2259 Sciscitatusjejunio—

2178 2301 2298 2341 rum
2332 2285 2516 2359 (107?)
2537 2329 2553 2353 ,
2588 2287 2923 2354 litaniarum,
2957 2296 3012 2343 et
3063 2287 3528 2359 eleemosynarum
3557 2286 3766 2340 instan-

2174 2378 2249 2435 tia
2266 2419 2282 2442 .
2312 2380 2591 2449 respondit
2616 2382 2774 2437 modo
2800 2397 2907 2452 quo
2934 2382 2981 2437 ei
3008 2379 3209 2452 placuit
3246 2381 3526 2446 Dominus,
3548 2378 3765 2448 ejusque

2174 2471 2441 2528 invasoris
2462 2472 2799 2529 confessione
2823 2473 3180 2540 monstravit,
3206 2482 3446 2544 stragem
3472 2470 3622 2527 illam
3670 2470 3765 2526 ho-

2175 2563 2379 2620 minum
2425 2563 2566 2619 illius
2612 2562 2821 2621 scelere
2867 2566 3180 2637 contigisse.
3223 2564 3429 2621 Beatus
3484 2563 3656 2636 igitur
3682 2561 3763 2619 sui

2174 2660 2609 2717 consideratione
2662 2670 2986 2730 permotus,
3048 2659 3237 2717 relicto
3279 2673 3441 2730 quem
3489 2658 3766 2713 invaserat

2176 2752 2488 2823 episcopatu
2522 2749 2703 2823 (1075)
2723 2792 2738 2817 ,
2766 2750 3048 2816 abscessit,
3084 2749 3423 2819 insulamque
3446 2747 3760 2818 quamdam,

2175 2844 2549 2916 paenitentiam
2584 2842 2691 2898 line
2725 2850 2883 2898 tenus
2908 2850 3131 2897 acturus
3153 2882 3168 2906 ,
3201 2840 3447 2897 intravit.
3475 2837 3764 2894 Solitarius

2174 2936 2392 3009 quidem
2417 2951 2635 2991 manere
2657 2934 2923 3000 voluerat,
2947 2934 3041 2989 sed
3065 2933 3367 2989 vicinorum
3392 2926 3765 2987 benevolentia

2176 3026 2320 3082 hunc
2344 3027 2540 3097 smpius
2569 3025 2825 3081 visitabat
2847 3065 2864 3092 ,
2892 3038 3013 3080 cum
3042 3032 3269 3095 repente
3294 3020 3486 3078 incolis
3511 3019 3767 3075 deﬁcien-

2179 3119 2344 3185 tibus,
2377 3119 2610 3174 maxima
2650 3118 2848 3173 invasit
2876 3117 3107 3189 patriam
3135 3115 3330 3180 fames,
3357 3128 3478 3186 quae
3504 3110 3768 3182 compulit

497 3210 620 3279 quis
651 3209 871 3265 missam
896 3220 1097 3274 cantet,
1129 3226 1253 3273 cum
1290 3210 1560 3266 sententia
1590 3210 1692 3266 ista
1732 3223 1869 3279 pene
1893 3209 2075 3264 omni-
2103 3179 2148 3243 Ο
2179 3210 2557 3267 liberalitatem
2582 3209 2730 3265 illum
2755 3218 3004 3264 sanctum
3033 3208 3209 3263 virum
3239 3206 3497 3263 alentium
3521 3203 3769 3275 aliquan-
3862 3256 3865 3257 ν

493 3302 598 3357 lius
625 3300 801 3373 oblata
830 3318 934 3356 non
963 3317 1268 3359 consecrare
1301 3301 1589 3373 prohibeat
1617 3298 1927 3373 (1068)?Et
1952 3299 2077 3357 vide

492 3401 695 3465 quanta
728 3394 817 3449 hic
845 3393 1156 3449 continetur
1197 3392 1517 3449 adversitas.
1558 3391 1752 3448 Oblata
1796 3390 1940 3446 enim
1969 3404 2076 3447 non

492 3486 830 3557 pemiitteris
874 3498 1216 3550 consecrare,
1267 3485 1315 3542 si
1351 3494 1404 3541 te
1451 3499 1708 3557 peccasse
1757 3484 2073 3551 conﬁteris;

462 3578 721 3634 salutem
775 3594 884 3634 non
924 3580 1295 3650 consequeris,
1350 3580 1457 3636 nisi
1507 3588 1559 3635 te
1594 3595 1853 3651 peccasso
1902 3577 2075 3635 conli-

499 3669 667 3724 tearis
706 3667 913 3741 (1069).
951 3668 1090 3737 Quid
1126 3670 1290 3741 igitur
1325 3670 1393 3725 de
1433 3670 1587 3727 vobis
1624 3669 1843 3737 faciam,
1882 3669 2093 3725 fratres.

497 3774 551 3816 ct
588 3763 1021 3834 compresbyteri
1059 3764 1201 3819 mei?
1231 3764 1289 3820 Si
1329 3775 1551 3834 peccata
1586 3773 1767 3820 vestra
1806 3779 1910 3820 non
1949 3779 2081 3821 cou-
2118 3766 2127 3771 ’

495 3853 746 3917 ﬁtemini,
783 3852 968 3920 timeo,
1017 3855 1183 3910 timeo
1224 3870 1292 3911 ne
1327 3870 1435 3911 non
1474 3855 1755 3912 salvemini
1789 3871 1804 3911 :
1836 3856 1881 3912 si
1910 3855 2082 3915 confl-

496 3945 710 4011 temini,
739 3945 919 4002 oblata
963 3947 1065 4003 nisi
1118 3957 1310 4002 contra
1354 3948 1576 4002 vetitum
1612 3949 1983 4016 consecratis;
2033 3949 2080 4005 si

505 4045 696 4093 contra
724 4038 949 4094 vetitum
980 4038 1333 4106 consecratis,
1361 4038 1540 4110 ignem
1576 4038 1809 4095 alienum
1834 4039 1900 4113 [ι’.
1928 4048 2084 4097 atter-

571 4236 754 4308 (1065)
793 4234 1056 4308 Acherius
1082 4237 1149 4290 ad
1174 4237 1494 4292 ministrum.
1521 4235 1926 4292 Correcttonem
1955 4239 2081 4294 novi

498 4306 723 4382 editoris
761 4306 1036 4382 Spicilegii
1079 4308 1377 4377 approbant
1414 4316 1602 4364 noster
1631 4309 1797 4364 codex
1841 4308 2079 4382 Frising.

502 4389 560 4436 et
584 4378 839 4466 vulgatus
874 4378 1162 4466 interpres.

501 4522 551 4577 ὁ.
579 4447 978 4574 (10:54)l.Vulg.,
1005 4466 1107 4504 non
1134 4451 1517 4521 permittuntur.
1547 4449 1735 4507 Melior
1755 4450 1955 4508 laudati
1985 4466 2082 4508 co-

541 4537 637 4576 ιρις
690 4536 750 4574 ec
779 4537 850 4574 to.

541 4522 637 4576 icis
671 4521 850 4574 lectio.

2181 3303 2350 3359 tulum
2389 3302 2671 3374 repigrari.
2696 3281 2900 3357 Triert's
2927 3298 3109 3372 (1074)
3138 3314 3330 3371 magna
3355 3298 3407 3353 in
3431 3297 3616 3353 littore
3642 3310 3770 3351 casu

2179 3394 2476 3449 restiterat.
2540 3390 2672 3447 Eam
2718 3390 2980 3463 ingressi,
3035 3404 3171 3461 quos
3212 3387 3509 3451 educabat,
3561 3382 3771 3458 pueruli

2166 3483 2327 3555 J’ame
2386 3478 2615 3553 cogente
2645 3522 2661 3548 ,
2714 3491 2835 3551 post
2894 3479 3078 3535 ludum
3140 3492 3516 3549 quemcunque
3573 3475 3770 3531 obdor-

2179 3578 2438 3633 mierunt.
2470 3575 2718 3648 Remigio
2743 3574 2926 3645 itaque
2951 3573 3196 3644 angelico
3225 3572 3333 3628 illis
3369 3569 3768 3627 dormientibus

2181 3669 2249 3723 ad
2296 3667 2442 3723 aliud
2490 3666 2643 3722 littus
2693 3667 2884 3737 patria:
2936 3666 3231 3737 perignota:
3259 3664 3492 3720 venitur.
3546 3662 3646 3718 Cui
3672 3677 3767 3718 rex

2183 3759 2425 3828 ejusdem
2467 3759 2658 3830 patriae
2691 3758 2896 3814 circum
2941 3757 3223 3829 equitans,
3267 3755 3615 3827 praestolatus
3642 3769 3765 3810 cum

2182 3852 2544 3908 admiratione
2583 3850 2820 3906 maxima
2867 3849 3048 3904 navim
3090 3849 3207 3905 sine
3237 3847 3548 3904 hominibus
3577 3847 3769 3903 rectis-

2179 3945 2316 4001 sime
2333 3945 2732 4010 adventantem,
2757 3942 3007 4015 puerulos
3030 3942 3208 3998 solum
3234 3942 3287 3997 in
3309 3956 3372 3996 ea
3400 3942 3606 4012 reperit
3635 3941 3766 3996 dor-

2183 4037 2431 4093 mientes.
2467 4033 2908 4107 Experget‘actos.
2938 4034 3081 4089 unde
3103 4040 3315 4100 essent,
3344 4032 3668 4105 interrogat.
3695 4028 3768 4086 Ut

2183 4237 2470 4307 legeretur
2499 4234 2621 4307 nisi,
2653 4233 2816 4307 scdsi
2841 4272 2856 4296 ,
2886 4229 3190 4307 suppletum
3219 4227 3447 4307 fuitnon
3470 4227 3590 4283 sic:
3620 4224 3683 4307 Si
3718 4235 3768 4280 te

2183 4298 2421 4380 peccasse
2451 4304 2598 4380 (non)
2627 4298 3100 4380 coiiﬁteans._'Post
3128 4298 3382 4380 nonnulla
3405 4298 3589 4360 timeo,

2188 4369 2270 4435 his
2304 4369 2670 4448 expt‘essimus
2696 4369 2817 4448 cum
2860 4375 3048 4429 eodem
3073 4373 3258 4448 codice
3279 4408 3295 4432 ,
3340 4384 3406 4448 es
3424 4385 3550 4448 Διιιιθ
3587 4369 3766 4448 etiam

2184 4437 2453 4505 edidiuius
2485 4446 2660 4500 oblata
2691 4444 2793 4499 nisi
2829 4455 3010 4498 contra
3050 4442 3279 4498 vetitum.
3306 4438 3392 4494 ubi
3420 4437 3559 4493 forte
3587 4439 3767 4506 legen—

2186 4520 2311 4576 dum
2348 4534 2450 4573 non
2478 4517 2599 4581 nisi,
2628 4526 2687 4570 ut
2715 4514 3049 4570 Mabillonius
3080 4522 3223 4567 recte
3251 4510 3462 4566 monuit
3492 4510 3545 4564 in
3569 4508 3768 4581 Balbe-

575 4567 1063 4664 (1v066v)"0onstrue
1096 4609 1109 4645 :
1143 4591 1283 4664 Quid
1312 4592 1677 4647 intimandum
1700 4594 1764 4650 de
1788 4593 2078 4650 commissis
2110 4567 2159 4628 Β
2183 4567 2456 4664 ii'i'étdgid
2479 4567 2660 4664 "nulla:
2673 4567 2792 4653 '21,
2813 4567 2959 4641 tom.
2988 4581 3076 4638 VII
3105 4582 3227 4638 Act.
3274 4590 3586 4638 sanctorum
3644 4576 3762 4632 0rd.

498 4662 688 4719 nobis?
712 4662 764 4716 id
793 4672 876 4718 est
900 4664 964 4718 de
991 4663 1056 4717 iis
1081 4663 1173 4732 qui
1200 4663 1476 4719 commissi
1505 4674 1629 4719 sunt
1654 4666 1830 4721 nobis.

576 4733 760 4801 (1066)
798 4732 983 4788 Codex
1012 4733 1244 4804 Frising.
1269 4749 1367 4804 pro
1390 4733 1486 4805 Dei
1505 4736 1676 4803 gratia
1704 4736 1867 4791 habet
1896 4734 2076 4805 digno,

505 4804 732 4859 forsitan
783 4805 970 4875 digne,
1034 4814 1089 4859 et
1140 4803 1350 4860 melius.
1405 4803 1671 4860 Construe
1714 4820 1846 4861 vero
1893 4803 2078 4874 :auod

502 4876 705 4929 utinam
753 4874 1069 4945 fuissemus,
1112 4875 1322 4931 scilicet
1349 4875 1504 4945 pauci
1532 4915 1546 4937 ,
1587 4874 1815 4945 forsitan
1868 4883 2077 4942 possent

502 4947 746 5009 inveniri,
777 4946 865 5015 qui
893 4944 986 4999 Dei
1016 4946 1187 5015 gratia
1214 4946 1327 5016 (aut
1351 4944 1526 5016 digne)
1548 4944 1772 5001 valerent
1792 4946 1955 5016 διιπεεὲ
1987 4961 2081 5016 no;

504 5015 582 5071 bis
611 5013 839 5072 indionis
862 5057 878 5072 .
925 5013 1078 5072 atque
1121 5013 1376 5072 repulsis!
1406 5013 1525 5069 Mox
1570 5031 1667 5072 ιιι-ο
1697 5032 1834 5070 nunc
1857 5013 2082 5069 'Acherii

2182 4656 2537 4733 Benedjras:
2565 4656 2691 4733 481·
2770 4727 2781 4733 _
2915 4727 2945 4733 _.
3070 4725 3083 4733 .
3176 4725 3189 4733 .
3532 4719 3668 4733 ....

2255 4721 2438 4813 (1070)
2485 4721 2672 4813 Ἦρξε..
2701 4727 2991 4798 episcopiis,
3025 4766 3040 4793 ,
3070 4725 3228 4780 lectio
3279 4721 3483 4780 codicis
3531 4721 3763 4787 Frising.

2184 4804 2360 4871 magis
2388 4800 2609 4872 placuit.
3717 4860 3729 4872 .

2190 4944 2199 4945 ί
2259 4872 2442 4945 (1071)
2486 4869 2612 4926 Mss.
2650 4885 2771 4945 cum
2797 4868 3026 4945 vulgatis
3047 4867 3147 4945 illi.
3184 4864 3590 4922 Correctionem
3630 4860 3762 4945 faci-

2187 4932 2292 5000 lem
2320 4932 2511 4998 sensus
2552 4940 2798 5013 praebuit.
2838 4932 2981 5013 Mos
3004 4939 3376 5013 ubertatemque
3413 4952 3479 4992 ex
3519 4932 3759 5013 ωε.Ρηὶ-

2187 5017 2327 5072 sinit.
2384 5007 2717 5072 urirtttlimus
2768 5009 2984 5065 lectioni
3024 5009 3256 5072 vulgata:
3281 5007 3553 5061 abeuntem
3578 5044 3595 5069 ,
3631 5007 3759 5072 qui:
