4044 5348
261 327 354 387 597

1614 327 2082 390 lTlNERARlUM.

3400 337 3509 398 598

263 433 408 501 scivit
435 436 613 511 (1075)
645 450 774 506 ergo
800 434 887 492 illa
914 445 1064 504 tetas,
1103 453 1226 494 cum
1256 439 1322 495 de
1349 439 1514 507 fame,
1545 457 1706 513 quam
1734 443 1820 498 vir
1850 453 1897 507 Α
1924 446 1980 500 in
2007 446 2162 512 bona,
2194 447 2278 500 hic
2296 447 2469 502 salsus
2498 447 2594 501 erit
2623 445 2838 519 (Matth.
2869 462 3018 512 xxrv,
3044 448 3164 516 15);
3192 447 3265 502 ita
3284 458 3510 504 econtra

264 533 453 594 Domini
486 531 790 603 patiebatur
819 572 833 596 ,
867 531 933 585 ab
957 532 1035 586 eis
1063 530 1251 586 fuisset
1301 535 1525 589 edoctus
1551 579 1564 599 ,
1597 536 1676 590 eis
1705 537 1816 604 pri-

266 645 394 686 mum
417 627 531 681 cibo
560 624 793 688 refectis,
819 626 1066 679 cumbam
1096 625 1277 697 (1076)
1308 625 1580 682 frumento
1602 628 1822 683 onerari

263 718 498 792 praecepit.
547 731 573 775 ε,
618 718 802 786 sicque
854 717 1091 785 puerulis
1136 718 1282 773 intus
1334 720 1596 784 remissis,
1621 729 1675 774 et
1712 731 1823 774 sta-

217 810 221 814 ’
269 810 352 864 tim
401 821 584 862 somno
637 815 768 860 nutu
819 807 910 861 Dei
963 809 1269 878 correptis,
1323 810 1388 863 ad
1438 811 1598 864 aliam
1650 811 1824 880 ripam

268 898 460 954 nemine
491 898 786 967 remigante
810 897 1145 970 [subauditur
1169 899 1386 972 cumba]
1413 902 1748 970 perducitur,
1772 911 1828 957 et

269 992 352 1046 Dei
405 990 636 1046 famulus
675 1008 795 1047 cutn
851 1001 961 1046 tota
1025 992 1196 1046 insula
1242 992 1308 1046 ab
1359 992 1548 1046 inediae
1589 993 1828 1062 periculo

270 1084 528 1139 liberatur.
563 1083 744 1154 (1077)
794 1082 1031 1151 Populus
1063 1093 1320 1154 praeterea
1352 1094 1570 1154 pastore
1601 1083 1830 1140 frustra-

271 1186 343 1231 tus
371 1192 518 1230 suum
547 1176 712 1245 cmpit
739 1176 1014 1244 requirere
1039 1191 1054 1240 ;
1096 1176 1188 1230 sed
1227 1190 1336 1244 quo
1361 1175 1584 1229 abiisset
1626 1175 1828 1228 nullum

270 1267 549 1336 contigerat
594 1281 773 1322 nosse.
823 1265 1199 1333 Quaarcntibus
1247 1265 1530 1320 consilium
1565 1263 1830 1336 affuitqui

269 1359 483 1421 diceret,
513 1374 570 1413 se
599 1359 814 1412 audisse
839 1359 987 1410 illum
1014 1358 1281 1411 dicentem
1310 1398 1324 1420 ,
1363 1358 1504 1424 quod
1549 1373 1826 1424 nunquam

269 1457 640 1513 reverteretur,
673 1448 774 1500 nisi
807 1463 929 1502 eum
964 1447 1049 1501 ille
1079 1447 1303 1501 clinicus
1352 1447 1534 1516 (1078)
1589 1448 1832 1502 reduxis-

270 1549 357 1594 set.
403 1538 537 1592 lnito
577 1539 758 1606 itaque
814 1538 952 1591 inter
1000 1553 1058 1591 se
1105 1537 1362 1601 consilio,
1411 1537 1696 1590 clementia
1749 1537 1834 1590 sui

270 1630 436 1686 conlisi
452 1629 742 1700 pontificis,
758 1639 1128 1700 princepernnt
1142 1630 1191 1683 in
1212 1631 1424 1683 nomine
1445 1629 1607 1701 455
1626 1628 1836 1683 Domini

271 1733 592 1794 utsurgeret,
616 1732 668 1776 et
690 1733 811 1792 post
829 1738 950 1776 eum
975 1723 1294 1791 quantocius
1322 1723 1615 1775 festinaret.
1644 1721 1836 1775 Mirum

1924 543 2014 612 qui
2049 552 2360 613 perseverat
2400 543 2452 595 in
2480 543 2634 598 malis
2660 583 2676 608 ,
2703 545 2906 613 absque
2930 543 3091 597 dubio
3115 543 3355 612 perditus
3377 543 3504 597 erit.

1925 635 1992 688 Et
2018 637 2270 689 miserum
2297 636 2412 689 me!
2455 638 2724 704 quon'todo
2753 647 2933 705 potest
2953 652 3070 692 esse
3100 651 3204 690 non
3231 635 3504 706 perditus,

1926 727 1993 781 de
2020 741 2126 796 quo
2159 727 2359 781 clamat
2387 727 2676 796 Apostolus
2709 746 2722 782 :
2749 727 2863 782 Hoc
2886 739 3062 783 autem
3088 731 3292 791 scitote,
3321 727 3518 784 intelli-

1926 827 2130 887 gentes,
2163 817 2302 888 quod
2341 819 2509 871 omnis
2538 817 2848 886 fornicator,
2909 829 2999 874 aut
3047 821 3380 884 immundus,
3419 827 3515 874 aut

1929 910 2296 978 avarus,quod
2325 923 2397 963 est
2428 911 2686 964 idolorum
2711 915 2950 970 servitus.
2980 929 3081 964 non
3107 912 3255 966 habet
3275 911 3508 965 Itwrediu

1929 1010 2086 1054 tatem
2112 1001 2164 1054 in
2192 1017 2347 1070 regno
2379 999 2574 1054 Clu-isti
2604 1011 2650 1053 et
2673 1000 2771 1053 Dei
2801 1001 3015 1070 (Ep/tes.
3042 1017 3105 1065 v,
3137 1003 3214 1070 5).
3243 1001 3336 1053 Vae
3365 1015 3518 1068 ergo,

1932 1107 2012 1146 vre
2044 1092 2260 1145 miseris
2288 1091 2440 1144 nobis
2467 1131 2481 1155 ,
2513 1091 2603 1160 qui
2632 1091 2775 1145 enim
2818 1090 2906 1144 alii
2961 1091 3012 1144 in
3036 1091 3138 1144 ista
3178 1098 3304 1144 sunt
3327 1089 3511 1143 multi-

1937 1180 2122 1233 tudine
2150 1179 2364 1248 (1081),
2395 1179 2520 1244 nisi,
2551 1181 2686 1248 proli
2735 1179 2914 1233 dolor!
2954 1178 3256 1249 bujusmodi
3279 1180 3302 1233 ?
3329 1177 3524 1248 Liquet

1933 1271 2078 1326 enim
2109 1270 2252 1339 quod
2292 1272 2468 1324 omnis
2503 1273 2676 1325 coitus
2705 1271 2931 1342 illegalis
2957 1280 3050 1324 aut
3081 1271 3364 1325 fornicatio
3386 1312 3400 1336 ,
3429 1278 3525 1326 aut

1936 1362 2256 1416 adulterium
2308 1363 2398 1416 sit.
2451 1362 2561 1415 Lex
2611 1374 2790 1417 autem
2832 1364 2975 1416 nulla
3015 1364 3200 1418 altaris
3254 1364 3519 1419 ministris

1939 1455 2178 1525 indulget
2207 1454 2487 1526 conjugis;
2535 1455 2897 1509 fornicatores
2943 1471 3069 1509 vero
3103 1456 3187 1508 isti
3222 1454 3526 1520 immundi,

1938 1548 2022 1600 vel
2046 1547 2221 1610 avari,
2256 1547 2384 1600 nulli
2413 1556 2539 1602 sunt
2571 1548 2681 1611 alii,
2710 1547 2810 1602 nisi
2836 1548 3028 1616 quibus
3053 1548 3231 1602 evenit
3255 1548 3305 1600 in
3331 1547 3523 1601 iisdem

1940 1636 2157 1708 ﬂagitiis
2203 1640 2360 1692 mori.
2392 1639 2615 1693 Domino
2662 1639 3087 1694 misericorditer
3132 1638 3520 1707 promittente:

1945 1729 2268 1799 Quacunque
2316 1731 2445 1783 Itora
2492 1741 2734 1800 peccator
2770 1745 3048 1784 conversus
3083 1730 3240 1799 fuerit
3296 1740 3344 1784 et
3383 1729 3529 1800 inge-

276 1815 433 1868 dictu!
462 1815 721 1879 surrexit,
759 1813 1015 1883 perrexit,
1048 1813 1432 1884 Hierosolymis
1459 1830 1580 1868 CUlll
1608 1815 1832 1879 invenit,
1867 1799 1912 1858 Β
1940 1824 2152 1888 muerit,
2175 1825 2347 1877 salvus
2372 1825 2464 1877 erit
2494 1824 2707 1890 (Ezech,
2733 1838 2883 1888 xvm,
2902 1823 2993 1894 21)
3028 1841 3038 1876 ε
3067 1837 3195 1877 ecce
3219 1821 3527 1887 consilium,

272 1908 486 1973 reduxit,
518 1916 768 1977 receptus
794 1915 896 1970 est,
921 1915 983 1967 et~
1005 1906 1056 1959 iu
1095 1906 1220 1959 sede
1245 1906 1455 1975 propria
1489 1906 1778 1960 rclocatus.

336 2000 413 2054 15.
449 1999 707 2054 Ᾱὲδιὶῐηεῑ
743 1999 834 2069 qui
869 1998 1008 2053 valet
1049 1998 1350 2068 expulsoris
1396 2008 1448 2052 et
1479 1998 1682 2068 expulsi
1717 2013 1837 2068 quae

271 2095 465 2165 potiora
497 2093 700 2148 fuerint
741 2094 953 2146 merita.
987 2091 1076 2146 llle
1123 2091 1440 2162 pmnitentia
1477 2108 1572 2146 sua
1620 2091 1840 2162 angelos

272 2192 330 2244 ad
358 2191 454 2246 sibi
510 2189 903 2252 auxiliandum,
945 2188 1074 2248 imo,
1118 2186 1310 2255 loquar
1338 2194 1393 2239 ut
1423 2187 1515 2247 ita,
1563 2183 1837 2239 famulan-

275 2283 390 2340 dum
419 2285 594 2356 coegit
651 2282 856 2354 (1079).
905 2281 1006 2336 Iste
1033 2281 1389 2351 paralytieum
1425 2280 1659 2333 medium
1713 2279 1843 2334 fecit

283 2386 638 2433 transcurrere
665 2363 944 2429 mundum.
978 2374 1083 2428 Sed
1122 2388 1241 2428 cum
1280 2381 1485 2426 tantum
1522 2372 1700 2426 valeat
1728 2387 1843 2441 pa:-

276 2470 497 2524 nitentize
523 2467 823 2537 perfectio;
860 2468 1052 2521 mirum
1078 2467 1219 2536 quod
1245 2467 1584 2529 clericatum,
1612 2463 1841 2542 forsitan

277 2570 328 2614 ut
355 2561 450 2615 iste
497 2559 727 2615 effectus
758 2560 964 2624 fuerat,
1017 2567 1205 2612 sancto
1234 2557 1509 2611 decretum
1559 2557 1846 2613 interdicat

277 2655 616 2720 canonicum,
667 2669 790 2707 cum
823 2666 981 2706 nemo
1014 2651 1227 2719 dignius
1265 2649 1380 2704 fieri
1414 2650 1645 2705 clericus
1675 2652 1848 2719 possit

277 2746 456 2810 videri,
481 2762 647 2815 quam
673 2745 718 2799 is
745 2744 830 2798 cui
862 2759 958 2814 per
983 2743 1360 2812 paenitentiam
1387 2751 1633 2796 sanctum
1663 2741 1846 2812 (1080)

278 2838 553 2908 contigerit
585 2835 723 2891 fieri.
777 2834 872 2889 Cui
905 2834 1008 2888 tale
1039 2835 1204 2905 igitur
1230 2833 1454 2903 aliquid,
1479 2833 1563 2888 vel
1591 2834 1850 2903 quiddam

279 2928 408 2982 aliud
438 2931 503 2983 ad
539 2929 833 2983 vindictam
869 2927 1002 2981 tanti
1049 2927 1330 2996 pertinens
1375 2926 1597 2981 sceleris
1624 2926 1849 2992 evenit,

280 3031 360 3076 aut
411 3029 604 3091 sponte
634 3036 730 3076 sua
767 3020 878 3090 ipse
929 3034 1147 3074 suorum
1201 3028 1284 3073 est
1324 3018 1467 3072 ultor
1516 3014 1846 3082 facinorum',

282 3110 340 3165 de
373 3126 434 3167 eo
479 3112 560 3166 nil
610 3121 734 3182 post
784 3109 900 3178 ejus
963 3109 1148 3164 dubito
1188 3109 1372 3164 ﬁnem.
1420 3109 1519 3164 Cui
1554 3124 1684 3162 vero
1721 3106 1853 3162 nihil

282 3203 331 3257 in
385 3203 481 3258 boc
536 3202 736 3257 seculo
787 3202 1113 3256 incommodi
1165 3202 1460 3272 contigisse
1522 3202 1852 3266 considero,

282 3297 460 3352 sentiat
480 3295 623 3350 alter
637 3297 702 3350 de
728 3295 816 3349 illo
839 3295 982 3365 quod
1008 3296 1178 3364 valm:
1205 3311 1305 3365 ego
1327 3295 1609 3349 sententiae
1636 3294 1710 3348 illi
1734 3309 1856 3364 per-

283 3385 630 3442 formidolosa:
661 3387 897 3451 innixus,
934 3401 1040 3455 qua
1072 3385 1135 3439 de
1161 3385 1356 3439 talibus
1381 3384 1578 3440 dicitur
1603 3402 1615 3436 :
1641 3383 1856 3438 Ducunt

284 3478 331 3531 in
355 3477 494 3532 bonis
520 3479 634 3532 dies
664 3493 806 3538 suos,
835 3485 882 3530 et
914 3476 965 3530 in
994 3487 1184 3546 puncto
1211 3477 1280 3530 ad
1308 3477 1515 3546 inferna
1539 3477 1857 3532 descendunt

289 3565 397 3636 (Job
427 3585 515 3622 χχι
552 3609 564 3633 ,
604 3563 717 3639 15),
751 3567 877 3621 illud
903 3565 1127 3622 Joannis
1154 3567 1381 3638 apostoli
1418 3569 1709 3623 convenire
1751 3569 1861 3623 for-

287 3657 416 3712 mido
448 3676 460 3711 :
496 3659 593 3712 Est
640 3671 906 3728 peccatum
961 3660 1029 3712 ad
1083 3669 1298 3713 mortem
1327 3701 1342 3727 ,
1395 3661 1656 3724 subaudi,
1694 3675 1864 3730 usque

289 3749 596 3816 perdurans,
635 3767 736 3803 non
764 3767 857 3820 pro
904 3767 961 3804 eo
1011 3752 1151 3816 dico,
1192 3762 1248 3806 ut
1278 3752 1390 3823 quis
1434 3762 1574 3822 roget
1617 3752 1668 3824 (Ι
1701 3753 1862 3807 Joan.

288 3854 345 3903 ν,
373 3840 477 3911 16).
517 3842 737 3910 Quare?
768 3843 922 3911 Quia,
949 3852 1005 3898 ut
1036 3845 1227 3899 beatus
1257 3847 1478 3915 exponit
1516 3845 1812 3916 Gregorius
1848 3864 1861 3900 :

291 3928 527 3987 Jumenta
563 3937 617 3988 in
647 3944 872 3989 stercore
902 3953 997 3990 suo
1031 3946 1444 4004 computrescere
1472 3947 1567 4000 est,
1628 3935 1866 3991 carnales

291 4038 504 4094 quosque
537 4026 594 4078 in
615 4025 792 4094 fauore
817 4025 1039 4080 luxuria:
1069 4027 1227 4080 vitam
1243 4027 1471 4100 fmire(l.
1490 4043 1618 4081 xxiv
1643 4027 1864 4093 Moral.,

296 4127 338 4166 c.
381 4115 465 4188 16)
495 4137 509 4172 :
536 4119 680 4188 quod
721 4127 777 4173 et
823 4120 888 4174 de
935 4119 1146 4174 exnteris
1196 4119 1270 4173 nil
1313 4121 1492 4176 obstat
1536 4121 1725 4176 sentiri
1751 4137 1874 4176 sce-

295 4203 514 4278 leribus,
541 4210 665 4281 quia
693 4210 907 4266 dicente
931 4212 1180 4279 Domino,
1203 4213 1344 4283 quod
1371 4215 1460 4283 qui
1475 4215 1873 4284 perseveraverit

363 4454 545 4526 (1075)
586 4457 738 4525 Vulg.
790 4455 859 4511 Ut
881 4456 996 4509 sivit
1023 4497 1035 4518 ,
1090 4455 1365 4510 mendose.
1406 4455 1710 4508 Construe:
1745 4457 1876 4510 (sunt

302 4542 411 4594 ergo
433 4529 646 4581 edoctus
676 4530 859 4597 fuisset
889 4527 953 4578 ab
977 4529 1070 4585 eis,
1105 4538 1158 4579 ttt
1188 4536 1315 4579 a'tas
1348 4526 1439 4578 illa
1466 4526 1612 4579 scivit
1639 4527 1874 4593 edocere,

240 4625 243 4630 -
303 4597 360 4648 de
387 4598 542 4663 fante,
568 4615 727 4668 quam
759 4599 835 4651 vir
865 4597 1075 4650 Domini
1103 4597 1430 4668 patiebatur,
1459 4606 1562 4650 etc.

374 4669 550 4732 (1076)
584 4666 721 4722 Editi
754 4684 1036 4738 perperam
1095 4666 1300 4721 cubum.
1343 4666 1597 4720 Cumbam
1655 4682 1744 4722 ex.
1770 4683 1871 4722 ms.

217 4759 223 4774 ·
305 4735 531 4809 Frising.
585 4749 732 4794 recte
757 4735 1079 4807 scripsimus
1107 4758 1119 4792 :
1154 4738 1338 4790 cumba
1369 4740 1510 4792 enim
1544 4739 1683 4790 idem
1712 4746 1793 4809 est
1816 4754 1880 4794 ac

308 4808 516 4873 cymba,
551 4825 643 4863 seu
697 4811 784 4864 illa
810 4851 823 4866 .
856 4826 1016 4877 quam
1048 4818 1206 4864 antea
1245 4811 1449 4862 trierem
1477 4810 1710 4862 vocavit.
1746 4808 1880 4864 Vide

309 4879 558 4946 (Langiqu
589 4882 648 4935 V.
674 4880 896 4934 Cumba.

377 4951 554 5022 (1077)
594 4952 814 5023 Septem
848 4967 1003 5005 voces
1027 4958 1334 5023 (sequentes
1363 4950 1604 5005 historim
1633 4965 1884 5023 necessa-

314 5021 445 5101 rias,
488 5021 604 5090 qua:
644 5021 696 5079 in
734 5023 964 5092 vulgatis
1007 5022 1250 5083 deerant,
1285 5036 1352 5074 ex
1382 5023 1572 5077 eodem
1603 5037 1704 5076 ms.
1742 5021 1883 5076 inse-

314 5105 534 5146 runnus.

381 5164 556 5232 (1078)
595 5163 850 5227 Clinicus,
885 5164 970 5217 illo
999 5166 1205 5220 scilicet
1253 5178 1457 5231 pauper
1481 5205 1495 5228 ,
1538 5178 1695 5232 quem
1725 5174 1884 5221 antea

1940 1928 2069 1968 ecce
2103 1913 2396 1968 remedium
2440 1912 2605 1985 456
2642 1924 2902 1968 vestrum.
2940 1913 3159 1969 Utinam
3211 1922 3318 1968 tam
3364 1911 3526 1968 facile

1939 2006 2202 2060 existeret
2233 2015 2499 2060 nostrum.
2554 2007 2627 2060 De
2669 2007 2822 2060 nobis
2861 2008 3005 2060 enim
3036 2006 3372 2059 Ezecliielem
3406 2019 3534 2074 pro-

1942 2099 2159 2167 pbelam
2211 2098 2365 2166 quasi
2424 2098 2749 2167 requirendo
2799 2100 3058 2154 Dominus
3099 2097 3537 2167 alloquitur,di-

1943 2204 2117 2243 cens:
2152 2187 2257 2241 ("ili
2302 2189 2560 2254 hominis,
2601 2190 2726 2259 quid
2763 2189 2848 2257 ﬁet
2890 2191 2954 2244 de
3006 2190 3146 2260 ligno
3172 2189 3285 2243 vitis
3311 2188 3526 2259 (Ezech.

1946 2295 2037 2342 xv,
2066 2280 2156 2350 ‘2)?
2196 2289 2282 2334 etc
2313 2299 2325 2333 :
2356 2281 2553 2349 quibus
2590 2280 2663 2334 nil
2712 2280 3010 2335 terribilius
3045 2281 3321 2335 restituare
3348 2279 3535 2345 valet,

1945 2373 2066 2443 qui,
2107 2373 2249 2443 quod
2293 2372 2584 2443 Gregorius
2639 2374 3003 2429 indesinenter
3058 2373 3240 2444 (1089.)
3293 2373 3533 2438 sentiat,

1948 2466 2116 2520 novit.
2155 2465 2292 2532 Quid
2317 2465 2479 2536 igitur
2507 2466 2800 2522 faciemus?

2025 2558 2111 2612 16.
2155 2559 2562 2613 Oratiunculam
2595 2560 2884 2629 quamdam
2928 2561 2980 2614 in
3028 2559 3308 2616 Psalteriis
3363 2560 3542 2618 inveni

1949 2651 2303 2720 quibusdam,
2345 2667 2505 2719 quam
2538 2651 2581 2704 si
2623 2651 2860 2720 quotidie
2881 2651 3108 2706 Domino
3141 2650 3491 2707 funderemus
3519 2691 3534 2717 ,

1952 2754 2007 2800 et
2062 2744 2404 2812 cooperando
2449 2744 2777 2812 impetrare,
2817 2752 2873 2797 ut
2915 2745 3158 2799 exaudiri
3209 2759 3536 2799 mereremut

1952 2851 2050 2905 pro
2076 2835 2282 2888 viribus
2303 2834 2666 2900 studeremus,
2698 2833 2964 2904 profuisse
2996 2834 3151 2888 nobis
3175 2833 3376 2904 aliquid
3409 2832 3535 2888 lide-

1955 2942 2156 2982 remus.
2198 2926 2291 2980 Est
2316 2935 2496 2980 autem
2524 2925 2827 2993 hujusmodi
2856 2945 2869 2979 :
2899 2924 3056 2980 Salva
3088 2943 3180 2980 nos
3221 2925 3544 2996 omnipotens

1956 3016 2095 3071 Deus
2121 3058 2134 3082 ,
2167 3026 2212 3070 et
2243 3032 2334 3086 per
2368 3014 2552 3070 merita
2582 3025 2628 3069 et
2655 3015 3072 3070 intercessionem
3101 3027 3297 3070 sancta:
3325 3015 3421 3069 Dei
3445 3031 3533 3086 ge-

1958 3109 2157 3163 nitricis
2190 3109 2377 3163 Maria:
2402 3149 2416 3172 ,
2445 3110 2776 3179 omniumque
2800 3120 3100 3163 sanctorum
3121 3120 3228 3162 esto
3251 3108 3396 3163 nobis
3419 3106 3552 3180 pro-i

1959 3203 2119 3273 pitius
2145 3211 2191 3255 et
2221 3201 2439 3255 clemens
2469 3218 2487 3266 ;
2515 3218 2856 3272 concessoque
2878 3204 3022 3256 venia
3050 3203 3457 3272 prteteritorum,
3479 3200 3555 3255 da

1962 3293 2110 3349 nobis
2138 3293 2374 3362 deinceps
2403 3293 2546 3359 velle,
2569 3293 3057 3362 posse.etperﬁcere
3083 3309 3199 3361 qua:
3218 3293 3310 3344 tibi
3326 3293 3551 3361 placent,

1963 3395 2008 3440 et
2039 3385 2183 3438 nobis
2211 3384 2509 3452 expediunt.
2537 3382 2617 3436 Da
2643 3383 2787 3436 nobis
2822 3382 2877 3436 in
2912 3381 3248 3435 tribulosione
3275 3378 3547 3444 solatium,

1963 3477 2019 3530 in
2043 3476 2397 3545 persecutione
2422 3475 2702 3538 auxilium,
2726 3476 2780 3526 in
2811 3475 2952 3528 omni
2979 3473 3257 3527 tentatione
3288 3473 3550 3526 virtutem.

1967 3567 2049 3621 Da
2078 3567 2223 3620 nobis
2248 3567 2312 3620 de
2344 3566 2623 3636 prteteritis
2648 3566 2870 3630 veniam,
2899 3566 2963 3618 de
2987 3563 3329 3635 pra'sentibus
3354 3577 3560 3633 quoque

1966 3658 2121 3713 malis
2159 3658 2604 3720 emendationem,
2655 3667 2808 3728 atque
2836 3657 2900 3711 de
2933 3656 3124 3726 futuris
3175 3653 3360 3725 largiri
3409 3652 3560 3707 nobis

1969 3751 2187 3822 dignare
2215 3750 2529 3804 custodiam.
2566 3747 2708 3814 Per,
2746 3759 2851 3802 etc.
2885 3746 2991 3802 Sed
3039 3745 3168 3817 quid
3217 3745 3414 3800 iterum
3443 3743 3559 3816 agi-

1971 3860 2092 3899 mus
2115 3885 2130 3910 ,
2164 3842 2400 3897 fratres?
2449 3842 2585 3897 Ecce
2618 3856 2740 3895 nam
2771 3840 3134 3895 contrarietas
3163 3839 3403 3892 maxima
3437 3851 3562 3894 rur-

1972 3952 2113 3992 sum.
2187 3933 2465 3989 Clamatur
2508 3933 2652 3988 enim
2709 3931 2863 3986 nobis
2910 3948 2924 3986 :
2978 3930 3081 3996 Qui
3143 3929 3325 3984 avertit
3374 3943 3557 3982 aurem

1971 4047 2150 4092 suam,
2180 4044 2244 4085 ne
2268 4030 2450 4083 audiat
2503 4028 2693 4099 legem,
2723 4029 2892 4082 oratio
2925 4027 3039 4097 ejus
3070 4026 3167 4080 erit
3199 4024 3559 4079 exsecrabilis.

1977 4120 2160 4193 (Prov.
2190 4137 2392 4188 xxvut,
2425 4122 2500 4192 9).
2551 4121 2761 4188 Quanta
2805 4128 2984 4174 autem
3013 4118 3100 4173 bie
3149 4117 3221 4172 sit
3270 4117 3412 4171 inter
3462 4129 3562 4171 nos

1976 4217 2104 4274 hinc
2128 4227 2282 4288 paret
2309 4215 2521 4272 aversio
2553 4214 2733 4288 (1085)
2765 4214 2918 4286 legis,
2945 4222 3004 4268 ut
3024 4230 3146 4269 cum
3176 4211 3557 4282 exprobrando

1984 4456 2224 4511 clieriani
2277 4453 2548 4508 contextui
2604 4461 2659 4506 et
2707 4451 2885 4505 sensui
2921 4450 3293 4506 necessariam
3340 4448 3571 4503 libenter

1986 4528 2306 4594 recepimus.
2339 4526 2604 4578 Construe
2639 4532 2817 4576 autem
2854 4541 2865 4575 :
2903 4522 3097 4575 Mirum
3125 4521 3262 4591 quod
3302 4520 3567 4594 decretum

1983 4587 2290 4651 canonicum
2334 4596 2608 4668 inter-dicat
2652 4595 2951 4647 clericatum
2983 4587 3163 4668 sancto
3196 4631 3212 4650 ,
3255 4600 3312 4668 ut
3335 4590 3432 4668 iste
3461 4587 3572 4668 for-

1981 4671 2120 4722 sitan
2154 4669 2366 4737 effectus
2395 4667 2563 4735 fuerat
2601 4706 2615 4729 ,
2644 4681 2762 4718 cum
2803 4681 2950 4737 nemo
2982 4661 3332 4737 videripossit
3363 4659 3572 4726 dignius

1984 4739 2097 4810 ﬁeri
2137 4732 2353 4791 cféricns
2388 4732 2545 4806 quam
2581 4736 2622 4788 is
2649 4737 2732 4789 cui
2758 4734 3027 4803 contigerit
3057 4732 3170 4801 ﬁeri
3206 4739 3446 4784 sanctum
3482 4743 3575 4796 per

1983 4810 2360 4881 paznitentiatn.

2059 4879 2242 4953 (1080)
2283 4878 2358 4931 Ita
2405 4879 2526 4953 cod.
2562 4877 2798 4953 Frising.
2842 4875 2977 4928 Male
3023 4875 3074 4927 in
3117 4871 3259 4939 vulg.
3286 4878 3572 4953 .sanctam.

1989 4951 2120 5007 Dein
2150 4952 2290 5004 idem
2318 4948 2486 5003 codex
2516 4949 2583 5002 ad
2612 4949 2892 5003 vindictam
2925 4956 3122 4998 tantam
3165 4948 3430 5010 pertinens
3464 4954 3576 4993 sce-

1992 5023 2134 5076 leris.
2170 5021 2402 5076 Tantum
2440 5028 2621 5074 autem
2653 5019 2831 5076 scelus
2861 5015 3192 5071 invasionem
3237 5014 3586 5082 episcopatus

1989 5101 2168 5149 vocat.
3193 5106 3200 5112 “

2066 5163 2252 5232 (1081)
2290 5162 2550 5232 Explica:
2588 5163 2688 5230 Qui
2740 5157 2885 5213 enim
2929 5154 3126 5232 suntin
3169 5153 3588 5232 i_sta_bominum
