4044 5348
521 215 645 306 (bili!

1473 206 1808 263 RATHERII
1848 204 2064 263 EPISC.
2107 203 2361 263 VERON.
2403 204 2556 265 OPP.
2595 203 2779 263 PARS
2814 205 2854 263 I.

3718 206 3826 266 600

444 368 463 381 .
537 324 810 396 quondam
833 324 1096 381 Dominus
1122 321 1359 380 dixerit:
1388 318 1453 376 Et
1492 321 1589 376 erit
1618 321 1751 375 sicut
1779 318 2025 390 populus,
2055 320 2129 373 sic
2158 324 2208 381 Α
2237 330 2460 373 monere
2507 332 2604 374 vos
2653 314 3020 373 necessarium
3071 331 3244 386 aueo,
3299 324 3360 374 ut
3402 316 3539 375 mihi
3586 324 3646 375 et
3673 318 3826 379 vobis

541 421 827 484 sacerdos;
858 432 1000 471 nunc
1031 417 1244 487 pejores
1271 415 1498 470 multum
1529 414 1640 469 sint
1667 413 1979 467 sacerdotes
2027 427 2130 466 no-

535 492 657 576 stri,
687 511 823 582 proh
855 510 1042 565 dolor!
1085 525 1246 581 quam
1279 508 1565 581 populares
1605 504 1812 576 (1084).

528 628 533 639 ι
604 607 694 661 17.
738 604 910 661 Tanta
964 619 1095 676 ergo
1145 605 1476 673 interceptus
1528 601 1738 657 consilii
1774 599 2126 665 diﬂicultate,

514 697 877 755 consultores
899 707 1124 752 coactus
1152 697 1452 767 requirere,
1475 707 1744 762 nusquam
1772 693 1899 747 dum
1924 692 2128 746 nullum

536 780 846 855 inveniam,
888 803 1148 862 pergere,
1180 798 1241 843 ut
1279 788 1432 852 dixi,
1483 796 1672 856 satago
1715 784 1964 841 Romam.
1996 787 2133 840 Pro-

534 890 721 952 speret
750 880 846 937 Dei
876 882 1051 951 pietas
1080 879 1435 933 intentionem
1474 878 1527 932 in
1562 877 1665 931 hoc
1702 877 2130 933 misericorditer

532 984 732 1024 meam.
763 971 1032 1024 Plurimos
1052 984 1182 1023 vero
1203 979 1441 1023 vestrum
1467 968 1826 1039 compererim
1851 970 1976 1023 dum
2002 967 2129 1024 inde

531 1059 732 1126 lmtari,
760 1062 917 1132 quasi
949 1078 1058 1117 non
1106 1061 1331 1135 debeam
1384 1061 1561 1117 isthnc
1616 1075 1854 1131 unquam
1888 1060 2123 1126 reverti;

608 1173 795 1249 (1084)
838 1174 1154 1249 Populares,
1258 1182 1343 1231 est
1367 1175 1511 1249 laici.
1541 1172 1835 1249 Populares
1867 1172 2126 1249 enim_hi_c

504 1234 878 1314 “oppanun'tnr
919 1234 1302 1301 sacerdotibus
1340 1255 1401 1302 et
1434 1234 1649 1301 clericis
1676 1262 1689 1301 :
1715 1247 1856 1301 unde
1898 1244 2126 1300 invaluit

512 1315 702 1371 ‘clerus
724 1327 771 1371 et
800 1316 1047 1388 populus.
1632 1355 1637 1359 ς

2237 425 2578 466 communem
2607 411 2745 466 hanc
2779 410 3038 467 noveritis
3068 408 3185 468 fore
3212 411 3542 469 omnimodis
3580 422 3822 482 sortem,

2237 502 2512 565 videlicet,
2538 512 2595 556 ut
2623 503 2668 559 si
2697 503 2859 558 isthic
2881 505 3206 573 praeﬁnitum
3232 505 3366 561 mihi
3390 515 3474 562 est
3503 508 3645 563 mort
3670 547 3687 571 ,
3717 521 3823 564 non

2236 596 2440 665 possim
2475 594 2580 650 illic
2602 597 2826 651 omnino
2846 596 3086 668 defungi.
3115 596 3173 652 Si
3195 612 3293 653 vos
3323 597 3432 654 illic
3455 613 3589 655 vero
3617 598 3826 659 debetis

2238 696 2451 756 tempus
2480 702 2795 744 concessum
2826 688 3005 754 linire,
3046 689 3136 746 hic
3164 689 3313 748 nullo
3347 691 3509 748 modo
3531 691 3825 749 terminum

2233 779 2359 835 vitae
2404 782 2624 852 possitis
2664 783 2884 836 habere.
2926 781 3309 854 Cujnscunque
3346 783 3489 839 modi
3535 799 3669 856 erga
3739 799 3826 843 me

2231 889 2361 931 vero
2385 876 2551 930 animi
2593 875 2754 941 sitis,
2784 878 3104 932 commendo
3148 892 3245 933 vos
3288 877 3551 933 custodire
3601 876 3823 945 divina,

2232 967 2474 1023 discendi
2508 966 2690 1038 (1085)
2736 983 2921 1025 amore
2989 978 3212 1026 coaetus
3265 968 3394 1026 hinc
3445 968 3671 1037 abiens,
3714 968 3827 1042 pie-

2230 1062 2374 1118 tatis.

2303 1177 2488 1246 (1085)
2528 1178 2836 1234 Constrne:
2870 1180 3059 1236 Abiens
3092 1182 3215 1236 hinc
3259 1156 3473 1236 coactus
3509 1193 3694 1234 amore
3715 1176 3824 1233 dis-

2230 1250 2402 1317 cendi,
2432 1252 2736 1305 commendo
2763 1268 2850 1307 vos
2879 1252 3131 1307 custodia:
3156 1253 3365 1324 pietatis
3393 1251 3609 1307 divinae.

539 1454 3821 1488 —-——-————————————————_——————————————————‘

1258 1607 1421 1685 557
1455 1591 1988 1688 OTTONIS
2062 1594 2097 1683 Ι
2179 1593 2999 1690 IMPERATOBIS

1801 1763 2001 1847 (1086)
2038 1767 2565 1832 PRIVILEGIUM

1195 1910 1487 1974 Ratherio
1558 1910 1852 1994 episcopo
1913 1919 1971 1974 et
2027 1912 2364 1978 Veronenst'
2426 1913 2723 1978 Ecclesiae
2785 1906 3161 1980 concessum.

502 2176 509 2182 ’
600 2156 661 2214 In
690 2155 911 2214 nomine
940 2164 1144 2212 sanctae
1174 2160 1231 2211 et
1252 2153 1550 2209 individua:
1588 2152 1878 2209 Trinitatis
1924 2152 2124 2212 Homo
2154 2156 2205 2219 Β
2230 2155 2468 2226 paticum
2533 2154 2587 2210 in
2645 2152 2889 2221 castello,
2942 2152 3085 2225 quod
3112 2162 3343 2235 vocatur
3364 2153 3570 2235 Portus
3595 2153 3817 2229 (1091)ε

494 2272 499 2277 ε
532 2248 715 2306 divina
738 2247 954 2304 favente
979 2245 1267 2302 clementia
1291 2245 1589 2315 imperator
1611 2243 1911 2316 Angustus.

496 2364 503 2369 λ
597 2340 823 2397 Noverit
878 2339 1120 2394 omnium
1174 2336 1413 2392 ﬁdelium
1462 2345 1775 2392 nostrorum
1830 2346 1937 2391 tam
1985 2352 2129 2408 ιιι-ωε

535 2435 773 2490 sentium
806 2432 1015 2488 scilicet
1061 2447 1224 2502 quam
1266 2430 1572 2485 futurorum
1620 2430 1909 2492 industria,
1956 2430 2129 2485 inter-

531 2534 697 2580 ventu
725 2522 908 2595 (1087)
937 2521 1242 2575 charissimi
1270 2520 1361 2574 filii
1388 2529 1443 2575 et
1467 2520 1742 2590 equinomi
1772 2521 1961 2582 nostri,
1990 2536 2128 2577 con-

539 2615 767 2671 cessisse
791 2628 889 2669 nos
910 2613 1165 2668 Ecclesia
1184 2612 1497 2671 Veronensi.
1526 2611 1609 2666 cui
1634 2610 1918 2666 clementia
1938 2622 2126 2669 nostra

532 2705 825 2777 imperiali,
863 2715 1085 2760 auctore
1132 2703 1265 2766 Deo,
1297 2704 1593 2759 Ratherins
1627 2706 1915 2774 episcopus
1942 2706 2128 2776 praesi-

495 2812 505 2818 '
530 2799 662 2855 dere
683 2799 1042 2871 dignoscittu,
1067 2798 1136 2851 oh
1164 2812 1404 2852 amorem
1427 2797 1519 2851 Dei
1543 2806 1595 2851 et
1615 2806 1817 2851 sanctae
1846 2798 1935 2850 Dei
1962 2797 2127 2854 Geni-

534 2894 689 2951 tricis
714 2894 996 2965 sanctique
1021 2892 1254 2947 Zenonis
1268 2890 1529 2962 quidquid
1548 2890 1822 2947 residuum
1836 2900 1920 2947 est
1937 2891 2121 2963 (1088)

497 2987 599 3042 'de
644 3001 731 3053 eo,
761 2986 905 3057 quod
959 2984 1145 3056 (1089)
1221 2993 1598 3039 antecessores
1642 2982 1817 3039 nostri
1871 2993 2123 3039 anteces-

490 3077 748 3133 ‘soribus
801 3076 972 3148 ipsius
1015 3076 1084 3131 ad
1138 3085 1328 3147 portas
1368 3073 1503 3130 duas
1560 3074 1796 3131 civitatis
1846 3075 2126 3145 pertinens

484 3182 489 3189 ’
526 3167 902 3230 contulerant,
935 3181 1098 3221 unam
1130 3166 1343 3221 scilicet
1381 3182 1502 3237 qua:
1527 3166 1728 3223 dicitur
1750 3166 1926 3222 sancti
1951 3165 2124 3223 Zeno-

531 3260 635 3325 nis,
662 3259 912 3325 alteram,
944 3274 1065 3330 qua:
1084 3261 1302 3315 nomine
1327 3259 1501 3314 sancti
1524 3258 1695 3314 Firmi
1727 3268 1972 3322 vocatur.
1998 3274 2123 3315 eum

533 3353 753 3410 teloneo
791 3353 860 3407 de
906 3351 1184 3423 plaustris,
1237 3362 1295 3408 et
1329 3351 1477 3407 onmi
1531 3352 1689 3408 nobis
1730 3367 1797 3407 ex
1825 3353 1905 3408 eis
1941 3353 2123 3409 debito

528 3445 767 3502 redditu.
795 3443 1158 3501 Concedimus
1186 3442 1375 3507 etiam,
1398 3442 1505 3497 imo
1536 3442 1810 3498 reddimus
1832 3442 1881 3498 ei
1912 3459 2121 3499 merca-

472 3530 477 3539 ’
530 3548 641 3594 tum
675 3540 729 3595 in
782 3537 1076 3593 festivitate
1115 3536 1173 3591 S.
1206 3536 1461 3601 Zenonis,
1502 3535 1587 3590 vel
1616 3536 1669 3591 in
1722 3537 1885 3591 ramis
1911 3537 2121 3606 palma-
2148 3522 2194 3583 C

470 3620 475 3625 .
531 3648 675 3695 runt,
702 3631 844 3688 sicut
864 3641 1240 3685 antecessores
1264 3629 1434 3684 nostri
1463 3629 1642 3685 eidem
1670 3628 1923 3683 Ecclesia:
1954 3628 2124 3700 458

531 3724 872 3779 concessisse
908 3730 1223 3776 narrantur.
1284 3718 1645 3774 Concedimus
1699 3720 1865 3773 etiam
1906 3720 1954 3773 ci
1986 3719 2124 3774 duas

529 3816 806 3888 portiones
850 3815 917 3870 de
942 3813 1169 3885 ripatico
1199 3812 1405 3883 (1090),
1443 3822 1499 3868 et
1521 3812 1699 3883 ipsum
1726 3826 1793 3866 ex
1817 3810 2030 3881 integro
2052 3808 2127 3864 ri-

609 3972 795 4047 (1080)
835 3973 983 4047 Istud
1013 3970 1356 4047 privilegium
1384 3970 1595 4047 primus
1620 3967 1791 4024 edidit
1845 3966 2125 4047 Ughellius

476 4012 479 4017 η
609 3972 795 4099 (MSS)
835 3973 983 4056 Istud
1013 3972 1354 4043 privilegium
1384 3972 1595 4041 primus
1620 3972 1791 4024 edidit
1846 3972 2125 4051 Ughellius

471 4096 479 4103 .
540 4054 677 4102 tom.
836 4045 1001 4099 Italia:
1055 4059 1245 4105 sacrae,
1274 4042 1380 4097 col.
1423 4041 1548 4106 735,
1586 4053 1730 4094 nunc
1772 4048 1953 4092 autem
1983 4048 2123 4095 tnte-
2156 4102 2165 4105 _

576 4132 698 4173 rum
727 4126 782 4171 et
807 4114 1155 4188 emendatius
1178 4112 1455 4188 profertur
1487 4113 1565 4188 ad
1601 4111 2122 4188 tio-rutamuorigina-

576 4132 698 4173 rum
727 4132 782 4171 et
807 4132 1149 4173 emendatius
1178 4132 1455 4184 [)I'OIet'tttr
1500 4132 1565 4167 :Iu
1601 4132 1847 4164 nurtttautt
1880 4132 2122 4188 unguiu-

480 4186 481 4195 “
536 4132 646 4255 fis,
696 4189 839 4259 quod
896 4186 949 4259 in
978 4186 1234 4259 oArehivo
1268 4184 1519 4259 Ilapitnli
1571 4179 1903 4237 catltedralis
1952 4180 2125 4259 γεω-

539 4252 730 4315 nelisis
783 4257 1055 4331 Ecclesiae
1087 4252 1437 4331 custoditum,
1490 4265 1686 4331 exacte
1736 4252 2123 4331 trimseriptum

538 4331 699 4386 nobis
725 4330 973 4386 exhibuit
1022 4326 1452 4381 Bartlmlommus
1480 4321 1843 4393 Campagnola
1880 4321 2123 4389 ejnsilem

462 4412 465 4419 '
535 4400 771 4471 tiapituli
805 4401 936 4456 olim
966 4398 1329 4455 cancellarius
1354 4438 1370 4463 ,
1409 4413 1554 4453 nunc
1589 4392 2035 4465 archipresbyter
2062 4392 2119 4449 S.

532 4472 783 4528 chiltte.

633 4542 793 4613 1087)
833 4541 1110 4598 Iudicatur
1146 4537 1738 4613 interventusUOttonis
1791 4535 2035 4613 lilii.__qui
2067 4536 2143 4593 in.

532 4606 740 4670 Italiam
773 4606 1038 4685 veniens,
1076 4627 1283 4685 paucos
1325 4623 1451 4666 ante
1483 4611 1602 4667 dies
1647 4626 1678 4665 a
1702 4617 1859 4679 patre
1898 4606 2127 4664 Verona:

532 4695 793 4742 exceptus
820 4683 941 4739 fait.

606 4750 790 4828 (1088)
832 4754 1002 4828 voces
1026 4754 1280 4828 quidquid
1304 4753 1577 4828 residuum
1601 4762 1677 4807 est
1704 4753 1945 4828 indicant
1988 4750 2123 4807 alios
2156 4804 2161 4807 .

532 4827 739 4900 aliquot
772 4825 1047 4900 redditus,
1070 4827 1162 4900 qui
1192 4841 1257 4900 es
1284 4825 1493 4900 duabus
1523 4825 1609 4900 h_i_e
1644 4827 1955 4880 memoratis
1990 4838 2120 4893 por-

2231 2246 2496 2318 quidquid
2523 2247 2689 2302 etiam
2723 2234 3295 2303 antecessores'nostri
3333 2234 3508 2320 usque
3535 2247 3606 2303 ad
3631 2259 3815 2306 nostra

2232 2349 2477 2411 tempora
2529 2339 2706 2396 eidem
2747 2339 3005 2397 Ecclesia:
3041 2340 3413 2423 contulerunt,
3460 2351 3518 2398 et
3556 2357 3660 2414 per
3686 2358 3822 2416 pra-

2192 2438 2385 2507 ‘cepta
2442 2435 2821 2502 ﬁrmaverunt,
2877 2443 3049 2491 totum
3101 2436 3480 2502 concedimus,
3526 2446 3695 2509 atque
3719 2439 3820 2495 isto

2229 2534 2503 2597 praecepto
2531 2527 2836 2581 ﬁrmamus.
2877 2526 3105 2582 Omnem
3151 2541 3368 2597 quoque
3405 2527 3683 2598 publicam
3706 2526 3822 2585 iun-

2229 2619 2465 2674 ctionem
2499 2634 2529 2674 a
2558 2618 2798 2674 castellis
2825 2618 3017 2690 ipsius,
3050 2634 3171 2690 qua:
3211 2635 3355 2674 nunc
3378 2629 3523 2683 sunt,
3548 2628 3605 2677 et
3626 2621 3681 2676 in
3704 2636 3827 2692 perb

2227 2718 2448 2782 petuum
2502 2710 2569 2765 ad
2608 2712 2853 2765 eamdem
2908 2709 3205 2766 Eeclesiam
3253 2711 3581 2783 pertinentia
3641 2720 3817 2781 erunt,

2227 2803 2305 2858 ita
2354 2803 2538 2874 (1092)
2595 2803 2969 2859 abscindimns
3004 2819 3069 2859 ac
3120 2819 3485 2869 removemus,
3511 2813 3573 2859 ut
3602 2820 3707 2862 nec
3733 2820 3820 2862 oo-

2182 2916 2187 2921 ·
2227 2910 2366 2961 mes,
2417 2911 2516 2951 nec
2556 2896 2887 2963 vicecomes,
2943 2911 3120 2968 neque
3162 2896 3466 2952 seuldascio
3494 2905 3819 2968 potestatem

2184 3008 2189 3017 -
2226 2987 2391 3042 ullam
2415 2988 2469 3043 in
2496 2987 2578 3044 eis
2600 2988 2877 3054 manendi,
2924 2989 3008 3043 vel
3046 2988 3285 3060 aliquem
3319 2989 3562 3044 habeant
3596 2986 3822 3044 distrin-

2226 3080 2384 3151 gendi
2412 3096 2428 3146 ;
2483 3080 2581 3136 sed
2644 3094 2835 3135 omnes
2861 3082 2914 3135 in
2951 3080 3033 3136 eis
3061 3090 3477 3137 commanentes
3498 3081 3572 3135 ita
3596 3081 3701 3136 sub
3727 3094 3823 3152 po.

2227 3181 2478 3229 testatem
2506 3172 2592 3227 vel
2633 3173 2811 3238 istius,
2846 3171 2929 3229 vel
2970 3172 3137 3241 illius,
3169 3173 3262 3244 qui
3300 3189 3400 3242 per
3428 3172 3811 3231 successiones

2228 3277 2531 3338 temporum
2550 3263 2664 3335 jam
2694 3266 2854 3323 dicta:
2890 3265 3146 3322 Ecclesiae
3166 3264 3507 3337 praefuerint,
3537 3272 3819 3333 maneant,

2224 3368 2285 3414 ut
2311 3373 2575 3429 nusquam
2613 3372 2708 3413 eos
2753 3356 3083 3429 distringere
3137 3357 3320 3430 aliqua
3352 3366 3540 3413 nostro
3574 3356 3820 3428 subjecta

2226 3450 2501 3507 licentiam
2545 3451 2742 3506 haheat
2798 3461 3083 3520 potestas;
3135 3452 3228 3506 sed
3279 3451 3322 3506 si
3370 3450 3500 3521 quid
3532 3463 3822 3522 perperam

2226 3543 2310 3597 vel
2338 3559 2369 3598 a
2410 3544 2692 3599 massariis
2720 3542 2928 3616 (1095),
2980 3542 3066 3598 vel
3094 3558 3123 3598 a
3147 3541 3483 3608 castellanis,
3524 3541 3611 3596 vel
3638 3557 3670 3596 a
3704 3540 3820 3611 ple.

2227 3635 2413 3698 ctitiis,
2459 3633 2545 3689 vel
2600 3635 2905 3699 incensitis,
2940 3633 3028 3689 vel
3065 3650 3096 3690 a
3130 3633 3509 3701 commodatis,
3535 3632 3623 3687 vel
3655 3630 3823 3707 4⁵9

2226 3724 2476 3790 cler;cis,
2533 3724 2618 3778 vel
2671 3724 2890 3779 fainnlis
2938 3724 3110 3795 ipsius
3161 3722 3327 3779 fuerit
3369 3731 3573 3786 actum,
3628 3732 3724 3778 aut
3750 3722 3821 3777 ab

2227 3820 2364 3890 ipso,
2398 3828 2491 3874 aut
2524 3819 2709 3891 (1094)
2738 3818 3075 3875 ministeriali
3116 3818 3288 3889 ipsius
3317 3818 3389 3872 sit
3407 3817 3557 3889 juste
3586 3825 3644 3872 et
3669 3815 3814 3889 lega-

2227 3982 2389 4044 patus
2439 3971 2677 4030 habebat
2726 3972 2781 4027 in
2835 3971 3046 4038 Portu,
3096 3969 3222 4044 quid
3259 3970 3526 4044 evenerit,
3576 3969 3823 4044 videdo-

2227 3987 2389 4044 palus
2441 3987 2677 4030 hauebat
2726 3989 2781 4027 tn
2838 3987 3046 4038 I’OI'w,
3096 3987 3222 4099 quia
3259 3987 3526 4032 evenerit,
3576 3987 3818 4025 naeuo-

2227 4054 2562 4169 ggtzngittstéztn
2585 4044 2711 4099 anni
2747 4043 2882 4099 1217
2915 4044 3056 4115 apud
3133 4042 3410 4116 lgltellium
3457 4050 3592 4097 tom.
3620 4039 3687 4107 ν,
3710 4038 3818 4097 col.

2266 4126 2333 4169 22
2353 4126 2405 4169 et
2433 4130 2586 4185 seqq.

2299 4187 2482 4258 (1092)
2514 4183 2604 4241 Ex
2642 4186 2745 4242 hoc
2781 4186 2901 4242 loco
2938 4186 3286 4242 manifestum
3314 4193 3418 4258 est_
3442 4183 3821 4258 omnimodam

2221 4253 2675 4328 jurisilictionem,
2717 4271 2772 4314 et
2818 4275 2847 4312 a
2874 4258 3328 4328 gubernatoribus
3382 4254 3714 4311 Veronensis
3743 4253 3821 4309 ci-

2226 4329 2409 4401 vitatis
2444 4329 2909 4401 imlepemlenlem
2937 4330 3272 4401 episcopatui
3302 4328 3473 4401 fuisse
3494 4339 3820 4401 concessam

2227 4400 2280 4473 in
2309 4400 2488 4454 ninnia
2518 4401 2736 4455 castella
2761 4440 2777 4465 ,
2831 4415 2923 4473 seu
2956 4399 3205 4473 pagos—et
3261 4400 3413 4473 vicos
3426 4399 3516 4473 _ad_
3537 4412 3665 4452 eum
3692 4410 3819 4468 per-

2227 4470 2504 4549 tinentes:
2536 4488 2602 4527 ex
2625 4488 2749 4549 _qna
2782 4468 2977 4549 similis
3001 4468 3397 4549 jurisdictionis
3425 4470 3478 4523 in
3503 4468 3818 4549 loca_..qua

2225 4558 2369 4597 nunc
2419 4544 2486 4598 ab
2535 4538 2729 4598 eodem
2777 4538 3091 4614 episcopatu
3129 4542 3499 4613 possidentur,
3546 4538 3816 4610 originem

2225 4614 2505 4686 dimanare
2531 4614 2931 4686 cognoscittins.
2996 4654 2999 4659 »

2297 4684 2480 4758 (1095)
2522 4679 2776 4758 Μιῖᾳεᾳνὶἱ
2804 4682 3242 4758 dicebanturqui
3266 4679 3814 4758 praediamassaritic

2229 4750 2495 4840 appellata
2551 4756 2823 4840 colebant,
2862 4757 3066 4840 quique
3089 4750 3343 4838 adl'me'in
3379 4752 3709 4840 quibusdam
3723 4750 3817 4840 llo-

2228 4819 2317 4899 eis
2347 4829 2502 4883 nobis
2546 4828 2792 4883 ﬁnitimis
2813 4819 3003 4899 ivulgo
3036 4826 3264 4899 ἠαβεατ-ἱ
3291 4819 3812 4899 vocantur.__Ca_s_lcl-

534 4891 1035 4983 tis'provenientes
1082 4891 1165 4983 ad.
1199 4896 1502 4983 .Ecelesiam
1542 4894 1913 4983 ileronensen‘t.
1962 4891 2124 4983 antea
2158 4893 2359 4966 Dlam’,
2415 4900 2467 4954 id
2515 4910 2598 4982 est
2649 4891 2991 4983 castellorum
3039 4897 3361 4983 incohant»
3396 4894 3644 4983 pfcctitiis
3665 4891 3810 4983 dice:

533 4966 902 5040 pertinebant,
940 4971 1012 5025 ab
1045 4982 1109 5025 ea
1137 4967 1305 5040 fuisse
1330 4971 1645 5040 distractos,
1675 4969 1816 5040 sicut
1846 4966 1949 5020 alia
1980 4966 2125 5019 mul-

534 5036 589 5096 ta
619 5042 881 5124 distracta
911 5040 1205 5096 Ratlterius
1235 5039 1292 5096 in
1333 5037 1622 5107 Qualitatis
1658 5036 1963 5108 conjectura
1992 5050 2126 5091 con-

837 5181 977 5267 Hinc
1021 5181 1198 5264 elucet
1241 5181 1568 5267 antiquitas:
1591 5177 1807 5267 telooei
1826 5187 2122 5267 portarum

532 5250 788 5348 sitiet}:
806 5250 2121 5348 .?tis“°Pl%’._°9"Pe?i‘.'-33'lfliidltf’iit‘fft'm"

537 5337 779 5348 --------M

2229 4960 2355 5026 mus
2404 4979 2514 5025 not.
2576 4970 2629 5025 in
2660 4968 2992 5024 Judicatum.
3054 4968 3344 5035 lncemiti,
3395 4960 3447 5021 id
3495 4976 3582 5021 est
3622 4960 3808 5019 rustici

2225 5042 2412 5118 censui
2466 5041 2722 5118 obnoxii,
2780 5043 2854 5118 uti
2901 5042 3092 5113 probat
3134 5039 3392 5118 Qangius.
3448 5037 3620 5093 Porro
3661 5050 3804 5118 con-

2224 5113 2440 5189 modum
2469 5129 2565 5184 pro
2599 5106 2918 5189 stipendio;
2962 5128 3056 5169 seu
3096 5106 3294 5189 salario
3318 5121 3616 5189 _acceptu_m
3663 5106 3804 5189 idem

2225 5180 2740 5253 Cangius'ostendit.
2774 5183 2965 5254 Itaque
3012 5183 3330 5239 commodnti
3365 5180 3526 5239 erant
3562 5180 3805 5236 homines

2221 5254 2492 5348 stipentt‘lio
2520 5254 2791 5348 oondueti.
2828 5323 2843 5348 '

2966 5326 3261 5348 ---L-..n--..
3290 5325 3529 5348 ...!..--.-_
3558 5317 3801 5348 -αΙ,2-Ι..
