4044 5348
292 137 395 200 601

1114 126 1559 189 ρηινιιεαιωι
1595 122 1893 187 OTTONIS
1931 123 1954 182 1
1994 123 2130 184 PRO
2169 123 2453 184 ECCLES.
2492 121 2753 184 VERON.

3472 123 3589 185 605

287 266 421 325 liter
447 260 815 320 emendatum.
847 256 905 312 In
935 255 1048 312 suis
1073 263 1337 327 praeterea
1375 251 1530 323 aquis
1557 265 1716 305 nemo
1744 262 1882 318 prze-
1915 248 1959 306 Λ
1990 261 2118 300 num
2171 254 2399 317 cogatur
2451 246 2769 313 exsolvere;
2831 244 2971 302 idem
3016 244 3263 318 legaliter
3294 259 3578 318 passurus,

289 365 476 414 sumat
503 353 723 425 piscari,
756 351 858 406 nisi
889 347 1187 418 antiquitus
1211 345 1427 400 lit-entia
1464 342 1643 397 fuerit.
1675 339 1884 410 thuia

288 448 413 518 ipse
443 446 626 518 (1095)
670 458 874 515 egenus
903 451 958 495 et
1005 441 1236 500 advena,
1285 447 1339 492 et
1376 437 1522 492 oumi
1559 451 1754 490 carens
1784 433 1885 488 nisi

286 541 390 612 1)βὶ
443 549 499 596 et
529 539 701 596 nostri
751 537 976 602 auxilio,
1011 535 1176 590 multa
1216 533 1328 602 jam
1379 540 1460 589 est
1489 546 1777 603 perpessus
1807 531 1888 584 in-

290 633 584 690 commoda
612 648 627 698 ;
659 630 996 700 hoejuvandi
1017 627 1233 700 ingenio
1258 642 1380 682 eum
1411 625 1658 680 volumus
1682 624 1882 689 levare,

286 737 353 784 ut
382 737 582 800 praeter
632 727 684 782 id
744 725 885 797 quod
930 732 1035 787 est,
1063 731 1120 776 ut
1147 721 1351 786 caueri,
1405 722 1456 775 in
1500 734 1668 791 regno
1701 727 1886 774 noster

284 820 602 891 episcopus,
642 819 903 875 sibetiam
944 816 1126 886 (l096)
1154 814 1532 870 mundeburde
1557 821 1741 868 nostro
1775 822 1883 868 tam

286 911 514 984 speciali
574 911 930 983 prterogativa
964 918 1272 982 protectus,
1315 908 1438 962 utsi
1461 907 1583 977 quis
1613 923 1736 962 eum
1766 922 1883 961 am-

282 1005 459 1077 plius,
489 1015 552 1062 ut
577 1020 751 1075 usque
781 1019 949 1068 nunc,
991 1002 1400 1074 przesumpserit
1433 1001 1758 1071 inquietare,
1793 1007 1888 1053 aut

285 1097 480 1171 (1097)
511 1098 730 1154 rebellis
759 1098 1014 1162 existere,
1041 1097 1124 1152 vel
1151 1097 1258 1152 Deo
1295 1095 1713 1160 contradixerit,
1740 1094 1884 1164 quod

281 1204 450 1247 suum
505 1190 866 1247 ministerium
908 1199 1013 1256 est,
1075 1190 1379 1256 exhibere;
1432 1189 1477 1244 si
1513 1188 1744 1244 clericus
1775 1196 1884 1255 est,

280 1281 561 1350 omnibus,
590 1299 711 1356 quae
737 1284 918 1350 habet,
951 1284 1002 1338 in
1042 1292 1368 1354 potestatem
1422 1283 1594 1354 ipsius
1623 1283 1882 1349 redactis,

258 1363 356 1436 fde
392 1373 636 1430 Ecclesia
680 1391 852 1446 usque
899 1375 965 1430 ad
1005 1375 1438 1431 satisfactionem
1484 1374 1780 1447 legitimam
1804 1383 1886 1430 at-

279 1481 399 1537 que
417 1467 742 1539 condignam
773 1466 1048 1538 pellatur;
1106 1468 1151 1522 si
1180 1484 1388 1534 servus,
1419 1469 1563 1538 quod
1597 1483 1883 1523 servorum

279 1568 373 1615 est
399 1559 611 1626 subeat,
637 1569 690 1617 et
717 1561 770 1615 in
822 1570 1090 1632 potestate
1137 1562 1328 1632 ipsius,
1353 1570 1410 1616 ut
1439 1577 1504 1617 ex
1537 1562 1740 1628 debito,
1770 1577 1886 1616 ma-

278 1660 414 1706 neat
445 1669 460 1705 :
499 1650 843 1721 habeantque
874 1651 1058 1706 fideles
1083 1661 1138 1707 et
1167 1653 1328 1707 amici
1361 1651 1637 1707 licentiam
1662 1653 1870 1723 absque
1914 1635 1962 1699 Β

277 1740 452 1796 ullius
499 1743 911 1812 compositionis
960 1744 1156 1798 timore
1205 1743 1354 1798 illum
1403 1743 1544 1798 etde
1596 1743 1712 1799 istis
1738 1743 1882 1798 etde

278 1833 561 1898 omnibus,
588 1848 707 1903 qua:
737 1833 811 1887 illi
841 1835 1155 1904 expediunt,
1196 1851 1356 1907 agere
1389 1835 1591 1907 [supple
1617 1835 1882 1908 etc.]'pro

281 1942 451 1998 posse
465 1926 678 1996 juvare.
711 1928 896 2000 (l098)
945 1929 1000 1984 Si
1035 1946 1242 1995 eomes,
1282 1931 1604 1994 vicccomes,
1637 1930 1882 1984 seuldas-

276 2019 391 2080 cio,
437 2029 531 2074 aut
560 2019 738 2088 aliqua
767 2021 1046 2077 saecularis
1073 2031 1314 2092 potestas
1363 2024 1466 2077 hoc
1512 2023 1706 2093 egerit,
1737 2023 1881 2077 etde

277 2123 371 2170 eo,
403 2109 549 2178 quod
581 2111 746 2181 ipsius
773 2113 1052 2180 proprium
1104 2122 1206 2177 est,
1238 2129 1296 2168 se
1327 2122 1514 2167 contra
1549 2112 1880 2167 voluntatem

281 2199 457 2271 ipsius
522 2201 899 2269 inframiserit,
949 2204 999 2258 id
1033 2214 1115 2259 est
1146 2215 1202 2257 ut
1235 2215 1432 2260 terram
1467 2207 1634 2276 ipsius
1664 2208 1869 2274 absque

281 2293 450 2350 ullius
482 2295 606 2349 dato
642 2299 894 2357 tennerit,
946 2309 1038 2352 aut
1063 2297 1317 2352 clericum
1369 2299 1559 2368 ipsius,
1593 2298 1677 2352 vel
1706 2301 1882 2352 famu-

279 2387 396 2443 lum
432 2390 485 2443 in
515 2405 578 2445 eo
604 2391 1064 2455 nmendationem,
1103 2391 1218 2462 ipso
1269 2408 1373 2446 non
1410 2393 1759 2458 concedente,
1798 2409 1884 2449 re.

281 2482 517 2554 ceperit,
568 2493 660 2536 aut
705 2482 907 2553 aliquid
962 2485 1139 2538 simile
1168 2484 1240 2536 illi
1282 2483 1542 2549 intulerit,
1575 2497 1791 2539 centum
1823 2484 1884 2538 li-

278 2577 418 2632 bras
446 2577 560 2630 auri
588 2577 741 2631 nobis
773 2587 1055 2647 componat
1085 2595 1099 2643 ;
1150 2577 1314 2651 460
1345 2579 1597 2631 damnum
1633 2579 1876 2651 lltSllpt‘f‘,

280 2669 432 2738 quod
453 2669 503 2724 ei
542 2669 746 2733 intulit,
780 2686 875 2737 per
921 2670 1091 2739 legem
1119 2671 1293 2724 eidem
1333 2678 1625 2722 restanret.
1663 2669 1878 2724 Nullum

279 2759 451 2813 etiam
478 2759 837 2814 castellanum
867 2761 1034 2830 ipsius
1065 2775 1092 2814 a
1127 2759 1348 2814 castello
1373 2759 1514 2813 illius
1539 2759 1790 2824 seducat,
1826 2769 1881 2814 et

281 2851 337 2904 in
366 2867 546 2914 suum,
581 2853 710 2922 quia
739 2853 844 2906 hoc
875 2861 958 2905 est
991 2849 1429 2918 injustissimum,
1455 2851 1724 2916 collocet;
1755 2859 1809 2906 et
1835 2851 1880 2906 si

280 2937 497 3006 fecerit,
530 2941 892 2997 immunitatis
945 2940 1238 2997 fracturam
1279 2942 1378 3008 illi,
1411 2943 1566 2998 nobis
1599 2958 1725 2998 vero
1747 2944 1884 2998 ban-

357 3081 546 3152 (1095)
585 3082 707 3154 Ipse
722 3084 1017 3139 Ratberius
1035 3084 1086 3138 in
1107 3083 1395 3150 Qualitatis
1412 3084 1712 3153 conjectura
1729 3101 1880 3140 num.

284 3151 355 3206 15
385 3151 684 3224 egestatem
710 3172 862 3209 suam
897 3156 1102 3210 indicat
1130 3196 1145 3220 ,
1175 3164 1228 3208 et
1255 3172 1402 3209 num.
1446 3151 1532 3220 lli,
1564 3172 1622 3209 se
1657 3157 1880 3211 destitu-

279 3231 398 3276 tum
427 3224 655 3297 alIirtnat
686 3227 919 3280 omnium
951 3229 1242 3280 amicorum
1268 3227 1547 3297 praesidio,
1589 3238 1764 3295 utpote
1787 3229 1884 3281 ad-

279 3308 438 3349 vena.
489 3296 543 3351 ln
588 3298 1082 3372 solo_imperatore
1109 3309 1228 3367 post
1270 3296 1440 3352 Deum
1499 3297 1752 3353 fiduciam
1780 3299 1881 3354 sibi

279 3380 574 3433 superesse
601 3368 849 3436 pluribus
875 3369 926 3422 in
947 3368 1101 3423 'locis
1134 3378 1382 3423 testatur.

353 3437 544 3507 (1096)
585 3439 971 3493 Mundeburdis
1001 3457 1186 3492 vocem
1223 3450 1413 3493 auctor
1443 3439 1677 3509 explicat
1706 3437 1796 3493 lib.
1828 3456 1884 3496 tv

281 3503 716 3579 Prwloquiorum
762 3527 912 3564 num.
951 3510 1034 3564 1‘2.
1067 3509 1486 3564 Mundeburtlem
1515 3503 1691 3563 autem
1730 3511 1880 3580 vulgo

279 3581 552 3652 quoddam
581 3599 747 3651 genus
772 3581 961 3651 regulis
985 3593 1167 3635 vocant
1199 3583 1435 3635 tuitiouis
1461 3623 1474 3643 ,
1507 3581 1647 3652 quod
1668 3583 1756 3650 qui
1787 3584 1882 3636 Ita-

280 3647 457 3723 buerit
486 3691 501 3714 ,
530 3647 745 3720 speciali
773 3647 998 3723 quodam
1023 3652 1290 3721 privilegio
1312 3654 1387 3704 ita
1419 3647 1559 3721 regia
1588 3647 1764 3705 tuelur
1785 3670 1884 3705 au-

281 3721 530 3794 ctoritate
577 3721 879 3794 plerumque
903 3763 918 3788 ,
970 3733 1024 3776 ut
1059 3739 1150 3776 nec
1173 3726 1220 3777 vi
1247 3765 1262 3787 ,
1305 3740 1395 3776 nec
1409 3723 1616 3792 judicio
1654 3723 1878 3794 aliquid,

281 3791 448 3846 etiam
478 3794 531 3847 iu
557 3791 712 3865 culpa
761 3791 1113 3864 deprehensus
1139 3835 1154 3856 ,
1187 3795 1251 3865 ab
1280 3791 1457 3864 aliqua
1481 3791 1751 3864 patiatur,
1785 3812 1882 3848 an-

282 3870 496 3932 tequam
519 3866 572 3919 in
589 3864 869 3936 prwsentiu
883 3866 1116 3936 ejusdem
1141 3883 1222 3919 ma
1223 3864 1431 3933 jestatis
1451 3869 1722 3936 audiatur.
1741 3865 1881 3921 Prm-

283 3947 416 3987 sens
443 3935 624 3990 autem
658 3935 1110 3991 mundeburdium
1145 3951 1246 3989 non
1280 3936 1450 3990 solum
1477 3935 1717 3990 Ratheri
1752 3953 1879 4006 per-

283 4018 508 4072 sonam,
532 4023 717 4062 verum
751 4008 824 4063 eti
847 4025 914 4062 ll“
951 4009 1096 4074 jura}
1124 4007 1292 4075 ipsius
1322 4008 1372 4060 in
1416 4017 1528 4061 tuto
1569 4007 1874 4062 collocavit.

359 4076 546 4147 (l097)
585 4079 630 4132 A
662 4091 814 4148 tergo
846 4082 1194 4142 Inumbrante,
1231 4079 1281 4131 in
1311 4095 1413 4147 qua
1442 4079 1773 4146 descriptum
1796 4088 1879 4134 est

285 4144 392 4201 hoe
442 4144 706 4220 originale
749 4144 1092 4220 privilegium
1129 4190 1142 4209 ,
1200 4144 1353 4202 adest
1408 4144 1636 4204 vetustae
1685 4166 1876 4206 manus

284 4219 547 4290 potatio,
598 4237 760 4290 quam
807 4221 885 4274 vel
933 4223 1205 4275 scribente
1239 4262 1252 4283 ,
1300 4219 1380 4273 vel
1415 4220 1605 4273 saltem
1635 4222 1874 4276 dictante

285 4288 408 4363 ipso
461 4288 725 4348 llatherio
779 4302 1058 4347 exaratam
1123 4292 1372 4363 laudatus
1433 4293 1874 4363 archipresbyter

253 4362 650 4432 .l}ampagnula
705 4363 862 4418 nobis
909 4364 1171 4417 exhibuit.
1220 4361 1350 4415 Eam
1405 4379 1571 4428 vero,
1623 4361 1874 4417 cumre-

285 4430 597 4502 fera.'ur"ad
623 4449 811 4493 vocem
857 4434 1067 4489 rebelles
1091 4474 1105 4496 ,
1159 4434 1247 4487 hic
1276 4434 1651 4502 appendimus.
1688 4432 1865 4487 Rebel-

288 4501 364 4558 ιω
410 4522 527 4560 vero
576 4505 759 4560 clerici
787 4506 840 4559 Iu'
867 4506 1078 4575 proprie
1101 4515 1220 4559 sunt
1253 4545 1268 4568 ,
1299 4501 1386 4573 qui
1416 4506 1462 4559 ei
1494 4504 1702 4558 obedire
1724 4505 1873 4559 dedi-

289 4588 557 4643 gnantur,
603 4589 652 4632 et
691 4576 1040 4648 quorumlibet
1079 4577 1373 4648 patrocinia
1415 4577 1606 4648 absque
1636 4575 1776 4628 illius
1801 4575 1872 4629 li-

288 4649 458 4702 centia
483 4647 980 4731 quierunt.”8.inqttis
1010 4664 1137 4702 sane
1165 4647 1439 4731 [marinum
1465 4647 1607 4731 istuc!
1643 4663 1757 4731 uere

289 4726 428 4772 ctum
481 4717 946 4776 incotwcrtibiliter
988 4717 1336 4782 contenderit,
1381 4717 1622 4772 malivole
1650 4717 1771 4772 hinc
1796 4720 1872 4788 (id

290 4797 375 4862 est
427 4804 492 4844 ex
541 4791 642 4848 ltoe
704 4790 1005 4862 privilegio)
1029 4803 1126 4862 aut
1153 4790 1534 4862 detruncaverit
1566 4831 1580 4854 ,
1614 4799 1704 4843 aut
1737 4789 1873 4862 forte

290 4859 532 4915 deleverit
561 4903 576 4927 ,
626 4859 868 4918 deleatur
901 4859 994 4917 'tle'
1019 4861 1152 4915 libro
1194 4860 1472 4914 viventium
1500 4900 1515 4925 ,
1562 4872 1608 4915 et
1638 4877 1756 4915 cum
1779 4860 1875 4930 ju-

289 4931 383 4986 sti:
408 4949 512 4987 non
533 4938 816 4989 scribatur.

361 5003 543 5073 (l098)
585 5007 720 5060 Dum
744 5015 932 5061 attetor
952 5001 1172 5072 scripsit
1192 4999 1477 5067 Qualitatis
1493 5003 1873 5073 conjecturam,

293 5071 348 5128 id
375 5071 536 5145 quod
580 5078 684 5132 hoc
737 5077 855 5131 loco
898 5080 966 5132 ab
1019 5071 1346 5144 imperatore
1404 5071 1677 5145 obtinuit,
1722 5089 1781 5130 se
1808 5076 1877 5130 ab

293 5158 358 5198 eo
403 5143 696 5217 petiturum
723 5147 1046 5218 significavit
1076 5143 1225 5198 num.
1269 5145 1336 5199 15
1367 5162 1380 5199 :
1416 5143 1719 5218 Qumrerem
1748 5163 1882 5218 quo-

291 5216 432 5286 que,
472 5219 585 5282 ait,
643 5230 700 5274 ut
727 5216 865 5289 quod
894 5217 1427 5289 antecessores‘illius
1469 5216 1877 5286 prn'ceptis‘sui:

297 5288 544 5343 I'Icclesiw
572 5287 766 5344 nostrtc
793 5291 1160 5348 contulerunt,
1195 5287 1274 5340 vel
1299 5289 1661 5348 ﬁrmaverunt,
1694 5289 1877 5348 defen-

1990 339 2080 407 qui
2111 339 2175 392 de
2207 339 2313 392 ulla
2351 355 2430 403 re,
2463 355 2582 408 qum
2615 339 2680 393 ad
2739 339 3007 394 Eeclesias
3049 339 3267 394 easdem
3305 339 3583 410 pertinent

1991 427 2112 501 [leg.
2148 429 2213 483 ad
2249 430 2494 485 eamdem
2524 429 2822 484 Ecclesiam
2849 430 3129 503 pertinet],
3158 432 3206 486 ei
3231 432 3581 488 contradixe-

1987 526 2078 589 rit,
2111 526 2252 596 quod
2279 527 2380 580 sibi
2417 527 2698 597 proprium
2736 535 2791 581 et
2821 527 2930 582 Deo
2955 537 3036 581 est
3071 527 3348 597 placitum,
3377 541 3577 598 agere;

1986 628 2042 675 et
2069 621 2212 692 quod
2246 628 2410 685 tutor,
2459 629 2513 674 et
2560 618 2836 687 defensor,
2867 629 2920 675 et
2949 621 3326 690 patrocinator
3349 619 3580 692 alicujus

1986 727 2174 768 eorum
2231 713 2282 766 in
2317 719 2469 767 tanto
2521 711 2728 767 scelere
2777 711 3184 782 prmsnmpserit
3219 727 3362 768 esse.
3392 712 3578 786 (1099)

1987 804 2314 871 Libellarirc,
2344 807 2821 873 commutationes,
2852 805 2934 862 vel
2962 807 3220 876 precarite
3254 807 3472 873 dolosas,
3511 822 3579 864 ex

1988 913 2094 967 quo
2122 899 2405 968 episcopus
2430 909 2513 953 est
2535 899 2842 963 ordinatus,
2870 900 2913 954 si
2947 898 3101 954 facte
3126 899 3329 955 fuerint
3350 899 3566 972 aliqua},

1986 989 2235 1043 volmnus
2266 1000 2428 1061 atque
2453 991 2798 1060 pnecipimus
2831 1002 2891 1046 ut
2918 992 3301 1046 rescindantur
3327 993 3574 1061 omnino,

1987 1089 2041 1137 et
2095 1084 2391 1138 secundum
2450 1084 2588 1152 quod
2619 1082 2726 1136 Deo
2760 1083 3016 1154 placitum
3041 1092 3144 1149 est,
3170 1085 3529 1140 emendentur
3560 1103 3574 1141 :

1987 1181 2253 1241 quatenus
2303 1173 2370 1226 ab
2421 1173 2672 1228 omnibus
2725 1173 2884 1237 liber,
2933 1189 3054 1245 quae
3101 1189 3382 1232 removere
3418 1178 3580 1233 abeo

1987 1266 2204 1322 Christo
2265 1266 2479 1322 favente
2529 1267 2789 1332 valemus,
2831 1269 3207 1333 incommodis,
3250 1284 3439 1326 secure
3467 1269 3578 1326 Deo

1987 1357 2169 1413 valeat
2193 1359 2490 1423 deservire,
2522 1368 2577 1412 et
2603 1373 2700 1428 pro
2733 1359 3107 1414 ineolmnitate
3143 1375 3350 1424 nostra,
3379 1361 3574 1432 conju-

1987 1450 2090 1520 gis,
2119 1449 2393 1520 prolisque
2417 1450 2755 1504 charissinm
2812 1450 2971 1504 linem
3003 1461 3159 1506 tenus
3182 1453 3364 1508 cuncti
3389 1457 3574 1510 valea-

1991 1541 2060 1598 tis
2086 1541 2288 1614 (supple
2311 1542 2570 1614 divinam)
2593 1541 2941 1598 clementiam
2961 1558 3216 1600 exorare.

1985 1839 2143 1914 461
2171 1841 2431 1900 SIGNUM
2462 1843 2673 1900 DOMNI

2273 1915 2522 1971 NISSIMI

3040 1845 3337 1905 OTTONIS
3374 1848 3584 1908 SERE-

3066 1919 3552 1980 IMPERATORIS.

2825 2011 2899 2300 ἑ
2992 2148 2994 2150 ,

2055 2387 2218 2460 462
2272 2387 2454 2459 (1100)
2507 2390 2830 2446 Ambrosius
2881 2392 3241 2451 cancellarius
3289 2395 3356 2450 ad
3405 2397 3580 2454 vicem

1987 2478 2209 2534 [lubet-ti
2264 2483 2500 2552 episcopi
2555 2492 2609 2536 et
2663 2485 3128 2540 archicancellarii
3188 2489 3473 2558 recognovi
3526 2499 3583 2547 et

1986 2575 2307 2644 subscripsi.

2056 2669 2189 2722 Data
2216 2669 2383 2721 Nonis
2412 2669 2730 2724 Novembris
2763 2687 2906 2724 anno
2928 2671 3226 2727 Dominicaa
3251 2671 3584 2728 lnearuatio—

1987 2761 2070 2816 nis
2098 2762 2231 2826 967;
2266 2763 2472 2830 imperii
2507 2778 2633 2816 vero
2662 2765 2842 2817 domui
2878 2763 3106 2818 Othonis
3132 2764 3364 2834 piissimi
3404 2764 3584 2820 (Stesa-

1988 2855 2062 2910 ris
2090 2871 2164 2918 vt,
2206 2855 2392 2910 indict.
2429 2871 2503 2910 xx.
2569 2869 2573 2872 ·
3281 2927 3288 2934 ν

2058 2947 2250 3002 Actum
2272 2935 2466 3018 (1101)
2497 2947 2814 3003 Balscmade
2843 2946 3094 3005 feliciter.
3118 2949 3312 3005 Amen.

1991 3079 2068 3137 vel
2089 3099 2122 3156 a_
2151 3099 2230 3136 me
2253 3093 2343 3137 aut
2369 3086 2695 3156 necessitate.
2734 3095 2825 3138 aut
2855 3102 2947 3151 per
2973 3085 3182 3155 fraudis
3205 3084 3434 3156 alicujus
3456 3085 3583 3141 sub-

1989 3154 2277 3220 reptiouem
2305 3196 2319 3218 ,
2352 3155 2428 3209 vel
2460 3157 2887 3209 commutatiouis
2911 3196 2926 3221 ,
2971 3154 3046 3208 uel
3073 3156 3321 3210 libellarii
3341 3154 3579 3222 nomine,

1987 3223 2065 3278 vel
2090 3226 2230 3294 quod
2257 3227 2550 3292 precarium
2589 3237 2771 3280 vocant
2801 3267 2815 3288 ,
2869 3235 3053 3280 contra
3085 3225 3254 3280 Deum
3280 3237 3328 3280 et
3361 3231 3578 3281 rectitu-

1987 3296 2158 3366 tlinem
2190 3305 2461 3366 estactum
2491 3337 2504 3357 ,
2535 3313 2684 3349 omne
2707 3298 3008 3366 prwciperet
3033 3313 3125 3365 per
3157 3308 3462 3366 potestatem
3495 3314 3580 3352 re-

1986 3365 2174 3420 scindi.
2229 3365 2282 3418 ld
2338 3366 2593 3421 Ecclesi's
2639 3365 2939 3422 comedere
2988 3368 3258 3422 insuetum
3309 3384 3412 3422 non
3438 3377 3574 3422 erat.

1986 3436 2042 3509 in
2085 3436 2285 3509 placito
2329 3437 2562 3509 anensi
2613 3438 2739 3490 anni
2788 3437 2892 3491 855
2946 3437 3185 3492 refertur
3237 3438 3578 3509 privilegium

1986 3507 2246 3579 Ludovici
2299 3508 2337 3562 ll
2373 3509 2718 3579 imperatoris
2759 3509 2890 3579 anni
2921 3509 3044 3572 8‘52,
3085 3524 3193 3579 quo
3244 3507 3580 3579 irritos'esse

1979 3577 2139 3646 jussit
2192 3594 2379 3650 clunes
2427 3578 2635 3650 libellos
2670 3579 2721 3634 in
2769 3577 3142 3650 praeiudicium
3181 3579 3438 3634 Ecclesia).
3465 3578 3579 3633 Lu-

1985 3651 2183 3704 censis.
2245 3647 2376 3705 Vide
2426 3647 2780 3704 Muratorium
2829 3647 2959 3704 lout.
3005 3651 3066 3704 Ill
3117 3652 3340 3704 Antitu.
3377 3651 3574 3718 ltalic.,

1977 3720 2089 3775 .col.
2138 3721 2260 3775 170.
2310 3722 2570 3775 Sitnihter
2617 3738 2759 3776 anno
2799 3723 2904 3776 998
2957 3719 3084 3775 Otto
3133 3720 3195 3775 lll
3230 3724 3579 3777 tonstitutio-

1986 3807 2108 3864 nem
2139 3793 2308 3845 edidit
2339 3795 2404 3845 de
2457 3793 2829 3847 reseintendis
2883 3792 3078 3846 libellis
3118 3806 3172 3846 et
3203 3794 3577 3864 empltyteusi-

1940 3904 1956 3911 -
1986 3863 2087 3917 bus
2110 3864 2166 3936 in
2208 3865 2463 3936 damnum
2524 3864 3233 3936 EcclesiaruuLeontraetis
3267 3905 3282 3927 ,
3323 3863 3382 3919 ut
3411 3865 3581 3936 liquet

1983 3947 2048 3987 ex
2097 3934 2368 3989 Chronico
2422 3934 2688 3998 Farfensi,
2717 3944 2846 3988 tom.
2879 3933 2922 3988 11
2955 3935 3157 3990 Rerum
3200 3934 3372 3990 ltalic.
3400 3933 3582 3994 Mttra-

1986 4005 2108 4058 torii
2158 4016 2293 4073 part.
2344 4022 2402 4070 ιι,
2458 4008 2561 4061 col.
2587 4007 2712 4061 «196.
2751 4005 2888 4072 Quid
2916 4015 3094 4061 autem
3135 4006 3245 4060 sint
3276 4006 3574 4072 libellariw,

1983 4077 2410 4148 cmumututt'oues
2459 4089 2505 4130 et
2558 4079 2851 4147 precariw,
2905 4079 3297 4148 explicavimus
3359 4089 3470 4134 not.
3524 4078 3578 4135 in

1985 4145 2222 4212 Qunlitat
2249 4166 2273 4200 δ
2303 4145 2680 4218 conjecturam.

2054 4219 2234 4287 (1100)
2267 4218 2401 4273 lluie
2434 4220 2718 4273 Ambrosio
2749 4219 3076 4274 cancellario
3108 4220 3399 4278 Ralberins
3438 4237 3580 4278 anno

1980 4291 2225 4358 sequenti
2257 4289 2358 4343 968
2391 4292 2538 4344 dedit
2566 4291 2848 4359 epistolam
2882 4292 2970 4352 12.
2999 4304 3053 4345 et
3092 4292 3250 4361 paulo
3281 4304 3406 4348 ante
3431 4295 3579 4348 dire-

1982 4373 2134 4414 xerat
2185 4361 2502 4428 opusculum
2566 4363 2883 4431 inscriptum
2939 4363 3244 4416 Discordia.
3305 4363 3575 4419 llubertus

1904 4417 1950 4476 Ι)
1981 4443 2161 4486 autem
2191 4417 2477 4502 episcopus
2502 4442 2556 4486 et
2581 4417 3095 4488 archicancellarius
3133 4444 3215 4488 est
3257 4433 3342 4488 ille
3376 4417 3581 4491 "uber;-

1987 4511 2072 4576 tus
2112 4503 2397 4572 episc0pus
2434 4503 2778 4566 Parmensis,
2809 4503 2874 4557 ad
2906 4521 3065 4576 quem
3097 4520 3240 4559 anno
3263 4503 3368 4560 961
3414 4506 3580 4562 libros

1985 4575 2134 4629 misit
2167 4577 2241 4627 De
2271 4584 2569 4644 contemptu
2602 4591 2883 4630 canonum.

2055 4644 2238 4716 (1101)
2271 4644 2594 4717 Bulaemates
2629 4647 2952 4717 nominatur
2987 4646 3040 4700 in
3087 4645 3368 4717 privilegio
3411 4647 3581 4702 Fede—

1983 4718 2080 4772 rici
2111 4717 2127 4771 Ι
2153 4734 2242 4770 an.
2266 4716 2400 4771 1151
2447 4717 2586 4788 apud
2625 4716 2930 4788 Ugltellium
2967 4726 3093 4773 tom.
3125 4716 3191 4788 (ν.
3232 4716 3334 4773 col.
3368 4719 3494 4782 795,
3523 4734 3579 4776 a.

1981 4790 2046 4843 de
2076 4788 2222 4852 loco,
2259 4789 2349 4850 qui
2390 4788 2587 4842 dicitur
2611 4787 2936 4858 Balsamate,
2974 4805 3078 4842 non
3116 4787 3267 4858 longe
3297 4807 3328 4842 a
3360 4790 3582 4858 flumine

1985 4859 2205 4935 Mincio.
2251 4858 2404 4935 Nilne
2453 4875 2666 4935 quoque
2715 4861 2768 4914 in
2811 4857 3582 4935 itionzambauipertinenth

1986 4931 2100 5002 agri
2147 4939 2203 4986 et
2247 4924 2495 4987 dimcesis
2529 4924 2856 4986 Véronensis
2898 4941 2984 4985 est
3025 4924 3249 5002 quidam
3282 4931 3450 4992 situs.
3489 4924 3583 5000 qui

1987 4998 2131 5057 idem
2157 5017 2350 5057 nomen
2379 5003 2538 5070 vulgo
2566 5004 2784 5066 retinet,
2816 5009 2874 5054 et
2899 4998 3122 5056 vocatur
3160 4998 3212 5053 la
3243 4998 3586 5057 contradadi

1983 5073 2303 5128 Balsemate.
2330 5072 2406 5128 lbi
2437 5075 2563 5128 olim
2592 5083 2708 5128 erat
2743 5073 2917 5144 vicus,
2965 5087 3056 5127 seu
3105 5086 3296 5141 pagus,
3338 5074 3429 5144 qui
3460 5088 3585 5130 cum

1986 5156 2290 5214 temporum
2323 5143 3047 5214 vicissitudinibusdirutus
3088 5153 3265 5208 esset,
3313 5143 3616 5200 illonzamr

1985 5211 2115 5272 bani
2167 5231 2364 5285 pagus,
2417 5218 2469 5271 in
2519 5211 2912 5286 posterioribus
2963 5222 3166 5286 tantum
3219 5216 3589 5273 monumentis

1986 5283 2262 5348 laudatus,
2292 5283 2631 5342 constructus
2654 5283 2771 5336 fuit.
2802 5283 3086 5338 Annalista
3115 5283 3260 5341 Saxo
3289 5290 3355 5342 ad
3387 5303 3589 5344 annum
