4044 5348
266 351 370 411 605
1089 341 1474 403 eumenen
1520 339 1649 395 seu
1698 339 1997 396 eorum
2037 338 2510 412 cwmconun,
2549 345 2724 402 E'l‘C.-
3447 348 3551 408 θος

264 461 712 532 subscriptiones,
737 468 793 515 et
819 459 953 532 alite
973 459 1218 532 formula!
1245 459 1296 511 in
1332 455 1658 532 Testamento
1689 462 1742 506 et
1771 453 1991 532 Decreto
2023 455 2088 508 de
2109 458 2384 532 Aabbafliola
2420 458 2780 530 Magonziani,
2812 474 2931 528 qltt'e
2961 468 3137 517 tamen
3165 476 3322 517 nemo
3347 462 3552 522 idcirco

265 539 317 592 in
347 529 740 588 dubitationem
773 531 1028 585 vorabit?
1064 529 1214 601 Nihil
1237 533 1426 584 horum
1452 530 1884 583 desideraremus
1906 571 1918 593 .
1953 531 1995 583 si
2039 530 2316 600 originalis
2341 541 2512 592 actus,
2548 540 2643 583 aut
2669 533 3036 601 apographum
3068 533 3438 590 anthentieum
3477 539 3547 592 ad

262 623 363 662 nos
389 604 743 675 pervenisset.
760 603 835 675 At
859 604 910 657 in
937 603 1157 671 antiquo
1181 600 1512 675 Frisingensi
1543 601 1730 675 codice
1753 601 1856 656 hoc
1878 601 2280 675 documentum,
2311 602 2449 675 sicut
2471 611 2526 654 ct
2551 611 2741 675 czetera
2767 600 2956 675 opera,
2981 621 3043 658 ex
3068 604 3309 659 Ratherii
3337 608 3551 664 schedia

265 672 654 744 transcriptmn
702 672 801 726 fuit
844 687 951 726 non
989 682 1244 740 tanquam
1277 673 1466 726 charta
1509 672 1753 736 publica,
1786 688 1906 742 qua:
1942 682 2096 725 notas
2137 672 2446 736 chronicas,
2489 673 2935 742 subscriptiOnes,
2965 685 3020 728 ct
3063 686 3241 730 certas
3288 676 3549 736 formulas

262 743 518 815 requirit,
539 747 633 799 sed
665 754 921 868 tanquam
948 744 1268 812 opusculmn
1300 743 1562 805 ltatlierii,
1595 745 1680 796 cui
1712 759 1774 795 ea
1809 743 2112 796 necessaria
2144 760 2247 796 non
2280 752 2424 796 sunt.

341 817 424 868 Vl.
461 815 696 868 Gravius
740 815 771 868 il
799 815 866 868 nd
907 824 1070 868 esset.
1104 815 1245 868 quod
1289 831 1482 868 censor
1528 815 1578 867 in
1611 813 1862 868 Judicato
1893 813 2078 866 videre
2121 813 2223 867 sibi
2264 813 2410 867 visus

341 813 424 873 Vl.
461 815 696 872 Gravius
740 813 866 869 illud
907 824 1070 877 esset,
1104 815 1245 882 quod
1289 831 1482 868 censor
1528 815 1578 867 in
1611 813 1862 868 Judicalo
1893 813 2078 866 videre
2121 813 2223 867 sibi
2264 813 2410 867 visus
2438 823 2554 877 cst,
2601 814 2855 868 nimirum
2898 817 3214 873 Ratherium
3247 827 3434 873 contra
3481 834 3544 876 ea

258 888 663 959 principia,-pro
678 887 1018 959 _quibus_t_ai_n
1041 886 1239 959 acriter
1265 885 1561 959 dimicavit,
1578 883 1871 959 inferiores
1890 882 2120 959 clericus
2142 902 2170 937 a
2187 899 2262 959 se,
2290 894 2347 959 et
2369 902 2395 959 a
2415 886 2536 959 suis
2561 887 2963 959 successoribus
2983 898 3263 958 exemptos
3285 891 3549 959 quodam-

261 953 579 1013 inoiloesse
609 953 863 1011 voluisse.
893 955 994 1029 Ubi
1022 973 1151 1010 vero
1190 957 1241 1009 in
1270 954 1521 1008 Judicato
1557 955 1626 1029 Aid
1679 955 1912 1029 statuit?
1951 953 2086 1029 Num
2139 955 2263 1029 quia
2318 956 2513 1029 ibidem
2547 958 2826 1029 prttrcipit:
2872 957 2933 1011 Si
2960 953 3208 1029 quidlibet
3245 953 3545 1016 dc'sert'itio

257 1029 356 1083 Dei
389 1029 581 1099 aliquis
612 1045 792 1100 eorum
831 1028 1136 1100 neglexerit,
1166 1037 1256 1100 aut
1287 1027 1598 1100 dediscenda
1623 1025 2036 1100 suo_u_tiniste_rio
2065 1028 2296 1100 studium
2330 1043 2432 1079 non
2471 1025 2744 1100 imbuerit,
2794 1045 2896 1080 non
2935 1025 3146 1098 promer
3181 1029 3278 1083 hoc
3319 1042 3408 1083 aut
3439 1032 3551 1100 epi-

254 1095 486 1168 scapus,
501 1109 593 1152 aut
618 1099 794 1154 clerici
822 1095 1086 1152 licentiam
1115 1098 1337 1151 habeant
1371 1099 1434 1151 de
1459 1099 1570 1151 istis
1593 1095 1844 1165 quidlibet
1871 1096 2194 1164 auferendi?
2231 1095 2428 1149 Verum
2470 1098 2582 1150 luce
2612 1097 2661 1149 id
2693 1107 2897 1152 tantum
2935 1095 3192 1161 induunt,
3226 1095 3545 1157 Ratherium

254 1170 627 1240 interdixisse,
657 1185 723 1224 ne
750 1170 1018 1240 quispiam
1049 1170 1424 1240 episcoporum
1454 1169 1740 1240 occasione
1771 1168 2029 1240 criminis
2065 1176 2158 1220 aut
2201 1168 2547 1240 negligi-mite
2570 1169 2870 1238 cujuspiam
2903 1170 3084 1226 clerici
3117 1171 3319 1240 aliquid
3350 1174 3414 1227 de
3447 1173 3547 1228 hac

253 1239 576 1296 fundatione
602 1237 936 1302 delral'ieret,
965 1237 1126 1310 quam
1156 1249 1467 1310 perpetuam
1499 1254 1618 1292 esse
1652 1237 1880 1291 volebat.
1911 1237 2024 1291 Non
2066 1253 2194 1290 vero
2224 1239 2494 1360 episcopis
2539 1239 2664 1291 item
2709 1237 2902 1294 adimit
2945 1242 3108 1296 aliam
3155 1237 3452 1311 quamlibet
3491 1244 3544 1299 in

253 1312 477 1360 eosdem
525 1311 754 1360 clericos
801 1312 1272 1360 iurisdictionem:
1316 1310 1449 1360 alias
1490 1325 1610 1360 cum
1665 1310 1930 1360 idiusum.
1973 1311 2115 1360 quod
2160 1309 2410 1360 nrorilwt
2453 1309 2743 1360 enisconis.
2796 1312 3080 1360 interdicat
3123 1315 3287 1360 etiam
3333 1313 3544 1360 clericis

253 1312 477 1366 eosdem
525 1311 754 1365 clericos
796 1309 1272 1381 jtirisdictioneini
1316 1310 1449 1381 alias
1490 1325 1610 1363 cum
1665 1310 1930 1381 idipsum,
1973 1311 2115 1377 quod
2160 1309 2410 1381 prohibet
2453 1309 2743 1381 episcopis,
2796 1312 3080 1366 interdicat
3123 1309 3287 1367 etiam
3333 1313 3546 1369 clericis

253 1383 501 1447 ejusdem
525 1382 760 1450 collegii,
795 1380 884 1436 aut
911 1382 1203 1451 episcopus,
1237 1391 1328 1434 aut
1356 1380 1570 1441 clerici;
1601 1381 1716 1449 ejus
1745 1380 1960 1449 generis
1989 1394 2108 1451 reos
2138 1380 2483 1433 subduxisset
2510 1398 2536 1432 ει
2557 1380 2934 1448 jurisdictione
2960 1393 3013 1436 et
3043 1384 3379 1439 correctione
3406 1385 3546 1440 illius

252 1469 471 1522 quoque
497 1454 771 1524 prmpositi
802 1462 854 1507 et
880 1450 1195 1507 cancrorum
1227 1451 1592 1524 567-“8
1617 1450 2187 1524 clericorumtquibns
2209 1452 2516 1524 corrigendi
2559 1451 2869 1524 facultatem
2901 1455 3102 1508 diserte
3135 1454 3391 1508 tradidit:
3421 1454 3545 1510 Jan:

252 1521 452 1586 dictus,
481 1521 676 1593 inquit,
706 1541 855 1593 quem
883 1541 1038 1593 super
1064 1541 1118 1577 se
1147 1521 1400 1584 miscrint,
1431 1521 1740 1592 pra-positus
1765 1539 1885 1575 cum
1917 1522 2037 1575 aliis
2077 1521 2315 1574 omnibus
2339 1539 2455 1574 eum
2484 1523 2788 1586 conveniat;
2816 1533 2863 1577 et
2895 1524 2941 1576 si
2981 1542 3034 1578 se
3063 1525 3338 1578 emendare
3366 1527 3547 1579 nolue-

252 1600 350 1658 rit,
394 1596 537 1665 quod
567 1595 630 1646 ab
656 1612 714 1648 eo
741 1595 1032 1656 abstulerit,
1058 1594 1177 1647 aliis
1203 1595 1400 1647 dividat
1425 1610 1442 1648 :
1484 1605 1573 1647 aut
1601 1605 1735 1647 certe
1763 1593 1860 1661 ipsi
1903 1593 2040 1646 inter
2070 1609 2124 1645 se
2151 1608 2354 1665 plenam
2383 1594 2681 1655 inveniant,
2710 1610 2818 1665 qua
2850 1596 3044 1664 corrigi
3084 1595 3344 1664 ejusmodi
3378 1597 3547 1664 negli-

250 1663 450 1734 gentes,
480 1676 527 1718 et
555 1665 757 1719 litteras
780 1666 980 1719 discere
1009 1665 1239 1719 nolentes
1261 1676 1516 1735 oporteat.
1555 1665 1652 1719 llic
1683 1666 1994 1733 episcopum
2032 1679 2138 1716 non
2164 1663 2433 1735 nominat,
2465 1679 2569 1716 non
2603 1673 2661 1717 ut
2694 1664 2912 1718 eosdem
2947 1663 3015 1719 ab
3043 1663 3294 1734 episcopo
3319 1663 3542 1731 eximat,

248 1732 346 1789 sed
370 1736 498 1805 quia
524 1737 828 1805 corrigendi
861 1738 1075 1790 modum
1107 1732 1402 1790 faciliorem
1433 1746 1487 1789 et
1516 1732 1880 1790 domesticum
1915 1734 2218 1789 constituit.
2269 1732 2422 1799 Quod
2465 1735 2508 1786 si
2557 1749 2665 1802 quo
2694 1751 2823 1789 casu
2867 1736 2982 1790 ha-c
3008 1732 3277 1790 correctio
3305 1737 3545 1806 neglige-

249 1814 427 1870 retur,
460 1817 553 1862 aut
581 1807 756 1862 inanis
783 1808 1038 1870 caderet;
1085 1807 1302 1860 ubinam
1352 1809 1405 1860 in
1453 1816 1564 1859 toto
1594 1808 1920 1876 documento
1954 1806 2260 1860 invenietur
2300 1806 2644 1859 interdictum
2685 1806 2953 1876 episcopis
2984 1807 3282 1876 remedium
3315 1805 3546 1872 ali‘erre,

249 1876 550 1934 dummodo
581 1876 715 1931 nihil
746 1894 810 1932 ex
845 1878 1158 1931 fundatione
1189 1877 1552 1932 subducatur?
1575 1875 1759 1946 Neque
1791 1878 2002 1931 tandem
2036 1886 2287 1930 moveant
2320 1876 2431 1938 illa,
2457 1877 2654 1945 quibus
2685 1875 2976 1931 Ratlierius
2999 1894 3151 1931 suam
3176 1875 3547 1932 laudationem

246 1949 553 2030 eis-tendens
577 1964 686 2030 non
712 1958 819 2002 tam
847 1950 914 2030 ad
943 1949 1194 2011 clericos,
1226 1950 1408 2030 quanti
1447 1965 1584 2001 nunc
1613 1959 1753 2012 sunt,
1779 1963 1963 2028 verum
1995 1947 2159 2002 etiam
2201 1948 2266 2000 ad
2296 1963 2483 2000 eorum
2514 1964 2878 2010 successores,
2913 1949 3461 2030 subdittquanquam
3497 1956 3545 2002 et

245 2019 356 2073 illis
393 2020 647 2089 ingratis;
681 2036 802 2090 qua:
831 2021 1019 2074 doctus
1044 2035 1238 2074 censor
1264 2021 1335 2073 ita
1369 2021 1779 2088 interpretatur,
1824 2033 1886 2072 ac
1916 2018 1960 2073 si
2004 2033 2192 2090 omnes
2226 2025 2280 2090 et
2314 2030 2608 2090 praesentes
2635 2027 2687 2072 et
2713 2035 3063 2073 successores
3088 2018 3190 2074 sibi
3224 2019 3548 2088 ingratoset

250 2087 480 2144 rebelles
521 2087 773 2160 appellet.
807 2092 874 2146 At
921 2092 1082 2146 verba
1125 2107 1427 2162 quanquam
1461 2087 1533 2162 et:
1549 2090 1655 2162 illis
1705 2090 1934 2162 ingratis
1971 2089 2150 2162 palam
2192 2088 2257 2141 ad
2298 2105 2390 2162 eos
2424 2087 2752 2151 referuntur,
2786 2090 2852 2162 de
2890 2090 3086 2162 quibus
3111 2099 3266 2162 antea
3290 2087 3544 2162 dixerat,

245 2162 438 2241 quanti
466 2157 613 2242 nunc
638 2172 801 2242 sunt:
833 2162 885 2216 hi
916 2163 1058 2242 enim
1097 2157 1301 2242 tantum
1331 2171 1458 2213 sunt
1486 2161 1557 2214 illi
1601 2157 2060 2242 iiigrati,.qui.,7ut
2103 2160 2224 2242 ίιξι.ἰ
2241 2160 2503 2242 majorum
2531 2176 2745 2211 suorum
2778 2159 2852 2213 rel
2882 2157 3181 2242 seductioue
3209 2160 3436 2228 decepti,
3469 2157 3546 2213 vel

246 2231 408 2284 minis
445 2231 633 2294 territi,
660 2232 735 2286 vel
761 2233 1161 2300 conspirationis
1189 2231 1398 2284 illorum
1430 2248 1619 2284 veneno
1662 2231 1840 2296 infecti
1879 2231 2132 2300 episcopo
2160 2232 2586 2284 adversabantur
2615 2247 2626 2281 :
2670 2247 2789 2299 qua:
2833 2232 3238 2286 successoribus
3279 2246 3386 2284 non
3415 2245 3546 2284 con-

248 2303 496 2373 reuiunt,
530 2317 631 2373 nec
658 2305 830 2373 aptari
858 2311 1084 2373 queunt.
1108 2303 1313 2355 Caetera
1342 2301 1541 2356 leviora
1573 2300 1784 2369 objecta
1817 2316 1910 2369 pra

1953 2301 2305 2355 ermittitnus.

326 2370 434 2426 Vll.
470 2374 586 2427 Erit
613 2370 889 2436 fortassis,
910 2374 1000 2441 qui
1040 2374 1140 2427 hoc
1166 2374 1482 2442 opusculum
1519 2373 1644 2427 licet
1671 2373 1955 2426 manifeste
1989 2373 2398 2434 liatlieriannm,
2428 2387 2532 2425 non
2561 2381 2737 2426 tamen
2768 2371 3136 2427 laudationem
3165 2371 3335 2442 ipsam
3362 2378 3538 2441 putet,

245 2452 536 2512 propterea
564 2445 706 2513 quod
737 2445 874 2500 hanc
896 2445 1003 2498 alio
1024 2447 1349 2498 documento
1385 2453 1541 2497 antea
1589 2445 1936 2514 constitutam
1974 2444 2215 2497 indicare
2245 2445 2497 2514 videntur
2525 2443 2610 2497 illa
2639 2461 2651 2495 :
2686 2442 2930 2512 Delegavi
2959 2445 3198 2514 qua'dam
3223 2485 3235 2506 ,
3267 2444 3388 2496 dedi
3414 2458 3544 2511 quo-

285 2530 370 2579 ue,
398 2523 507 2567 etc.
548 2512 654 2569 Sed
683 2531 786 2570 non
817 2515 1139 2570 absimiliter
1165 2516 1429 2580 scriptum
1466 2515 1565 2567 fuit
1595 2513 1870 2568 Decretum
1901 2515 1964 2567 de
1994 2515 2255 2566 abbatiola
2290 2512 2650 2583 Magonziani,
2687 2517 2829 2583 quod
2860 2512 3036 2568 tanien
3079 2515 3129 2568 in
3171 2514 3284 2583 ipso
3315 2527 3544 2581 corpore

285 2531 370 2579 ue,
398 2531 507 2567 etc.
548 2531 654 2569 aeu
683 2531 786 2570 non
817 2531 1139 2570 ansnmltter
1165 2531 1429 2580 scriptum
1466 2531 1565 2567 ιιιιι
1595 2531 1870 2568 uecretum
1901 2531 1964 2567 ae
1994 2531 2255 2566 aooauom
2290 2531 2650 2583 Mugonztam,
2687 2531 2829 2583 quoa
2860 2531 3036 2568 tamen
3079 2531 3129 2568 in
3171 2531 3284 2583 ipso
3315 2531 3542 2581 corpore

248 2531 645 2658 Zocgdecretale
687 2589 938 2658 scriptum
967 2598 1212 2646 vocatur,
1258 2603 1365 2655 quo
1403 2587 1610 2641 scilicet
1647 2601 1733 2640 res
1758 2597 1812 2641 et
1844 2585 2088 2658 fundatio
2138 2586 2250 2658 ipsa
2302 2585 2544 2658 instituta
2575 2583 2694 2639 luit.
2735 2585 3119 2655 Apograpbum
3150 2601 3179 2640 e
3210 2583 3542 2654 li‘risingensi

248 2655 431 2712 codice
458 2657 772 2713 accuratius
794 2655 1130 2730 exscriptum
1164 2659 1496 2728 accepimus,
1524 2673 1592 2713 ex
1617 2673 1723 2726 quo
1746 2657 2004 2712 nonnulla
2035 2656 2376 2711 emendaturi
2404 2672 2612 2711 sumus.

2889 2840 3526 2876 ______.___...=_

257 2840 2570 2878 W

1094 3053 1912 3173 JUDICATUM
1999 3013 2681 3176 RATHERII

1847 3298 1962 3342 SEU

522 3443 849 3509 Fundalio
887 3455 942 3509 et
979 3445 1222 3509 dolatio
1254 3448 1711 3531 pauperiorum
1749 3447 2122 3510 clericorum
2158 3451 2535 3514 cathedralis
2574 3454 2941 3517 Veronensis
2973 3453 3257 3517 ecclesita.

311 3775 855 3851 minusculus,
882 3775 977 3832 Dei
1008 3775 1346 3832 solummodo
1367 3773 1544 3847 gratia
1564 3771 1846 3829 Veronen-
1875 3782 1923 3839 Α
1955 3776 2178 3831 deberet
2203 3791 2269 3831 cx
2298 3777 2560 3846 delegatis
2591 3780 2851 3836 Ecclesiae
2892 3781 3159 3854 accipere,
3193 3781 3544 3852 injustissime

251 3872 330 3927 sis
357 3872 666 3940 cpiscopus,
700 3869 1114 3925 successoribus
1137 3869 1414 3923 omnibus.

318 3964 373 4018 l.
395 3963 536 4031 Quia
565 3962 927 4033 malignorum
953 3959 1439 4016 consuetudinibus
1461 3959 1722 4015 adversus
1752 3959 1847 4014 Dei

244 4063 526 4126 prmeepta
588 4062 1012 4122 sanctorumque
1066 4059 1271 4106 statuta
1334 4050 1848 4120 praevalesecntibus

245 4146 565 4204 nullatenus
594 4144 738 4200 valui
788 4143 1062 4207 evincere,
1112 4151 1291 4198 utaut
1335 4141 1489 4212 juxta
1533 4142 1677 4197 beati
1708 4146 1849 4212 Apo-

245 4239 374 4296 Stoli
430 4237 757 4293 sententiam
821 4236 1195 4306 unusquisque
1260 4236 1312 4290 in
1369 4243 1554 4290 nostra
1601 4235 1845 4290 Ecclesia

248 4332 530 4404 propriam
563 4331 870 4388 mercedem
919 4332 1217 4387 secundum
1257 4348 1412 4388 suum
1465 4332 1733 4402 reciperet
1765 4331 1846 4384 la-

251 4427 444 4480 borem
470 4424 523 4497 (l
551 4423 676 4480 Cor.
703 4440 790 4489 ιιι,
829 4423 906 4495 8),
933 4435 1047 4487 aut,
1074 4435 1133 4478 ut
1162 4425 1213 4479 in
1243 4424 1468 4479 Actibus
1492 4423 1687 4492 legitur
1719 4439 1848 4493 apo-

253 4519 545 4584 stolorum,
577 4519 952 4574 dividerentur
979 4518 1194 4574 clericis
1219 4519 1264 4587 (l
1284 4519 1402 4584 102)
1433 4520 1648 4580 collata,
1684 4527 1846 4590 prout

253 4613 450 4683 cuique
500 4627 636 4682 opus
680 4621 829 4667 esset
887 4612 1026 4681 (Act.
1079 4628 1152 4676 tv,
1182 4611 1306 4681 55);
1336 4613 1428 4667 sed
1474 4627 1725 4667 sermone
1755 4611 1846 4666 illo

252 4702 467 4759 Domini
500 4719 663 4774 prave
686 4703 983 4769 intellecto,
1020 4719 1128 4774 quo
1159 4704 1358 4759 dicitur
1389 4721 1402 4758 :
1449 4703 1606 4759 Omni
1634 4705 1846 4759 habenti

251 4795 487 4862 dabitur,
510 4807 555 4850 et
587 4796 899 4860 abundabit,
925 4796 988 4850 ab
1023 4813 1082 4851 eo
1107 4813 1226 4850 rero
1248 4797 1335 4866 qui
1364 4807 1466 4852 non
1489 4797 1662 4862 liabet,
1687 4799 1847 4851 etiam

251 4887 392 4955 quod
418 4884 573 4939 habet
599 4886 875 4956 auferetur
914 4885 978 4938 ab
1009 4885 1099 4940 illo
1135 4885 1351 4957 (Matth.
1378 4903 1507 4953 xxv,
1540 4889 1654 4956 ‘21)),
1688 4887 1846 4958 quasi

253 4990 596 5046 censeretur,
642 4980 787 5051 quod
832 4978 922 5049 qui
983 4980 1102 5052 plus
1154 4981 1399 5048 haberet,
1436 4983 1609 5052 magis
1659 4981 1845 5052 (1105)

1953 3867 2387 3933 decernentibus,
2431 3886 2552 3924 cum
2576 3871 2679 3927 hoe
2714 3873 2886 3944 magis
2917 3873 3148 3928 voluerit
3188 3874 3412 3946 intelligi
3436 3877 3544 3932 uti-

1953 3975 2082 4030 que,
2115 3961 2256 4030 quod
2293 3961 2511 4016 habenti
2539 3963 2860 4019 charitatem
2901 3975 3111 4021 caeteris
3142 3966 3413 4021 addantur
3442 3967 3545 4022 vir-

1952 4062 2112 4116 tutes,
2153 4070 2259 4108 non
2310 4055 2529 4110 habenti
2583 4073 2714 4113 vero
2767 4058 2992 4130 reliqum
3031 4069 3417 4130 computentur
3444 4077 3545 4134 pro

1950 4145 2155 4210 nihilo;
2208 4162 2274 4201 ne
2323 4147 2539 4216 penitus
2572 4149 2750 4204 inanis
2786 4150 3046 4206 existeret
3076 4152 3403 4221 compassio,
3437 4168 3542 4224 qua

1950 4235 2070 4291 illos
2118 4246 2173 4291 et
2218 4248 2462 4309 egestate
2507 4241 2725 4309 perimi,
2755 4250 2809 4296 et
2843 4258 2872 4296 a
2900 4243 2993 4298 Dei
3032 4245 3236 4299 retrahi
3292 4244 3543 4300 dolebam

1949 4331 2199 4398 servitio,
2241 4333 2381 4387 sedit
2423 4334 2626 4400 animo,
2674 4345 2734 4390 ut
2765 4337 2968 4406 aliquid
3008 4337 3176 4411 57o
3203 4339 3284 4394 eis
3313 4339 3544 4412 largirer

1949 4437 2014 4476 ex
2046 4439 2187 4477 meo.
2222 4423 2397 4478 Meum
2433 4425 2617 4497 (1104)
2647 4438 2830 4483 autent
2879 4431 3020 4495 dico,
3047 4417 3188 4500 qu°od
3222 4434 3542 4490 etordinari

1950 4530 2073 4569 meo
2102 4524 2186 4570 est
2219 4531 2536 4572 concessum
2557 4518 2782 4588 judicio,
2807 4531 2862 4576 et
2893 4520 3018 4588 frui,
3049 4523 3093 4578 si
3122 4523 3385 4594 placeret,
3409 4525 3537 4581 dum

1957 4607 2099 4662 vivo.
2131 4609 2287 4663 Aliud
2311 4627 2527 4680 quoque
2550 4612 2756 4685 (1-105),
2786 4615 2928 4683 quod
2961 4631 3047 4671 me
3077 4617 3144 4671 ad
3172 4617 3274 4672 hoc
3305 4615 3538 4687 impulit,

1949 4713 2010 4756 ut
2049 4701 2294 4772 proferre
2334 4721 2440 4759 non
2467 4708 2714 4772 cuneter,
2741 4691 3007 4779 agendum
3035 4727 3049 4764 :
3086 4710 3230 4779 quia,
3282 4709 3416 4779 proli
3447 4709 3541 4764 doc

1953 4793 2067 4848 lor!
2101 4794 2170 4848 ab
2211 4793 2440 4850 infantia
2473 4811 2690 4868 semper
2726 4815 2755 4852 a
2796 4798 2890 4853 Dei
2916 4799 3140 4854 servitio
3166 4800 3375 4855 otiosus
3401 4787 3543 4855 adeo

1950 4887 2164 4950 exstiti,
2189 4898 2249 4942 ut
2280 4905 2455 4960 neque
2483 4890 2658 4956 cedri,
2687 4907 2863 4962 neque
2907 4892 3094 4966 myrti,
3121 4900 3175 4945 et
3202 4891 3330 4960 ligni
3363 4891 3541 4958 olivae,

1949 4991 2381 5051 ceterarumque
2404 4983 2717 5054 hujusmodi
2745 4983 3005 5038 arborum
3027 4981 3192 5036 miser
3216 4981 3268 5033 in
3298 4980 3544 5036 Ecclesia

322 5133 516 5176 (HiHi
559 5135 708 5178 Annal
739 5135 842 5178 per
879 5135 1107 5180 ernlniix
1165 5150 1262 5182 nm
1293 5137 1517 5184 clericis-
1545 5135 1704 5184 male.
1741 5135 1842 5186 [ιρ-
1880 5177 1915 5186 ..
1952 5145 2043 5188 lii:
2097 5141 2336 5188 scilicet.
2397 5145 2487 5188 nni
2559 5145 2846 5188 recitatum
2901 5137 3114 5188 “nmini
3178 5137 3548 5188 testimonium
