4044 5348
238 225 350 336 σω

1023 347 1026 352 η
1076 265 1466 326 JUDICATUM
1506 265 1632 324 seu
1680 265 1982 326 oormo
2020 267 2488 334 CLERICORUM,
2530 266 2684 324 mc.
2719 241 2726 251 ”

3423 272 3530 330 610

239 393 372 457 dim,
395 389 489 447 sed
517 403 707 444 omnes
728 387 854 443 inde
884 386 1153 457 gaudeant
1185 387 1237 441 in
1262 402 1347 449 ea,
1383 401 1542 456 quam
1575 384 1835 439 Dominus
1867 389 1911 445 Α
1941 384 2200 449 diximus,
2249 401 2347 454 per
2384 399 2692 439 mensuram
2722 391 2776 438 et
2801 398 3087 440 numerum
3137 385 3419 456 aequaliter
3447 388 3528 444 di-

240 487 403 542 bonze
459 481 757 536 voluntatis
823 479 1131 534 hominibus
1178 478 1528 548 peculiariter
1588 477 1833 535 contulit.

238 593 400 649 pace.
435 576 566 631 Dedi
618 588 833 646 quoque
860 583 913 627 et
963 571 1248 626 ecclesiam
1293 571 1452 624 aliam
1502 579 1702 624 sanctte
1748 568 1836 622 Dei

237 669 562 734 Genitricis,
619 684 738 738 qua:
785 674 1008 721 vocatur
1037 667 1091 719 in
1143 664 1307 718 Siella
1347 663 1554 731 (1115),
1587 671 1644 716 ιιι
1682 661 1838 714 Intui-

239 780 402 827 nare,
443 761 584 832 quod
629 761 753 815 inde
795 758 964 822 venit,
1002 759 1066 811 ad
1099 756 1384 812 ecclesiam
1410 753 1518 823 jam
1552 754 1753 809 dictam
1781 761 1836 808 et

239 855 423 911 sancti
446 852 674 908 Joannis
691 849 1141 921 Baptist:e(-1111)
1170 848 1470 912 deserviat;
1489 858 1682 902 caetera
1705 860 1834 899 vero

242 947 344 1016 ipsi
367 947 583 1002 interse
600 944 858 998 dividant.
879 940 1039 996 Nelas
1063 940 1320 1000 csteuim.
1342 949 1517 1010 utquo
1541 938 1730 1011 1473
1748 954 1836 992 su-

236 1037 642 1109 perin‘iponitur
699 1033 941 1098 altariis,
1005 1034 1202 1087 serviat
1263 1032 1446 1086 loricis
1487 1030 1831 1102 (1115.16),

234 1139 295 1182 et
325 1127 472 1196 quod
508 1127 617 1181 Deo
645 1125 890 1188 ollertur,
919 1122 1134 1176 diabolo
1159 1123 1468 1177 l'amnletur.
1502 1122 1756 1178 Concessi
1779 1131 1835 1177 et

233 1218 498 1290 quiddam
524 1216 592 1272 de
617 1217 778 1272 Cortc
809 1215 980 1272 sancti
1012 1215 1224 1270 Proculi
1278 1215 1329 1269 in
1364 1214 1499 1270 valle
1531 1212 1830 1280 Pallenale,

231 1310 394 1367 locus
434 1311 526 1364 ubi
565 1309 764 1364 dicitur
802 1307 1091 1362 Cuscianus
1129 1308 1335 1378 (1117),
1379 1307 1612 1362 casalem
1639 1323 1826 1361 utnnn.

229 1403 292 1459 In
319 1403 460 1458 valle
493 1403 557 1458 de
583 1401 735 1458 Sulla
762 1404 827 1456 de
865 1414 1054 1457 sancto
1079 1401 1233 1457 Justo
1262 1402 1599 1458 massaritias
1640 1402 1828 1472 (111'8)

231 1496 374 1552 duas
407 1497 474 1551 ad
501 1512 706 1552 muros.
732 1494 945 1552 Contuli
973 1504 1026 1549 et
1051 1494 1384 1550 cortieellam
1423 1494 1718 1548 Paltiniaeo
1751 1493 1833 1548 di-

229 1599 380 1648 ctam
410 1607 536 1646 cum
590 1590 785 1654 servis,
819 1588 1051 1652 ancillis,
1083 1598 1136 1642 et
1172 1589 1425 1644 omnibus
1467 1589 1533 1642 ad
1581 1588 1830 1642 eamdem

225 1685 636 1756 pertinentibus
661 1701 674 1736 :
706 1682 945 1737 decimas
975 1681 1139 1735 etiam
1170 1682 1235 1736 de
1262 1681 1486 1749 castello
1510 1678 1825 1749 llupednno,

1942 474 2145 528 vidant.
2181 477 2331 542 Quod
2359 476 2404 529 si
2436 475 2616 546 (1121)
2659 475 2919 530 voluerint
2950 477 3029 531 eis
3064 493 3161 547 pro
3187 477 3527 550 calccradigo

1941 566 2142 636 aliquid
2177 568 2329 633 dare,
2365 569 2417 622 in
2450 570 2687 637 ipsorum
2715 570 2784 624 sit
2835 579 3126 640 potestate,
3176 581 3385 628 tantum
3420 589 3527 630 non

1940 658 2009 712 sit
2039 658 2284 713 multum.
2324 659 2378 714 Si
2412 676 2562 723 vero,
2589 671 2648 715 ut
2670 671 2753 716 est
2804 663 3046 738 humana
3093 664 3334 732 miseria,
3363 667 3524 738 quid-

1941 749 2071 805 libet
2099 751 2164 806 de
2210 753 2432 806 servitio
2469 751 2560 808 Dei
2606 752 2802 823 aliquis
2843 771 3031 810 eorum
3080 755 3402 825 neglexerit,
3434 768 3523 812 aut

1939 842 2006 896 de
2035 842 2293 898 discendo
2340 859 2438 898 suo
2478 845 2780 900 ministerio
2813 846 3050 923 studium
3087 864 3191 901 non
3237 848 3526 914 habuerit;

1937 949 2044 988 non
2068 945 2288 1004 propter
2318 937 2418 991 hoc
2443 946 2535 990 aut
2563 938 2853 1008 epi~c0pus
2882 947 2974 992 aut
3010 938 3193 994 clerici
3249 939 3526 996 licentiam

1937 1027 2171 1083 habeant
2200 1029 2266 1084 de
2299 1028 2418 1083 istis
2441 1029 2703 1099 quidlibet
2731 1031 3032 1096 auferendi,
3062 1033 3155 1088 sed
3180 1031 3294 1102 jam
3327 1033 3526 1100 dictus,

1936 1141 2096 1196 quem
2153 1127 2252 1197 ipsi
2291 1143 2451 1196 super
2479 1143 2538 1182 se
2573 1127 2839 1191 misrrint,
2869 1131 3187 1199 praepositus
3235 1146 3358 1186 cum
3406 1129 3528 1187 aliis

1935 1219 2188 1273 omnibus
2217 1217 2384 1292 474
2413 1236 2536 1274 eum
2569 1221 2879 1285 conveniat,
2911 1231 2966 1276 et
3015 1222 3060 1276 si
3108 1223 3397 1279 emendare
3423 1238 3528 1278 no-

1936 1309 2116 1373 luerit,
2170 1313 2311 1380 quod
2365 1312 2433 1364 ab
2475 1326 2540 1367 eo
2591 1311 2900 1378 abstulerit,
2950 1313 3071 1369 aliis
3129 1314 3371 1382 dividat;
3431 1324 3527 1372 aut

1933 1411 2082 1457 certe
2118 1401 2217 1471 ipsi
2267 1402 2412 1456 inter
2437 1419 2494 1456 se
2543 1418 2760 1473 poenam
2819 1404 3117 1469 inveniant,
3167 1420 3271 1475 qua
3326 1404 3524 1476 corrigi

1935 1493 2306 1561 hujuscemodi
2341 1494 2698 1565 negligentes,
2724 1504 2777 1548 et
2806 1495 3017 1550 litteras
3047 1495 3254 1551 discere
3278 1496 3526 1555 nolentes

1933 1596 2198 1655 Oporteat.
2250 1586 2307 1641 Si
2361 1602 2490 1642 vero
2541 1587 2792 1642 minister
2853 1587 2992 1642 idem
3045 1597 3139 1642 aut
3188 1589 3375 1656 hebes,
3430 1578 3526 1646 aut

1934 1678 2327 1743 lrandulentus,
2364 1679 2450 1733 vel
2491 1679 2697 1733 inutilis
2743 1677 2928 1763 fuerit,
2955 1679 3037 1733 vel
3071 1679 3116 1734 si
3146 1679 3524 1750 delinquentes

227 1786 289 1833 et
334 1777 505 1841 illam,
550 1791 670 1846 qua:
711 1774 910 1829 dcitur
937 1774 1004 1828 de
1060 1772 1382 1828 Forentanis
1409 1773 1488 1841 (11
1515 1775 1628 1832 lli);
1660 1773 1710 1825 id
1745 1781 1830 1825 est
1862 1759 1906 1818 Β
1935 1774 2206 1840 corrigere
2235 1787 2342 1824 non
2381 1769 2540 1824 fuerit
2572 1786 2738 1824 ausus
2763 1759 2878 1835 {ab
2909 1771 3109 1825 eisdem
3135 1772 3420 1838 avellatur,
3449 1773 3523 1828 a1-

228 1885 353 1939 qtue
409 1883 582 1938 neque
632 1867 700 1921 ad
760 1866 1046 1931 Tumbam,
1085 1882 1260 1937 neque
1311 1869 1374 1921 ad
1430 1867 1825 1933 Ιὶιιι·‹>;·1λιι·ῐ..ιιι,

225 1978 413 2034 neque
441 1962 508 2016 ad
534 1960 798 2017 Ceredam
822 1961 906 2016 vel
950 1961 1160 2030 plebem
1186 1961 1482 2031 quamlibet
1510 1962 1667 2013 aliam
1703 1977 1826 2030 per-

228 2055 434 2123 tinent,
483 2073 604 2112 eum
651 2055 881 2112 ecclesia
923 2057 1096 2111 sancti
1151 2056 1293 2111 Petri
1325 2056 1391 2109 de
1422 2053 1677 2109 Pcrsiano
1705 2041 1832 2110 cum

225 2151 507 2216 omnibus,
531 2166 652 2222 quae
675 2151 741 2204 ad
770 2165 890 2206 eam
923 2150 1215 2220 pertinent.

242 2308 246 2310 γ
300 2243 355 2298 5.
383 2243 643 2299 Volumus
660 2251 715 2298 et
736 2243 1076 2298 decrevimus
1097 2257 1226 2296 vero
1251 2249 1360 2296 tam
1384 2255 1506 2311 ego,
1523 2254 1682 2308 quam
1703 2239 1826 2310 ipsi,

221 2346 287 2394 ut
328 2337 536 2394 nullum
575 2337 812 2392 halzeaut
845 2337 908 2392 de
952 2336 1072 2391 istis
1110 2351 1273 2406 super
1312 2350 1370 2390 se
1398 2335 1693 2404 majorem,
1725 2333 1827 2388 nisi

223 2446 392 2500 quem
411 2430 510 2501 ipsi
527 2431 628 2485 sibi
643 2446 708 2485 ex
726 2445 783 2485 se
799 2429 928 2500 ipsis
943 2428 1204 2498 elegerint
1219 2427 1302 2482 vel
1317 2427 1718 2491 constituerint,
1736 2426 1827 2497 qui

226 2537 359 2578 cum
386 2537 484 2578 suo
533 2521 751 2593 juniore
803 2521 984 2592 (11:20)
1012 2521 1191 2576 omnia
1238 2519 1327 2574 illa
1369 2518 1605 2590 Colligat,
1655 2528 1731 2590 et,
1771 2526 1830 2574 ut

223 2778 416 2820 eorum
443 2763 687 2832 diversa;
715 2763 854 2820 sicut
882 2763 996 2832 ipse
1033 2761 1246 2816 modius
1275 2777 1380 2817 non
1423 2761 1669 2817 eamdem
1702 2763 1823 2819 ubi-

221 2851 336 2906 que
366 2837 728 2906 quantitatem
760 2836 1093 2890 continebat.
1133 2833 1360 2906 Noleliat
1387 2832 1682 2906 Ratherius
1708 2851 1829 2889 cer-

225 2904 315 2962 tos
345 2904 508 2978 agros
528 2907 742 2962 clericis
765 2907 991 2978 singulis
1017 2904 1390 2978 assignari,cx
1415 2905 1615 2978 quibus
1640 2914 1825 2978 postea

227 2976 440 3034 sensiin
474 2981 785 3034 constitutae
826 2976 1044 3032 fueritnt
1072 2976 1376 3046 pracbendze
1405 2976 1533 3046 (hac
1563 2977 1704 3033 enim
1741 2993 1827 3030 ra-

229 3052 383 3106 tione
415 3049 530 3105 fcre
555 3052 738 3104 omnia
767 3049 1062 3121 majoribus
1084 3057 1157 3121 et.
1189 3046 1583 3121 potentioribus
1613 3046 1826 3121 clericis

225 3120 896 3196 obvenerant,caeterisin
913 3117 1155 3196 egestate
1179 3117 1440 3196 relictis);
1464 3119 1558 3172 sed
1584 3119 1825 3196 redditus
1853 3134 1898 3196 ρ

229 3208 301 3247 ex
337 3192 630 3264 assignatis
687 3191 867 3264 fundis
900 3189 1229 3264 prodeuntes
1259 3189 1312 3242 in
1342 3205 1706 3264 communem,
1739 3191 1815 3264 uti

220 3260 718 3324 vocant,'mensam
739 3261 974 3318 conferri
999 3260 1182 3323 voluit,
1211 3267 1269 3314 ut
1302 3275 1455 3329 :equa
1489 3260 1738 3328 portione
1763 3262 1817 3316 in

223 3333 670 3389 distributionum
725 3334 991 3387 rationem
1040 3333 1184 3386 inter
1211 3331 1568 3402 pauperiores
1589 3331 1817 3389 clericos

221 3403 318 3460 hic
343 3405 643 3460 recensitos
676 3404 1069 3459 dividerentur.

299 3475 487 3544 (1115)
525 3474 680 3530 Nunc
721 3475 917 3529 dicitur
957 3474 1093 3528 delle
1125 3472 1305 3528 Stelle.
1343 3472 1437 3528 Est
1476 3473 1711 3529 ecclesia
1760 3476 1815 3530 in

222 3547 454 3604 collibus
487 3546 643 3600 vallis
669 3545 987 3612 Paltenatis,
1015 3545 1154 3600 unde
1199 3545 1463 3615 optimum
1484 3545 1665 3600 oleum
1699 3561 1816 3600 ma-

221 3619 372 3673 xime
401 3619 562 3673 redit.
1180 3620 1182 3623 ’

301 3689 489 3761 (1114)
525 3690 618 3743 Est
671 3688 900 3744 ecclesia
942 3687 1242 3761 cathedrali
1292 3687 1562 3761 proxima,
1602 3703 1812 3761 nuneu-

217 3757 348 3832 pat'a
376 3759 436 3814 S.
459 3757 686 3814 Joannis
711 3762 762 3813 in
793 3762 953 3830 fonte,
983 3760 1071 3812 ubi
1095 3757 1334 3826 ejusdem
1361 3758 1691 3814 cathedralis
1721 3760 1814 3814 ba-

216 3833 534 3905 ptisterium
549 3832 771 3905 existit.

298 3903 590 3973 (1115-16)
631 3902 936 3973 Allcgorice
975 3901 1235 3972 loquitur,
1292 3910 1344 3955 et
1369 3899 1565 3973 foricas
1593 3900 1816 3970 opponit

221 3972 512 4038 altaribus,
545 3977 685 4029 sicut
732 3972 839 4029 Deo
880 3974 1151 4027 (ιίιὺοιιιιιι
1201 3974 1443 4041 Opponit.
1492 3972 1584 4025 Est
1633 3980 1813 4025 autem

218 4046 395 4100 forica
426 4046 592 4109 locus,
627 4047 680 4099 in
707 4060 864 4114 quem
907 4046 1056 4099 urbis
1086 4044 1437 4097 immundititc
1466 4043 1810 4111 dejiciuntnr.

219 4116 512 4188 Signiﬁcat
534 4132 663 4171 vero
686 4113 928 4188 ecclesia:
957 4116 1198 4169 redditus
1223 4131 1461 4168 noncsse
1490 4115 1538 4167 in
1560 4113 1815 4183 profanos

216 4203 287 4314 3c
346 4190 650 4259 praasertim
711 4187 848 4243 viles
907 4195 962 4241 et
1028 4203 1225 4257 pravos
1287 4202 1416 4240 usus
1482 4196 1813 4240 converten-

255 4274 337 4314 os.

255 4274 337 4316 OS.

291 4331 478 4403 (1117)
505 4331 607 4387 Pez
637 4329 952 4403 Tuscionus.
987 4327 1167 4403 Nostri
1201 4326 1682 4403 apogt':_i|_)lii_lectio
1708 4325 1814 4403 Cu-

217 4397 432 4458 sciunus
457 4397 629 4473 inagis
651 4402 854 4473 placuit
887 4419 900 4453 :
936 4409 989 4455 et
1017 4408 1102 4455 est
1133 4399 1286 4454 locus
1311 4397 1462 4452 vallis
1490 4397 1808 4462 Pallenatis,

218 4475 311 4546 qui
338 4490 482 4528 nunc
507 4470 1001 4546 voeatanuzuno.

291 4544 474 4617 (1118)
515 4543 847 4617 Massaritia:
891 4544 1212 4617 dicebantur
1263 4541 1488 4613 przcdia,
1520 4556 1640 4617 qua:
1668 4555 1696 4592 a
1729 4538 1809 4617 di-

217 4610 434 4672 stinctis
455 4610 670 4680 villieis,
728 4629 843 4679 seu,
898 4615 973 4667 uti
1033 4610 1314 4676 vocabant,
1360 4610 1637 4667 massariis
1667 4610 1810 4665 cole-

216 4687 438 4742 bantur.
471 4686 605 4742 Vide
647 4685 1002 4739 Muratorium
1050 4685 1307 4756 Antiquit.
1355 4684 1564 4756 Estens.
1593 4690 1733 4752 part,
1768 4696 1804 4744 1,

218 4773 340 4829 pag.
372 4759 463 4822 82,
494 4758 583 4811 ubi
613 4759 993 4829 documentum
1021 4753 1201 4829 allert,
1224 4757 1276 4808 in
1308 4771 1416 4825 quo
1439 4753 1619 4809 multa:
1659 4768 1808 4829 111113-

218 4824 426 4884 safitia:
453 4844 576 4884 cum
607 4829 721 4883 suis
750 4826 1013 4896 cujusque
1039 4826 1236 4881 villicis
1263 4824 1636 4882 recensentur.
1664 4824 1810 4879 Con-

215 4899 299 4956 fer
322 4909 438 4954 not.
471 4900 522 4954 in
553 4899 902 4953 Discordiam.

288 4971 473 5040 (1119)
503 4971 605 5024 Pez
635 4971 700 5024 de
751 4967 1115 5023 Forendarus.
1149 4967 1402 5023 Nostrum
1429 4967 1801 5040 apographum

216 5038 389 5097 secuti
419 5058 605 5098 sumus
630 5059 643 5094 :
677 5057 742 5096 ex
768 5057 873 5110 quo
901 5057 1025 5094 mox
1051 5050 1178 5094 ante
1209 5055 1395 5094 vocem
1425 5038 1683 5111 pertinent
1713 5038 1804 5091 ad—

219 5113 456 5181 didimus
503 5113 689 5166 aliam.
746 5111 1048 5166 Notandum
1107 5125 1270 5180 porro
1332 5111 1585 5164 ’l'umbmn
1640 5112 1807 5181 (nunc

221 5180 418 5253 Τουτιὺο
449 5183 680 5253 Susana)
709 5182 1091 5253 rlioreclurium
1118 5183 1285 5251 (nunc
1339 5180 1710 5254 ﬂorere/tiara)
1749 5190 1806 5235 et

1933 1869 2119 1930 terque
2141 1862 2188 1914 ei
2219 1864 2283 1916 de
2305 1861 2507 1918 eisdem
2530 1863 2865 1934 presbyteris
2895 1862 2975 1917 vel
2997 1863 3413 1920 subdiaconibus
3437 1881 3525 1921 su-

1929 1955 2203 2022 brugetur.

1999 2045 2052 2099 4.
2086 2046 2336 2100 Concessi
2384 2057 2641 2115 przcterea
2693 2046 2949 2116 quidquid
2989 2048 3054 2102 de
3095 2048 3521 2103 commutatione

1931 2136 2041 2202 illa,
2072 2153 2232 2206 quam
2282 2138 2346 2192 de
2395 2140 2679 2192 mansione
2713 2154 2776 2191 ea
2819 2153 2986 2208 prope
3031 2139 3207 2192 forum
3251 2138 3352 2193 feci
3400 2153 3524 2194 cum

1929 2229 2136 2284 Joanne
2176 2230 2286 2285 lilio
2315 2230 2560 2285 Bertanw
2609 2231 2814 2303 (112:2),
2843 2248 2962 2300 qua:
2998 2231 3063 2285 de
3094 2233 3337 2302 precaria
3370 2242 3518 2298 erat,

1930 2337 2050 2393 qua:
2072 2321 2284 2377 cuidam
2336 2321 2477 2376 facta
2523 2332 2606 2377 est
2653 2322 2924 2376 Dominico
2958 2323 3262 2377 monetario
3305 2322 3516 2394 (1125),

1931 2430 1994 2469 ea
2027 2430 2155 2468 vero
2188 2414 2414 2477 ratione,
2443 2423 2501 2468 ut
2531 2429 2693 2485 super
2747 2415 2916 2481 illam,
2947 2431 3109 2486 quam
3162 2432 3283 2471 cum
3309 2418 3522 2472 czcteris

1929 2509 2204 2579 accepturi
2255 2516 2381 2562 sunt
2414 2507 2742 2578 portionem,
2777 2507 2966 2564 diebus
2994 2507 3114 2564 vita:
3145 2524 3256 2564 sua:
3285 2507 3520 2565 Coliver-

1930 2751 2105 2808 fusius
2157 2752 2209 2807 in
2257 2752 2364 2807 alio
2406 2752 2594 2809 Italico
2635 2767 2800 2821 opere
2873 2752 3135 2822 inscripto
3177 2770 3189 2806 :
3236 2749 3519 2822 Conferma

1929 2823 2069 2879 della
2099 2823 2278 2894 falsitt't
2304 2825 2359 2878 di
2385 2841 2462 2878 tre
2500 2825 2796 2894 documenti
2839 2821 3122 2893 pubblicati
3145 2823 3266 2877 uell’
3308 2821 3516 2894 Ugltellt'

1932 2913 1964 2949 (ι
2005 2893 2183 2964 favore
2228 2895 2311 2950 del
2352 2894 2594 2965 Capilolo
2627 2895 2682 2948 di
2720 2893 2925 2948 Verona
2969 2910 3091 2965 pag.
3133 2894 3167 2948 8
3204 2903 3259 2949 ct
3279 2894 3370 2949 ‘25.
3399 2893 3514 2950 Hoc

1930 2967 2336 3035 supposititium
2383 2967 2764 3020 doetnnenttnn
2796 2966 2938 3034 apud
2987 2965 3284 3036 Ughellium
3319 2965 3516 3036 legitur

1931 3047 2061 3091 tom.
2093 3038 2155 3099 γ,
2188 3037 2290 3092 col.
2324 3037 2448 3100 707,
2476 3038 2530 3091 d.
2579 3037 2648 3090 At
2692 3053 2798 3090 non
2833 3037 3204 3091 deserendum.
3222 3036 3512 3090 lectionem

1932 3108 2099 3177 ipsius
2131 3107 2353 3178 legitimi
2395 3108 2654 3171 Judicati,
2684 3107 2824 3176 quod
2871 3123 2936 3162 ex
2971 3107 3157 3162 codice
3180 3106 3514 3178 Frisingensi

1929 3176 2097 3234 edidit
2134 3176 2352 3244 PfPez,
2381 3179 2591 3235 meliori
2618 3179 2844 3233 consilio
2877 3178 3273 3234 existimamus.
3315 3176 3516 3234 Iunio-

1925 3267 2006 3305 res
2030 3252 2171 3305 enim
2204 3252 2344 3321 apud
2384 3251 2545 3306 medii
2597 3251 2695 3304 (cvi
2749 3249 3042 3319 scriptores
3085 3251 3122 3303 ii
3170 3250 3514 3321 dicebantur,

1923 3323 2016 3391 qui
2075 3319 2368 3375 senioribus
2441 3321 2726 3391 pra-cipute
2794 3321 3144 3376 auctoritatis
3201 3319 3514 3376 hominibus

1922 3391 1996 3447 ita
2029 3394 2316 3456 suberant,
2365 3401 2424 3445 ut
2454 3392 2686 3460 aliquam
2745 3399 2927 3446 tamen
2975 3391 3359 3446 auctoritatem
3419 3400 3515 3447 aut

1921 3463 2156 3518 ollicium
2190 3463 2519 3517 obtinerent.
2551 3462 2682 3516 Vide
2713 3460 2999 3532 Cangium.
3034 3461 3108 3532 Ita
3145 3461 3197 3516 in
3238 3469 3513 3532 monaste-

1921 3535 2018 3603 riis
2038 3534 2278 3603 juniores
2322 3533 2597 3602 appellati,
2631 3533 2723 3602 qui
2762 3531 2920 3586 alteri
2947 3535 2997 3586 in
3031 3531 3208 3588 oﬂicio
3238 3539 3390 3603 erant
3415 3531 3513 3603 ad-

1913 3601 2146 3673 jutores.
2181 3604 2293 3658 lloc
2324 3601 2484 3658 sensu
2513 3621 2564 3657 in
2597 3601 2782 3657 uestro
2807 3603 3068 3673 Opusculo
3083 3601 3392 3673 juniorille
3429 3601 3515 3656 ina

1871 3699 1882 3714 ’
1917 3672 2243 3750 telligendus
2269 3675 2504 3750 videtur,
2535 3672 3025 3750 qt_li__pr:eposi_tum
3086 3672 3138 3728 in
3192 3672 3512 3750 colligendis

1919 3743 2222 3802 redditibus
2264 3743 2572 3816 adjuvabat.
2625 3743 2772 3798 Hanc
2807 3745 3090 3800 lectionem
3133 3743 3419 3816 continuat
3458 3744 3512 3799 in

1919 3819 2270 3886 sequentibus
2309 3814 2515 3886 plurale
2569 3819 2663 3881 eis,
2709 3819 2854 3886 quod
2910 3817 3044 3886 duos
3085 3816 3274 3871 saltem
3315 3814 3509 3886 exigit,

1919 3885 2116 3960 quibus
2173 3906 2268 3957 pro
2312 3885 2646 3957 calceradigo
2695 3885 2896 3960 aliquid
2962 3885 3082 3940 dari
3156 3885 3509 3960 permittitur,

1919 3955 2211 4015 dummodo
2252 3960 2478 4014 multmn
2512 3955 2616 4014 non
2649 3959 2738 4023 sit,
2793 3958 2842 4010 id
2889 3966 2989 4014 est.
3043 3955 3164 4011 tum
3203 3955 3300 4018 illi.
3349 3972 3512 4026 quem

1917 4033 2264 4101 praepositum
2317 4031 2599 4102 elegerint,
2631 4039 2741 4083 tum
2792 4028 2910 4096 ejus
2939 4028 3162 4102 iuniori,
3200 4042 3296 4102 seu
3347 4028 3512 4083 eoad-

1910 4099 2102 4174 juto‘ri.
2153 4103 2304 4158 Alias
2343 4104 2386 4156 si
2408 4099 2558 4156 unus
2616 4102 2956 4170 praepositus,
2984 4099 3076 4174 qui
3108 4114 3226 4152 cum
3248 4099 3374 4169 jure
3408 4115 3508 4154 suo

1917 4172 2096 4230 Omnia
2121 4174 2359 4244 colligat,
2391 4173 2770 4242 intelligendus
2796 4180 2962 4236 esset,
2986 4172 3055 4235 ei,
3083 4185 3189 4224 non
3216 4173 3510 4226 ets'eniett-

1916 4246 2048 4301 dare
2077 4255 2374 4313 oporteret.

1988 4311 2170 4388 (-11:21)
2205 4316 2344 4372 Idem
2386 4316 2571 4388 codex
2593 4313 2826 4385 Frising.
2855 4312 3005 4367 addit
3033 4311 3355 4388 particulam
3380 4329 3507 4369 non.

1916 4385 2046 4443 Jure
2083 4397 2259 4441 autem
2294 4388 2432 4457 apud
2459 4387 2520 4440 P.
2556 4386 2660 4440 l’ez
2692 4391 2894 4457 omissa
2937 4395 3042 4457 est,
3073 4397 3130 4438 ut
3161 4385 3389 4457 suadent
3414 4400 3506 4457 see

1918 4460 2161 4529 quentia,
2190 4454 2392 4511 («mum
2433 4475 2536 4529 non
2564 4458 2629 4511 sit
2656 4455 3055 4529 ntultum.rillud
3103 4454 3332 4529 scilicet,
3353 4456 3508 4529 quod

1845 4521 2010 4606 Deis,
2063 4533 2106 4585 si
2149 4521 2446 4606 voluerint,
2501 4528 2617 4582 dari
2679 4528 3034 4606 permittitur.
3074 4521 3508 4606 _Ca_lcerad_igum

1915 4603 2148 4671 aliquam
2179 4602 2592 4671 retributionem
2627 4599 2914 4669 praeposito
2955 4608 3011 4654 ct
3037 4597 3155 4668 ejus
3175 4597 3376 4671 junion
3411 4612 3508 4667 pro

1914 4665 2090 4729 ollicio
2126 4672 2510 4727 conferendam
2550 4665 2864 4741 signiﬁcat;
2911 4671 2984 4725 ita
3039 4665 3228 4741 u'tnpro
3272 4665 3510 4741 calcem-

1914 4746 2035 4814 digo
2062 4743 2203 4798 idem
2249 4744 2341 4808 sit,
2393 4759 2459 4799 ac
2509 4737 2999 4813 pro'retributioue
3047 4738 3230 4804 ollicii,
3281 4737 3367 4791 vel
3409 4753 3509 4808 pro

1915 4815 2112 4872 ollicio.

1990 4886 2173 4959 (119.2)
2225 4884 2481 4959 Nostrum
2524 4885 2900 4959 apographum
2946 4880 3350 4959 Ilerdome,_ex
3400 4895 3511 4951 quo

1915 4949 2043 5015 mox
2071 4949 2476 5013 emcndavitnus
2504 4949 2670 5028 facta:
2703 4949 2790 5010 ubi
2818 4965 2940 5010 erat
2963 4953 3138 5023 factm.
3163 4949 3300 5028 Quid
3325 4949 3512 5028 autent

1911 5041 2058 5087 esset
2088 5037 2400 5083 contractus
2448 5022 2690 5099 precaria
2739 5033 3082 5096 ntincupatus
3126 5022 3248 5075 vide
3299 5031 3414 5080 not.
3455 5022 3517 5078 in

1914 5101 2201 5170 Qualilatis
2233 5116 2612 5169 conjecturam.

1985 5172 2171 5246 (1125)
2211 5163 2529 5254 dlottcturio,
2570 5171 2660 5238 qui
2693 5165 2907 5247 scilicet
2945 5170 3195 5254 nionet'as
3239 5163 3524 5254 (ﬁndebat:
