4044 5348
553 113 647 179 611

1474 121 1804 191 unum"
1840 127 2055 188 EPISC.
2100 128 2356 190 venon.
2399 131 2552 192 ore.
2592 129 2775 193 rans
2798 119 2854 193 ii

3701 145 3809 206 1112

551 249 637 295 tua
690 238 991 311 presbyter,
1027 244 1083 293 et
1118 234 1381 294 Martinus
1413 237 1597 309 junior
1649 242 2009 300 subdiaconus
2060 242 2128 299 il-
2156 247 2206 307 Α
2234 244 2368 301 adeo
2398 245 2761 314 abundabam,
2790 254 2976 321 utpote
2996 248 3090 322 qui
3123 250 3214 309 ubi
3251 252 3342 311 alii
3367 254 3806 331 dominabantur,

548 328 640 386 iud
692 328 875 402 (1124)
918 330 1057 385 inter
1099 343 1155 385 se
1186 330 1510 400 partiamur,
1549 341 1733 402 postea
1783 335 1850 390 ad
1874 350 2122 390 commu-

547 422 775 479 nitatem
803 424 1060 493 reliquam
1090 424 1294 489 redeat,
1336 426 1465 480 nulli
1494 429 1733 497 posthaec
1778 428 2125 499 peculiariter

547 515 973 581 concedendum,
989 516 1082 571 sed
1105 530 1202 586 per
1220 517 1455 573 sextaria
1478 518 1844 574 dividendum.
1869 519 1974 575 Sed
1995 520 2122 591 quia

543 619 601 667 et
627 612 730 667 hoc
753 610 1001 687 obtinere
1024 620 1320 683 paupertas
1343 610 1490 668 nullo
1512 615 1670 669 modo
1702 614 1869 670 valuit
1893 630 2033 678 mea,
2064 623 2124 670 ut

545 704 914 761 dividerentur
963 704 1188 776 singulis
1235 705 1323 761 his
1358 705 1677 776 designatis,
1725 715 1887 778 prout
1926 708 2123 779 cuique

543 813 680 871 opus
704 806 885 864 esset;
941 797 1072 853 dare
1110 798 1290 854 studui
1330 813 1573 870 operam,
1612 808 1672 854 ut
1711 800 1800 854 vel
1850 799 2122 871 aliquibus

540 891 742 963 aliquid
773 906 839 948 ex
868 891 981 962 ipsa
1018 889 1319 960 delegarem
1369 891 1772 962 paupertatula,
1807 892 1948 948 unde
1990 907 2120 973 pro-

538 982 712 1054 priam
729 982 1032 1038 mercedem
1047 982 1338 1038 secundum
1360 997 1515 1037 suum
1534 983 1837 1053 reciperent
1851 982 2117 1040 laborem.

539 1074 695 1133 Unde
723 1084 919 1146 prater
949 1074 1025 1140 id,
1053 1074 1196 1144 quod
1234 1074 1486 1129 omnibus
1522 1075 1884 1130 communiter
1914 1075 2119 1130 contuli

541 1167 915 1234 dividendum,
949 1166 1189 1238 delegavi
1208 1164 1321 1234 jam
1352 1167 1513 1222 dictis
1541 1166 1875 1241 presbyteris
1911 1178 1968 1223 et
1993 1169 2120 1224 sub-

541 1261 862 1318 diaconibus
888 1270 1052 1331 atque
1099 1259 1362 1331 acolythis
1403 1260 1469 1315 de
1494 1262 1789 1317 secretario
1839 1262 1892 1316 in
1933 1260 2116 1318 Beda-

533 1353 661 1424 nigo
689 1350 873 1424 (1125)
901 1349 1065 1423 475
1100 1350 1333 1406 casalem
1363 1367 1404 1416 ι,
1428 1350 1484 1405 in
1516 1350 1679 1407 Porto
1703 1368 1923 1425 campos
1947 1370 2029 1419 tu,
2060 1355 2114 1410 in

534 1444 722 1503 Cereta
752 1446 969 1502 hortum
994 1461 1181 1513 unum,
1210 1446 1265 1501 in
1289 1445 1590 1502 Roreelaria
1618 1450 1852 1504 casalem
1900 1465 1942 1513 ι,
1991 1464 2114 1504 cum

531 1539 796 1613 plecticiis
819 1537 1000 1613 (1126)
1033 1539 1207 1595 tribus
1238 1539 1336 1611 :jn
1368 1537 1721 1604 Nandosiola,
1752 1542 1894 1596 unde
1915 1541 2116 1596 dantur

2226 351 2327 410 ego
2354 337 2524 394 solum
2556 353 2792 396 maerens
2814 352 3114 411 cantarem,
3143 353 3199 400 et
3227 346 3439 405 invidia:
3466 359 3659 407 contra
3687 350 3807 411 illos

2225 425 2342 498 ipse
2388 444 2581 487 causas
2626 433 2798 488 vitare
2837 434 3036 491 debere
3085 451 3173 493 me
3200 438 3499 496 crederem.
3532 440 3722 515 (1152)
3750 444 3807 502 Si

2224 533 2355 575 vero
2384 518 2548 590 (quod
2588 524 2859 580 veraciter
2886 525 3230 602 confidimus)
3261 529 3489 589 Domino
3512 532 3652 603 ipsis
3677 534 3807 592 tide-

2223 607 2346 665 liter
2372 612 2747 679 servientibus,
2795 615 2957 673 alicui
2978 617 3240 688 ﬁdelium,
3285 630 3348 677 ut
3368 622 3577 695 aliquid
3603 626 3689 682 eis
3714 628 3809 683 ad-

2223 702 2343 770 dat,
2372 702 2540 761 fuerit
2564 706 2886 779 inspiratum
2914 726 2932 777 ;
2960 709 3226 780 volumus,
3272 722 3336 769 ut
3379 714 3542 772 sicuti
3590 725 3804 785 caetera,

2222 797 2296 854 ita
2329 799 2409 855 eis
2429 803 2792 861 communiter
2816 802 2915 860 llat
2952 803 3205 872 divisum,
3235 815 3295 863 ut
3324 823 3499 881 neque
3526 812 3808 871 contentio

2222 892 2365 949 inter
2382 908 2500 960 eos,
2529 910 2705 967 neque
2720 898 3012 969 praevaleat
3037 899 3242 969 odium,
3267 901 3361 958 sed
3400 918 3506 975 pax
3538 904 3661 971 Dei,
3687 921 3811 977 qua:

2220 998 2508 1060 exsuperat
2533 1004 2746 1047 omnem
2771 1008 3010 1062 sensum,
3062 996 3333 1052 custodiat
3378 999 3549 1054 corda
3602 998 3804 1054 intelli-

2219 1077 2541 1148 gentiasque
2568 1094 2758 1136 eorum
2786 1079 3045 1155 (Philipp.
3076 1100 3153 1152 tv,
3199 1084 3278 1159 7).
3306 1085 3460 1155 Quod
3486 1087 3555 1154 si,
3584 1097 3647 1145 ut
3665 1103 3806 1161 saepe

2218 1166 2436 1223 diabolo
2495 1172 2728 1243 contigit
2788 1174 3101 1247 instigante,
3158 1187 3385 1251 propter
3442 1179 3708 1237 invidiam
3751 1190 3807 1239 et

2217 1259 2399 1316 odium
2427 1262 2496 1318 ab
2523 1263 2625 1318 ista
2651 1274 2827 1321 matre
2850 1265 3033 1341 (H35)
3067 1270 3326 1341 expulsus
3353 1273 3582 1329 istorum
3606 1274 3806 1347 aliquis

2218 1348 2503 1422 illegaliter
2548 1352 2712 1410 fuerit
2764 1358 3034 1426 ecclesia;
3083 1376 3192 1416 non
3249 1372 3534 1435 propterea
3584 1366 3655 1422 de
3702 1367 3804 1423 ista

2217 1452 2404 1498 sancta
2445 1444 2840 1515 Consolatrice,
2890 1442 3034 1519 quod
3075 1453 3269 1509 solitus
3311 1455 3562 1526 accipere
3599 1455 3802 1525 fuerat,

2215 1535 2406 1603 perdat
2426 1536 2676 1601 ecclesia.
2707 1537 2803 1594 sed
2830 1549 2885 1595 et
2914 1542 3163 1612 accipiat,
3189 1545 3332 1615 quod
3380 1547 3586 1612 ca-teri,
3612 1557 3672 1603 et
3694 1563 3805 1605 ser-

532 1631 590 1688 in
624 1647 868 1695 censum,
900 1630 1055 1687 solidi
1096 1645 1330 1697 novem;
1370 1630 1434 1686 ad
1462 1629 1631 1701 Caput
1666 1632 1880 1701 Alpom's
1909 1632 2111 1687 casari-
2141 1614 2187 1674 Β
2215 1628 2349 1683 vitio
2375 1630 2498 1686 istic
2529 1646 2649 1689 sese
2687 1628 2867 1699 dedat,
2914 1635 3098 1709 (1134)
3122 1638 3169 1693 si
3198 1614 3314 1694 vult
3337 1649 3433 1695 aut
3455 1642 3797 1711 conceditur,

531 1721 712 1778 culum
740 1721 922 1794 (1127)
940 1736 981 1786 ι,
1007 1720 1059 1775 in
1082 1719 1306 1792 Bogosio
1323 1720 1558 1776 casalem
1585 1738 1772 1787 unum,
1796 1732 1855 1777 ut
1876 1723 2114 1792 peculia-

531 1815 668 1872 riter
695 1816 802 1873 hoc
830 1815 1082 1880 habeant,
1132 1829 1308 1883 neque
1331 1828 1454 1868 cum
1496 1816 1710 1871 caeteris
1743 1816 1926 1887 (1128)
1980 1818 2115 1873 divi-

532 1907 682 1963 dant.
728 1906 986 1963 Provisor
1014 1921 1145 1962 vero
1176 1921 1357 1960 rerum
1411 1905 1636 1962 istarum
1670 1907 1956 1965 ecclesiam
1986 1925 2110 1982 pro-

525 1998 705 2054 videat
756 1998 902 2054 beati
943 1995 1165 2053 Joannis
1194 1998 1247 2053 in
1300 2000 1460 2055 domo
1493 2001 1698 2075 (1129),
1749 2004 1840 2073 qui
1878 2013 1932 2060 et
1977 2006 2113 2061 duos

524 2088 640 2147 illic
684 2090 980 2146 constituat
1045 2090 1110 2146 de
1172 2090 1360 2147 eodem
1424 2094 1778 2151 contubernio
1839 2097 2110 2166 ostiarios,

524 2181 619 2252 qui
688 2190 743 2237 et
808 2181 1087 2238 basilicam
1132 2182 1460 2249 custodiant,
1496 2194 1552 2240 et
1600 2186 1798 2245 ostium
1843 2188 2112 2245 eimelia'r-

523 2271 634 2327 cbii
691 2271 875 2343 (1150)
929 2281 1170 2341 tempore
1207 2275 1514 2329 nocturnali
1546 2291 1760 2347 semper
1798 2282 2107 2347 observent,

523 2372 620 2417 aut
641 2362 997 2418 continuatim
1026 2363 1255 2429 scilicet,
1284 2374 1398 2430 aut,
1427 2367 1470 2421 si
1501 2367 1693 2424 melius
1717 2367 1878 2425 fuerit
1908 2373 2106 2438 visum,

521 2466 622 2524 per
641 2453 813 2508 vices.
838 2450 1188 2508 Consideravi
1217 2470 1469 2526 namque,
1503 2459 1628 2528 quia
1658 2474 1779 2514 cum
1808 2472 2003 2532 praeter
2030 2463 2105 2530 id,

521 2544 669 2615 quod
692 2542 744 2596 in
765 2541 1129 2598 ecclesiastico
1153 2552 1319 2613 agunt
1344 2546 1663 2614 ministerio,
1692 2550 1745 2604 hi
1772 2559 1883 2606 tres
1911 2552 2103 2626 (1131)

520 2632 742 2689 ordines
764 2632 1089 2703 peculiarius
1117 2634 1328 2691 caeteris
1348 2638 1599 2693 omnibus
1628 2641 1920 2711 pontificali
1954 2645 2105 2699 insu-

521 2725 652 2782 dent
679 2725 918 2788 servitio,
951 2725 1239 2794 specialius
1261 2725 1458 2797 aliquid
1488 2730 1735 2799 accipere
1763 2732 1830 2787 ab
1852 2734 2103 2805 episcopo

519 2834 621 2893 pro
668 2817 978 2889 specialiter
1028 2817 1105 2873 illi
1142 2819 1391 2889 impenso
1444 2821 1758 2878 debuissent
1814 2826 2098 2899 obsequio.

517 2911 719 2971 Parum
766 2927 896 2968 vero
927 2911 1006 2967 eis
1037 2910 1158 2967 ideo
1183 2911 1418 2979 contuli,
1479 2915 1603 2984 quia
1648 2924 1707 2971 et
1755 2917 1948 2975 dandis
1990 2936 2097 2978 non

589 3108 771 3183 (1121)
791 3104 941 3183 Illud
958 3106 1185 3183 scilicet,
1206 3109 1461 3183 quidquid
1486 3110 1550 3169 de
1575 3115 1986 3173 commutatione
2001 3117 2094 3176 illa

524 3180 894 3243 concesserat,
927 3180 980 3234 id
1009 3181 1201 3236 diebus
1228 3180 1354 3237 vitas
1376 3199 1488 3239 suae
1518 3186 1589 3240 ita
1638 3189 1783 3241 dedit
1819 3189 2096 3248 Galiverto

519 3253 614 3328 (al.
642 3251 945 3328 Galiberto)
983 3253 1324 3328 presbytero.
1353 3264 1404 3308 et
1453 3255 1683 3311 Martino
1726 3259 1926 3328 jnuiori
1965 3264 2095 3318 sub-

518 3324 765 3387 diacono,
822 3324 1084 3399 ambobus
1124 3325 1190 3377 de
1240 3339 1467 3380 numero
1508 3341 1694 3382 eorum
1727 3324 2088 3399 clericorum,

496 3390 713 3469 'guibus
753 3394 853 3449 hoc
887 3392 1137 3469 iudicato
1164 3408 1281 3469 _pro
1319 3410 1474 3469 tequa
1523 3400 1771 3467 portione
1806 3403 2041 3469 providit
2074 3390 2087 3457 Ξ

515 3464 612 3532 ita,
645 3466 884 3534 inquam,
914 3464 1042 3541 illud
1063 3464 1264 3519 eisdem
1297 3464 1444 3541 dedit
1572 3471 1743 3541 vitam
1773 3464 1932 3538 supra
1966 3488 2090 3541 por-

514 3536 738 3599 tionem,
760 3550 879 3603 quze
899 3534 979 3589 eis
1004 3548 1156 3602 atque
1178 3550 1241 3588 ac
1267 3537 1476 3613 caneris
1498 3540 1727 3613 debebat
1749 3534 2086 3613 contingere,

513 3615 573 3661 ut
602 3613 725 3677 post
752 3619 938 3659 eorum
970 3612 1202 3659 mortem
1229 3606 1297 3658 ad
1339 3610 1783 3676 communitatem,
1816 3613 1869 3665 id
1900 3606 1983 3667 est
2029 3606 2085 3669 in

514 3690 856 3732 communem
888 3688 1129 3730 mensam
1159 3678 1488 3743 perveniret.

584 3745 769 3818 (1125)
813 3746 1065 3818 Nostrum
1115 3748 1482 3818 apographum
1548 3748 1837 3805 Bodam‘eo.
1882 3752 2084 3811 Verum

513 3815 787 3898 ιξοξξαηὶρο
826 3817 996 3898 etiam
1026 3815 1222 3898 legitur
1248 3818 1299 3869 in
1323 3815 1510 3898 charta
1550 3821 1827 3898 anniw95‘9
1857 3826 2082 3898 editaiin

516 3885 850 3963 Collectione
876 3886 1092 3963 laudata.
1111 3885 1460 3963 diploinatum
1491 3905 1613 3963 pag.
1632 3891 1753 3963 125.
1785 3894 1838 3946 In
1867 3897 2082 3963 privile-

512 3959 601 4030 gio
625 3954 944 4030 Euge-nillil
971 3956 1096 4030 anni
1129 3955 1288 4020 1145,
1316 3954 1506 4030 ἡμίση-θ’
1526 3954 1781 4017 Ecclesia“:
1807 3954 2082 4022 veronen-

478 4026 485 4029 Α
510 4025 587 4084 Eis
608 4025 1189 4099 diciturﬂonudiguus,
1217 4028 1667 4099 nuncABonavigo.

583 4096 767 4170 (1126)
800 4094 1077 4170 Plecticios
1128 4097 1301 4170 dictos
1347 4096 1510 4170 fuisse
1537 4094 1798 4169 quosdam
1834 4105 2081 4165 homines

510 4166 756 4245 rurales,
790 4182 858 4222 ex
901 4166 1184 4245 privilegio
1210 4166 1420 4245 Qttonis
1445 4169 1484 4233 l,
1524 4166 1668 4240 quod
1692 4176 2076 4245 prtemisimus,

509 4236 999 4309 maltifestuchst.
1049 4235 1275 4309 Siquid
1304 4235 1574 4308 perperam
1621 4235 1704 4295 vel
1724 4261 1754 4296 a
1803 4235 2076 4304 massariis

507 4308 586 4366 uel
623 4326 657 4362 a
694 4306 1014 4371 castellanis,
1072 4307 1147 4361 uel
1192 4324 1224 4360 a
1271 4306 1543 4377 plecticiis,
1578 4313 1657 4366 vel
1696 4316 1955 4372 incensitis
1996 4320 2075 4374 vel

507 4395 543 4436 α
572 4378 914 4455 commortalis
945 4382 1155 4455 (omnes
1176 4389 1325 4455 “sunt
1355 4380 1453 4455 viri
1497 4383 1764 4455 ruricolae)
1800 4386 2073 4455 lucrifac-

508 4440 644 4515 tuu't,
673 4459 777 4505 etc.
831 4440 957 4501 Tres
984 4440 1211 4518 plecticii
1234 4450 1336 4503 hoc
1366 4450 1483 4505 loco
1527 4440 1759 4509 indicati
1779 4440 1949 4513 casali
1974 4440 2071 4515 ad-

468 4525 472 4529 ‘
509 4520 635 4575 dicti
663 4528 839 4574 erant.
888 4519 1150 4587 Superius
1180 4536 1325 4574 num.
1364 4521 1418 4584 2,
1450 4524 1632 4578 casale
1660 4541 1824 4580 lllllllll
1853 4537 1908 4582 et
1933 4546 2075 4585 mas-

506 4591 705 4646 saritize
732 4591 850 4644 dua:
893 4598 1279 4667 memorantur.
1316 4590 1618 4648 Massaritia
1649 4607 1766 4652 erat
1814 4599 2073 4667 praedium

507 4661 774 4732 amplum,
800 4660 978 4732 casale
1003 4676 1129 4732 vero
1152 4676 1353 4729 paucos
1399 4680 1618 4732 canities
1664 4660 1901 4723 indicare
1931 4670 2075 4724 vide-

505 4729 614 4785 tur.
649 4729 935 4794 Ruricolae,
960 4731 1051 4799 qui
1079 4732 1413 4786 massaritias
1443 4729 1713 4801 col—ebant,
1755 4740 2074 4795 dicebantur

504 4801 751 4856 massarii
777 4817 791 4866 ;
821 4801 912 4869 qui
952 4810 1140 4879 autem
1161 4802 1360 4879 casale,
1399 4819 1716 4879 seupauens
1736 4823 1954 4879 campos
1983 4827 2075 4865 co-

503 4871 691 4947 lendos
718 4881 1058 4947 acceperant,
1087 4870 1309 4947 plectieii
1329 4870 1589 4947 appellati
1630 4877 1750 4931 Mox
1778 4870 1876 4947 pro
1926 4878 2074 4934 Nau—

503 4942 709 4996 dosiola
756 4941 967 5012 melius
992 4942 1047 5012 in
1101 4942 1378 5012 privilegio
1414 4941 1721 5002 ’Federicil
1759 4941 1882 5004 anni
1936 4952 2073 5005 1155

503 5012 802 5091 Veronensi
850 5010 1102 5091 Ecclesia:
1144 5010 1405 5067 concesso
1451 5012 1791 5072 Nauclesiola
1854 5022 2069 5091 legitur,

501 5097 646 5137 nunc
679 5079 979 5135 Nichesoln.

573 5152 757 5223 (1127)
794 5150 983 5218 Vulg.,
1063 5151 1430 5223 casariaclum.
1499 5151 1863 5212 Casnriculum
1926 5160 2069 5215 idem

500 5221 620 5277 esse
646 5223 858 5275 Videtur
886 5236 950 5274 ac
993 5221 1335 5274 casnliculum
1367 5225 1420 5276 in
1462 5224 1782 5282 documento
1824 5229 2069 5286 Farfcnsi

504 5290 643 5348 apud
691 5290 970 5348 Canuiutn,
1004 5290 1055 5343 id
1091 5304 1174 5345 est
1201 5293 1381 5348 casale
1409 5294 1681 5348 exiguum.
1720 5298 1830 5348 line.
1867 5303 2069 5348 casm-i-

2215 1717 2452 1776 Domini.

2280 1812 2447 1887 476
2479 1814 2532 1870 5.
2573 1816 2780 1889 Expers
2808 1836 2938 1878 vero
2982 1838 3145 1894 quam
3194 1823 3267 1880 sit
3298 1824 3626 1898 cognitionis
3667 1825 3803 1899 legis

2214 1907 2379 1961 totius
2400 1909 2695 1975 canonicze,
2718 1923 3025 1985 promptum
3047 1916 3448 1986 estadvertere,
3468 1921 3562 1991 qui
3585 1930 3798 1990 censet,

2212 1998 2356 2066 quod
2403 1999 2560 2056 alteri
2612 2001 2775 2059 liceat
2822 2007 3083 2064 clericum
3129 2010 3183 2066 in
3229 2012 3517 2070 ecclesiam
3578 2017 3799 2074 mittere

2210 2093 2297 2146 vel
2323 2094 2388 2149 ab
2410 2110 2473 2151 ea
2501 2098 2791 2166 expellere,
2825 2100 2928 2156 nisi
2956 2101 3139 2176 (1155)
3177 2106 3270 2177 qui
3300 2116 3479 2178 potest
3507 2108 3574 2165 de
3598 2109 3798 2167 clerico

2210 2185 2544 2257 acolythum,
2602 2204 2724 2244 cum
2773 2191 3014 2261 libuerit,
3064 2194 3265 2253 facere.
3316 2199 3422 2255 Sed
3480 2202 3613 2272 quia
3660 2217 3799 2259 nun-

2209 2293 2371 2348 quam
2412 2281 2563 2337 deest
2594 2284 2880 2352 malivolis,
2907 2289 3050 2358 quod
3107 2291 3247 2346 male
3291 2293 3532 2365 cupiant,
3562 2295 3797 2351 etsieﬁl-

2210 2384 2334 2426 cere
2370 2371 2555 2445 (1156)
2585 2387 2856 2447 nequeant
2883 2396 2897 2446 ;
2948 2381 3052 2437 hoc
3080 2384 3222 2453 quod
3256 2383 3417 2452 facio,
3450 2402 3514 2443 ea
3537 2391 3792 2448 cautione

2207 2463 2539 2535 constringe,
2567 2475 2626 2520 ut
2652 2468 2766 2523 sive
2794 2481 3017 2526 vocetur
3046 2475 3333 2546 episcopus
3360 2476 3492 2549 (non
3514 2480 3663 2535 enim
3688 2482 3794 2537 erit

2209 2551 2322 2623 ille)
2387 2557 2503 2610 sive
2546 2559 2847 2630 presbyteri
2892 2572 2949 2618 et
3001 2565 3211 2622 diaconi
3253 2569 3537 2627 istiusdem
3592 2582 3793 2630 nostrae

2204 2643 2483 2713 Ecclesiae,
2515 2651 2606 2719 qui
2638 2661 2729 2706 aut
2758 2654 2901 2710 istud
2946 2657 3244 2727 destruere,
3290 2671 3386 2719 aut
3417 2678 3486 2720 ex
3534 2665 3643 2733 bis,
3670 2682 3792 2739 qua:

2205 2736 2271 2793 de
2317 2749 2503 2796 nostra
2555 2742 2796 2802 Ecclesia
2832 2747 2981 2818 juste
3027 2760 3083 2807 et
3120 2751 3369 2825 legaliter
3412 2736 3790 2815 antecessores

2202 2828 2328 2888 boni
2351 2835 2842 2924 p.r:1edecessoribus
2861 2842 3089 2901 istorum
3112 2848 3255 2902 soliti
3281 2847 3500 2906 fuerunt
3519 2853 3786 2924 prebere,

2204 2902 2536 2984 tentav.erint
2558 2930 2759 3002 aliquid
2788 2935 3058 3025 mipuere,
3080 2940 3235 3012 quasi
3283 2902 3547 3001 videlice:
3566 2944 3787 3002 valeant

2195 3122 2749 3201 bati;_nl_tnc_Begosso
2777 3136 3109 3195 nominatur.

2265 3198 2448 3280 (1128)
2477 3198 2664 3280 Qa’téri
2694 3215 2825 3280 sunt
2847 3224 2953 3262 non
2986 3211 3158 3266 solum
3204 3211 3434 3280 ostiarii,
3467 3214 3564 3271 sed
3604 3216 3777 3273 etiam

2193 3270 2509 3357 stilidiacOni
2579 3282 2645 3357 et_
2686 3276 2945 3357 _acolythi
3010 3291 3291 3357 cantores,
3330 3270 3779 3357 quosiisuperius

2192 3341 2438 3421 distinxit
2483 3358 2516 3396 a
2566 3341 2915 3404 subdiacoitis
2959 3362 3015 3406 et
3060 3341 3362 3426 acolythis'
3396 3341 3463 3412 de
3528 3341 3775 3416 secreta;

2190 3425 2291 3466 1⁸10.

2261 3482 2451 3557 (11⁸29)
2493 3483 2691 3541 Domus
2758 3491 3057 3548 vocabatur
3112 3494 3488 3553 cathedralis:
3537 3501 3771 3557 ecclesia

2189 3567 2317 3639 vero
2424 3554 2646 3639 Joannis
2672 3558 2723 3612 in
2753 3560 2924 3617 Domo
2951 3574 3036 3639 est
3066 3564 3151 3639 illa
3182 3571 3432 3639 superius
3459 3554 3684 3627 laudata
3698 3554 3765 3630 is:

2185 3621 2411 3715 Joannis
2452 3625 2727 3715 Baptistae,
2777 3648 2898 3715 qua:
2930 3621 3770 3715 cathedralircontigitatbawpd;

2186 3695 2413 3751 sterium
2443 3697 2681 3763 ejusdem
2713 3695 2976 3760 continet.

2256 3766 2441 3838 (1150)
2471 3768 2897 3849 Cimeliarcltium
2937 3785 3020 3849 est
3068 3777 3238 3846 locus,
3274 3782 3365 3837 ubi
3398 3783 3641 3849 cimelia,
3670 3800 3765 3842 seu

2183 3850 2340 3891 sacra
2370 3853 2498 3913 vasa
2522 3849 2575 3892 et
2608 3845 2840 3913 pretiosa
2871 3847 3113 3905 ecclesiae
3138 3845 3356 3907 mobilia
3391 3845 3765 3913 reconduntur

2183 3916 2251 3997 et
2268 3910 2665 3997 custodiuntur.
2706 3911 2838 3969 Vide
2865 3916 2922 3970 S.
2955 3916 3275 3991 Gregorium
3323 3924 3429 3997 lib.
3466 3941 3553 3993 ιη,
3602 3910 3757 3997 epist.

2181 3976 2271 4033 50.
2318 3978 2440 4034 Mox
2487 3995 2584 4051 pro
2626 3998 2826 4055 semper
2874 3976 3119 4045 nostruin
3178 3976 3553 4065 apographu—ni

2178 4064 2333 4112 sirpe.
3294 4064 3306 4065 ί
3386 4064 3395 4065 “
3716 4109 3722 4113 .

2194 4119 2433 4211 ΛΜΨ)
2477 4120 2551 4176 Hi
2596 4131 2720 4192 tres,
2765 4126 3080 4187 subdiaconi
3128 4133 3358 4202 scilicet,
3422 4137 3663 4211 acolythi
3706 4148 3761 4197 et

2179 4192 2405 4245 ostiarii.

2249 4260 2432 4354 (1
2464 4262 2716 4354 ξᾳξινηιη
2748 4272 3114 4354 apographum
3151 4275 3316 4354 habet
3340 4278 3519 4354 :_Suis
3548 4283 3757 4354 quidem

2177 4332 2447 4386 veraciter.
2471 4332 2576 4416 l’ez
2606 4332 2914 4417 emendavit
2948 4332 2965 4396 :-
3003 4347 3110 4399 sive
3151 4349 3310 4417 quod.
3363 4332 3755 4411 Nobis'textui

2178 4405 2559 4483 congruenti'or
2586 4409 2698 4463 visa
2726 4421 2809 4464 est
2830 4418 3095 4471 correctio
3128 4405 3229 4473 ι’ὃὶ
3261 4435 3376 4475 rere
3418 4405 3756 4492 (qubd'éééél

2176 4482 2323 4536 citer,
2356 4484 2459 4529 etc.

2247 4543 2433 4617 (llElS)
2462 4544 2634 4603 Mater
2652 4553 2883 4610 ecclesia
2907 4566 2992 4611 est
3017 4559 3371 4617 cathedralis.

2245 4613 2537 4699 tibipez,
2568 4619 2745 4689 dedat,
2774 4639 2829 4678 ut
2868 4613 3659 4699 conceditur.Eltiietidavimus
3696 4646 3751 4695 et

2175 4687 2540 4771 supplevitntts
2576 4707 2642 4771 ex
2665 4687 2871 4771 _nus_tro
2918 4703 3247 4771 apographo.

2249 4757 2679 4845 ((155)1‘ieniini
2708 4767 2913 4845 scilicet
2937 4757 3148 4845 prii-ted
3173 4774 3486 4845 episcopum
3534 4777 3662 4833 licet
3681 4779 3746 4835 de

2175 4823 2374 4904 clerico
2403 4823 2707 4915 acolytlium
2735 4823 2958 4919 facere;
2977 4823 3570 4919 tice—clei'ricnm'facere'
3590 4823 3742 4919 quis:

2174 4908 2526 4978 plain-potest
2572 4903 2696 4978 sine
2724 4908 2958 4978 episcopi
2995 4910 3209 4969 licentia
3241 4933 3255 4969 :
3294 4919 3436 4972 unde
3475 4903 3664 4974 auctdr
3687 4903 3741 4974 in

2174 4968 2422 5044 synodica
2450 4987 2598 5044 num.
2633 4975 2719 5038 15.
2754 4968 2944 5034 Statuit
2969 4998 2981 5034 :
3008 4968 3269 5039 Clericunt
3302 4968 3502 5042 Vinieit'toﬁ
3521 5001 3741 5044 restricta

2173 5040 2289 5109 sine
2307 5038 2516 5109 licentia
2559 5042 2721 5109 faciat
2762 5060 2963 5105 nostra.

2244 5106 2604 5200 diei,
2650 5115 2695 5168 si
2747 5119 2961 5187 efﬁcere.
3020 5121 3349 5200 _Scripsirnns
3398 5116 3498 5184 etsi
3550 5130 3741 5200 emt-ere

2172 5190 2514 5270 cum-nostr}?
2569 5200 2921 5270 apograpno,
2948 5193 3035 5248 cui
3081 5190 3327 5270 concinit
3373 5190 3738 5270 pseudo't'locu-

2177 5258 2416 5348 infernum
2468 5252 2707 5348 Ratuldﬁ
2735 5252 3054 5348 ascriptum,
3079 5267 3129 5348 i_n
3161 5272 3312 5348 quod
3344 5252 3734 5348 hfzecpcriodus

2173 5330 2236 5348 nr
2269 5330 2422 5348 nul-ulla
2469 5337 2494 5348 Λ
