4044 5348
193 256 297 317 613

1219 249 1465 313 OPUSC.
1505 251 1596 310 DE
1630 250 1942 312 CLERlClS
1982 248 2429 307 REBELLIBUS.

2791 179 2815 202 Γ

3367 253 3499 310 6M.

195 374 422 435 dicere:
473 370 704 430 Habetis
746 365 990 428 vestrum
1045 369 1397 442 stipendium,
1437 369 1668 426 sufficiat
1717 369 1786 424 is-
1814 377 1860 437 Α
1889 367 2238 439 compellant.
2273 366 2521 423 Scltisma
2548 377 2677 421 vero
2718 363 2980 435 facerem,
3037 367 3081 425 si
3124 379 3349 442 propter
3377 371 3486 431 hoc

197 469 314 533 tud,
346 475 445 521 aut
480 467 528 522 si
570 464 734 522 vultis
785 457 1062 520 vobiscum
1110 473 1296 520 nostra
1351 464 1534 535 (H57)
1575 462 1784 534 partiri,

193 559 433 624 mittite,
480 559 627 630 quod
675 557 830 613 vobis
868 557 1054 612 datum
1100 564 1205 622 est,
1256 556 1309 610 in
1354 565 1598 611 nostrum
1643 569 1788 609 eom-

193 665 365 708 mune
390 669 404 704 :
433 660 648 722 partem
673 649 759 704 isti
803 648 935 705 tales
982 649 1036 704 in
1069 649 1170 705 alia
1199 648 1308 703 vita
1350 665 1472 704 cum
1505 647 1651 702 nullo
1694 649 1788 702 lia-

191 744 367 798 beant
390 750 734 805 sanctorum,
757 739 852 796 sed
873 755 995 794 cum
1018 739 1208 805 Cham,
1228 739 1457 804 Dathan,
1485 747 1539 792 et
1562 738 1788 802 Abiron,

192 834 280 890 vel
309 849 439 890 cum
471 833 601 899 illis,
632 848 766 903 quos
794 840 886 886 aut
935 831 1194 886 diluvium
1242 831 1451 897 mersit,
1499 840 1593 884 aut
1648 839 1790 884 terra

194 927 441 998 glutivit,
490 940 726 995 cumque
794 924 988 988 Pilato,
1040 925 1222 988 Anna,
1270 933 1323 978 et
1373 923 1596 992 Caiplta,
1655 921 1791 977 Juda

195 1020 410 1076 Christi
445 1019 729 1084 traditore,
761 1025 816 1074 et
845 1032 1002 1088 mago
1041 1015 1286 1081 Simone,
1336 1014 1547 1069 Anania
1576 1028 1794 1084 quoque

194 1125 251 1172 et
277 1115 542 1184 Saphira,
575 1129 712 1184 quos
734 1112 927 1168 beatus
960 1111 1156 1166 Petrus
1186 1126 1283 1180 pro
1317 1108 1569 1164 fraudata
1603 1107 1786 1163 eccle-

195 1208 427 1264 siastica
467 1205 745 1261 damnavit
775 1204 1029 1274 pecunia,
1072 1203 1289 1273 sintque
1338 1203 1651 1267 anathema,
1683 1215 1796 1254 ma-

197 1297 463 1362 ranatba,
496 1304 552 1349 et
581 1302 847 1357 exsortes,
877 1293 981 1348 nisi
1010 1294 1356 1362 resipuerint,
1395 1308 1426 1347 a
1468 1293 1577 1346 vita
1608 1306 1799 1362 perpe-

199 1397 314 1441 tua.
349 1386 509 1454 Quod
542 1386 590 1441 si
641 1385 898 1450 dixerint,
943 1393 1130 1452 utpote
1161 1383 1271 1446 illi,
1305 1382 1397 1453 qui
1439 1381 1715 1436 declinant
1743 1381 1798 1434 in

193 1479 368 1534 verba
400 1477 622 1532 malitia:
647 1479 712 1532 ad
738 1477 1080 1532 excusandas
1123 1476 1504 1531 excusationes
1529 1476 1581 1529 in
1609 1490 1799 1545 pecca-

197 1571 269 1626 tis
305 1571 486 1642 (Psal.
513 1587 635 1636 cn,
661 1571 742 1641 4).
788 1570 904 1625 Non
938 1587 1226 1641 possumus
1267 1572 1346 1626 eis
1390 1579 1596 1624 tantum
1639 1572 1791 1636 dare,

195 1673 465 1736 quantum
506 1674 880 1720 antecessores
931 1665 1102 1719 nostri
1129 1664 1571 1719 antecessoribus
1609 1679 1800 1718 eorum

1890 462 2032 530 quod
2089 461 2169 514 eis
2222 458 2379 522 addo,
2431 458 2575 529 quod
2621 474 2834 530 semper
2891 460 3221 529 habuerunt,
3272 464 3481 522 auferri

1887 551 2282 621 permitterem.
2317 548 2427 604 Nec
2475 550 2578 605 hoc
2609 547 2750 604 foret
2779 550 3029 621 adjectio,
3059 553 3153 607 sed
3181 565 3488 610 commuta-

1891 643 1985 705 tio,
2013 650 2068 696 et
2095 656 2124 695 a
2155 640 2495 696 fraternitate
2559 652 2742 697 vestra
2789 643 3021 699 divisio:
3053 647 3220 715 quod,
3248 647 3341 718 qni
3376 663 3491 705 mo-

1893 735 2040 798 litur,
2076 736 2147 790 sit
2177 736 2381 791 divisus
2427 752 2456 790 a
2491 738 2620 801 Deo,
2667 747 2722 791 et
2753 746 3036 808 separatus
3085 757 3116 795 a
3169 751 3490 801 sanctorum

1893 827 2144 897 collegio.
2169 827 2407 883 Obsecro
2435 837 2694 898 praeterea
2727 844 3096 897 successores,
3127 833 3219 903 qui
3248 850 3490 906 unquam

1893 917 2116 984 fuerint,
2143 935 2309 984 meos,
2344 928 2400 972 ιιι
2429 919 2556 973 dum
2589 921 2690 976 hoc
2715 920 2942 982 legerint
2969 923 3151 993 (“59)
3193 926 3485 996 scriptum,

1896 1013 2126 1067 solerter
2154 1013 2502 1066 meminerint
2532 1032 2544 1066 :
2576 1012 2709 1078 Fili,
2737 1016 2783 1068 si
2833 1017 3038 1086 sapiens
3079 1018 3265 1087 fueris,
3294 1021 3493 1077 tibimet

1899 1105 1999 1175 ipsi
2047 1106 2150 1158 eris
2208 1105 2393 1176 (Prov.
2425 1121 2500 1170 ιχ,
2540 1107 2618 1175 9),
2652 1117 2709 1162 ut
2742 1123 2807 1163 ex
2847 1111 3114 1167 consimili
3155 1113 3368 1169 valeant
3413 1125 3496 1170 at-

1901 1198 2142 1262 tendere,
2176 1198 2303 1268 quia
2353 1199 2398 1253 si
2427 1198 2634 1254 fuerint
2656 1201 2802 1266 boni,
2838 1203 2998 1259 nullis
3028 1206 3268 1276 proderit
3297 1208 3491 1280 magis,

1900 1307 2062 1362 quam
2094 1292 2242 1362 ipsis.
2282 1289 2450 1346 Nemo
2489 1294 2654 1359 enim,
2687 1304 2746 1348 ut
2798 1295 2992 1353 beatus
3043 1300 3376 1370 Augustinus
3402 1317 3496 1357 ve-

1901 1386 2183 1441 racissime
2211 1384 2379 1458 478
2409 1387 2561 1453 dicit,
2591 1405 2695 1442 non
2731 1389 2785 1442 in
2816 1407 2870 1444 se
2893 1392 3059 1460 prius,
3084 1410 3241 1463 quam
3283 1396 3338 1450 in
3365 1395 3498 1450 alte-

1903 1495 2019 1532 rum
2048 1489 2247 1548 peccat.
2280 1480 2345 1532 lit
2390 1479 2456 1534 de
2506 1480 2610 1534 isto
2645 1481 2862 1550 quidem
2907 1483 2952 1537 si
3003 1485 3072 1539 ob
3120 1485 3496 1557 indignitatem

1905 1584 2082 1623 meam
2111 1569 2418 1624 mercedem
2449 1569 2579 1622 mihi
2614 1585 2720 1624 non
2749 1572 3028 1643 contingat
3057 1573 3290 1644 adipisci
3310 1575 3496 1647 (1140)

1905 1670 2176 1730 speratam
2203 1677 2216 1725 ;
2247 1662 2594 1716 nanciscatur
2639 1662 2835 1717 saltem
2863 1663 3104 1719 debitum
3134 1666 3329 1722 exinde
3355 1682 3496 1738 pra:-

195 1759 506 1824 dederunt;
534 1758 924 1828 respondemus
955 1757 1074 1812 eis:
1107 1756 1286 1811 Nolite
1305 1773 1502 1821 errare,
1533 1755 1672 1810 Deus
1699 1772 1802 1808 non
1832 1747 1878 1807 Β
1909 1756 2096 1819 mium,
2142 1755 2296 1825 cujus
2356 1756 2455 1811 hoc
2503 1765 2587 1810 est
2627 1765 2868 1827 tempore
2921 1756 3125 1813 factum
3149 1798 3165 1824 ,
3222 1760 3500 1828 piissimus

193 1851 454 1906 irridetur
504 1848 647 1922 (Gal.
698 1865 774 1915 vt,
811 1851 889 1921 Ἰ).
943 1851 1217 1905 Dederunt
1278 1849 1351 1904 illi
1414 1849 1557 1920 quod
1604 1857 1795 1919 potue-

194 1953 361 2009 runt;
388 1944 454 1998 da
477 1952 532 1998 et
557 1952 613 1997 tu
660 1943 802 2012 quod
833 1943 1003 2010 vales,
1026 1944 1071 1998 si
1096 1942 1529 1998 maledictionem
1555 1942 1795 2013 praemis-

195 2050 316 2090 sam
359 2041 591 2091 evadere
613 2035 784 2091 voles.

267 2130 324 2184 6.
374 2129 646 2195 Schisma,
702 2129 973 2200 inquittnt,
1022 2128 1178 2198 facis,
1231 2131 1357 2185 dum
1403 2145 1497 2186 eos
1549 2145 1579 2184 a
1633 2129 1796 2184 disci-

196 2219 346 2292 plina
394 2220 662 2289 majorum
713 2223 934 2276 avertis.
987 2220 1105 2276 Non
1158 2232 1346 2277 averto
1397 2237 1427 2276 a
1487 2222 1791 2292 disciplina,

197 2315 293 2367 sed
335 2314 403 2368 ab
444 2315 623 2385 inepia
679 2330 774 2371 eos
803 2325 857 2372 et
895 2317 1186 2373 occasione
1239 2318 1524 2372 servitium
1577 2318 1791 2372 Domini

197 2404 364 2479 877
390 2408 694 2480 negligendi
747 2425 959 2476 eruere,
1003 2411 1049 2466 si
1092 2419 1238 2467 esset
1274 2411 1547 2482 possibile,
1599 2413 1790 2482 gestio.

196 2495 313 2553 Nec
335 2500 595 2568 prohibeo
631 2501 1008 2571 delinquentes
1035 2503 1233 2574 corrigi
1260 2521 1274 2568 ;
1306 2504 1398 2558 sed
1434 2503 1576 2567 nolo,
1608 2513 1667 2558 ιιι
1693 2505 1793 2558 sub

199 2592 555 2647 correctionis
578 2594 812 2648 articulo
837 2595 1089 2664 perdant,
1121 2595 1263 2665 quod
1297 2595 1523 2650 confero
1553 2610 1567 2649 :
1596 2606 1648 2650 et
1676 2596 1793 2651 ideo

199 2696 417 2749 censeo,
444 2694 504 2739 ut
533 2687 600 2742 de
628 2702 718 2752 eo,
772 2688 915 2757 quod
952 2688 1032 2743 eis
1061 2689 1264 2743 contuli
1312 2687 1518 2760 (“38),
1560 2687 1796 2742 destrin-

201 2783 403 2845 gantur
428 2791 455 2830 a
496 2793 598 2833 suo
627 2777 897 2834 ministro.
933 2779 1174 2852 Magistri
1209 2797 1337 2835 vero
1367 2780 1580 2834 illorum
1630 2778 1798 2834 disci-

201 2865 348 2936 plina
395 2881 511 2933 eos,
537 2883 645 2924 non
698 2869 877 2941 inopia
934 2874 1001 2927 ad
1057 2873 1129 2937 id,
1163 2873 1418 2943 quodest
1465 2870 1796 2935 faciendum,

274 3021 459 3096 (1157)
484 3023 628 3079 Pezii
660 3027 850 3092 editio,
894 3028 1162 3082 nobiscum
1219 3039 1408 3090 vestra,
1471 3007 1629 3082 male:
1693 3027 1798 3081 No-

1903 1849 2091 1919 utique
2143 1850 2438 1920 imperator
2486 1849 2634 1922 [Otto
2679 1848 2757 1924 l],
2809 1851 2900 1921 qui
2945 1861 2998 1907 et
3040 1853 3214 1908 eidem
3245 1852 3502 1908 Ecclesiae

1903 1945 2363 2000 clementissimus
2402 1947 2615 2000 exstitit
2659 1946 3007 2018 suffragator,
3058 1964 3146 2003 me
3193 1947 3402 2003 scilicet
3428 1949 3501 2003 ob

1905 2039 2008 2094 ltoc
2053 2039 2104 2093 in
2148 2055 2210 2093 ea
2252 2039 2551 2103 stabilietts,
2587 2047 2645 2092 ιιι
2677 2053 3008 2108 exsequerer
3047 2039 3315 2095 sollicitus
3344 2053 3502 2094 exse-

1904 2132 2140 2202 quenda,
2173 2131 2497 2201 negligerem
2524 2129 2864 2200 negligenda,
2893 2130 3048 2198 cujus
3066 2140 3120 2186 et
3141 2130 3322 2201 (1141)
3347 2132 3502 2185 auxi-

1902 2227 1974 2282 lio
2007 2227 2174 2281 fretus
2200 2243 2320 2281 sum
2351 2227 2451 2280 ista
2493 2226 2731 2292 molitus,
2761 2243 2826 2281 ac
2855 2241 2956 2297 per
2986 2227 3089 2281 hoc
3119 2227 3292 2297 magis
3323 2227 3493 2296 ipsius

1897 2337 2058 2392 quam
2089 2337 2266 2376 meum
2301 2329 2383 2376 est
2423 2336 2581 2390 opus,
2607 2319 2694 2374 cui
2742 2328 2798 2374 et
2835 2319 3332 2375 remunerationem
3365 2318 3492 2375 inde

1898 2412 2163 2468 concedat
2220 2412 2328 2477 ille,
2379 2426 2583 2480 qumso,
2637 2418 2950 2481 perpetuam
2995 2426 3009 2474 ;
3067 2410 3158 2479 qui
3201 2407 3498 2465 sustentari

1901 2504 2082 2558 taliter
2157 2503 2403 2557 eamdem
2489 2502 2893 2572 pauperrimatn
2964 2500 3288 2556 clericorum
3363 2498 3496 2555 fecit

1904 2595 2164 2650 familiam
2211 2637 2225 2661 ,
2270 2596 2485 2667 stipem
2537 2596 2584 2650 ei
2642 2597 2933 2664 providens
2999 2594 3178 2650 taliter
3237 2609 3499 2663 annuam,

1907 2687 1962 2742 in
2011 2688 2112 2741 ltoe
2164 2687 2366 2742 smeulo
2419 2703 2542 2742 eum
2593 2685 2865 2758 imperare
2920 2686 3128 2742 faciens
3172 2686 3359 2757 utique
3403 2700 3500 2757 po-

1912 2787 2108 2844 tenter,
2147 2779 2198 2834 in
2226 2777 2407 2833 futuro
2430 2777 2741 2850 glorificans
2769 2790 3169 2849 permanenter.
3194 2782 3388 2838 Amen.

1897 3041 2022 3094 pore
2063 3026 2160 3078 hoc
2185 3025 2383 3095 factum
2409 3035 2511 3089 est,
2540 3024 2878 3079 nanciscatur
2903 3023 3090 3079 exinde
3116 3022 3344 3077 debitum
3366 3038 3502 3095 prce:

201 3092 376 3172 stram
428 3092 798 3172 apograplmm
829 3099 1096 3152 nobiscum
1120 3101 1341 3154 "nostra.
1380 3099 1790 3155 Correcliouem
1824 3111 1868 3172 ο
1897 3092 2082 3172 inium.
2113 3092 2222 3172 qui
2253 3099 2618 3172 imperatorct
2664 3095 2862 3172 exstitit
2905 3095 3337 3172 clctitentissimus
3367 3092 3498 3162 suf-

199 3166 468 3219 vobiscum
501 3170 987 3223 suasit’sententia.

274 3237 461 3312 (1158)
495 3236 895 3312 Destrtngautur
925 3242 988 3293 de
1029 3259 1087 3295 eo
1120 3242 1260 3312 quod
1282 3243 1354 3296 eis
1385 3241 1602 3305 contuli,
1637 3242 1684 3295 id
1715 3250 1798 3297 cst

199 3307 898 3382 pu_niantur_subtrahendo
919 3313 1018 3372 eis.
1040 3307 1158 3382 qua:
1183 3314 1310 3380 ipsis
1333 3314 1524 3367 collata
1557 3313 1793 3375 fuerant,

202 3378 278 3455 uti
312 3394 463 3455 num.
487 3379 520 3432 5
550 3382 936 3455 constituerat:
980 3383 1037 3438 Si
1059 3378 1347 3438 emendare
1375 3385 1618 3449 noluerit,
1657 3385 1797 3455 quod

201 3450 266 3501 ab
296 3466 358 3502 eo
396 3448 690 3511 abstulerit,
718 3451 839 3504 aliis
865 3454 1085 3508 dividat.

274 3521 322 3589 (1
344 3520 462 3590 ι59)
500 3520 555 3597 lu
585 3521 864 3597 Discordia
889 3542 1036 3579 mtm.
1069 3525 1140 3580 8:
1175 3527 1394 3596 facie-ns,
1430 3527 1797 3597 inquit,.scm-

167 3605 346 3668 \PTUI
368 3593 658 3662 qtmddam,
679 3595 816 3664 quod
845 3599 1146 3651 nominatur
1170 3593 1574 3666 judicatum,'id
1603 3609 1674 3651 cst
1698 3597 1801 3651 Dc-

202 3677 303 3717 ere.
318 3679 428 3715 um.

274 3733 462 3811 (1141))
482 3735 566 3811 ita
617 3746 865 3811 nostrum
899 3741 1289 3811 apograplmm.
1336 3740 1464 3805 l’ez,
1496 3741 1801 3794 conceditur

203 3805 444 3881 adipisci.
472 3806 738 3881 Constt'ue
773 3825 787 3863 :
834 3810 898 3862 lit
929 3805 972 3863 si
995 3805 1204 3881 (ididem
1237 3813 1364 3865 milii
1403 3829 1505 3865 non
1532 3813 1798 3879 contingat

203 3876 427 3946 adipisci
465 3878 529 3951 de
572 3881 675 3933 isto
721 3876 1299 3951 mercedemsperatam
1331 3883 1392 3935 ob
1431 3876 1798 3951 indignitatem

202 3960 404 4013 meant;
443 3948 629 4004 saltem
646 3952 921 4021 piissimus
951 3948 1126 4024 utique
1149 3954 1454 4024 imperator,
1485 3948 1638 4023 cujus
1671 3963 1800 4006 teut-

215 4154 2868 4182 “mm

1904 3165 2144 3237 [rogator
2175 3165 2344 3221 eideni
2375 3165 2645 3230 Ecclesia’,
2685 3166 2954 3220 stabiliens
2980 3165 3172 3237 scilicet
3197 3183 3294 3229 me,
3321 3175 3427 3220 etc.

1977 3239 2161 3306 (HM)
2200 3240 2322 3292 Hme
2367 3249 2450 3292 est
2481 3239 2567 3292 illa
2612 3238 2808 3306 ﬁducia
2854 3236 3138 3304 im;erialis
3186 3237 3496 3306 prtesentice,

1908 3305 2062 3377 cujus
2093 3309 2385 3364 liatherius
2415 3305 2661 3363 meminit
2707 3318 2816 3377 tum
2851 3308 2902 3361 in
2931 3307 3210 3360 Discordia
3231 3322 3389 3377 Alllllll.
3429 3305 3497 3377 5,

1907 3375 2020 3433 tum
2055 3382 2106 3434 in
2141 3395 2390 3434 sermone
2423 3380 2496 3432 De
2539 3381 2733 3432 octavis
2767 3376 2988 3432 Pascha:
3022 3394 3170 3431 num.
3215 3375 3270 3430 4.
3303 3376 3501 3430 Confer

1908 3467 2028 3520 qua:
2061 3452 2160 3506 hac
2183 3452 2248 3503 de
2274 3467 2329 3505 re
2353 3451 2403 3503 in
2440 3449 2809 3520 admonitione
2839 3450 3074 3502 diximus
3099 3463 3246 3520 nam.
3275 3449 3328 3502 5.
3364 3446 3499 3520 llittc

1911 3516 2090 3576 autem
2123 3522 2374 3590 colligere
2411 3521 2535 3574 licet
2566 3559 2582 3585 ,
2636 3519 2951 3590 liatlterimn
2985 3519 3178 3573 fiducia
3210 3516 3500 3587 itnpetialis

1912 3593 2096 3645 auxilii
2132 3589 2288 3646 istam
2317 3591 2726 3662 diSpOsilioncm
2762 3589 3027 3653 molitum,
3055 3590 3301 3662 eamdem
3331 3591 3502 3662 impe-

1912 3664 2080 3717 ratori
2128 3665 2378 3733 praesenti
2406 3659 2773 3733 signiﬁcasse,
2816 3675 2988 3729 eoque
3016 3677 3118 3715 non
3148 3659 3500 3713 dissentiente

1912 3732 2162 3804 sperasse
2197 3735 2334 3795 fore,
2373 3744 2431 3788 ιιι
2464 3733 2633 3800 ipsam
2687 3732 2873 3788 Caesar
2903 3747 3000 3804 sua
3025 3733 3350 3804 auctoritate
3382 3739 3500 3784 tne-

1911 3802 2083 3868 retur,
2110 3822 2208 3860 nec
2230 3805 2652 3860 reclamantibus
2675 3819 2834 3858 aures
2858 3802 3140 3872 praeberet.
3160 3803 3291 3868 Quae
3314 3811 3496 3856 tamen

1911 3893 2054 3945 spes,
2095 3886 2355 3944 quantum
2400 3877 2574 3946 ipsum
2605 3874 2880 3938 fefellerit,
2912 3889 2977 3929 ex
3000 3874 3161 3944 epist.
3201 3873 3263 3928 l2
3286 3873 3353 3928 ad
3376 3872 3503 3927 Am-

1889 3947 2152 4002 brosium
2192 3949 2419 4018 patebit.

1079 4321 1689 4435 ‘RATHERII
1771 4343 2491 4440 OPUSCULUM
2548 4330 2734 4406 (“49>

1226 4571 1335 4632 DE
1377 4569 1738 4633 CLERICIS
1781 4568 1933 4632 SIBI
1976 4567 2484 4631 BEBELLIBUS.

279 4915 434 4990 479
457 4916 780 4978 Nocturnali
816 4918 942 4973 dum
1001 4917 1344 4977 intenderem
1404 4921 1651 4989 lectioni,
1700 4923 1800 4977 hu-
1829 4926 1877 4985 D
1901 4935 2188 4994 provocans
2229 4928 2324 4986 est,
2370 4928 2417 4974 et
2445 4918 2549 4988 ﬁlii
2597 4918 2898 4984 mendaces,
2926 4915 3026 4988 filii
3069 4909 3296 4966 nolentes
3323 4911 3511 4969 audire

209 5001 427 5074 iusmodi
450 5016 602 5071 nobis
629 5029 744 5069 non
777 5011 1243 5068 disconvenientia
1275 5013 1353 5080 (et
1377 5016 1582 5070 utinam
1617 5015 1802 5069 venia-

217 5098 356 5173 liter)
399 5109 617 5180 contigit
667 5103 953 5162 audivisse
992 5124 1004 5160 :
1062 5105 1302 5177 Populus
1349 5107 1418 5162 ad
1463 5108 1802 5163 iracundiam

217 5259 760 5348 1..(11.11ᾎ).Α‹δ.ῃοι·ῑιιε
802 5279 868 5319 ex
905 5279 1015 5348 ms.
1045 5263 1390 5348 Laudunensi
1426 5263 1528 5348 hoc
1570 5280 1805 5348 opuscu-

1910 5016 2072 5087 lcgem
2101 5013 2223 5080 Dei,
2268 5014 2358 5085 qui
2396 5015 2580 5069 dicunt
2612 5011 2940 5069 videntibus:
2975 5005 3157 5065 Nolite
3204 5005 3412 5072 videre;
3462 5013 3514 5062 et

1912 5108 2320 5182 aspicientibus:
2343 5107 2518 5162 Nolite
2539 5109 2770 5178 aspicere
2793 5106 2947 5162 nobis
2969 5121 3029 5160 ea
3057 5116 3176 5170 quae
3200 5109 3341 5155 recta
3365 5109 3512 5168 sunt;

1914 5283 1979 5323 ex
2013 5272 2130 5321 not.
2182 5262 2664 5348 ll48_.‘Pr:etc'rea
2702 5260 2946 5348 querela;
3007 5257 3073 5348 ad
3121 5256 3373 5313 eumdem
3420 5257 3520 5314 im-
