4044 5348
514 289 621 356 615

1441 283 1769 343 ammon
1809 283 2022 343 EPISC.
2063 266 2320 342 vnnou.
2360 280 2513 341 ore.
2551 280 2760 340 PARS.
2794 281 2835 338 ι.

3702 283 3805 345 ﬁll

513 405 971 483 loquimini-nobis
1000 398 1279 475 placentia,
1304 401 1634 458 videtenobis
1655 400 2111 469 errores.Auferte
2142 406 2189 463 Α
2219 396 2399 452 Nolite
2422 398 2654 468 aspicere
2684 396 2978 469 nobis‘qute
3026 404 3168 452 recta
3204 403 3360 463 sunt;
3411 395 3714 470 loquimini,
3755 397 3812 456 id

513 520 548 560 a
596 518 676 557 me
705 501 867 569 viam,
916 495 1176 551 declinato
1204 513 1235 550 a
1262 512 1342 550 nte
1380 496 1642 558 semitam,
1692 505 1849 551 cesset
1898 512 1929 548 a
1973 492 2109 563 facie

517 606 701 654 nostra
741 598 955 645 sanctus
998 574 1175 643 Israel
1206 587 1341 659 (lsa.
1386 604 1514 651 xxx,
1561 589 1672 658 l0).
1738 585 1918 658 (1143)
1955 584 2107 652 Quod

513 687 640 744 dum
667 698 791 742 eum
833 682 922 738 his
958 679 1309 737 contulissem
1334 681 1569 744 czeteris,
1600 695 1721 751 quae
1746 688 1799 735 et
1833 679 1887 733 in
1916 678 2107 734 eodem

513 779 813 840 audieram,
861 774 1162 847 prophetis,
1208 774 1454 846 psalmis.
1494 775 1734 847 hymnis,
1782 781 1839 828 et
1881 771 2109 839 canticis

514 868 913 941 spiritualihus,
946 882 1067 938 quae
1122 881 1220 923 vos
1244 863 1470 935 jactatis
1500 866 1623 922 aliis
1652 865 1820 921 Italiae
1849 863 2111 920 Ecclesiis

516 960 863 1034 frequentare
913 960 1151 1016 melius:
1184 974 1420 1030 cumque
1449 974 1702 1016 sermone
1731 959 1965 1021 Domini.
1998 971 2107 1029 quo

515 1051 796 1124 propheta:
856 1049 1024 1125 580
1075 1066 1107 1105 a
1157 1065 1217 1107 se
1258 1065 1566 1108 consonans
1630 1050 1817 1117 misso,
1870 1050 2109 1107 auctori-

516 1143 619 1201 bus
646 1142 830 1217 (tibi)
861 1143 915 1198 in
953 1144 1058 1199 hoc
1086 1143 1161 1199 ita
1188 1142 1430 1213 loquitur
1462 1142 1660 1199 vestris
1694 1160 1707 1197 :
1751 1140 1989 1214 Populus
2023 1142 2111 1196 Itic

515 1235 669 1297 labiis
693 1253 775 1292 tne
822 1236 1079 1303 honorat;
1110 1252 1201 1292 cor
1227 1246 1404 1291 autem
1427 1234 1642 1291 illorum
1670 1233 1821 1307 longe
1845 1247 1921 1290 est
1948 1251 1981 1288 a
2003 1249 2106 1289 me.

510 1326 582 1384 In
618 1345 812 1385 uanum
851 1328 1157 1394 ntecolunt,
1188 1337 1418 1385 tenentes
1460 1329 1731 1384 doctrinas
1772 1339 1820 1384 et
1850 1337 2112 1401 praecepta

511 1422 784 1479 hominum
826 1421 1046 1495 (Matth.
1104 1437 1197 1487 xv,
1246 1421 1349 1491 8):
1407 1436 1532 1478 cum
1579 1420 1835 1492 Apostolo
1896 1435 2112 1491 quoque

513 1514 732 1572 dicente
756 1530 773 1570 :
798 1515 915 1579 Erit
938 1526 1163 1587 tempus,
1186 1531 1306 1569 cum
1334 1531 1520 1570 sanant
1547 1515 1843 1570 doctrinam
1865 1530 1970 1569 non
1995 1532 2116 1570 sus-

516 1608 773 1677 tinebunt,
811 1608 904 1664 sed
940 1609 1009 1662 ad
1035 1624 1132 1663 sua
1161 1607 1426 1663 desideria
1463 1605 1842 1661 coacervabunt
1871 1606 1971 1661 sibi
1997 1622 2114 1661 nta-

514 1701 711 1774 gistros
754 1701 1052 1771 prurientes
1081 1700 1322 1763 auribus,
1367 1708 1417 1754 et
1458 1716 1491 1753 a
1521 1698 1739 1753 veritate
1764 1697 1977 1769 quidem
2008 1713 2110 1752 au-

2212 502 2325 561 est,
2358 511 2463 551 non
2491 511 2611 566 quae
2637 510 2766 551 vera
2795 505 2942 562 sunt,
2976 494 3069 549 sed
3101 510 3222 565 qua:
3243 495 3398 551 nobis
3426 506 3582 552 recta
3623 495 3813 554 video-

2214 595 2333 655 tur;
2376 587 2545 654 nobis,
2600 602 2706 643 non
2748 585 2859 642 Deo
2905 585 3167 657 placentia
3207 585 3404 653 dicite;
3448 574 3621 642 uidete
3663 586 3813 643 nobis

2210 697 2452 746 errores,
2508 682 2615 737 hoc
2658 689 2742 736 est
2780 680 2945 737 sinite
2983 695 3084 736 nos
3131 681 3335 737 nostris
3379 679 3815 749 inventionibus,

2211 781 2379 843 atque
2405 782 2811 829 antecessorum
2857 781 3167 828 nostrorum
3223 772 3478 845 malignis
3512 781 3811 830 consuetu-

2211 865 2432 921 dinibus
2462 865 2671 936 decipi;
2701 864 2919 935 Auferte
2967 882 3001 920 a
3044 881 3127 920 me
3162 864 3301 919 riam
3355 862 3494 936 (Isa.
3527 879 3663 928 xxx.
3697 863 3814 936 10),

2210 959 2403 1028 utique
2429 956 2599 1021 illum,
2623 957 2718 1028 qui
2747 956 2913 1013 dicit:
2941 956 3052 1025 Ego
3076 973 3194 1012 sum
3218 958 3297 1012 uia
3323 956 3377 1029 (Ι
3396 957 3561 1013 Joan.
3594 972 3711 1021 11v,
3735 956 3814 1028 6).

2214 1048 2484 1104 Deelinate
2517 1049 2759 1103 semitam
2804 1047 2944 1119 (lsa.
2978 1062 3106 1123 xxx,
3140 1048 3251 1119 ll),
3291 1057 3579 1120 angustam
3603 1046 3817 1104 scilicet

2212 1152 2376 1213 atque
2393 1151 2601 1199 arctam
2623 1141 2768 1197 viam
2792 1141 3081 1197 ducentem
3106 1140 3175 1195 ad
3196 1141 3385 1195 vitam.
3409 1138 3587 1196 Cesset
3615 1157 3649 1195 α
3676 1139 3815 1210 facie

2214 1242 2394 1288 nostra
2414 1242 2632 1287 sanctus
2656 1230 2837 1287 Israel
2875 1230 3091 1304 (Ibid.),
3124 1231 3177 1287 id
3208 1242 3317 1296 est,
3351 1231 3566 1287 desinat
3605 1245 3709 1287 nos
3735 1230 3817 1287 in-

2213 1323 2459 1394 quietare
2483 1324 2831 1381 sanctitatem
2860 1339 3014 1380 suam
3058 1324 3214 1380 nobis
3254 1324 3587 1395 sequendam
3615 1337 3815 1394 propo-

2213 1429 2351 1470 nens
2397 1424 2640 1484 sanctus,
2691 1415 2953 1471 visionem
2983 1430 3124 1473 verte
3168 1430 3232 1472 ac
3265 1416 3619 1487 sempiterna:
3663 1414 3817 1486 pacis

2215 1506 2618 1575 demonstrans,
2676 1515 2733 1563 et
2775 1508 3116 1575 Dominicus,
3166 1523 3329 1581 quem
3375 1508 3535 1566 nobis
3584 1506 3816 1582 ingeris,

2222 1611 2403 1653 sermo
2412 1636 2427 1653 ο

2287 1705 2343 1762 2.
2384 1706 2522 1775 Quid
2551 1723 2703 1776 vero,
2743 1708 2859 1774 ﬁlii,
2892 1724 3057 1782 super
3099 1710 3297 1781 quibus
3344 1724 3635 1767 monemur
3673 1709 3818 1766 divi-

512 1792 685 1847 ditum
734 1769 985 1858 auerterit,
1018 1792 1087 1845 ad
1131 1790 1343 1862 fabulas
1388 1800 1563 1844 autent
1614 1800 1982 1846 convertentur
2022 1788 2109 1860 (II
2145 1769 2188 1830 Β
2219 1798 2366 1853 nitus
2396 1769 2506 1854 non
2544 1769 2740 1866 laetari,
2797 1769 3303 1872 simu-Itiplicemini
3351 1800 3543 1874 (Ereti.
3572 1817 3691 1867 xu,
3727 1801 3818 1873 ‘1);

531 1883 671 1939 Tim.
698 1900 777 1951 tv,
803 1884 859 1954 '5)
891 1903 904 1940 :
934 1886 1248 1956 compulsus
1273 1902 1389 1941 sum
1415 1886 1779 1950 miscrriums,
1811 1886 1913 1941 heu
1936 1884 2107 1940 dolori

519 1990 621 2031 nos
651 1975 907 2045 populum
936 1975 1223 2049 Dominum
1266 1977 1330 2032 ad
1358 1976 1693 2032 iracundiam
1726 1984 2109 2048 provocantem

515 2066 859 2141 intelligere,
912 2084 1016 2125 non
1066 2070 1287 2142 ignarus
1337 2070 1654 2142 Apostolum
1687 2111 1703 2138 ,
1775 2071 2113 2141 Quiecunque

511 2164 708 2234 scripta
737 2173 883 2230 sunt,
903 2164 973 2219 ad
996 2175 1229 2219 nostram
1256 2165 1553 2220 doctrinam
1576 2166 1773 2236 scripta
1805 2164 1985 2237 (Rom.
2020 2181 2108 2230 xv,

509 2253 593 2327 4).
624 2254 973 2312 veracissime
1008 2263 1265 2311 testatum
1288 2253 1478 2312 fuisse.
1511 2255 1636 2311 Filii
1674 2256 1820 2311 enim
1860 2254 2115 2312 nolentes

510 2344 703 2402 audire
750 2345 924 2418 legem
976 2345 1104 2413 Dei,
1151 2346 1242 2418 qui
1292 2347 1473 2419 aptius
1523 2350 1681 2419 (pace
1710 2348 1853 2419 quod
1881 2347 2111 2402 dixerim

515 2438 723 2509 vestra)
751 2437 935 2495 valent
978 2437 1226 2510 intelligi,
1254 2455 1419 2510 quam
1448 2439 1548 2504 illi,
1572 2440 1664 2510 qui
1712 2455 1833 2495 cum
1865 2437 2113 2495 canonici

518 2527 777 2587 aﬁ‘ectent
820 2530 1036 2597 vocari,
1063 2530 1216 2587 etde
1257 2531 1397 2603 stipe
1430 2531 1711 2588 canonicis
1741 2530 1922 2603 (1115)
1964 2530 2113 2588 dele-

514 2632 641 2696 gata
696 2623 1036 2679 incessanter
1085 2633 1526 2694 conquerantur,
1581 2623 1637 2679 in
1686 2633 1895 2679 tantum
1954 2638 2112 2682 reeuo

515 2726 641 2772 eam
681 2714 843 2788 48],
876 2729 999 2771 esse
1037 2716 1309 2781 canonici,
1341 2725 1400 2770 ut
1446 2716 1933 2773 consuetudinibus
1965 2717 2115 2772 mali-

517 2797 748 2882 gnorum
797 2807 1139 2863 solummodo
1188 2807 1501 2874 innitentes,
1561 2807 1637 2863 nil
1683 2808 1828 2880 quod
1874 2822 2115 2865 canones

517 2902 773 2960 sanciunt
813 2901 1012 2969 sancti,
1063 2900 1259 2966 nedum
1300 2901 1503 2973 legere,
1531 2900 1617 2956 vel
1650 2900 1849 2968 facere,
1884 2901 2116 2958 tolerent

517 2994 709 3053 saltem
752 2995 960 3062 audire,
988 2994 1193 3051 eisdem
1249 2993 1430 3052 verbis
1483 2994 1728 3052 dicentes
1781 2994 2113 3063 videntibus,

520 3078 712 3143 eorum
763 3087 950 3157 utique
995 3085 1297 3158 periculum
1361 3085 1670 3143 animarum
1722 3087 2109 3155 cernentibus;

522 3176 705 3235 Nolite
723 3177 927 3247 videre;
954 3187 1010 3235 et
1033 3177 1424 3252 aspicientibus
1446 3179 1770 3250 pravitatem
1819 3179 2063 3251 ipsorum
2093 3197 2109 3237 :

594 3354 642 3427 (1
659 3354 778 3432 L43)
807 3353 969 3432 vulg.
1007 3355 1164 3432 Quod
1200 3358 1326 3413 dum
1349 3375 1469 3414 cum
1497 3360 1582 3432 [iis
1613 3358 1971 3428 contulissem,
1997 3376 2116 3432 qua:

525 3427 755 3492 caneris,
780 3436 828 3481 et
854 3427 1130 3501 ineodem,
1155 3444 1460 3501 perperam.
1496 3429 1570 3485 Ut
1594 3445 1786 3486 sensus
1814 3427 2116 3499 constaret,

520 3513 642 3569 qua:
686 3505 808 3569 post
843 3500 1048 3554 caeteris
1083 3500 1476 3557 transtulimus.
1506 3501 1776 3557 Constrne
1822 3512 2024 3568 autem,
2064 3510 2119 3558 et

524 3567 734 3637 explica
759 3567 840 3625 sic
871 3584 886 3624 :
918 3569 1074 3636 Quod
1105 3571 1232 3625 dunt
1262 3572 1598 3629 contulissent
1629 3588 1747 3627 cum
1787 3573 1869 3628 Itis
1914 3567 2117 3628 ueteris

522 3639 807 3713 prophetis,
836 3639 1073 3713 psalmis,
1106 3642 1335 3712 hymnis,
1384 3652 1431 3697 et
1467 3643 1687 3713 canticis
1726 3643 2113 3713 spiritualibus,

523 3725 640 3781 (μιαί
662 3720 709 3764 et
726 3710 988 3786 iraeadem
1012 3710 1353 3786 (nocturnali,
1371 3713 1577 3786 scilicet
1601 3710 1799 3786 cilicio)
1823 3714 2117 3786 audieram,

523 3795 643 3904 quoe
665 3796 754 3835 vos
773 3780 996 3850 jactatio
1024 3780 1355 3854 frequentare
1380 3785 1565 3839 ntelius
1587 3783 1707 3838 aliis
1740 3780 2120 3839 Ecclesiisita-

551 3852 638 3904 ite.
687 3849 827 3904 Nota
876 3851 1236 3904 frequentiam
1290 3855 1441 3904 chori
1493 3856 1547 3904 in
1598 3855 1903 3904 nocturnali
1955 3855 2120 3904 etiam

551 3849 827 3974 ig..Nota
876 3849 1236 3924 frequentiam
1290 3855 1442 3912 chori
1492 3856 1547 3910 in
1598 3855 1905 3911 nocturnali
1955 3855 2120 3911 etiam

551 3934 569 3974 )
626 3937 731 3974 Cio.

533 3934 731 3977 OlllCIO.

600 3991 783 4069 (llji)
834 3994 1143 4069 Legebatur
1174 3996 1227 4052 in
1254 3996 1486 4069 vulgatis
1515 3998 1644 4053 meis
1687 3997 2014 4064 auctoribus,
2068 3998 2124 4052 in

529 4062 880 4140 hoc._Sensus
907 4062 1302 4140 correctionem
1330 4062 1641 4140 p'ostulavit.
1674 4069 1941 4125 Construe
1970 4062 2120 4125 vero:

529 4143 578 4195 et
604 4134 754 4203 (dum
795 4138 1152 4211 contulissem)
1180 4156 1299 4193 cum
1331 4134 1573 4195 sermone
1610 4139 1843 4204 Domini,
1868 4157 1971 4211 quo
2002 4156 2126 4211 con-

530 4220 760 4281 sonans__
787 4209 1055 4281 prop/tela:
1108 4209 1140 4263 a
1200 4227 1254 4281 se
1297 4213 1491 4275 misso,
1539 4212 1613 4264 ita
1648 4212 1703 4264 in
1754 4211 1852 4265 hoc
1882 4209 2128 4281 loquitur

531 4277 838 4351 auctoribus
886 4277 1073 4335 uestris
1122 4295 1141 4334 :
1193 4280 1432 4351 Papulus
1496 4281 1601 4346 hic,
1648 4290 1755 4335 etc.
1808 4277 2124 4337 Auctoribus

532 4346 739 4423 vestris,
772 4350 964 4423 inquit,
1010 4352 1060 4406 id
1116 4359 1201 4405 est
1245 4346 1540 4423 majoribus
1584 4360 1642 4407 et
1686 4353 2126 4423 antecessoribus

532 4418 768 4483 vestris;
821 4418 1012 4476 horum
1049 4422 1192 4477 enim
1239 4418 1621 4479 auctoritatem
1672 4431 1728 4477 et
1780 4422 2128 4478 consuetudi-

2140 3141 2187 3206 C

2216 1890 2366 1959 quid,
2401 1889 2642 1961 inquam,
2688 1891 2814 1957 erit,
2868 1892 2913 1947 si
2954 1892 3142 1948 audito
3187 1891 3687 1948 n'isericordissimi
3724 1892 3820 1948 Dei

2214 1985 2483 2053 promisso
2552 1985 2783 2039 dicentis
2838 2002 2853 2039 :
2918 1983 2981 2042 Si
3026 1986 3357 2040 revertamini
3412 1995 3461 2039 et
3510 1983 3812 2056 quiescatis,

2213 2078 2348 2133 salvi
2370 2080 2540 2134 eritis.
2567 2076 2635 2134 In
2678 2079 2887 2134 silentio
2920 2088 2968 2133 et
3008 2080 3064 2135 in
3089 2096 3179 2149 spe
3216 2080 3316 2133 erit
3342 2078 3599 2148 fortitudo
3647 2086 3822 2133 uestra

2216 2169 2353 2242 (Isa.
2386 2187 2518 2239 xxx,
2549 2170 2676 2242 15);
2708 2179 2872 2243 atque
2908 2179 3035 2242 post
3062 2184 3277 2243 pauca:
3311 2169 3594 2241 Exspectat
3632 2169 3820 2224 Denti-

2216 2278 2335 2328 nus,
2388 2272 2445 2316 ut
2483 2262 2795 2317 misereatur
2827 2262 2983 2317 uestri
3012 2259 3205 2332 (Ibid.,
3244 2259 3365 2331 l8);
3425 2259 3822 2332 parvipenditis

2216 2351 2370 2419 illud,
2406 2353 2650 2409 moribus
2676 2353 2881 2424 utique,
2929 2362 2983 2409 et
3014 2354 3060 2409 si
3107 2368 3214 2408 non
3244 2350 3821 2422 verbis,'responden-

2217 2458 2319 2516 tes,
2350 2446 2723 2522 Nequaquam,
2762 2450 2853 2505 sed
2895 2449 2965 2503 ad
3003 2465 3162 2522 equos
3188 2449 3449 2521 fugientus
3480 2447 3670 2521 (Ibid.,
3710 2446 3823 2517 16),

2216 2556 2354 2613 quos
2398 2540 2588 2611 utique
2630 2548 2878 2613 potentes
2905 2539 3198 2612 quoslibet,
3236 2554 3467 2612 quorum
3504 2537 3826 2610 patrociniis

2215 2630 2300 2688 tisi
2347 2630 2531 2705 (1146)
2604 2631 3031 2688 ecclesiasticam
3097 2642 3208 2687 tam
3279 2631 3652 2702 nullipenditis
3714 2629 3827 2685 dis-

2213 2723 2493 2796 ciplinam,
2537 2721 2703 2797 482
2752 2722 2827 2778 nil
2866 2725 3047 2779 obstat
3077 2722 3302 2795 intelligi
3328 2740 3342 2777 :
3370 2720 3623 2796 [subaudi
3668 2716 3822 2793 etsi}

2215 2816 2541 2873 auctoritate
2587 2829 2742 2886 papae
2771 2813 3018 2886 Gregorii
3046 2814 3218 2870 etiam
3258 2815 3325 2869 ad
3375 2813 3616 2869 litteram
3664 2811 3825 2869 vobis

2215 2909 2509 2967 Dominum
2552 2908 2886 2981 respondere
2918 2906 3227 2980 contigerit.
3281 2906 3411 2963 Ideo
3462 2904 3700 2978 fugietis.
3753 2901 3825 2960 Et

2217 3017 2373 3073 super
2405 3000 2604 3057 veloces
2642 3000 3018 3066 ascendemus;
3050 3000 3168 3054 ideo
3208 2997 3490 3056 velociores
3532 3007 3687 3054 erum
3734 2996 3825 3069 qui

2218 3103 2590 3165 persequentur
2642 3108 2728 3148 vos
2787 3090 2976 3165 (Ibid.)
3015 3105 3029 3146 :
3068 3081 3825 3194 Findicjns'itymanitftem

2218 3106 2590 3165 persequentur
2642 3108 2728 3148 vos
2787 3106 2976 3165 uota.)
3015 3106 3029 3146 :
3069 3106 3228 3177 'vmpi
3298 3106 3366 3147 ns
3423 3106 3825 3194 immanitatem

2218 3183 2531 3242 rebellionis
2572 3183 2760 3256 utique
2782 3193 2977 3240 vestrae
3021 3106 3543 3253 tempbrzciiiteK-ne
3596 3156 3829 3256 djinnet

2216 3360 2401 3417 rendis
2444 3358 2861 3431 quodammodo
2890 3357 3255 3431 praebuissent
3296 3370 3614 3431 assensum,
3647 3354 3812 3431 dunt-

2217 3432 2379 3488 modo
2433 3425 2718 3501 episcopus
2769 3425 3071 3485 redditibus
3102 3428 3515 3501 _canonicorum
3551 3425 3814 3501 propriis

2218 3496 2654 3577 parceret-{cum
2702 3510 2882 3557 tamen
2928 3511 3050 3577 post
3086 3498 3427 3577 Iudicatum‘
3446 3513 3508 3577 se

2220 3565 2336 3629 suis
2377 3565 2679 3629 redditibus
2725 3580 2871 3627 tutos
2919 3565 3209 3636 viderunt,
3254 3565 3517 3694 bjnrsilcia
3555 3565 3827 3694 inungi

2221 3645 2436 3694 collata.
2473 3659 2538 3694 ac
2584 3644 2705 3694 dein
2748 3643 2924 3694 ablata
2974 3649 3234 3694 tanquam
3283 3657 3344 3694 .l
3436 3638 3580 3694 orte!
3691 3645 3817 3694 stes.

2221 3584 2336 3629 suis
2377 3584 2679 3629 redditwus
2725 3584 2871 3627 tutos
2919 3584 3209 3636 Viderunt,
3255 3584 3517 3695 023nm:
3555 3584 3827 3694 εκ.οω

2221 3645 2436 3721 collata.
2473 3659 2538 3699 ac
2584 3643 2924 3721 deiurablata
2974 3649 3234 3712 tanquam
3283 3657 3344 3694 .l
3436 3638 3580 3721 praef
3691 3638 3881 3721 ites_,/‘

2221 3715 2533 3771 Judicatum
2592 3712 3007 3769 rrseindendum
3079 3710 3391 3777 curarunt;
3439 3710 3690 3781 illucque
3758 3710 3831 3781 αξ

2223 3802 2385 3843 causa
2438 3786 2749 3854 episcopum
2781 3784 3220 3839 accusationibus
3256 3778 3643 3854 itupetit'erunt
3684 3778 3828 3851 apud

2223 3852 2516 3919 Cmsareu'i,
2547 3864 2601 3910 et
2626 3852 2853 3909 missum
2894 3857 2961 3909 ab
2999 3870 3064 3909 eo
3089 3852 3458 3924 expetieruut,
3483 3852 3576 3923 qui
3604 3852 3676 3908 de
3719 3860 3830 3907 tota

2224 3944 2391 3986 causa
2421 3936 2797 3998 cognosceret
2843 3935 3005 3996 atque
3051 3924 3306 3998 referret,
3361 3940 3536 3995 eoque
3582 3924 3828 3998 ipsorum

2225 3994 2874 4067 molimiua'processere,
2910 3994 2969 4049 ut
3000 3998 3140 4050 idem
3167 3994 3481 4050 Iudicatum
3512 3997 3732 4067 tandem
3754 4005 3830 4067 ex

2227 4068 2444 4141 speciali
2497 4064 2844 4141 imperatoris
2880 4067 3136 4141 mandato
3169 4067 3434 4141 rescisum
3458 4066 3645 4141 inerit.
3683 4064 3831 4141 §tips

2227 4136 2357 4211 ergo
2395 4136 2676 4195 canonicis
2704 4139 2821 4194 dele
2860 4148 2969 4201 ata,
2999 4139 3067 4193 de
3098 4154 3204 4207 qua
3232 4138 3500 4207 canonici,
3522 4136 3828 4206 quereban-

2234 4222 2339 4263 tur.
2371 4226 2477 4263 non
2502 4211 2676 4263 solum
2705 4156 3034 4263 inteliiaendi
3066 4217 3193 4263 sunt
3228 4209 3473 4263 redditus
3499 4205 3828 4262 cathedralis

2234 4205 2339 4276 tur,
2371 4226 2477 4265 non
2502 4211 2676 4265 solum
2705 4205 3034 4280 intelligendi
3066 4205 3193 4263 sunt
3228 4205 3831 4280 redditus'cathedmlis

2231 4282 2375 4337 inter
2411 4281 2556 4352 ipsos
2605 4282 2790 4345 divisi,
2822 4279 2914 4352 sed
2963 4280 3149 4352 etiam,
3199 4280 3307 4333 imo
3359 4279 3700 4352 potissimum
3733 4281 3832 4333 hoc

2232 4350 2721 4423 loco.a‘ccipicnda
2776 4368 2840 4407 ea
2896 4350 3182 4414 beneﬁcia,
3250 4350 3718 4418 qumﬂatherins
3748 4363 3830 4423 Aes

2234 4439 2332 4478 sua
2358 4420 2734 4494 paupertatula
2766 4423 2970 4479 eisdem
3007 4429 3372 4486 concesserat,
3412 4430 3467 4475 et
3495 4430 3682 4492 postea
3711 4420 3832 4476 abs—

532 4501 666 4581 nern-
709 4493 982 4581 canonici.
1008 4493 1267 4549 Ratlierio
1320 4496 1684 4581 opponebam,
1736 4509 1909 4581 eaque
1937 4510 1997 4549 se
2020 4510 2126 4581 Isa-
2155 4520 2207 4581 ι)
2241 4494 2454 4581 tullo-rant:

532 4557 630 4685 iii:l
651 4568 795 4618 tutos
837 4564 1121 4635 putabant,
1174 4573 1234 4620 ut
1278 4557 1368 4621 vel
1390 4557 1485 4622 'ex
1548 4557 1904 4635 sequentibus
1946 4565 2128 4636 palam

577 4644 649 4686 Θῑ.
2093 4678 2101 4684 .

606 4701 791 4786 0145)
825 4703 965 4786 S_tip_s
995 4706 1263 4786 canonicis
1288 4706 1795 4786 delegata__proprie
1821 4705 2130 4786 intelligun-

536 4780 628 4829 tur
667 4777 707 4830 ii
760 4777 1094 4848 cathedralis
1146 4778 1392 4835 ecclesia:
1421 4777 1690 4845 redditus,
1706 4779 1797 4848 qui
1848 4777 2129 4835 canonicis

536 4852 694 4921 erant
733 4846 1016 4921 assignati.
1048 4850 1183 4905 Cum
1213 4860 1393 4905 autem
1426 4851 1664 4921 potiores
1708 4846 1950 4906 redditus
1979 4849 2127 4920 ejus-

538 4914 662 4973 dem
712 4914 956 4991 ecclesia:
996 4920 1137 4976 inter
1182 4914 1442 4991 majores"
1467 4921 1717 4984 clericos,
1760 4921 1814 4975 id
1853 4930 1940 4977 est
1985 4914 2130 4975 inter

538 4987 837 5058 canonicos
884 4990 1043 5046 divisi
1093 4987 1296 5058 essent,
1345 4990 1697 5048 inferioribus
1740 5006 1868 5047 vero
1914 4991 2131 5048 clericis

539 5056 733 5113 relicta
765 5069 911 5114 esset
952 5056 1501 5118 tenuissima‘oortio.
1534 5062 1669 5117 adeo
1716 5070 1775 5116 ut
1822 5062 1984 5118 iidem
2013 5063 2132 5116 ino-

2304 4565 2489 4637 (1146)
2529 4563 2813 4637 Canonici,
2845 4558 3207 4637 utRatherio
3236 4562 3591 4637 obsisterent,
3646 4570 3833 4634 puten-

2233 4630 2365 4692 tium
2407 4630 2707 4707 patrocinia
2754 4630 3104 4705 quaesierunt.
3144 4630 3829 4707 Yideiliscordtant'num.

2233 4710 2287 4765 8.
2321 4703 2590 4764 Construe
2617 4703 2798 4761 autem
2832 4722 2847 4738 -
2890 4721 3023 4775 quos
3078 4705 3256 4775 utique
3285 4703 3502 4776 (equus)
3539 4704 3615 4776 nil
3660 4703 3829 4776 obstat

2208 4776 2761 4856 (intelligiuquoslibet
2810 4773 3075 4856 potentes,
3109 4773 3336 4856 quorum
3364 4773 3696 4856 '.patrociniis
3721 4773 3830 4856 ﬁsi,

2233 4859 2342 4905 tant
2385 4847 2745 4918 nullipenditis
2784 4847 3196 4918 ecclesiasticam
3246 4847 3581 4918 disciplinam
3614 4862 3635 4900 :
3683 4856 3733 4918 et
3783 4847 3829 4898 si

2235 4914 2549 4976 auctoritate
2574 4919 2732 4973 etiant
2763 4933 2913 4988 paptv
2956 4914 3197 4987 Gregorii
3239 4917 3510 4988 contigerit
3536 4915 3823 4988 (Dominum

2239 4990 2552 5061 respondere
2601 4985 2861 5061 vobisg'ad
2909 4985 3135 5061 litteram
3179 4999 3199 5040 :
3248 4985 3396 5040 Ideo
3432 4985 3666 5061 fugietis,
3716 4995 3831 5061 _etc._

2234 5054 2392 5120 Apud
2440 5060 2633 5115 Isaiam
2669 5057 2975 5114 Judaeorum
3022 5058 3139 5113 haec
3187 5061 3355 5112 verba
3402 5054 3573 5112 sunt:
3621 5056 3728 5112 Sed
3758 5054 3828 5108 ad
