4044 5348
465 280 567 337 619

1396 274 1719 329 RATllERll
1760 272 1973 329 EPISC.
2024 268 2269 325 V'EllON.
2310 272 2466 326 Ol‘P.
2510 271 2683 328 PARS
2720 274 2759 329 1.

3617 277 3723 333 620

464 392 589 446 audi
635 390 816 464 sunt],
868 388 958 460 qui
1007 393 1198 458 putant
1239 384 1429 443 ludam
1492 394 1618 442 tunc
1658 386 1890 457 primum
1943 401 2037 456 pe-
2068 364 2257 448 A'rius
2316 395 2417 441 est.
2477 386 2608 453 Quis
2657 402 2788 457 ergo
2842 386 3069 443 clericus
3117 354 3527 446 estiiAdulter
3578 395 3726 449 enim

462 485 641 549 riisse,
678 483 891 554 quando
939 480 1103 537 miser
1140 480 1424 535 Dominum
1475 479 1734 544 vendidit,
1781 494 1900 533 cum
1925 477 2037 547 jam

461 575 588 649 olim
642 589 764 630 cum
827 566 1084 643 apoStolis
1140 586 1366 641 corpore
1428 572 1752 626 constitutus
1797 569 2038 639 perierit,

459 667 678 741 quando
715 666 920 722 scilicet
959 662 1200 718 avaritiae
1234 656 1530 717 inebriatus
1577 675 1803 725 veneno,
1855 659 2038 715 tandiu

461 778 566 815 non
597 758 803 815 destitit
830 756 1037 812 lucrum
1083 753 1254 820 sitire,
1301 754 1472 808 donec
1508 751 1812 806 miserrimo
1855 752 1922 806 ad
1965 749 2039 805 la-

458 864 657 921 queum
682 847 1021 917 contingeret
1042 843 1343 916 pervenire.
1366 843 1581 906 Diebus,
1605 842 1872 911 inquiunt,
1897 841 2036 906 istis,

460 958 564 999 non
600 956 695 1011 per
714 938 898 1011 omnia
931 936 1146 1001 falsum,
1171 934 1263 991 sed
1283 934 1609 999 ostensione,
1637 948 1795 1003 quam
1826 932 2039 988 actione

460 1034 635 1106 potius
672 1010 881 1088 verum.
926 1028 1221 1084 Monstralo
1249 1026 1445 1099 quippe
1470 1024 1596 1096 quid
1642 1025 1711 1079 sit
1744 1024 2034 1098 discordia,

457 1139 732 1195 nunquam
758 1123 899 1178 inter
927 1136 1013 1176 me
1038 1129 1093 1175 et
1124 1118 1243 1173 illos
1264 1116 1580 1188 probabitur
1613 1114 1781 1171 fuisse
1815 1123 2060 1173 concor-.'

457 1218 567 1282 dia,
596 1212 858 1285 prodente
882 1211 1181 1284 praesertim
1205 1209 1308 1264 hoc
1336 1208 1640 1273 traditione,
1671 1223 1773 1277 qua
1803 1221 1887 1261 me
1912 1206 2037 1261 hinc

452 1306 565 1377 jam
590 1305 771 1377 (H54)
795 1303 1134 1376 pepulerunt,
1165 1298 1393 1355 trilaria.
1420 1298 1620 1354 Eadem
1649 1313 1881 1368 namque
1900 1297 2038 1352 velle

456 1406 616 1466 atque
645 1395 786 1451 nolle
807 1392 1010 1467 (1155),
1037 1407 1099 1448 ea
1130 1392 1344 1448 demum
1366 1390 1602 1445 amicitia
1630 1388 1861 1459 si,juxta
1891 1386 2035 1442 illum

454 1488 546 1557 qui
580 1487 683 1542 hoc
709 1486 959 1556 primitus
985 1484 1143 1549 dixit,
1170 1490 1253 1538 est
1274 1481 1460 1546 ﬁrma;
1485 1480 1568 1536 vel
1591 1479 1827 1549 si,juxta
1853 1479 2035 1545 alium,

455 1579 706 1645 humana:
736 1574 986 1629 amicitia:
1016 1588 1171 1644 pares
1200 1571 1410 1626 animos
1436 1569 1605 1642 486
1644 1578 1699 1624 et
1737 1585 1841 1624 non
1880 1569 2039 1623 dissi—

458 1672 618 1747 miles
642 1678 902 1739 expetunt
933 1668 1068 1724 adeo
1104 1667 1430 1733 voluntates,
1472 1676 1533 1722 ut
1563 1682 1835 1737 nunquam
1862 1665 2037 1721 diver-

2146 476 2373 532 clericus
2422 476 2567 532 nullo
2616 477 2796 542 modo,
2853 475 2941 531 ille
2979 477 3115 532 alter
3164 477 3346 549 (1158)
3404 479 3577 535 multo
3626 483 3710 536 mi~

2146 585 2248 625 nus
2304 577 2406 625 est.
2465 567 2520 624 Si
2558 569 2699 623 enim
2743 560 2972 625 clericus
3032 570 3154 625 ideo
3194 571 3410 638 dicitur,
3451 572 3598 642 quod
3659 574 3741 628 de

2144 670 2289 715 sorte
2324 662 2395 716 sit
2424 661 2635 717 Domini
2661 678 2674 728 ;
2708 664 2848 732 quod
2877 677 3008 733 rogo
3037 664 3366 720 consortium
3406 665 3602 736 aliquis
3626 680 3729 736 po-

2145 759 2249 805 test
2272 750 2471 805 babere
2493 767 2612 805 cum
2638 752 2885 818 Domino,
2932 753 2986 807 in
3024 754 3323 823 unoquovis
3350 754 3579 809 istorum
3605 771 3729 825 per-

2144 857 2369 897 manens
2394 840 2639 913 ﬂagitio?
2675 842 2764 899 Vae
2790 843 3009 914 insuper
3034 844 3465 900 Christianorum
3490 861 3726 917 genera-

2144 932 2301 999 litati,
2340 934 2383 988 si
2417 932 2570 1003 juxta
2614 934 3026 989 aestimationem
3063 933 3289 989 istorum
3343 949 3505 989 nemo
3556 937 3730 1004 possit

2145 1024 2288 1077 inter
2316 1038 2412 1079 eos
2456 1022 2707 1088 inveniri,
2740 1022 2830 1093 qui
2878 1039 2983 1078 non
3030 1023 3101 1078 sit
3135 1032 3226 1079 aut
3268 1023 3549 1094 hypocrita
3603 1040 3726 1080 cum

2142 1113 2453 1181 Pltarisacis,
2482 1123 2573 1169 aut
2594 1113 2919 1169 Pnblicauus
2957 1129 3079 1169 cum
3117 1114 3367 1170 ethnicis.
3399 1114 3729 1170 Publicanus

2142 1211 2282 1266 enim
2311 1219 2415 1278 est,
2442 1212 2536 1282 qui
2569 1211 2779 1267 adulter
2806 1211 3017 1282 publice
3049 1221 3164 1279 est;
3190 1213 3471 1285 hypocrita
3504 1226 3609 1279 est,
3633 1214 3729 1285 qui

2142 1302 2240 1357 sub
2273 1301 2432 1372 pallio
2461 1302 2735 1373 religionis
2766 1301 3274 1372 irreligiosissitnus.
3332 1303 3431 1359 Sub
3481 1303 3729 1375 clamyde

2142 1394 2406 1450 castitatis
2450 1394 2705 1459 incestus,
2749 1395 2848 1450 sub
2909 1404 3173 1465 prcetextu
3224 1395 3449 1465 justitize
3500 1395 3728 1464 iniquis-

2142 1487 2310 1541 simus
2338 1493 2441 1541 est.
2474 1484 2596 1541 ideo
2626 1500 2752 1540 vero
2790 1485 3115 1555 superlativo
3152 1496 3337 1540 contra
3377 1485 3537 1539 istum
3578 1499 3729 1540 com-

2142 1576 2438 1645 parationis
2492 1575 2718 1630 invehor
2774 1575 2962 1646 gradu,
3010 1575 3135 1644 quia
3178 1589 3283 1629 non
3331 1573 3499 1629 semel
3547 1573 3728 1629 recolo

2144 1668 2383 1723 lectum:
2430 1665 2772 1722 Simulatores
2823 1675 2871 1720 et
2921 1664 3102 1719 callidi
3153 1674 3431 1735 provocant
3458 1666 3596 1718 iram
3628 1662 3727 1719 Dei

456 1762 589 1816 sitas
612 1775 820 1815 morum
844 1760 911 1814 ad
935 1760 1142 1813 lirmam
1168 1759 1336 1829 possit
1356 1758 1638 1828 pervenire
1660 1756 2034 1822 concordiam;
2068 1751 2113 1809 Β
2146 1759 2266 1839 (τιού
2323 1774 2508 1823 xxx“,
2542 1758 2650 1830 l3).
2683 1758 2794 1812 lloc
2826 1759 2895 1812 ita
2929 1773 2987 1813 se
3009 1758 3242 1812 habente
3268 1772 3388 1812 cum
3420 1757 3726 1829 hypocrisis

453 1865 732 1931 nunquam
769 1849 850 1905 vel
902 1848 1038 1919 apud
1073 1863 1159 1903 me
1213 1847 1297 1902 vel
1332 1848 1469 1917 apud
1523 1846 1642 1902 illos
1691 1842 2060 1901 stabilitatem'

457 1939 694 1994 amicitia
739 1954 952 2008 semper
995 1936 1268 1992 contraria
1305 1937 1528 2009 cupiens
1553 1936 1817 2001 obtinere,
1840 1944 1901 1989 ut
1930 1949 2036 1989 non

454 2029 624 2084 valuit
652 2039 856 2095 nostra,
894 2029 967 2084 ita
997 2043 1215 2099 quoque
1236 2026 1520 2099 ‘nequibit;
1560 2043 1682 2082 cum
1715 2027 1787 2082 illi
1824 2033 2055 2097 semper

451 2119 893 2177 consuetudinem
930 2127 1356 2183 antecessorum,
1400 2117 1747 2188 pontilicibus
1788 2116 1901 2173 suis
1949 2118 2035 2171 in-

454 2220 733 2267 cessautcr
760 2209 1061 2276 rebellium,
1090 2210 1294 2266 sanctis
1317 2218 1371 2265 et
1396 2225 1427 2264 a
1459 2209 1568 2263 Dco
1592 2208 1822 2265 decretis
1842 2218 2039 2278 praetu-

455 2302 618 2357 lerint
646 2303 974 2368 canonibus;
1009 2316 1110 2371 ego
1133 2309 1352 2357 sanctos
1385 2308 1440 2356 et
1464 2317 1492 2354 a
1528 2300 1635 2356 Deo
1663 2300 1910 2355 decretos
1941 2314 2034 2354 ca-

452 2408 624 2448 nones
675 2409 703 2447 a
768 2388 979 2447 diabolo
1038 2393 1269 2448 inventis
1317 2390 1679 2462 praeferendos
1738 2391 2036 2460 putaverim

453 2483 663 2540 usibus.
700 2484 1008 2539 Prohibitas
1036 2483 1179 2538 enim
1205 2482 1259 2537 in
1288 2482 1503 2539 Nicmna
1551 2482 1754 2553 synodo
1784 2481 2037 2537 mulieres

454 2584 564 2629 tam
597 2573 1124 2637 consuctudinaliter,
1171 2582 1385 2645 tamque
1419 2573 1631 2642 publice
1678 2573 1896 2639 habere,
1927 2581 2036 2626 tam

454 2664 775 2735 parvipensa
807 2663 901 2719 Dei
932 2672 986 2720 et
1017 2664 1294 2719 hominum
1325 2666 1650 2729 reverentia,
1680 2664 1795 2735 ipso
1822 2678 2036 2735 quoque

457 2754 649 2814 timore
693 2755 950 2824 gehennae
1000 2756 1054 2810 iu
1099 2764 1304 2811 tantum
1369 2757 1694 2826 posthabito,
1737 2765 1796 2811 ut
1849 2765 2038 2827 putent

452 2845 587 2899 adeo
616 2843 730 2898 ﬁeri
772 2860 876 2898 non
918 2845 1076 2900 modo
1104 2844 1284 2909 licere,
1330 2844 1426 2900 sed
1464 2847 1624 2901 etiam
1671 2855 1939 2913 oportere,
1976 2854 2037 2899 ut

453 2946 611 2987 nemo
639 2935 740 2988 hoc
765 2933 943 2989 facere
977 2936 1246 2999 devitans,
1272 2935 1518 2989 videatur
1554 2934 1632 2990 eis
1663 2936 1894 3005 pessimo
1924 2935 2031 3001 illo,

452 3010 594 3095 quod
632 3025 919 3094 Apostolus
968 3025 1020 3080 in
1053 3025 1290 3096 Epistula
1329 3025 1396 3079 ad
1451 3026 1724 3080 Romanos
1770 3034 2035 3079 memorat

2141 1856 2195 1902 et
2234 1846 2611 1902 incestuositas
2633 1845 2787 1917 longe
2806 1845 3113 1917 praecellant
3140 1844 3244 1899 alia
3290 1846 3344 1900 in
3375 1848 3582 1900 scelere
3612 1844 3722 1899 cri-

2140 1938 2309 2003 mina,
2339 1953 2403 1993 eo
2442 1946 2634 1993 caetera
2666 1946 2791 1993 sunt
2817 1938 3085 2009 graviora,
3130 1950 3237 2007 quo
3267 1938 3436 2009 magis
3463 1936 3677 2008 publica
3704 1955 3725 1990 ξ

2138 2030 2223 2086 illa
2255 2031 2400 2086 enim
2429 2031 2570 2086 solos
2602 2030 2933 2086 interﬁciunt
2959 2038 3300 2099 aperatores,
3342 2030 3445 2085 ἰδίει
3491 2037 3546 2084 et
3585 2043 3712 2099 ope-

2139 2131 2348 2176 ratores
2403 2129 2618 2186 necant,
2661 2128 2718 2176 et
2770 2119 3263 2176 consideratoribus
3317 2127 3534 2174 nocent.
3586 2117 3720 2185 Quia

2137 2213 2279 2267 cnim
2325 2227 2429 2267 non
2459 2212 2662 2268 habent
2693 2212 2913 2266 latentia
2953 2220 3173 2282 peccata
3201 2209 3485 2279 judicium,
3508 2210 3576 2265 de
3608 2226 3725 2265 ma-

2137 2304 2349 2360 nifestis
2386 2305 2532 2373 loqui
2585 2305 2837 2360 omnibus
2893 2304 3226 2368 conceditur,
3273 2303 3341 2359 de
3385 2303 3724 2359 absconditis

2138 2395 2286 2449 nulli.
2322 2395 2378 2449 Si
2417 2395 2585 2459 enim,
2613 2402 2672 2449 ut
2691 2394 2805 2462 jam
2832 2395 3144 2463 contingere
3184 2393 3377 2464 potuit,
3431 2394 3553 2463 quis
3599 2409 3721 2449 cum

2136 2483 2341 2556 pecude
2367 2482 2613 2554 quolibet
2646 2484 2697 2538 in
2730 2484 2946 2553 angulo,
2982 2484 3097 2539 solo
3118 2483 3227 2538 Deo
3250 2492 3405 2538 coeat
3428 2493 3718 2549 cernente;

2139 2589 2191 2632 tu
2217 2592 2312 2648 per
2337 2577 2698 2647 suspicionem
2735 2585 2941 2632 tantum
2995 2577 3121 2633 inde
3172 2593 3294 2633 eum
3338 2576 3634 2646 vituperas,
3665 2585 3723 2631 ut

2136 2668 2315 2722 facere
2362 2678 2581 2738 poteras
2623 2669 2808 2738 utique
2861 2669 2906 2721 si
2955 2669 3223 2731 vidisses;
3273 2667 3413 2736 quid
3439 2668 3578 2736 agis,
3619 2666 3721 2722 nisi

2137 2760 2277 2830 quod
2327 2759 2492 2814 solius
2517 2759 2614 2815 Dei
2645 2769 2751 2827 est,
2800 2760 2893 2813 tibi
2934 2759 3208 2829 usurpas?
3235 2758 3367 2825 Quis
3397 2768 3583 2811 autem
3614 2773 3719 2811 non

2135 2853 2280 2908 valet
2307 2852 2372 2908 de
2401 2852 2582 2921 aliquo
2623 2853 2767 2922 quod
2803 2850 2943 2906 volet
2977 2850 3325 2922 conﬁngere?
3365 2850 3430 2904 Et
3459 2851 3531 2903 ob
3557 2865 3722 2919 quam

2135 2960 2199 2999 ex
2233 2959 2291 2999 se
2317 2943 2453 2999 alios
2481 2953 2713 2999 conatur
2753 2944 2952 3009 metiri,
2992 2944 3084 3012 qui
3115 2958 3222 2999 non
3250 2951 3402 3012 putat
3430 2942 3564 2997 alios
3588 2941 3724 2997 alte-

2136 3035 2249 3089 rius
2287 3035 2431 3089 modi
2462 3049 2620 3104 posse
2649 3035 2901 3097 existere,
2935 3034 3037 3090 nisi
3066 3032 3220 3102 cujus
3246 3041 3328 3089 est
3359 3035 3491 3105 ipse,
3517 3035 3723 3088 rustico

454 3114 628 3178 (Ποηιο
661 3133 703 3181 1,
729 3116 845 3188 9-7).
887 3117 1092 3174 ποιοῖο
1120 3132 1278 3188 Posse
1298 3132 1507 3182 carere.
1552 3132 1653 3171 ηοιι
1699 3115 1794 3171 libi
1821 3116 2034 3170 Videlm‘
2060 3100 2103 3161 (ἶ
2137 3126 2227 3181 i‘lo
2272 3142 2375 3182 non
2410 3126 2458 3181 ei
2487 3127 2921 3191 disconveniente
2966 3126 3220 3183 nimirum
3258 3126 3586 3197 proverbio:
3616 3124 3722 3192 Qui

453 3206 727 3262 diabolum
782 3207 1086 3263 invenisse?
1146 3208 1231 3272 Et,
1283 3224 1316 3263 ο
1354 3217 1540 3262 sancta
1588 3215 1642 3262 et
1688 3205 2033 3262 immaculata

454 3289 720 3370 virginum
756 3300 1033 3370 pudicitia,
1080 3299 1260 3371 (1156)
1289 3315 1447 3370 quam
1484 3310 1537 3354 et
1572 3309 1624 3354 tu
1666 3314 1954 3370 nusquam,
1988 3299 2031 3353 si

453 3395 557 3449 hoc
608 3409 796 3449 verum
844 3403 948 3458 est,
1004 3394 1121 3449 sine
1179 3394 1398 3449 infamia
1447 3394 1546 3448 es?
1598 3392 1768 3461 Quam
1824 3392 2031 3463 perdita

454 3496 854 3542 tonsuratorum
901 3486 1227 3541 universitas
1270 3496 1400 3551 tota,
1438 3487 1482 3541 si
1523 3500 1683 3542 nemo
1724 3486 1778 3539 in
1823 3485 1903 3540 eis
1940 3483 2032 3554 qui

453 3593 559 3634 non
586 3587 677 3634 aut
720 3577 884 3651 487
935 3578 1165 3645 adulter,
1215 3590 1308 3633 aut
1337 3579 1405 3634 sit
1435 3580 1782 3650 arsenoquita
1827 3577 2032 3651 (1157).

451 3672 677 3727 Adulter
721 3672 864 3726 enim
923 3672 1077 3727 nobis
1122 3680 1227 3738 est,
1256 3672 1346 3741 qui
1373 3681 1559 3726 contra
1615 3686 1851 3727 canones
1898 3686 2032 3726 uxo-

454 3834 588 3896 nens
616 3836 672 3873 n.
700 3819 756 3883 4,
779 3835 816 3896 _e
836 3821 1288 3896 _ms._Frisingensi
1316 3824 2032 3896 transcriptumaccepimus.

456 3888 730 3943 Dircctmn
775 3889 875 3945 l‘uit
907 3892 973 3945 ad
1010 3888 1353 3947 Ambrosium
1397 3888 1609 3949 Ottonis
1646 3896 1660 3948 Ι
1695 3888 2035 3951 imperatoris

458 3958 869 4035 caueellarium,
905 3962 982 4015 nti
1025 3964 1373 4035 ostendemus
1405 3973 1515 4035 not.
1553 3964 1708 4035 “82.
1750 3958 2037 4035 Scriptum

457 4036 700 4096 tempore
723 4028 1155 4101 Quadragesima:
1190 4033 1421 4102 probant
1446 4033 1532 4086 illa
1562 4051 1616 4087 n.
1646 4034 1710 4087 7:
1742 4032 1846 4088 Per
1862 4028 2038 4089 omnes

455 4113 583 4174 sane
644 4114 940 4174 sermones,
1004 4117 1134 4170 quos
1204 4101 1394 4174 populo
1446 4103 1567 4167 ista
1608 4105 2038 4174 quadragesima

455 4120 583 4151 sane
644 4120 940 4165 sermones,
1004 4120 1134 4170 quos
1204 4120 1269 4171 po
1308 4120 1394 4157 uio
1446 4120 1567 4167 .ISta
1626 4120 2037 4174 quadragesima

454 4165 582 4249 feci,
611 4176 717 4249 etc.
743 4167 878 4249 Cum
912 4185 1220 4249 vero__num.
1264 4120 1318 4249 ξ,
1358 4171 1697 4249 {ingustalem
1723 4172 2037 4249 voluntatem

458 4237 537 4315 de_
574 4237 977 4315 mulierositate‘
1015 4237 1777 4315 dimittenda“in'liavennati
1833 4246 2038 4315 synodo

454 4306 727 4381 celebrata
749 4324 931 4366 mense
951 4310 1119 4381 Aprili
1137 4312 1263 4367 anni
1282 4312 1384 4367 967
1400 4313 1724 4368 declaratattt
1754 4306 2035 4380 memoret,

452 4385 518 4431 ut
544 4378 740 4435 ibidem
764 4378 1112 4449 probabimus
1133 4391 1246 4439 not.
1278 4382 1415 4437 1169
1438 4399 1452 4445 ;
1495 4392 1550 4438 et
1577 4400 1723 4438 num.
1748 4384 1782 4440 8
1807 4378 2036 4439 mentio;

2137 3221 2233 3289 fuit
2258 3222 2311 3275 in
2349 3220 2524 3287 furno,
2556 3237 2707 3291 pares
2733 3237 2854 3276 suos
2888 3220 3017 3275 inibi
3033 3220 3265 3291 quierit!

2201 3313 2256 3365 2.
2315 3312 2380 3365 Et
2430 3312 2530 3367 ista
2577 3313 2795 3382 quidem
2831 3312 3011 3368 omnia
3066 3311 3248 3367 facere
3297 3311 3382 3367 vel
3438 3311 3585 3383 loqui
3625 3324 3727 3384 per

2136 3415 2289 3455 usum
2320 3411 2505 3456 contra
2538 3411 2782 3473 pastores
2814 3402 3075 3459 rebellare
3108 3418 3206 3472 per
3236 3418 3393 3458 usum
3439 3403 3583 3473 quod
3623 3418 3720 3474 ge-

2134 3492 2392 3548 neraliter
2440 3494 2692 3548 omnibus
2720 3502 2803 3549 est
2834 3492 3049 3549 clericis
3075 3493 3403 3564 delegatum,
3455 3493 3532 3547 ita
3585 3493 3720 3548 inac-

2135 3584 2368 3654 qualiter
2386 3593 2439 3639 et
2460 3599 2554 3654 per
2576 3584 2906 3640 massaritias
2930 3584 3114 3656 (1159)
3140 3584 3400 3649 dividere,
3419 3592 3478 3639 ut
3497 3582 3718 3654 quidam

2136 3675 2346 3731 illorum
2400 3675 2526 3730 inde
2572 3662 2711 3732 ﬁant
2754 3690 2821 3732 ex
2876 3676 3235 3748 pauperrimis
3286 3674 3718 3747 locupletissimi,

2136 3834 2248 3889 nire
2273 3833 2344 3888 ad
2373 3835 2580 3901 firmam
2616 3830 2984 3897 concordiam;
3012 3847 3277 3901 nunquam
3317 3830 3395 3901 vel
3424 3830 3571 3899 apud
3613 3846 3715 3891 me,

2135 3904 2211 3958 vel
2237 3900 2377 3972 apud
2405 3904 2522 3956 illos
2549 3902 2779 3956 amicitia
2820 3912 2999 3955 nostra
3028 3917 3229 3972 semper
3253 3900 3464 3972 cupiens
3506 3908 3716 3972 contru-

2136 3974 2237 4043 ria,
2264 3969 2319 4027 ut
2351 3991 2453 4028 non
2482 3972 2665 4037 valuit,
2692 3973 2763 4025 ita
2791 3987 2993 4043 quoque
3027 3970 3251 4040 uequibit
3295 3969 3524 4023 abtiuere
3554 3969 3721 4024 stabi-

2137 4042 2370 4107 litatem;
2393 4060 2510 4096 cum
2538 4044 2636 4107 illi,
2663 4051 2770 4097 etc.

2208 4113 2390 4183 (1156)
2422 4111 2613 4183 Υιιιε.ν
2635 4128 2791 4183 quam
2822 4120 2882 4183 tu
2908 4126 3186 4183 nusquam,
3212 4109 3271 4183 si
3291 4109 3389 4183 ltoc
3416 4126 3591 4183 rerum
3619 4118 3719 4183 est,

2138 4178 2277 4264 aptttl
2299 4178 2699 4264 perdito-{vero
2724 4182 2836 4264 sine
2864 4178 3188 4264 infamialfs.
3222 4178 3409 4264 Melior
3437 4184 3523 4264 est
3555 4179 3719 4234 lectio

2140 4247 2344 4308 codicis
2374 4251 2752 4320 Frisingensis.
2785 4249 3005 4320 Explica
3042 4267 3055 4302 :
3087 4247 3258 4315 Quam
3295 4251 3371 4318 (id
3418 4257 3505 4304 est
3539 4264 3715 4318 quan-

2139 4323 2275 4393 tutu)
2296 4331 2343 4393 et
2375 4331 2430 4375 tu
2451 4318 2706 4391 nusquam
2731 4322 2843 4375 sine
2870 4318 3093 4393 infamia
3119 4336 3193 4386 es,
3219 4320 3392 4393 sillae
3417 4327 3491 4393 est
3515 4335 3715 4393 verum,

2137 4392 2181 4446 si
2210 4386 2462 4447 nimirum
2511 4386 2697 4455 verum
2733 4399 2836 4453 est,
2864 4386 3156 4453 neminem,
3197 4388 3290 4458 qui
3338 4386 3592 4458 mulieres
3620 4390 3715 4443 ἀει.

457 4461 583 4532 nem
620 4449 1037 4532 faciatludic_ati
1064 4453 1195 4508 editi
1219 4467 1402 4532 mense
1425 4453 1713 4509 Novembri
1744 4455 1869 4532 anni
1895 4453 2034 4532 ejus-
2064 4453 2114 4512 D
2138 4462 2293 4527 vitet,
2320 4475 2510 4517 carere
2553 4452 2713 4532 posse
2759 4449 2985 4516 crimine
3031 4449 3286 4530 pessimo,
3319 4458 3372 4513 id
3406 4466 3493 4514 est
3541 4456 3714 4514 Sodo-

455 4517 622 4597 dem;
651 4520 825 4597 palam
868 4521 928 4577 ﬁt
955 4523 1057 4597 hoc
1075 4522 1398 4597 opusculum
1443 4534 1722 4597 exaratum
1753 4517 1940 4597 luisse
1981 4525 2035 4595 in

453 4588 882 4665 Qttadragesima
908 4588 1033 4647 anni
1068 4588 1191 4659 968,
1225 4592 1347 4648 cum
1372 4594 1485 4649 haec
1515 4596 1585 4665 sit
1610 4590 2035 4665 Quadragesima

453 4667 578 4736 post
596 4659 966 4717 Ravennatem
987 4665 1490 4736 synodum,_etpost
1506 4659 1815 4719 Judicatum
1833 4659 2033 4736 prima,

453 4729 800 4798 episcopatus
828 4729 1288 4789 autem'Ratberii
1317 4729 1520 4788 ultima.

532 4800 1012 4875 (liﬁilﬁcberius
1036 4818 1192 4874 quam
1224 4800 1345 4859 hinc
1367 4803 1502 4873 jam.
1546 4801 1884 4860 Novissimus
1914 4803 2038 4875 Spi-

457 4868 635 4942 cilegii
661 4868 837 4928 editor
856 4873 956 4927 etsi
985 4868 1188 4928 teritum
1214 4868 1506 4929 emendare
1524 4890 1641 4942 non
1672 4889 1853 4939 ausus,
1887 4868 2036 4931 recte

461 4940 640 5020 tamen
678 4942 1219 5020 notavitlegendum,
1249 4959 1354 5020 gua
1388 4960 1469 4998 me
1494 4940 1826 5020 __hi_nc_jon_t;
1872 4955 1927 5020 et
1962 4945 2035 5020 ita

457 5009 677 5131 quidem
698 5009 1030 5068 correximus
1058 5009 1381 5068 auctoritate
1409 5014 1612 5068 codicis
1652 5009 2031 5083 Frisingensis.

511 5077 752 5131 rifariam
798 5092 975 5131 autem
1024 5084 1378 5131 traditionem-
1417 5097 1511 5131 seu
1557 5082 1927 5131 exmtlsionem
1968 5097 2031 5131 ex

511 5077 752 5152 rifariam
798 5092 975 5152 autem
1024 5084 1378 5146 traditionem,
1417 5097 1511 5138 seu
1557 5077 1927 5152 expulsioném
1968 5097 2035 5136 ex

458 5148 774 5236 episcopatu
804 5149 1095 5236 Veronensi
1124 5153 1249 5236 dum
1279 5163 1469 5236 ayctor
1494 5153 1596 5206 hoc
1623 5148 1863 5236 iempore
1888 5168 2035 5236 com_-

2139 4532 2342 4588 mitico.

2208 4602 2391 4672 (1157)
2407 4671 2413 4672 γ
2429 4601 2830 4672 Arsenoquitae
2853 4598 3044 4656 Graaco
3071 4597 3553 4672 est'masculorum
3578 4612 3712 4653 con-

2138 4667 2381 4743 cubitor.
2399 4671 2515 4743 Mox
2548 4667 2650 4741 pro
2674 4671 2819 4725 nobis
2845 4678 2920 4725 est
2961 4669 3328 4743 apographum
3362 4667 3712 4741 Frisingense

2136 4740 2298 4795 habet
2325 4742 2490 4795 omnis
2515 4740 2609 4795 est.
2995 4740 3011 4742 ί
3074 4740 3085 4743 ⁷
3162 4740 3175 4743 ⁷
3683 4740 3699 4753 ί

2168 4811 2386 4935 le([158)
2422 4811 2587 4878 Alter,
2619 4812 2673 4867 id
2700 4820 2784 4867 est
2812 4810 3158 4881 arsenoquita
3203 4806 3373 4864 multo
3411 4807 3594 4865 minus
3631 4816 3713 4863 est

2224 4897 2386 4935 l‘lCllS.

2137 4895 2386 4936 ClCl‘lCllS.

2209 4951 2389 5020 (1159)
2431 4949 2737 5006 Massaritia
2803 4967 2834 5006 a
2864 4966 3040 5007 massa
3099 4958 3449 5019 nuncupata,
3509 4948 3711 5016 aliquot

2135 5034 2448 5094 camporum
2505 5022 2773 5094 unionem
2802 5022 3108 5094 signiﬁcat;
3146 5028 3571 5094 _ae__propterea
3621 5033 3713 5084 per

2138 5088 2466 5145 massaritias
2492 5091 2730 5146 dividere
2760 5088 2901 5147 idem
2927 5101 3012 5147 est
3035 5106 3098 5145 ac
3128 5088 3371 5160 dividere
3387 5088 3483 5160 per
3501 5102 3709 5154 campos

2138 5169 2186 5213 et
2212 5162 2427 5236 vineas;
2456 5161 2596 5236 quod
2625 5161 3058 5236 inmqttalitatem-
3076 5159 3231 5214 facile
3261 5159 3578 5236 inducebat;
3612 5170 3709 5236 po-
