4044 5348
975 321 1006 361 εξ
1033 321 1062 340 ν

313 381 409 436 621

1737 377 1976 434 0150011
1987 379 2111 434 υιΑ.

3459 385 3562 440 622

307 493 528 564 quidam
561 491 925 557 mediocriter,
954 490 1170 562 quidam
1202 504 1338 561 pene
1384 488 1515 544 nihil
1544 503 1608 542 es
1647 502 1712 544 eo
1749 489 1887 544 aeci-
1915 489 2138 584 A-davit
2165 488 2402 558 digneris
2432 491 2619 546 saltem
2651 492 2861 557 audire,
2903 493 2994 548 sed
3022 493 3243 551 Jadaieo
3273 496 3374 551 ritu
3415 515 3565 553 mau-

305 586 458 654 piant
485 585 727 648 omnino,
771 599 868 654 per
905 600 1060 638 usum
1090 591 1143 638 et
1185 582 1626 638 consuetudinem
1651 581 1886 647 illorum,

304 691 441 745 quos
503 675 711 743 jamdiu
757 675 959 730 detinet
1014 675 1370 739 barathrum;
1430 674 1497 728 ad
1551 681 1887 743 postremum

301 770 483 824 omnia
531 768 655 837 jura
685 780 805 823 tam
845 769 1022 823 divina
1057 783 1217 838 quam
1257 769 1494 821 humana
1541 766 1885 836 praevaricari

299 876 398 931 per
433 876 613 924 usum,
657 875 760 913 non
821 860 913 914 tibi
961 876 990 913 a
1042 859 1254 914 diabolo
1297 859 1515 914 videtur
1560 858 1885 913 inventum?

298 951 452 1018 Quod
484 966 613 1004 vero
644 951 902 1020 scriptum
931 951 1203 1005 invenitur
1227 951 1280 1004 in
1306 950 1422 1020 lege
1443 949 1634 1020 Moysi,
1668 959 1722 1004 et
1758 965 1880 1018 pro-

294 1042 476 1112 phetis
521 1051 576 1095 et
623 1041 876 1111 psalmis;
929 1042 1070 1112 quod
1105 1042 1156 1096 in
1187 1042 1496 1113 Evangelia,
1531 1044 1773 1109 Actibus,
1825 1052 1881 1100 et

293 1132 768 1200 praedicationibus
812 1133 1196 1202 apostolorum,
1249 1135 1608 1190 decretalibus
1659 1135 1878 1205 pontifi-

293 1240 444 1288 cum,
489 1234 542 1279 et
587 1226 1058 1281 constitutionibus
1103 1242 1391 1292 canonum,
1441 1244 1548 1283 non
1594 1244 1806 1284 rursum
1846 1245 1879 1286 a

291 1314 404 1367 beo
433 1314 536 1368 tibi
563 1313 740 1368 elucet
778 1314 1141 1383 inspiratam?
1171 1315 1313 1369 Nihil
1340 1331 1467 1371 vero
1493 1317 1546 1371 in
1572 1317 1710 1382 istis,
1734 1317 1877 1387 quod

288 1423 478 1462 eorum
497 1409 608 1478 jam
635 1409 926 1463 nominatis
954 1418 1214 1480 congruat
1236 1411 1728 1475 consuetudinibus,
1748 1413 1874 1466 dum

289 1513 536 1568 nequeas
583 1500 863 1566 invenire;
919 1517 1024 1570 qua
1077 1516 1172 1556 eos
1216 1500 1430 1570 judicas
1486 1503 1665 1556 vivere
1720 1503 1876 1573 lege?

287 1589 434 1643 Inter
459 1590 836 1660 prohibentem
888 1590 1050 1660 igitur
1076 1591 1223 1658 talia,
1256 1599 1329 1656 et,
1366 1593 1409 1645 si
1452 1593 1738 1661 prohibere
1768 1608 1872 1646 non

283 1680 469 1746 audet,
516 1681 705 1734 saltem
745 1682 1227 1750 reprehendentem
1273 1682 1442 1756 488
1467 1699 1532 1738 ac
1559 1684 1872 1752 vituperan-

285 1781 418 1836 tem,
467 1781 523 1827 et
565 1771 823 1827 facientes
864 1773 1011 1840 talia,
1050 1789 1172 1844 quae
1213 1783 1388 1845 potest
1413 1789 1532 1829 esse
1560 1776 1868 1841 concordia,

281 1861 590 1930 praesertim
638 1877 760 1916 cum
818 1861 1079 1917 Dominus
1122 1863 1220 1918 sub
1279 1863 1636 1934 appellatione
1686 1864 1867 1934 gladii,
1906 1896 1948 1954 Β

279 1953 458 2021 ipsam
491 1962 548 2006 ut
572 1955 810 2008 mitteret
836 1954 1048 2009 venisse
1076 1971 1136 2010 se
1155 1965 1362 2010 asserat
1389 1956 1753 2011 discordiam?
1781 1958 1872 2012 Ait

277 2045 448 2110 enim,
481 2055 664 2100 notum
695 2055 796 2110 est,
830 2056 1071 2116 apertum
1112 2056 1215 2114 est,
1249 2048 1363 2102 ait:
1420 2047 1597 2104 Nolite
1625 2051 1873 2105 arbitrari

277 2137 404 2203 quia
431 2138 662 2190 uenerim
695 2139 896 2192 mittere
923 2155 1103 2207 pacem
1129 2141 1185 2193 in
1224 2151 1452 2205 terram;
1488 2158 1590 2196 non
1621 2144 1734 2196 veni
1773 2161 1866 2213 pa-

277 2245 388 2281 cem
423 2230 650 2292 mittere,
681 2230 770 2283 sed
815 2229 1070 2299 gladium.
1111 2229 1242 2285 Veni
1263 2233 1400 2286 enim
1430 2250 1674 2303 separare
1702 2234 1871 2287 homi-

276 2335 394 2370 nem
419 2318 671 2373 adversus
697 2329 894 2389 patrem
918 2337 1092 2385 suum,
1121 2331 1167 2374 et
1188 2321 1358 2390 ﬁliam
1382 2323 1630 2378 adversus
1649 2334 1869 2378 matrem

276 2425 450 2472 suam,
500 2419 549 2463 et
591 2427 779 2463 nurum
819 2413 1066 2466 adversus
1094 2429 1300 2466 socrum
1345 2431 1498 2468 suam
1547 2415 1762 2485 (Matth.
1811 2434 1865 2482 χ,

278 2500 365 2563 51,
383 2500 473 2566 35)
503 2518 516 2553 :
544 2509 596 2554 et
617 2501 756 2570 quod
781 2499 891 2571 jam
920 2517 1014 2572 per
1039 2506 1358 2572 prophetam
1386 2505 1596 2559 dixerat
1619 2524 1632 2558 :
1659 2505 1868 2561 Inimici

274 2591 505 2648 hominis
553 2594 824 2648 domestici
871 2596 986 2666 ejus
1033 2597 1217 2668 (Mich.
1263 2614 1318 2663 ν,
1356 2599 1435 2668 6).
1475 2599 1654 2666 Quare
1688 2611 1867 2656 autem

270 2683 481 2738 inimici
513 2684 747 2740 hominis
772 2683 888 2753 ejus
917 2687 1024 2741 sint
1047 2688 1281 2742 maxime
1301 2688 1604 2754 domestici,
1626 2699 1711 2744 est
1733 2691 1868 2745 ratio

274 2775 521 2838 evidens,
561 2776 686 2845 quia
714 2776 964 2831 videlicet
989 2793 1110 2832 cum
1139 2779 1357 2848 quidam
1391 2781 1511 2834 unis
1548 2780 1868 2836 claudantur

274 2867 595 2934 parietibus,
636 2868 928 2922 contrariis
952 2877 1007 2924 et
1034 2883 1064 2922 a
1095 2884 1154 2923 se
1180 2870 1411 2925 diversis
1451 2881 1575 2925 sunt
1606 2871 1863 2936 moribus,

269 2958 615 3010 evenitenim
634 2959 1088 3027 saepeutmarilus
1118 2961 1350 3024 sobrius,
1376 2977 1511 3015 uxor
1531 2962 1602 3015 sit
1626 2962 1863 3026 ebriosa;

271 3046 360 3102 ille
384 3057 719 3112 mansuetus,
754 3048 840 3102 illa
866 3049 1151 3115 iracunda;
1173 3051 1264 3105 sed
1287 3051 1386 3105 iste
1410 3051 1504 3107 Dei
1537 3052 1751 3116 timore,
1776 3051 1864 3105 illa

270 3139 490 3206 propria
531 3139 840 3206 voluntate;
891 3139 988 3196 iste
1030 3141 1137 3198 Deo
1186 3143 1501 3212 inspirante,
1533 3143 1623 3198 illa
1651 3144 1866 3198 diabolo

1915 570 1963 584 ’⁸
1990 584 2115 634 data
2162 581 2253 635 Dei
2301 583 2622 652 relinquere,
2660 584 2935 638 hominum
2988 586 3300 642 traditiones
3331 598 3384 640 et
3411 605 3566 644 usum

1993 679 2101 725 tam
2142 672 2479 728 obstinanter
2535 683 2752 739 tenere;
2807 683 2866 728 ut
2915 676 2979 730 de
3039 685 3091 731 te
3148 671 3333 748 possit'
3362 680 3566 736 dictum

1987 759 2210 814 haberi:
2246 759 2525 816 Peccatum
2560 763 2716 817 Iuda:
2741 765 2987 825 scriptum
3031 776 3104 820 est
3141 768 3192 820 iu
3227 785 3397 837 ungue
3430 770 3565 824 ada-

1985 853 2219 905 mantino
2257 851 2392 921 (Jcr.
2440 869 2572 918 xvn,
2612 853 2703 925 1);
2756 855 3069 910 obliviscine
3111 873 3196 911 mc
3233 861 3428 914 suades
3469 878 3566 915 un-

1984 959 2146 1012 quam
2177 945 2375 999 dictum
2402 946 2651 1001 audisse:
2699 944 2757 999 Si
2800 964 2901 1001 non
2947 950 3336 1004 annuntiareris
3385 952 3566 1023 imque

1982 1036 2308 1105 iniquitatem
2330 1053 2500 1101 suam,
2525 1038 2830 1107 sanguinem
2861 1038 2976 1108 ejus
2999 1040 3062 1093 de
3086 1057 3246 1093 manu
3277 1051 3368 1094 tua
3393 1044 3563 1111 requi-

1984 1142 2094 1179 ram
2126 1123 2340 1196 (Ezech.
2384 1143 2468 1193 tu,
2500 1127 2585 1197 18)
2613 1146 2626 1193 ;
2657 1139 2739 1184 et:
2784 1129 2892 1194 Var,
2917 1133 3007 1201 qui
3030 1133 3201 1187 dicitis
3234 1134 3421 1188 bonum
3447 1153 3562 1188 ma-

1979 1215 2109 1282 lum,
2162 1227 2211 1270 et
2266 1217 2462 1271 malum
2514 1219 2701 1272 bonum
2751 1220 2885 1292 (Isa.
2937 1239 2989 1288 v,
3037 1223 3168 1290 20);
3215 1235 3307 1279 et:
3351 1216 3565 1280 Dimitte

1979 1319 2211 1362 mortuos
2249 1310 2464 1379 sepelire
2508 1321 2740 1366 mortuos
2769 1331 2890 1368 suos
2922 1315 3133 1386 (Matth.
3166 1334 3285 1382 vm,
3311 1319 3402 1388 2'2)
3429 1336 3443 1384 ;
3468 1329 3559 1374 ct:

1981 1399 2150 1470 Impia
2201 1400 2368 1474 489
2406 1404 2602 1472 ρι’(ινὸεε
2639 1406 2920 1472 auxilium,
2957 1418 3003 1462 et
3050 1409 3150 1476 his,
3203 1412 3290 1481 qui
3342 1413 3563 1466 oderunt

1977 1491 2164 1557 Deum,
2196 1496 2428 1547 amicitia
2449 1495 2690 1565 jnngeris
2715 1496 2799 1568 (II
2829 1497 2957 1551 Par.
3000 1515 3112 1565 XIX,
3136 1500 3232 1570 2);
3264 1511 3315 1557 et
3348 1503 3558 1557 infinita

1976 1583 2100 1638 inde
2125 1584 2320 1639 divina:
2341 1587 2779 1643 eonuninationis
2801 1589 3035 1644 tonitrua
3059 1591 3081 1644 ?
3103 1591 3227 1662 Legi
3251 1593 3304 1646 in
3329 1593 3562 1663 quodam

1975 1672 2117 1726 beati
2149 1672 2464 1728 Columbani
2497 1674 2653 1740 libro,
2681 1677 2820 1732 idem
2867 1677 3098 1733 ofIicium
3137 1680 3335 1736 habere
3372 1683 3422 1736 in
3454 1683 3560 1736 Ec-

1973 1763 2137 1818 clesia
2161 1765 2517 1831 sacerdotem,
2547 1767 2685 1836 quod
2709 1770 2946 1840 possidet
2982 1772 3034 1825 iu
3077 1787 3303 1842 corpore
3330 1774 3562 1830 hominis

1974 1857 2307 1920 stomachus,
2331 1858 2421 1927 qui
2461 1859 2670 1914 scilicet
2712 1870 2992 1931 acceptum
3021 1879 3330 1933 cxcoquens
3356 1865 3556 1930 cibum,

1975 1947 2245 2002 ministrat
2299 1964 2421 2004 eum
2470 1950 2721 2007 omnibus
2759 1954 3033 2018 membris,
3085 1971 3313 2024 quorum
3367 1973 3561 2010 unum-

1973 2039 2222 2108 quodque
2275 2041 2346 2094 ita
2394 2041 2446 2095 in
2488 2057 2642 2095 suam
2692 2047 2959 2098 convertit
3003 2044 3151 2099 illum
3191 2056 3460 2115 naturam,
3501 2059 3562 2104 ut

1972 2129 2114 2198 quod
2143 2131 2368 2200 suscipit
2389 2130 2548 2200 jecur
2572 2135 2660 2188 fiat
2689 2138 2932 2206 sanguis,
2957 2141 3096 2209 quod
3122 2143 3345 2212 suscipit
3369 2143 3440 2197 fel
3466 2143 3560 2198 fiat

1971 2220 2114 2286 bilis,
2147 2223 2288 2290 quod
2320 2224 2598 2280 descendit
2627 2226 2680 2280 in
2701 2227 2983 2296 pulmones
3005 2229 3199 2285 efﬁciat
3228 2233 3556 2302 phlegmata.

1971 2309 2084 2365 lloc
2115 2309 2278 2382 igitur
2302 2314 2547 2383 exemplo
2579 2316 2621 2368 si
2669 2315 2807 2372 forte
2830 2315 3124 2388 contingat,
3159 2331 3216 2375 ut
3238 2324 3558 2394 quibusdam

1972 2402 2317 2459 audientibus
2367 2407 2542 2475 prosit
2593 2408 2659 2461 ad
2697 2410 2862 2463 vitam
2915 2412 3056 2479 quod
3103 2413 3299 2468 alicubi
3344 2415 3557 2486 loquor,

1969 2489 2216 2558 pluribus
2247 2495 2471 2549 suscitet
2495 2496 2854 2564 iracundiam,
2889 2509 2946 2554 ut
2971 2502 3114 2555 verbi
3155 2505 3329 2571 gratia
3369 2521 3555 2561 sense-
3588 2556 3591 2559 .

1975 2589 2059 2632 rat
2090 2580 2176 2635 ille
2202 2583 2291 2650 qui
2324 2583 2463 2638 dixit
2487 2603 2499 2638 :
2538 2586 2685 2639 Sicut
2713 2599 2915 2643 acetum
2947 2589 2999 2643 in
3029 2593 3187 2654 nitro,
3214 2594 3288 2648 sic
3314 2596 3402 2664 qui
3429 2613 3558 2650 can-

1970 2678 2046 2722 tat
2072 2672 2312 2725 carmina
2351 2676 2496 2746 cordi
2533 2678 2757 2746 pessimo
2807 2678 2989 2749 (Prov.
3023 2698 3151 2744 xxv.
3194 2684 3322 2752 20):
3358 2687 3557 2741 debue-

1969 2771 2124 2816 ratuc
2148 2775 2365 2834 propter
2389 2767 2603 2822 illorum
2632 2769 2971 2826 formidinem
2994 2774 3184 2828 saltem
3211 2793 3348 2831 unus
3366 2793 3556 2834 eorum

1971 2853 2192 2924 negligi,
2260 2856 2346 2909 cui
2410 2860 2552 2926 quod
2609 2860 2805 2916 dicitur
2874 2863 2940 2916 ad
3011 2865 3238 2922 salutem
3295 2871 3572 2943 proficere

1968 2957 2150 3017 posset
2173 2949 2195 3000 ?
2217 2949 2283 3003 Et
2311 2950 2398 3004 ubi
2427 2961 2570 3006 esset
2589 2955 2732 3022 quod
2760 2955 3006 3011 Ezechiel
3037 2975 3066 3012 a
3100 2961 3328 3017 Domino
3357 2965 3570 3018 dicitur.

1967 3037 2040 3093 ita
2071 3057 2082 3092 :
2129 3038 2236 3093 Fili
2270 3041 2516 3108 hominis,
2545 3045 2698 3098 verba
2722 3045 2932 3101 illorum
2954 3067 3018 3103 ne
3055 3052 3258 3118 timeas,
3293 3065 3341 3108 et
3382 3057 3552 3111 uultus

1967 3130 2178 3184 illorum
2242 3149 2304 3186 ne
2353 3134 2626 3202 formidas,
2684 3140 2808 3208 quia
2871 3141 3057 3196 domus
3085 3161 3400 3216 exasperans
3431 3160 3506 3204 est
3525 3151 3554 3205 .’

271 3229 589 3299 instigante.
645 3231 777 3298 Qua:
817 3247 946 3303 ergo
995 3233 1138 3289 inter
1191 3235 1326 3290 tales
1381 3235 1694 3300 concordia,
1744 3251 1864 3305 qua;
1894 3245 1937 3305 ο
1970 3220 2186 3288 (Bacch.
2212 3238 2271 3288 ιι,
2316 3224 2394 3294 6.)
2441 3225 2544 3280 Ubi
2589 3228 2860 3284 dicentis:
2901 3231 3006 3296 Qui
3065 3251 3142 3287 me
3183 3238 3442 3293 erubuerit
3500 3231 3567 3295 et

268 3334 397 3389 pas,
426 3337 550 3390 qua:
577 3337 696 3377 esse
737 3332 913 3392 potest
941 3325 1200 3390 amicitia,
1238 3325 1453 3380 nolente
1478 3326 1578 3381 isto
1605 3327 1746 3396 quod
1773 3327 1863 3380 de-

269 3412 479 3466 siderat
512 3413 633 3478 illa;
670 3430 790 3468 cum
821 3415 888 3469 ab
916 3416 1030 3485 ipso
1067 3415 1178 3471 Deo
1213 3416 1515 3485 hujusmodi
1541 3419 1868 3487 processerit

269 3500 438 3553 rixa?
478 3500 598 3571 Ipse
633 3503 779 3556 enim
827 3506 1300 3562 mansuetudinem
1332 3508 1603 3576 prmeepit,
1652 3509 1866 3563 iracun-

271 3591 418 3645 diam
474 3593 773 3660 prohibuit,
822 3596 1066 3665 nullique
1098 3598 1252 3652 alteri
1285 3598 1466 3669 (1160)
1496 3615 1772 3654 assensum
1813 3601 1866 3654 in

272 3682 478 3736 malum
507 3685 766 3753 praebere,
797 3702 892 3755 per
921 3688 1232 3757 Apostolum
1257 3691 1328 3745 ita
1358 3691 1624 3744 dicentem
1647 3707 1868 3746 conces-

275 3775 384 3828 sit:
417 3773 544 3828 Non
571 3776 739 3830 soluat
764 3779 852 3846 qui
871 3777 1094 3847 faciunt,
1126 3780 1215 3835 sed
1248 3782 1404 3834 etiam
1427 3782 1516 3850 qui
1540 3783 1866 3836 consentiunt

272 3865 610 3934 facientibus,
642 3867 786 3938 digni
815 3879 934 3922 sunt
964 3880 1127 3924 morte
1159 3870 1336 3941 (Rom.
1368 3888 1408 3938 ι,
1444 3872 1556 3940 52).

343 3977 400 4032 5.
435 3977 511 4032 Te
531 3991 669 4048 ergo
709 3989 899 4034 contra
929 3979 1100 4052 legem
1127 3981 1224 4036 Dei
1253 3981 1504 4048 faciente,
1537 3999 1635 4053 ego
1683 3985 1770 4052 qui
1798 3985 1865 4039 ad

273 4075 328 4120 te.
379 4069 760 4138 corrigendum
807 4085 838 4124 a
896 4070 1006 4125 Deo
1059 4087 1177 4126 sum
1217 4073 1517 4138 institutus,
1556 4089 1661 4128 non
1698 4076 1865 4130 debeo

270 4159 466 4214 saltem
501 4160 737 4217 latrare?
765 4163 840 4217 Te
869 4166 1312 4222 consuetudinem
1344 4167 1579 4232 illorum,
1617 4184 1752 4238 quos
1778 4169 1863 4223 inv~

271 4250 463 4306 fernus
487 4252 605 4308 sine
633 4252 796 4307 dubio
831 4253 1051 4320 detinet,
1093 4257 1312 4312 statutis
1354 4257 1592 4321 illorum,
1623 4259 1712 4329 qui
1740 4274 1862 4313 cum

272 4344 383 4398 Deo
403 4344 457 4398 in
483 4345 641 4400 coilis
667 4346 993 4412 consistunt,
1019 4347 1358 4417 praeferente,
1381 4364 1480 4418 ego
1504 4363 1679 4418 neque
1702 4365 1865 4405 ausus

273 4433 374 4487 sim
420 4434 612 4489 saltem
673 4435 916 4489 mutire?
965 4435 1104 4502 Quid
1141 4451 1270 4508 ergo
1310 4437 1527 4504 faciam,
1566 4439 1691 4492 dum
1741 4454 1862 4493 cum

271 4524 594 4592 quibusdam
625 4525 841 4581 miseris
867 4527 997 4582 mihi
1023 4537 1073 4582 te
1098 4543 1310 4598 quoque
1334 4529 1542 4584 dicetur
1567 4540 1858 4599 przesente:

1969 3326 2109 3363 meos
2136 3329 2416 3374 sermones,
2443 3325 2489 3367 et
2513 3315 2652 3368 hunc
2691 3316 2864 3371 Filius
2904 3320 3130 3376 hominis
3150 3325 3408 3380 erubescet
3432 3345 3554 3383 cum

1969 3404 2157 3457 venerit
2189 3405 2242 3457 in
2269 3404 2436 3474 gloria
2483 3423 2604 3471 sua,
2646 3418 2692 3461 et
2726 3407 2901 3464 Patris
2927 3421 2973 3465 et
3003 3424 3304 3469 sanctorum
3337 3420 3550 3488 angelo-

1970 3509 2082 3546 rum
2110 3494 2134 3545 ?
2161 3493 2310 3562 (Luc.
2342 3511 2418 3560 ix,
2444 3495 2558 3567 26.)

2037 3604 2090 3655 4.
2134 3603 2284 3668 Quod
2309 3605 2352 3658 si
2387 3607 2514 3684 mihi
2539 3622 2778 3677 opponas
2818 3613 3126 3667 scandalum
3160 3615 3415 3672 Ecclesiae
3445 3621 3541 3674 de-

1967 3693 2095 3747 bere
2125 3693 2317 3758 vitari,
2341 3709 2445 3748 non
2476 3697 2807 3752 contradieo.
2839 3698 3061 3770 Oppono
3095 3704 3187 3758 tibi
3236 3716 3414 3762 tamen
3441 3711 3567 3763 dua’

1968 3783 2242 3854 Evangelii
2274 3785 2423 3852 loca,
2465 3803 2630 3842 unum
2661 3790 2889 3858 scilicet,
2939 3795 3026 3847 ubi
3078 3795 3336 3852 Dominus
3383 3799 3558 3856 Petro»

1965 3875 2166 3931 dixisse
2193 3877 2427 3932 refertur
2455 3899 2466 3930 τ
2496 3880 2703 3947 Simon,
2745 3901 2885 3954 reges
2919 3895 3075 3940 terrm
3102 3907 3132 3941 a
3169 3890 3357 3959 quibus
3404 3895 3548 3946 acci-

1965 3965 2112 4034 piunt
2141 3968 2389 4021 tributum
2418 3969 2443 4022 ?
2479 3970 2542 4023 ab
2573 3972 2775 4039 alienis,
2807 3993 2873 4027 an
2897 3993 2929 4029 a
2974 3977 3151 4045 ﬁliis?
3188 3979 3280 4033 Illo
3325 3993 3564 4052 τωρωι(

1965 4055 2148 4120 dente,
2178 4059 2242 4112 ab
2266 4058 2491 4114 alienis:
2531 4061 2672 4132 Ergo
2704 4065 2852 4119 liberi
2881 4077 3027 4133 sunt,
3055 4071 3149 4135 ait,
3185 4071 3327 4138 ﬁlii;
3364 4076 3452 4128 sed
3482 4092 3545 4129 ne

1966 4149 2100 4217 forte
2120 4149 2540 4206 scandalizemus
2560 4170 2670 4216 eos,
2714 4157 2841 4211 vade
2870 4159 2939 4210 ml
2971 4177 3137 4226 mare,
3175 4173 3222 4216 et
3256 4165 3401 4219 mitte
3446 4167 3548 4221 ha—

1965 4254 2130 4302 mum,
2154 4249 2200 4292 et
2233 4255 2348 4293 eum
2377 4243 2567 4310 piscem
2595 4245 2684 4314 qui
2703 4247 2902 4314 primus
2951 4252 3263 4318 ascenderit,
3299 4256 3436 4319 tolle,
3497 4269 3546 4313 et

1967 4341 2144 4401 aperto
2167 4349 2253 4386 ore
2283 4333 2426 4388 illius
2454 4335 2682 4390 inuenies
2710 4347 2985 4406 staterem;
3034 4341 3184 4397 illum
3223 4347 3434 4403 sumens
3473 4350 3556 4405 da.

1967 4423 2041 4476 eis
2070 4440 2165 4493 pro
2204 4441 2284 4478 me
2303 4435 2351 4478 et
2372 4436 2439 4479 te.
2465 4426 2668 4492 Alium,
2699 4431 2787 4484 ubi
2815 4431 3026 4488 dicente
3067 4436 3252 4490 eodem
3287 4455 3409 4493 cum
3440 4456 3546 4496 ea:-

1969 4515 2098 4568 teris
2130 4515 2287 4570 Petro
2312 4519 2377 4571 ad
2406 4517 2572 4589 599
2611 4520 2894 4575 Dominum
2922 4538 2936 4576 :
2972 4524 3090 4580 Scis
3113 4529 3235 4598 quia
3281 4527 3544 4587 Pharisa’i

276 4617 395 4672 Νοη
418 4619 735 4673 amendati,
761 4635 826 4673 ει
853 4620 1092 4685 adverso,
1119 4637 1279 4690 neque
1307 4621 1622 4690 opposuisti;
1652 4639 1859 4676 murum
1893 4594 1940 4653 Ι)
1967 4611 2147 4661 audito
2172 4610 2320 4663 rerbo
2343 4611 2691 4664 scandalizati
2715 4615 2879 4668 sunt?
2908 4615 3122 4686 (Matth.
3157 4636 3224 4672 xv
3245 4660 3262 4684 ,
3319 4620 3405 4689 12)
3437 4639 3542 4678 non

272 4723 364 4774 pro
395 4707 552 4762 domo
580 4706 773 4770 Israel,
807 4719 862 4761 ut
888 4710 1096 4762 staretis
1127 4710 1181 4762 in
1207 4709 1389 4775 prwlio
1415 4714 1466 4764 in
1497 4711 1582 4764 die
1605 4710 1816 4764 Domini
1838 4729 1858 4776 ;

273 4807 318 4850 et
341 4798 552 4866 probavi
569 4807 620 4851 te
647 4798 716 4851 ad
739 4815 902 4869 aquas
918 4799 1356 4854 Contradictionis
1373 4801 1397 4854 γ
1416 4800 1630 4870 (Ezcrh.
1658 4801 1857 4874 xmﬁi.)

275 4884 548 4942 Poteritue
576 4887 708 4941 mihi
734 4889 972 4943 amicitia
1000 4898 1088 4943 tua
1118 4890 1224 4944 illic
1245 4889 1446 4958 aliquid
1470 4891 1743 4960 prodesse,
1766 4894 1858 4960 qui

276 4992 420 5032 nunc
454 4987 630 5032 tecum
663 4979 792 5032 mihi
817 4980 1010 5034 suades
1037 4995 1221 5049 pacem
1249 4980 1467 5045 habere,
1503 4989 1559 5035 ut
1589 4997 1712 5036 cum
1740 4983 1861 5037 aliis

277 5069 483 5124 valeam
507 5071 724 5125 dicere:
756 5070 1058 5142 Pepigimus
1084 5072 1252 5143 {trdus
1300 5089 1414 5125 cum
1445 5083 1626 5139 morte,
1659 5082 1706 5126 et
1743 5090 1861 5128 cum

925 5180 969 5190 υ..
1003 5163 1114 5190 II-..
1180 5179 1347 5190 ..ο-η..
1409 5164 1491 5190 ,ΒΧ
1521 5183 1532 5190 .
1565 5180 1682 5190 nn.“
1715 5164 1822 5190 2η...

279 5161 484 5190 :u'nrmn
520 5161 731 5190 ra...'.....-
763 5174 916 5190 ..ιι-ΑΙ.-

1967 4701 2267 4755 curaadum
2294 4703 2359 4756 de
2387 4701 2690 4770 hujusmodi
2730 4716 3042 4764 monstrans
3063 4711 3341 4776 seandalo,
3365 4713 3502 4768 dixit
3527 4736 3542 4770 ς

1969 4791 2138 4846 Sinite
2160 4791 2279 4847 illos
2307 4792 2491 4862 (Ibid.,
2526 4794 2636 4865 14),
2662 4797 2888 4851 subaudi
2916 4799 3503 4870 scaudalizari.(Quare
3525 4808 3550 4858 ?

1971 4883 2256 4954 Subjungit
2286 4901 2528 4953 causam,
2556 4897 2608 4941 et
2636 4888 2713 4942 ait
2750 4907 2762 4942 :
2796 4886 2936 4942 Ca’ci
2967 4901 3084 4945 sum
3121 4899 3164 4940 et
3201 4890 3357 4944 duces
3390 4910 3451 4947 ca
3469 4912 3552 4948 co-

1968 4994 2103 5030 rum.
2128 4975 2313 5032 Circus
2342 4989 2511 5032 autem
2541 4981 2585 5032 si
2613 4996 2747 5033 C(L’CO
2779 4979 3039 5036 ducatum
3068 4989 3294 5046 pt‘t’t-‘ﬂel.
3321 4984 3472 5038 ambo
3498 4987 3567 5039 in.

1969 5068 2165 5137 foveam
2193 5070 2378 5123 cadent
2403 5065 2778 5140 (Ibid.).Quasi
2810 5069 3016 5136 utique
3045 5064 3268 5121 dixisset
3296 5083 3311 5120 ε
3343 5069 3481 5136 Quia
3507 5086 3564 5128 et

1967 5161 2066 5190 ἶνιμῖ
2101 5164 2222 5190 ιιι-νιηῗ
2256 5168 2376 5190 ιιι-σῖ.
2433 5170 2481 5190 ΛΟ
2509 5161 2622 5190 ηΙῗῖη
2663 5161 2814 5190 ηονιηῖσ
2864 5157 2917 5190 in
2992 5153 3302 5190 nnI‘l“|.Inn.lc
3355 5157 3564 5190 rnuvna...
