4044 5348
474 501 920 563 meliorabuntur,
951 499 1066 562 sed,
1090 505 1147 550 ut
1169 504 1472 564 coeperunt,
1495 493 1546 546 in
1572 493 1886 565 perditionis
1909 508 2044 562 prte-
2071 496 2123 555 Α

478 594 614 648 scito
641 591 748 646 illis
775 591 841 646 ab
894 589 1047 644 initio
1111 585 1302 640 ruituri
1351 584 1822 639 deteriorabuntur
1866 582 2050 638 miseri

475 685 752 740 barathro.

554 799 604 852 5.
649 798 715 851 Et
743 795 845 851 ista
874 792 1088 864 quidem
1121 801 1175 847 ut
1197 789 1484 857 sufficiant,
1511 791 1880 862 quaerendum,
1911 789 2051 845 unde

479 893 580 945 ista
614 900 793 944 tamen
824 896 1013 942 exorta
1048 890 1118 940 sit
1147 884 1290 939 inter
1319 899 1418 940 nos
1440 885 1596 939 modo
1621 883 1914 938 discordia.
1943 881 2050 937 Sed

477 983 521 1040 si
553 984 673 1054 quis
701 981 949 1036 advertat
967 977 1109 1050 quod
1161 979 1410 1049 superius
1455 978 1720 1048 prolatum
1775 977 1842 1031 de
1891 975 2048 1041 Juda,

477 1091 582 1130 non
613 1073 770 1128 modo
799 1081 1042 1126 exortam
1073 1070 1212 1124 hanc
1260 1067 1466 1122 videbit
1515 1066 1861 1130 discordiam,
1897 1065 1989 1119 sed
2019 1081 2049 1118 a

478 1177 720 1236 tempore
747 1160 1105 1218 ordinationis
1134 1175 1264 1214 mete
1283 1174 1557 1229 nunquam
1581 1159 1724 1212 inter
1759 1172 1857 1212 nos
1884 1157 2054 1212 exsti-

477 1258 607 1313 tisse
635 1253 979 1311 concordiam
1013 1269 1026 1305 :
1055 1251 1198 1321 quod
1244 1250 1391 1305 mille
1420 1250 1723 1322 probabunt
1756 1248 1976 1314 indicia,
2005 1247 2049 1303 si

478 1348 601 1420 quis
631 1343 940 1402 meminisse
962 1342 1181 1408 valebit,
1207 1341 1386 1412 qualia
1433 1342 1564 1396 mibi
1598 1341 1710 1410 jam
1741 1341 2052 1396 acciderunt

482 1435 697 1506 (1161),
724 1443 776 1489 et
803 1441 1026 1504 quanta.
1084 1431 1232 1486 Licet
1278 1445 1420 1486 nunc
1449 1429 1640 1486 lidncia
1673 1429 1852 1500 (“62)
1884 1430 2053 1499 impe-

479 1525 626 1581 rialis
659 1523 957 1594 prmsentia:
983 1531 1036 1579 et
1075 1521 1266 1593 synodi
1317 1521 1614 1576 adunandm
1667 1522 1720 1575 in
1768 1521 2052 1590 propatulo

476 1621 547 1675 sit
569 1619 884 1689 designata;
911 1625 994 1671 est
1025 1625 1202 1671 tamen
1244 1616 1460 1672 occasio
1497 1615 1803 1687 huiusmodi
1840 1615 2051 1669 rixandi

476 1711 654 1776 nobis,
687 1709 829 1780 quod
859 1708 1066 1764 scilicet
1093 1707 1171 1763 eis
1203 1707 1658 1763 inanit'estaverim
1688 1707 1930 1778 quaedam
1966 1709 2056 1763 hic

487 1802 610 1855 ideo
639 1812 925 1870 suppressa
957 1797 1164 1868 (1165),
1189 1797 1313 1866 quia
1341 1798 1394 1851 in
1423 1795 1660 1851 Huberto
1688 1796 1939 1868 episc0po
1983 1797 2058 1851 di-

485 1899 633 1945 recta
687 1889 1034 1944 continentur
1062 1887 1136 1959 (id
1186 1897 1268 1942 est
1297 1887 1388 1942 lib.
1435 1887 1499 1941 de
1543 1885 1848 1956 Contemptu
1899 1904 2058 1951 cano:

483 1981 652 2054 num).
684 1979 922 2050 Epistola
951 1979 1073 2043 ista,
1103 1994 1210 2033 non
1242 1978 1292 2032 vi
1317 1962 1495 2032 tamen
1521 1991 1614 2032 eos
1637 1976 1704 2031 ad
1727 1991 1790 2032 ea
1828 1992 2054 2048 sequen-

478 2074 542 2128 da
570 2069 918 2141 compellens,
949 2070 1043 2126 sed
1070 2070 1280 2124 ratione
1305 2067 1681 2139 perpendenda
1720 2067 1973 2124 suadens.

559 2185 740 2257 (1161)
781 2184 963 2256 Vulg.,
989 2183 1322 2257 acciderunt;
1347 2189 1564 2251 quanta,
1593 2181 1733 2257 licet.
1773 2180 1946 2257 Aliam
1969 2181 2050 2236 in-

477 2249 1030 2328 terpnnct'ioncm,'et
1079 2249 1501 2307 additamentum
1549 2249 1939 2319 coniunctionis
2000 2261 2049 2306 et

477 2327 668 2384 sensus
689 2327 888 2384 exegit.

551 2398 736 2466 (.1162)
774 2393 1058 2450 Fiduciam
1103 2393 1390 2466 imperialis
1414 2393 1734 2466 _prarsentia:
1761 2402 1810 2447 et
1861 2393 2048 2466 synodi

479 2463 778 2521 adunandw
811 2475 1076 2521 memorat
1106 2465 1268 2519 etiam
1312 2463 1597 2518 Ratberius
1621 2463 1673 2517 in
1701 2478 1951 2518 sermone
1982 2463 2049 2517 de

477 2537 694 2593 Octavis
719 2536 938 2591 Pascha:
959 2551 1107 2589 num.
1131 2533 1186 2600 4,
1216 2533 1308 2588 ubi
1333 2542 1615 2604 postquam
1665 2532 1999 2604 discordiam
2018 2548 2045 2585 a

477 2607 563 2662 die
597 2605 954 2662 ordinationis
983 2619 1092 2659 sure
1126 2601 1372 2658 exortam
1397 2601 1652 2672 prodidit,
1681 2603 1858 2657 subdit
1881 2615 1901 2672 :7
1955 2601 2046 2655 Est

477 2693 598 2730 vero
626 2693 761 2730 nunc
792 2677 906 2728 ideo
929 2678 981 2727 in
1007 2673 1184 2743 palam
1207 2671 1450 2735 deducta,
1491 2673 1628 2743 quod
1655 2673 1856 2743 ﬁducia
1886 2671 2043 2743 impe-

477 2745 626 2800 rialis
664 2745 739 2800 nil
774 2745 919 2798 aliud
967 2741 1127 2814 quam
1174 2743 1312 2813 quod
1358 2741 1564 2814 justum
1609 2752 1683 2814 est
1713 2741 2048 2814 decernentis

474 2816 789 2884 pra'sentiw,
823 2825 869 2868 et
901 2810 1086 2884 synodi
1116 2810 1491 2884 congreganda:
1514 2827 1561 2884 _:_
1582 2811 1676 2884 ubi
1713 2810 1860 2884 locus
1910 2810 2049 2864 biul-

477 2881 576 2939 cus
611 2881 958 2954 relinquitur,
985 2896 1155 2952 eaque
1195 2881 1382 2952 procul
1439 2881 1601 2934 dubio
1628 2881 2046 2954 desiderantur,

476 2969 600 3020 qua:
629 2955 698 3009 ob
721 2951 838 3008 eam
869 2951 1118 3008 ﬁduciam
1144 2951 1348 3018 egerat,
1378 2960 1432 3006 et
1455 2967 1518 3006 ex
1548 2951 1744 3020 quibus
1767 2967 1906 3006 nunc
1933 2959 2048 3005 tan-

477 2974 491 3005 t
518 2970 600 3010 ua:
629 2970 698 3009 OD
721 2970 838 3008 eam
869 2970 1118 3008 lldﬂClam
1144 2970 1348 3018 egerat,
1378 2970 1432 3006 ΘΙ.
1455 2970 1518 3006 ex
1548 2970 1744 3020 QUIBUS
1767 2970 1906 3006 nunc
1933 2970 2048 3005 lall-

477 2970 600 3078 dem
631 3023 900 3080 discordia
924 3023 1121 3092 erupit.
1153 3021 1231 3076 Ex
1265 3021 1514 3092 prtesenti
1553 3029 1733 3092 autem
1767 3019 2049 3092 opusculo,

478 3111 725 3162 quaenam
748 3095 864 3148 btec
892 3091 1114 3156 iuerint,
1137 3092 1387 3163 colligere
1410 3091 1552 3163 licet.
1581 3091 1713 3163 cum
1762 3091 2048 3163 utrobique

481 3160 744 3235 synodum
800 3163 1232 3235 congregandam
1267 3160 1707 3235 cunrintperiali
1753 3160 2044 3235 prtesentia

472 3231 697 3304 jungat;
723 3231 929 3304 synodi
945 3231 1170 3304 nomine
1213 3246 1305 3304 eos
1350 3231 1536 3304 utique
1561 3231 1871 3304 episcopos
1899 3231 2048 3304 vidc-

481 3299 840 3365 tur'innue're,
866 3303 957 3371 qui
987 3317 1052 3356 ex
1082 3311 1191 3383 tota
1246 3300 1574 3382 Aquileiensi
1623 3301 1908 3425 aovineia
1947 3299 2047 3355 Ve-

481 3389 626 3425 ronaa
645 3387 945 3425 convenere
966 3386 1250 3425 occasrone
1295 3379 1596 3425 nrmsentue
1668 3390 1676 3400 ·
1714 3385 1872 3425 saris.
1917 3386 2040 3425 cum

479 3389 626 3453 [ante
645 3387 945 3453 convenere
966 3372 1250 3453 occasione
1295 3371 1596 3453 prteseptia:
1623 3371 1888 3451 Caesaris,‘
1917 3386 2040 3453 cum

459 3445 587 3499 tilio
615 3459 714 3498 suo
739 3460 770 3499 e
796 3441 1082 3497 Germania
1120 3440 1424 3496 advenienti
1447 3440 1644 3495 ibidem
1681 3440 1916 3496 occurrit
1945 3442 2044 3495 sub

479 3516 638 3569 ﬁnem
660 3513 910 3569 Octobris
939 3512 1065 3566 anni
1101 3511 1226 3576 967,
1290 3511 1643 3580 ibiquegcum
1691 3526 1756 3566 eo
1805 3511 2046 3565 omnium

477 3593 789 3640 sanctorum
834 3581 1032 3637 festum
1083 3579 1668 3636 celebravit’Kalendis
1708 3579 2046 3637 Novembris.

475 3654 784 3708 .ludicatum
821 3667 970 3717 vero,
994 3666 1100 3720 quo
1150 3651 1440 3722 Balberius
1479 3653 1727 3722 quaedam
1785 3649 2048 3706 beneficia

478 3725 755 3778 canonicis
787 3722 913 3775 olim
936 3738 964 3776 a
999 3736 1057 3777 se
1083 3721 1274 3776 collata
1300 3721 1730 3792 postea’ademit,
1761 3729 1819 3792 ut
1849 3737 2050 3791 paupe-

479 3793 716 3848 rioribus
737 3793 951 3847 clericis
992 3791 1320 3861 provideret,
1363 3792 1537 3862 aperti
1583 3791 1794 3862 dissidii
1825 3806 2047 3845 causam

479 3864 694 3919 dedisse
719 3879 784 3918 es
816 3860 1164 3932 sequentibus
1191 3860 1528 3930 exploratum
1581 3862 1690 3917 lict.
1738 3860 1852 3916 lloe
1889 3875 2052 3932 porro

477 3933 784 3987 Judicatum
821 3931 1011 4003 ﬁducia
1060 3931 1372 4003 imperialisg
1405 3932 1726 4003 praesentim,
1769 3939 1825 3985 et
1861 3931 2049 4003 synodi

480 4003 781 4056 adunanda:
808 4001 1082 4055 conditum
1116 3999 1235 4055 fuit.
1278 3999 1554 4056 Fiduciam
1602 4001 1820 4056 quidem
1863 4000 1914 4052 in
1953 3999 2051 4053 im-

479 4080 731 4139 peratore
766 4071 1055 4126 Ratberius
1082 4072 1135 4124 in
1158 4071 1327 4141 ipsius
1345 4069 1585 4141 ludicati
1612 4068 2053 4141 lineamanil‘estat

479 4142 760 4195 scribens:
788 4139 1350 4210 cujuslimperatoris)
1378 4150 1429 4210 et,
1463 4139 1683 4210 auxilio
1707 4140 1896 4210 fretus,
1933 4156 2049 4192 sum

480 4213 582 4264 ista
641 4209 874 4263 molitus.
926 4209 1202 4281 Fiduciam
1240 4209 1369 4281 vero
1419 4209 1473 4281 in
1522 4209 2051 4281 synodo‘adunanda

480 4281 713 4348 probant
751 4280 1173 4349 subscriptiones
1224 4278 1564 4350 patriarcha!
1591 4278 1950 4350 Aquileiensis
1996 4288 2052 4334 et

481 4347 683 4406 nostrae
706 4347 994 4419 provincias
1015 4347 1412 4420 episcoporum,
1440 4364 1573 4420 quas
1597 4347 1770 4420 eidem
1796 4347 2050 4420 Judicato

479 4418 776 4489 accessisse
802 4420 855 4474 in
882 4421 1037 4489 epist.
1063 4419 1131 4474 12
1166 4418 1234 4489 ad
1261 4419 1601 4489 Ambrosium
1653 4418 1942 4476 Ratberius
1978 4428 2052 4474 te-

480 4499 673 4560 statur.
708 4488 820 4546 Hae
845 4488 1043 4560 duplici
1082 4488 1274 4560 fiducia
1296 4488 1818 4560 ipsumhludicalum
1863 4491 2047 4544 edidit.

482 4559 620 4615 lline
655 4569 836 4615 autem
867 4558 990 4615 etim
1019 4559 1262 4615 canonici
1293 4558 1352 4614 se
1404 4558 1724 4629 quibusdam
1774 4560 2052 4614 beneﬁciis

477 4631 720 4700 privatos
751 4631 1026 4692 dolerent,
1089 4629 1379 4691 discordia,
1429 4643 1546 4700 quae
1575 4637 1734 4682 antea
1777 4631 2050 4698 serpebat,

480 4698 535 4754 in
567 4701 836 4770 publicum
859 4700 1080 4770 prodiit,
1109 4708 1270 4770 atque
1301 4698 1595 4770 ntaaitnatn
1618 4708 1805 4753 contra
1832 4701 2046 4769 episco-

480 4752 973 4826 ‘imii'iébé’iiibﬁeui
997 4752 1268 4824 excitavit.
1300 4768 1374 4823 Es
1398 4766 1482 4822 his
1537 4752 1950 4834 orroveremur,
1979 4783 2046 4822 ne
2077 4752 2126 4811 Ι)

473 4787 580 4895 iioc
614 4855 827 4895 ououue
857 4839 974 4894 loco
996 4837 1246 4893 nonnulla
1281 4837 1475 4892 desint.
1502 4781 1688 4895 gentle
1712 4837 1856 4892 enim
1902 4853 2046 4892 nunc

499 4857 580 4895 ioc
614 4855 827 4910 quoque
857 4839 974 4894 loco
996 4837 1246 4893 nonnulla
1281 4837 1856 4910 desint.iNeque_eni_m
1902 4853 2046 4910 nunc

475 4911 532 4964 in
573 4907 852 4980 propatulo
881 4910 1158 4980 designata
1189 4916 1274 4963 est
1331 4907 1551 4980 ﬁducia,
1590 4907 1701 4980 sed
1755 4907 2041 4980 discordia,

473 4977 642 5049 quam
673 4977 879 5049 peperit
916 4977 1248 5042 Judicatum,
1280 4977 1420 5049 quod
1445 4977 1636 5049 ﬁducia
1691 4977 1908 5046 quidem
1940 4977 2044 5030 im-

475 5046 700 5119 perialis
722 5046 1019 5118 praesentia:
1037 5055 1093 5102 et
1121 5048 1310 5118 synodi
1349 5046 1648 5101 adunandte
1682 5055 1949 5119 paratum,
1967 5054 2049 5119 Aat

479 5115 654 5172 solum
692 5115 815 5189 post
840 5115 1173 5189 imperialem
1201 5131 1506 5189 assensum,
1533 5125 1593 5189 _et
1615 5115 1820 5189 _sy’nodi
1852 5115 2049 5169 conﬁr-

479 5184 774 5258 mationem
803 5184 1192 5258 prox—uulgatum
1219 5185 1343 5258 fuit.
1382 5184 1627 5258 suppleri
1655 5184 1834 5258 autem
1864 5194 2049 5258 posset

479 5256 582 5310 sic.
605 5256 757 5334 Licet.
775 5253 912 5334 nunc
938 5253 1201 5334 discordia
1226 5255 1288 5308 ob
1311 5253 1638 5335 Jttdicatum,
1672 5254 1821 5338 quod.
1855 5253 2047 5338 consti-

1399 381 1729 440 RATIIERII
1766 381 1980 439 EPlSC.
2023 381 2273 440 VEBON.
2314 380 2463 442 OPP.
2505 385 2702 443 PARS.
2747 387 2785 443 Ι.

3622 389 3726 444 Cll

2356 494 2513 568 49],
2543 495 2606 550 In
2635 498 2915 552 renonibus
2942 504 3293 565 apostolorum
3320 495 3526 567 (1164).

2753 567 2882 636 Cap.
2926 582 3109 620 suis.
3296 585 3300 590 ·

2153 653 2395 727 Omnium
2420 655 2887 711 ecclesiasticarum
2915 657 3238 727 negotiorum
3289 673 3472 712 curam
3512 659 3720 727 episco-

2221 742 2316 848 ρῖιδ
2347 726 2554 866 ﬁatﬁat),
2581 738 2626 779 et
2648 743 2710 782 ea
2740 726 2875 781 velut
2902 725 3012 782 Deo
3036 727 3412 797 contemplante
3435 725 3725 797 dispenset,

2221 811 2249 849 e
2277 811 2325 850 c.
2466 815 2522 849 ι.)
2551 835 2564 849 .

2219 811 2325 850 CIC.
2361 811 2564 850 “100).

2221 888 2276 941 6.
2311 887 2409 941 Eat
2462 887 2624 957 igitur
2651 887 2741 958 qui
2793 886 2938 943 volet
2986 902 3048 943 ac
3085 885 3317 957 indicet,
3362 889 3492 958 quid
3531 890 3726 944 horum

2153 977 2346 1032 melius
2369 976 2558 1037 fuerat,
2585 977 2669 1032 vel
2694 977 2875 1047 pejus;
2897 978 3038 1047 quod
3065 978 3271 1034 scilicet
3297 979 3397 1032 ista
3429 977 3729 1034 formidine

2154 1068 2336 1141 (1166)
2363 1069 2526 1123 Deum
2552 1070 2985 1140 esasperantium
3007 1068 3118 1137 jam
3140 1084 3235 1140 per
3254 1069 3473 1138 triginta
3491 1070 3730 1138 quinque

2152 1161 2264 1216 fere
2292 1175 2460 1215 annos
2505 1159 2658 1229 quasi
2697 1160 2966 1230 patienter
2994 1161 3239 1224 tulerim;
3282 1175 3348 1214 an
3382 1159 3526 1228 quod
3568 1158 3731 1214 modo

2155 1248 2470 1322 (1167),tam
2486 1263 2605 1304 sero
2621 1251 2768 1313 licet,
2784 1249 2900 1304 haec
2911 1259 3099 1305 contra
3116 1249 3238 1305 illos
3255 1248 3727 1320 protulerim,cum

2154 1339 2498 1394 veracissime
2539 1338 2802 1411 Gregorio
2839 1339 3398 1405 docentedidieerim,
3445 1340 3590 1411 quod
3622 1339 3728 1394 ini-

2156 1430 2354 1487 micum
2387 1430 2620 1486 tolerare
2646 1471 2661 1496 ,
2691 1433 2785 1486 sed
2809 1431 3005 1495 odisse,
3036 1449 3141 1488 non
3185 1433 3255 1488 sit
3281 1434 3456 1488 virtus
3500 1432 3730 1496 amoris,

2155 1521 2248 1576 sed
2265 1521 2626 1577 velamentum
2649 1521 2843 1578 furoris
2865 1541 2880 1588 ;
2899 1524 3265 1594 etAugustino
3285 1524 3732 1580 credentissimus

2155 1619 2361 1666 exstem
2385 1611 2581 1666 dicenti
2615 1629 2634 1662 ‹
2680 1612 2804 1682 quia
2838 1623 3053 1668 recusat
3078 1613 3128 1667 in
3157 1612 3356 1668 Christi
3380 1627 3500 1668 esse
3537 1627 3730 1681 corpo-

2159 1715 2238 1764 re,
2266 1701 2358 1772 qui
2384 1701 2566 1756 odium
2583 1702 2772 1757 mundi
2794 1717 2899 1757 non
2927 1703 3041 1757 vult
3063 1703 3331 1759 sustinere
3352 1718 3474 1758 cum
3496 1703 3728 1772 capite.»

2161 1793 2294 1848 Nam
2325 1803 2521 1864 prteter
2545 1794 2649 1851 hoc
2693 1796 2837 1865 quod
2875 1805 3062 1851 contra
3109 1811 3373 1852 canonum
3415 1805 3732 1850 sanctorum

2157 1888 2256 1942 ista
2281 1886 2396 1942 lieri
2421 1887 2878 1958 reprehendebam
2906 1889 3122 1944 decreta
3146 1888 3351 1960 (1168),
3387 1888 3549 1943 etiam
3594 1886 3725 1942 illud

2156 1993 2242 2032 me
2265 1977 2494 2032 maxime
2518 1991 2686 2048 nuper
2714 1979 3026 2044 commovit,
3056 1977 3310 2047 quoniam
3339 1977 3577 2048 quidem,
3604 1993 3728 2031 cum

2153 2071 2218 2126 de
2247 2068 2561 2124 dimittenda
2593 2069 2980 2125 mulierositate
3023 2069 3206 2142 (H69)
3237 2069 3546 2140 Augustalis
3577 2071 3723 2124 into-

2150 2199 2388 2253 eptscopo
2436 2183 2724 2255 (est_opus
2766 2183 2831 2239 de
2871 2181 3178 2252 Contemptu
3216 2183 3498 2255 canonum)
3549 2201 3651 2238 non
3685 2187 3731 2238 vi

2150 2252 2331 2307 tamen
2347 2252 2657 2322 compellens
2686 2270 2772 2308 eos
2819 2255 2893 2324 ad
2930 2271 2990 2308 ea
3052 2255 3332 2324 sequenda,
3380 2252 3488 2307 sed
3525 2257 3732 2308 ratione

2149 2323 2375 2403 suadens
2401 2321 2784 2403 perpendenda.
2817 2323 2942 2378 Haec
2967 2321 3339 2403 versabantur
3381 2324 3528 2403 circa
3579 2333 3730 2394 pote-

2150 2402 2345 2447 statem
2376 2402 2430 2447 et
2453 2393 2858 2462 dispositionem
2888 2394 3190 2448 reddituum
3214 2393 3726 2451 ecclesiastieorutn.

2149 2478 2310 2532 quam
2332 2477 2566 2518 canones
2593 2463 2862 2532 episcopis
2895 2465 3136 2517 tribuunt
3166 2482 3179 2516 :
3208 2479 3271 2517 ex
3301 2478 3408 2532 qua
3434 2463 3730 2518 Ratbcrius

2149 2533 2440 2601 aequiorem
2475 2533 2778 2586 reddituum
2805 2533 3134 2588 cathedralis
3167 2533 3494 2588 Veronensis
3543 2534 3726 2588 eccle-

2149 2604 2244 2657 siae
2296 2601 2722 2672 distributionem
2771 2603 3127 2657 inducendam
3179 2604 3425 2672 putabat,
3495 2617 3564 2657 ne
3617 2601 3733 2658 fere

2148 2673 2330 2744 omnia
2363 2670 2596 2740 majores
2621 2672 2808 2728 clerici
2831 2670 3194 2740 devorarent,'
3223 2681 3278 2729 et
3317 2672 3498 2728 cmteri
3547 2673 3732 2744 inopia

2149 2743 2603 2812 opprimerentur.

2221 2811 2417 2894 (1164)
2457 2812 2556 2867 llic
2580 2813 2784 2894 primus
2807 2823 2890 2869 est
2919 2821 3111 2878 cano‘n,
3142 2828 3300 2884 quem
3333 2812 3730 2894 ltatlierius.at-

2149 2883 2270 2955 tulit
2301 2883 2352 2937 in
2387 2899 2550 2952 opere
2579 2883 2644 2938 de
2673 2883 2980 2955 Contempla
3011 2901 3266 2955 cononum
3298 2892 3440 2954 part.
3471 2898 3508 2955 ι,
3537 2892 3596 2937 ιιι
3615 2883 3732 2938 lau-

2162 2954 2341 3008 datam
2362 2963 2689 3024 potestatem
2717 2953 2984 3024 episcopis
3007 2954 3264 3008 tributam
3293 2953 3629 3024 Ostenderet.

2223 3021 2406 3093 (“65)
2447 3021 2552 3078 Per
2584 3034 2632 3077 et
2657 3021 2852 3078 cwiera
2879 3021 3081 3079 indicat
3104 3035 3328 3078 caeteras
3349 3023 3731 3088 auctoritates,

2153 3109 2272 3160 quae
2296 3093 2382 3165 ltic
2403 3093 2836 3165 supprimuntur,
2863 3110 3091 3165 qumque
3137 3094 3190 3147 in
3222 3103 3520 3148 memorato
3559 3106 3727 3164 opere

2151 3163 2431 3218 thscrintze
2458 3163 2813 3218 invenientur.

2221 3182 2319 3216 δειί
2347 3182 2431 3217 ιιξε
2458 3182 2813 3218 ιιινθῐιιθῐιιυικ

2221 3182 2729 3304 (1166)]ἶιιι1ιειίυε
2764 3233 2969 3289 scilicet
3003 3233 3072 3289 ob
3122 3233 3468 3289 formidinem
3498 3249 3736 3303 exaspe-

2152 3302 2383 3356 rantiuni
2411 3302 2601 3373 Deum,
2643 3304 2936 3359 canonicos
2966 3306 3218 3373 potestati
3267 3305 3503 3373 episcopi
3548 3314 3604 3358 et
3639 3302 3729 3358 m-

2147 3373 2321 3444 quiori
2358 3372 2660 3427 reddituum
2686 3372 3050 3444 distributibni
3075 3372 3436 3444 repugnantes
3457 3372 3729 3444 patienter

2159 3443 2354 3496 tulerat
2385 3457 2482 3512 per
2515 3443 2878 3513 annosl'erme
2929 3445 3146 3512 triginta
3203 3442 3460 3512 quinque.
3503 3442 3730 3513 Episcof

2157 3521 2337 3582 patum
2364 3513 2495 3566 adiit
2518 3527 2659 3567 anno
2686 3512 2790 3568 9'52
2821 3529 3006 3569 mense
3025 3517 3264 3583 Augusto
3303 3512 3561 3567 circiter.
3586 3512 3732 3567 Anni

2159 3585 2319 3651 igitur
2342 3583 2452 3638 lere
2471 3583 2708 3651 quinque
2739 3593 2794 3639 et
2819 3585 3038 3707 triginta
3066 3583 3388 3652 perveniunt
3434 3583 3501 3636 ad
3525 3597 3732 3637 annum

2159 3654 2277 3707 967.
2307 3653 2431 3707 dum
2463 3654 2869 3707 nostsvnodum
2947 3662 3264 3707 avennatem
3323 3654 3592 3707 Veronam
3637 3667 3730 3707 re—

2155 3654 2277 3714 967,
2307 3653 2431 3707 dum
2462 3663 2587 3724 post
2607 3654 2869 3724 synodum
2897 3653 3264 3708 Ravennatem
3323 3654 3592 3707 Veronam
3637 3667 3730 3707 re—

2157 3737 2362 3794 versus,
2403 3737 2524 3794 eum
2557 3723 2750 3794 iisdem?
2777 3724 2989 3794 ionius,
3014 3739 3174 3794 quam
3203 3731 3383 3788 antea,
3408 3737 3570 3794 agere
3607 3735 3728 3778 ca:-

2157 3793 2235 3863 pit
2266 3806 2451 3863 mense
2466 3792 2634 3863 Junio
2671 3793 2755 3863 vel
2780 3793 2938 3847 iulio.

2227 3861 2408 3932 (tl67)
2447 3862 2618 3916 Antea
2647 3862 2898 3917 nimirum
2927 3871 3245 3933 potestatem
3283 3863 3338 3918 in
3366 3861 3611 3917 redditus
3635 3876 3724 3917 ec-

2155 3932 2486 4002 clesiasticos
2512 3933 2763 4002 episc0po
2807 3949 2835 3986 a
2862 3932 3160 3988 canonibus
3191 3947 3506 4002 concessam
3535 3941 3728 3987 auctor

2155 4000 2528 4068 manifestans,
2546 4000 2848 4058 canonicos
2870 4003 2936 4056 ad
2971 4002 3266 4072 aequiorem
3295 4001 3727 4072 distributionem

2158 4088 2264 4128 non
2292 4073 2364 4134 vi,
2398 4074 2490 4126 sed
2526 4074 2733 4128 ratione
2755 4075 3008 4128 inducere
3044 4071 3273 4127 studuit.
3309 4071 3468 4126 Modo
3499 4087 3651 4134 vero,
3675 4071 3729 4125 id

2153 4153 2236 4200 est
2261 4143 2549 4198 novissime
2576 4151 2697 4212 post
2725 4159 2896 4199 annos
2940 4143 3055 4197 fere
3088 4142 3178 4204 55,
3225 4143 3397 4212 ipsum
3448 4141 3731 4212 consilium

2153 4215 2219 4270 ad
2252 4213 2497 4268 etlectum
2527 4211 2922 4282 perducendum
2953 4223 3126 4278 ratus,
3158 4211 3276 4268 illos
3301 4227 3496 4282 urgere
3529 4211 3734 4266 fortius.

2153 4284 2339 4354 cmpit,
2372 4293 2430 4337 ut
2458 4291 2575 4352 post
2599 4298 2765 4352 pauca
2789 4287 3026 4354 exponit.

2224 4351 2414 4426 (“68)
2461 4351 2768 4426 Construe:
2824 4351 2963 4426 Nam
3011 4363 3202 4426 prater
3232 4355 3337 4426 Aboc
3378 4352 3517 4426 quod
3545 4351 3623 4421 (id
3652 4360 3733 4404 est

2153 4422 2497 4494 praeterquam
2540 4423 2702 4494 quod)
2753 4424 3186 4494 reprehendebant
3223 4424 3324 4477 ista
3358 4422 3486 4494 fieri
3549 4432 3730 4494 contra

2155 4491 2362 4549 decreta
2389 4491 2650 4548 canonum
2672 4491 2993 4557 sanctorum,
3017 4503 3124 4548 etc.
3155 4492 3263 4546 Ista
3292 4493 3522 4556 scilicet,
3540 4491 3734 4560 quibus

2157 4564 2402 4620 canonici
2427 4562 2647 4631 mquiori
2673 4562 3036 4618 distributioni
3056 4563 3360 4616 reddituum
3385 4561 3729 4630 Oppoueban-

2155 4645 2264 4700 tur,
2302 4633 2623 4702 etepiseopo
2651 4641 2970 4702 potestatem
3000 4633 3103 4687 hac
3146 4632 3199 4685 in
3256 4646 3315 4686 re
3369 4632 3724 4702 denegabant,

2154 4709 2277 4767 ista,
2330 4700 2571 4772 inquam;
2619 4700 2878 4771 quantum
2931 4703 3350 4772 adversarentur
3403 4700 3722 4762 calIOIlithS,

2153 4776 2325 4829 fusius
2345 4769 2592 4842 probavit
2629 4769 2680 4826 in
2710 4772 2928 4828 laudato
2976 4786 3139 4842 opere
3173 4772 3236 4826 de
3287 4769 3598 4840 Contemptu
3630 4787 3724 4824 :u-

2151 4859 2341 4898 nonum
2366 4851 2505 4898 nart.
2529 4859 2566 4896 Ι.

2223 4858 2505 4983 i'i‘tnéifiii
2529 4859 2832 4983 explicatur
2856 4911 2907 4966 in
2949 4911 3112 4983 epist.
3153 4911 3221 4966 l2
3271 4910 3338 4983 ad
3386 4909 3728 4983 Ambrosium

2153 4980 2300 5036 nunt.
2341 4980 2509 5053 Llubi
2533 4981 2610 5034 ait
2639 4995 2654 5053 _:
2681 4980 2949 5053 celebrata
2974 4980 3238 5035 mediante
3260 4981 3431 5050 Aprili
3458 4987 3570 5053 (an.
3601 4981 3727 5053 967)

2153 5050 2435 5106 universali
2483 5050 2682 5119 synodo
2727 5049 3010 5114 Ravenntc,
3067 5067 3298 5105 reversus
3345 5049 3624 5106 conuocari
3659 5065 3724 5103 es

2154 5121 2391 5175 omnibus
2425 5130 2616 5190 nostra:
2649 5120 2882 5173 dimcesis
2923 5120 3154 5189 plebibus
3197 5120 3520 5190 presbyteros
3547 5131 3593 5173 et
3616 5120 3730 5172 dia-

2157 5207 2340 5254 conos,
2365 5189 2630 5243 relaturus
2661 5205 2724 5242 ea:
2753 5199 3022 5258 praecepto
3079 5189 3410 5244 serenissimi
3446 5191 3730 5258 imperato-

2158 5261 2252 5340 ris,
2277 5277 2392 5330 qua:
2421 5258 2550 5340 inibi
2601 5263 2884 5340 constituta
2923 5269 3065 5337 sunt.
3100 5259 3181 5312 Ad
3230 5258 3506 5339 concilium
3537 5273 3727 5340 omnes.
