4044 5348
340 293 450 351 625

1753 316 2105 378 DISCORDIA
2117 363 2131 379 .

3479 343 3585 407 616

341 412 551 470 nuisset
579 414 861 473 adversiim
912 421 1029 477 illos
1060 424 1325 488 voluntas,
1359 428 1599 483 omnium
1636 445 1774 500 pene
1819 447 1912 487 ex-
1942 439 1987 495 Α
2019 436 2173 491 bonis
2202 452 2317 507 qum
2356 438 2477 509 ipse
2510 444 2927 511 prmsentialiter
2956 446 3126 513 fruor,
3167 456 3220 505 et
3247 462 3302 506 tn
3337 453 3439 510 frui
3472 470 3594 526 post

337 512 556 565 cuSatio
593 514 1017 587 cxstitit(ll70),
1053 536 1156 573 non
1209 537 1364 590 posse
1414 535 1631 594 propter
1682 527 1916 599 inopiam

338 599 448 653 hoc
475 601 585 654 ullo
612 605 769 659 modo
798 604 939 671 ﬁeri,
964 610 1200 677 potuisse
1229 628 1357 667 vero
1402 625 1695 684 utcunque,
1736 618 1778 671 si
1816 620 1913 672 sti-

339 691 602 757 pendium
630 694 867 749 debitum
900 713 965 752 ex
998 700 1156 754 rebus
1179 704 1491 758 habuissent
1515 708 1777 761 ecclesias.
1827 709 1920 764 Vi-

342 793 466 832 sum
496 789 676 836 autem
733 784 863 838 mihi
903 786 1000 841 fuit
1044 803 1139 843 eos
1185 790 1383 847 habere
1432 796 1690 863 potuisse,
1734 798 1778 851 si
1827 808 1919 853 ant

343 872 717 939 unusquisque
743 874 954 929 illorum
982 881 1284 934 mercedem
1308 882 1459 950 juxta
1498 883 1812 953 Apostolum
1863 888 1915 959 (I

342 957 467 1013 Cor.
501 977 580 1027 Ill,
610 962 663 1032 8)
717 964 767 1018 in
807 968 1037 1021 ecclesia
1088 971 1357 1041 propriam
1408 977 1705 1030 secundum
1759 957 1916 1033 suum

340 1048 507 1119 492
536 1051 772 1107 laborem
801 1058 1090 1127 acciperet,
1125 1069 1236 1125 aut,
1270 1063 1344 1115 uti
1374 1063 1425 1117 in
1458 1064 1680 1121 Actibus
1721 1068 1919 1138 legitur

342 1143 740 1208 apostolorum,
794 1146 1163 1204 dividerentur
1205 1152 1416 1208 clericis
1474 1156 1711 1226 delegata
1757 1167 1919 1228 prout

348 1232 548 1301 cuique
574 1250 709 1304 opus
730 1246 877 1292 esset
899 1239 1034 1309 (Act.
1061 1256 1132 1305 tv,
1162 1241 1275 1311 35).
1312 1242 1479 1311 llujus
1504 1247 1579 1300 rei
1608 1248 1780 1317 gratia
1824 1263 1917 1303 vo-

338 1319 415 1373 lui
462 1337 758 1390 agnoscere
789 1330 993 1390 omnia,
1045 1344 1163 1398 qua:
1211 1332 1324 1385 sive
1378 1332 1447 1387 ab
1486 1336 1918 1392 antecessoribus

344 1412 483 1466 meis
519 1429 793 1478 concessa,
823 1417 936 1471 sive
969 1433 998 1471 a
1030 1420 1195 1475 Deum
1224 1421 1538 1478 timentibus
1569 1425 1754 1496 (1171)
1788 1427 1919 1483 viris

347 1513 473 1558 sunt
496 1505 576 1560 eis
600 1506 789 1561 collata
810 1549 825 1573 ,
855 1518 910 1563 et
933 1511 1239 1567 sullicerent
1269 1514 1493 1583 optime,
1522 1517 1565 1570 si
1594 1532 1695 1571 non
1724 1518 1917 1575 vellem

335 1592 549 1647 eisdam
605 1594 712 1657 bis,
753 1609 874 1664 qua:
927 1599 1251 1667 quibusdam
1291 1603 1517 1673 ingratis
1570 1613 1625 1659 et
1684 1606 1919 1663 inimicis

334 1685 675 1740 contuleram
720 1687 908 1754 stulte,
955 1691 1302 1759 providenter
1346 1695 1609 1764 supplere.
1648 1696 1759 1752 [loc
1808 1708 1916 1752 tam

2020 530 2226 581 obitum
2255 545 2431 583 meum
2460 534 2693 587 studeto.
2725 534 2835 591 Hoc
2896 540 3050 605 quasi
3110 543 3183 595 sit
3232 542 3454 599 dicere:
3511 546 3592 603 Me
3630 564 3633 567 λ

2020 618 2130 673 illic
2160 621 2452 675 constituto
2481 622 2567 676 ubi
2600 632 2724 677 sunt
2749 640 2888 693 quos
2918 627 3121 683 imitari
3154 630 3395 697 deccrto,
3424 642 3478 687 ttt
3509 652 3593 691 nze

2018 710 2169 777 sequi
2202 726 2418 776 conare,
2446 722 2499 766 et
2527 714 2577 766 in
2599 714 2786 769 eadem
2814 731 2917 786 qua
2951 720 3117 774 cecidi
3166 722 3407 779 barathri
3439 725 3591 781 fovea

2020 815 2147 865 rue;
2181 810 2237 854 ut
2264 801 2366 856 hoc
2391 803 2459 857 sit
2484 804 2749 860 veraciter
2780 822 2979 862 czecum
3003 823 3146 865 caeco
3170 814 3397 869 cadendi
3428 817 3589 872 duca-

2022 900 2131 946 tum
2152 902 2425 961 praestare.

2091 963 2141 1015 7.
2174 962 2249 1015 Tu
2301 979 2448 1035 ergo.
2498 966 2694 1036 inquis,
2731 970 2859 1038 quid
2911 970 3083 1028 fecisti
3134 975 3197 1029 ad
3246 975 3381 1032 ista?
3432 977 3586 1034 Mon-

2019 1051 2183 1105 stravi
2213 1051 2314 1105 illis
2338 1055 2714 1111 auctoritatem
2745 1062 3093 1128 canonicam;
3122 1064 3191 1117 illi
3213 1065 3374 1137 £93
3403 1081 3589 1123 contra

2017 1144 2462 1199 consuetudinem
2509 1149 2781 1203 usitatam.
2816 1152 2929 1207 Misi
2972 1156 3051 1209 eis
3082 1157 3263 1227 (1174)
3298 1161 3592 1217 vicinorum

2019 1234 2312 1303 quosdam;
2366 1240 2611 1294 mandavi
2660 1243 2739 1297 eis
2789 1244 3085 1313 adjurando
3132 1264 3229 1318 per
3280 1251 3589 1309 ﬁdelitatem

2020 1340 2180 1392 quam
2208 1326 2337 1380 mihi
2380 1343 2484 1383 non
2517 1331 3037 1404 semeljuraverant,
3071 1348 3130 1394 ut
3160 1341 3203 1396 si
3232 1343 3462 1413 aliquam
3492 1362 3592 1401 au-

2020 1418 2313 1473 thenticam
2346 1421 2609 1477 rationem
2660 1424 2784 1481 inde
2819 1428 3109 1497 baberent,
3138 1449 3243 1489 non
3280 1436 3410 1491 mihi
3442 1437 3587 1494 cela-

2019 1519 2173 1576 rent;
2207 1526 2273 1566 ne
2321 1527 2440 1567 cum
2489 1514 2670 1586 (H75)
2718 1517 2769 1572 in
2812 1521 3072 1589 synodum
3111 1524 3416 1581 veniremus
3442 1542 3594 1583 vere-

2019 1602 2266 1656 cundiam
2315 1605 2441 1658 mihi
2507 1605 2776 1671 facerent,
2830 1612 2873 1664 si
2923 1627 3007 1666 me
3065 1612 3319 1682 injustum
3376 1620 3593 1689 exigere

2020 1691 2221 1761 aliquid
2267 1696 2656 1764 probavissent.
2690 1700 2754 1752 Et
2801 1710 2859 1755 ut
2906 1702 2957 1755 in
2990 1702 3201 1758 illorum
3239 1710 3591 1766 sacramentis

340 1776 558 1833 fortiter
596 1792 999 1847 recusaverunt,
1034 1792 1092 1838 ut
1120 1786 1255 1839 mori
1288 1802 1346 1841 se
1393 1796 1553 1841 antea
1598 1789 1753 1844 malle
1788 1806 1913 1860 pro—
1943 1784 1986 1843 Β
2017 1785 2213 1839 nullam
2237 1787 2366 1841 mihi
2415 1799 2780 1846 monstrarent
2830 1792 3031 1849 habere
3082 1798 3318 1865 potuisse
3354 1816 3588 1869 unquam

338 1870 571 1937 ferrent,
601 1889 762 1942 quam
791 1874 895 1929 hoc
948 1874 1148 1931 factum
1200 1879 1463 1933 viderent.
1494 1881 1602 1935 Nec
1658 1882 1907 1938 inaniter.

342 1962 521 2018 Causa
551 1965 730 2037 (117Ξ)
760 1968 903 2021 enim
937 1968 1147 2023 illorum
1178 1985 1323 2036 cum,
1374 1974 1485 2027 Deo
1538 1975 1761 2044 gratias,
1806 1991 1911 2029 non

347 2054 639 2109 mediocris
661 2056 752 2120 sit,
783 2057 851 2109 ita
882 2056 1063 2127 (H75)
1090 2073 1185 2127 per
1208 2062 1547 2115 massaritias
1568 2071 1621 2116 et
1665 2063 1769 2117 alia
1811 2065 1912 2117 bu-

336 2143 578 2211 jusmodi
607 2156 788 2201 exstat
816 2149 1009 2214 divisa,
1040 2158 1097 2203 ut
1126 2152 1342 2220 quidam
1373 2153 1583 2208 illorum
1617 2155 1740 2210 inde
1763 2156 1915 2212 valde

333 2235 627 2300 ditescant,
651 2238 931 2293 multitudo
972 2256 1097 2295 vero
1124 2253 1437 2312 paupertate
1469 2245 1797 2315 languescat,
1827 2257 1902 2312 et,

344 2326 480 2393 proh
524 2326 717 2382 nefas!
774 2331 861 2397 qui
918 2332 1091 2401 majus
1134 2332 1244 2387 Deo
1286 2334 1337 2388 in
1387 2337 1613 2389 ecclesia
1664 2338 1919 2392 exhibent

335 2420 640 2485 servitium,
682 2432 775 2474 aut
827 2422 981 2487 nihil,
1017 2432 1107 2478 aut
1158 2425 1425 2480 modicum
1478 2428 1780 2496 accipiant;
1825 2430 1916 2498 qui

337 2523 477 2576 pene
518 2509 650 2564 nihil
694 2510 761 2565 de
808 2511 1072 2566 famulitio
1126 2529 1358 2583 unquam
1406 2516 1634 2570 actitant
1682 2517 1913 2581 Domini,

338 2598 633 2667 locupletes
657 2600 722 2655 de
748 2602 907 2657 rebus
931 2602 1315 2659 ecclesiasticis
1341 2604 1494 2659 ﬁant.
1522 2606 1678 2672 Quod
1716 2608 1761 2662 si
1794 2609 1917 2677 quis

338 2704 530 2743 eorum
556 2703 743 2745 contra
795 2692 924 2747 talia
968 2704 1197 2749 conatur
1242 2694 1432 2750 saltem
1467 2697 1685 2763 mutire,
1717 2698 1917 2753 dicitur

336 2779 387 2831 ci
416 2797 427 2830 :
462 2776 532 2832 Ut
553 2794 651 2850 ego
681 2790 907 2836 mortem
938 2784 1241 2852 exspectavi
1267 2800 1531 2850 meormn,
1564 2786 1653 2855 qui
1680 2801 1765 2841 me
1781 2803 1917 2857 prae-

336 2881 639 2938 cesserant,
674 2874 1087 2945 magistrorum;
1139 2876 1212 2931 ita
1245 2886 1300 2932 tu
1334 2893 1508 2933 meam
1538 2887 1811 2950 exspecta,
1863 2888 1918 2935 et

409 3051 595 3129 (1170)
622 3120 633 3129 _
659 3052 807 3107 Hanc
847 3057 1256 3129 excusationem
1284 3128 1289 3129 ί
1313 3058 1551 3129 explicat
1598 3068 1916 3117 comtaneus

2013 1873 2285 1941 ﬁduciam,
2313 1878 2582 1947 dixerunt,
2615 1883 2749 1952 proh
2786 1883 2969 1938 nefas!
3003 1900 3061 1941 se
3090 1888 3221 1943 satis
3251 1890 3392 1946 scire
3444 1890 3583 1945 mulo

2014 1967 2084 2022 tis
2117 1970 2281 2024 multa
2310 1969 2546 2039 jurasse,
2579 1990 2703 2044 quae
2735 1976 3037 2032 nullatenus
3063 1979 3303 2035 valerent
3328 1981 3588 2052 implere.-

2014 2059 2329 2127 adjicientes
2362 2063 2583 2117 stultum
2628 2081 2764 2133 esse,
2798 2077 2855 2122 ut
2885 2084 2968 2123 me
3014 2081 3343 2127 conarentur
3370 2074 3587 2129 docere.

2016 2147 2261 2203 Mandavi
2302 2166 2511 2205 rursum
2545 2152 2752 2208 illorum
2784 2157 3123 2225 quibusdam,
3169 2160 3310 2230 quod
3355 2163 3406 2216 in
3435 2171 3586 2218 utro-

2013 2254 2121 2308 que
2149 2240 2542 2310 delinquerent,
2568 2246 2611 2299 si
2639 2254 2733 2299 aut
2761 2261 2846 2301 me
2873 2257 3061 2306 contra
3088 2265 3166 2316 se,
3194 2260 3286 2305 aut
3314 2268 3371 2307 se
3399 2262 3586 2308 contra

2017 2347 2104 2386 me
2158 2333 2527 2403 permitterent
2590 2336 2825 2392 scienter
2888 2340 3231 2396 contendere.
3295 2341 3593 2413 Respondit

2018 2420 2171 2489 cujus
2198 2424 2432 2479 maxime
2465 2424 2747 2492 intererat,
2772 2429 2914 2498 quod
2938 2430 3257 2487 stultissime
3286 2431 3513 2496 faceret,
3544 2437 3591 2489 si

2017 2510 2100 2565 vel
2148 2526 2232 2565 me
2266 2512 2446 2583 (1176)
2495 2522 2606 2568 ιοιο
2655 2516 2851 2572 saeculo
2898 2518 3277 2586 praedicatum,
3306 2521 3389 2576 vel
3422 2523 3592 2592 magi-

2017 2611 2162 2657 stros
2193 2617 2319 2657 suos
2349 2603 2546 2659 docere
2591 2616 2963 2673 praesumeret.
2993 2607 3106 2663 Hoc
3151 2607 3286 2664 nihil
3328 2610 3550 2681 juvante
3571 2654 3586 2677 ,

2018 2700 2241 2747 conatus
2261 2692 2366 2746 alio
2390 2708 2485 2749 eos
2506 2694 2660 2747 modo
2685 2696 2749 2748 ad
2781 2711 2986 2765 pacem,
3014 2713 3120 2751 non
3142 2699 3357 2767 quidem
3379 2702 3585 2766 mundi,

2017 2787 2108 2839 sed
2140 2783 2339 2838 Christi
2370 2786 2711 2855 compellere,
2749 2802 2870 2841 cum
2917 2788 3135 2856 quidam
3165 2789 3375 2845 illorum
3402 2791 3588 2863 (1177)

2018 2875 2082 2931 de
2120 2891 2205 2931 me
2252 2875 2513 2931 baberent
2553 2877 2834 2945 beneﬁcia,
2865 2878 3247 2937 interminatus
3272 2896 3413 2949 sum,
3442 2884 3589 2954 quod

2016 3070 2137 3111 cum
2187 3054 2529 3124 imperatoris
2572 3054 2853 3125 prrcsentia
2899 3052 3175 3124 conjunxit
3214 3071 3362 3109 num.
3390 3055 3458 3120 5,
3490 3073 3587 3111 cus

332 3123 579 3200 scriptor
608 3120 733 3176 Atto
777 3125 1060 3200 episcopus
1086 3120 1439 3200 _Vercelle_us'is
1490 3132 1543 3184 in
1589 3132 1811 3200 epistola
1844 3134 1911 3186 ad
1940 3133 1982 3195 C
2008 3120 2475 3200 jnsque_tneminit
2508 3125 2559 3178 iu
2574 3120 2835 3200 sermone
2856 3120 3407 3200 ge‘octavisPascha;
3436 3142 3584 3180 num.

329 3206 492 3244 suum
517 3191 717 3246 clerum
765 3191 1022 3250 adversus
1050 3197 1277 3252 clericos
1325 3191 1725 3255 incontinentes
1772 3202 1911 3255 scri-

329 3270 445 3341 pta,
472 3271 537 3341 et
554 3262 763 3341 vulgata
814 3266 883 3341 ab
926 3266 1157 3341 Aeherio
1209 3277 1336 3341 tom.
1380 3268 1396 3322 Ι
1438 3270 1732 3339 Spicilegii,
1787 3286 1908 3341 pag.

332 3330 462 3383 4.50.
499 3330 665 3396 Sunt,
689 3334 879 3403 inquit,
907 3337 995 3403 qui
1026 3336 1089 3390 de
1121 3337 1437 3405 feminarum
1478 3330 1825 3393 'contn'berni'o
1853 3330 1907 3395 se

327 3417 588 3454 excusare
616 3414 871 3475 quierunt,
911 3406 1037 3459 dum
1078 3423 1231 3459 suam
1253 3409 1402 3475 quasi
1434 3411 1792 3462 necessitatem
1821 3426 1910 3463 ea:-

328 3481 557 3537 ponunt.
591 3473 749 3545 Aiunt
780 3476 935 3545 enim,
962 3476 1085 3545 quia
1118 3478 1217 3529 nisi
1256 3473 1485 3545 ipsarum
1519 3480 1758 3533 manibus
1796 3495 1911 3533 sus-

330 3550 681 3614 tentarent“;
706 3543 819 3611 jam
844 3543 1002 3614 fonte,
1034 3546 1109 3600 uel
1136 3543 1370 3599 nudiiale
1392 3547 1749 3614 deﬁceremus.

406 3610 592 3683 (1171)
632 3610 851 3667 Lectum
876 3613 1051 3669 fuitin
1076 3616 1260 3669 codice
1290 3610 1907 3683 admodumtimentibus,

330 3681 475 3755 et_in
500 3681 729 3755 vulgatis
764 3684 942 3755 addita
996 3686 1143 3755 intra
1177 3700 1344 3755 uncos
1387 3686 1449 3738 ab
1479 3688 1809 3755 praepositio,
1844 3681 1908 3742 ὀ

333 3750 975 3824 admodumtimentilgus.
1002 3754 1107 3809 Sed
1133 3754 1415 3824 legendum
1441 3750 1675 3809 a'Deum
1726 3750 1908 3811 timen-

329 3820 474 3896 tibus
493 3836 511 3873 :
542 3822 680 3896 unde
704 3831 758 3875 et
781 3822 835 3896 in
862 3821 1114 3877 Judicato
1137 3820 1283 3896 num.
1308 3824 1364 3890 2,
1397 3825 1648 3880 similiter
1692 3827 1906 3896 legitur,

324 3890 474 3957 quod
502 3890 704 3945 abonis
724 3901 771 3945 et
796 3892 963 3947 Deum
990 3894 1289 3947 timentibus
1332 3936 1344 3948 .
1390 3934 1403 3949 .
1451 3934 1463 3948 .
1510 3935 1523 3949 .
1565 3904 1639 3948 est
1668 3890 1907 3950 destina?

331 3972 462 4034 tam.
494 3959 616 4034 Mox
644 3977 740 4031 pro
766 3962 811 4015 si
849 3979 965 4034 non
994 3964 1171 4034 vellem
1204 3978 1374 4019 novus
1431 3964 1705 4034 Spicilegii
1733 3966 1910 4022 editor

328 4028 617 4094 dubitavit,
645 4028 787 4085 'num
844 4032 1125 4103 legendum
1156 4034 1249 4098 sit,
1291 4036 1338 4088 si
1381 4028 1533 4088 modo
1566 4028 1770 4089 vellem.
1800 4035 1910 4092 Nos

330 4108 555 4152 econtra
583 4115 866 4155 censemus
883 4102 1157 4175 vulgatam
1202 4104 1487 4159 lectionem
1533 4106 1735 4175 optime
1781 4120 1909 4160 cou-

327 4183 530 4236 gruere
554 4185 569 4234 ;
600 4185 791 4225 sensus
810 4172 952 4226 enim
972 4182 1075 4236 est,
1116 4188 1429 4229 communes
1453 4172 1781 4230 catliedralis
1818 4190 1908 4230 ec-

328 4238 514 4293 clesiae
541 4240 801 4302 redditus,
825 4242 871 4294 si
903 4251 1046 4297 recte
1074 4242 1544 4305 distribuerentur.
1599 4246 1732 4300 satis
1763 4244 1907 4299 futu-

329 4322 443 4372 ros,
471 4309 1280 4384 etiamsiRatheriusnolletiis
1324 4313 1602 4384 beneﬁciis
1633 4315 1904 4384 supplere,

326 4390 454 4452 qua:
474 4379 572 4452 abs
601 4394 661 4452 se
689 4380 915 4449 ingratis
933 4392 987 4437 et
1009 4382 1240 4437 inimicis
1278 4383 1599 4452 quibusdam
1641 4379 1769 4439 olim
1797 4384 1908 4439 col-

329 4445 461 4515 lata,
496 4450 703 4523 eisdem
730 4445 915 4523 postea
957 4453 1210 4523 detraxit,
1242 4445 1706 4523 ut'pauperiorum
1752 4454 1907 4507 cleri-

328 4533 521 4643 cortltm
551 4520 861 4592 indigentia:
887 4521 1218 4591 prOSpiceret
1241 4539 1254 4576 :
1280 4520 1424 4592 quod
1438 4520 1505 4579 in
1553 4524 1906 4595 sequentibus

330 4604 434 4643 est)
459 4599 588 4643 Icat.

330 4591 588 4643 explicat.

622 4658 1234 4741 Causaﬂhoclocojdem
1260 4672 1341 4717 est
1367 4678 1430 4718 ac
1479 4677 1587 4741 res,
1626 4677 1788 4741 quam
1831 4662 1905 4717 si-

331 4730 745 4854 glnigﬁa‘tggem
790 4731 1025 4801 Cangius
1046 4732 1287 4802 pluribus
1331 4732 1592 4802 exemplis
1628 4730 1912 4788 conﬁrmat

398 4871 579 4955 £22232).
620 4870 832 4955 tenter
854 4886 1016 4953 supra
1042 4881 1159 4955 ιιοιι
1188 4872 1343 4955 “59:
1380 4941 1393 4955 .
1800 4942 1854 4955 ..

400 4939 823 5012 (1174)γίεἱηὶ,
874 4939 964 5010 qui
1013 4940 1248 5008 ejusdem
1292 4941 1431 5009 vici,
1483 4958 1577 5006 seu
1635 4942 1904 5012 parochias

330 5019 475 5073 sunt,
506 5011 647 5065 unde
672 5012 875 5065 vicinia
917 5026 1109 5065 nomen
1149 5013 1407 5067 dimanat.
1436 5011 1820 5067 Eodem’sensu
1850 5014 1903 5066 in

336 5079 665 5156 {lpologetico
696 5096 846 5156 num.
951 5080 1153 5156 _Vicini.
1178 5098 1355 5156 omnes
1387 5084 1682 5156 relinquunt
1712 5098 1793 5135 me
1814 5099 1901 5136 so-

2012 3196 2067 3249 4.
2095 3194 2293 3250 Confer
2330 3210 2489 3264 supra
2519 3204 2631 3249 not.
2668 3194 2823 3247 1162.
2855 3194 3139 3250 Enimvero
3160 3196 3275 3249 hzec
3294 3196 3475 3258 verba,
3528 3214 3589 3249 ne

2012 3282 2130 3320 cum
2160 3267 2212 3318 in
2242 3266 2496 3334 synodum
2529 3266 2837 3328 veniremus,
2864 3266 3227 3319 verecundiam
3272 3266 3397 3317 mihi
3438 3265 3583 3333 face-

2011 3345 2151 3396 rent,
2200 3336 2245 3388 si
2290 3351 2368 3387 me
2401 3335 2656 3404 injustam
2704 3335 2908 3402 ea‘igere
2952 3335 3151 3403 aliquid
3200 3334 3593 3404 probavissent,

2008 3405 2334 3484 conveniunt
2364 3402 2729 3484 vel-maxime
2771 3404 2977 3484 synodo
3025 3402 3441 3484 provincialihin
3470 3419 3585 3484 qua

2009 3490 2133 3530 cum
2177 3472 2484 3553 conﬁrmari
2516 3472 2693 3553 vellet_,
2726 3487 2844 3553 qua:
2889 3472 2941 3525 in
2993 3474 3282 3553 xquiorem
3331 3472 3598 3553 distribun

2012 3546 2211 3599 tionem
2261 3558 2325 3597 ac
2371 3542 2587 3612 inpum
2636 3541 2953 3612 clericorum
2995 3542 3352 3612 provisionem
3384 3543 3585 3612 consli~

2010 3620 2209 3675 tuerat,
2234 3613 2279 3665 si
2318 3612 2444 3681 quid
2465 3610 2748 3679 'injustum
2788 3611 2857 3664 ab
2888 3625 2953 3664 eo
2989 3611 3129 3680 exigi
3161 3611 3402 3681 cantmici
3431 3613 3482 3664 in
3520 3627 3587 3668 eo

2009 3680 2382 3754 episcoporum
2424 3690 2566 3735 ctetu
2603 3681 3009 3754 probavissent,
3042 3696 3147 3734 non
3192 3680 3293 3733 levi
3326 3681 3463 3748 apud
3492 3696 3585 3735 eos

2008 3749 2334 3808 verecundia
2360 3751 2533 3819 ipsum
2562 3749 2888 3805 aﬂ‘ecissent.
2918 3749 2973 3803 ld
2996 3764 3124 3819 ergo
3152 3758 3210 3802 ut
3236 3761 3581 3818 praecaveret,

2008 3824 2053 3901 si
2101 3837 2221 3901 quae
2254 3822 2517 3901 haberent
2537 3820 2865 3901 documenta
2914 3829 3009 3901 aut
3050 3819 3364 3901 privilegia,
3391 3821 3587 3901 quibus

2010 3888 2239 3947 facultas
2285 3890 2599 3945 inducenda:
2625 3890 2879 3958 sequioris
2908 3888 3586 3959 distributionisiepiscopo

2010 3962 2441 4041 interdiceretur,
2483 3976 2549 4015 ne
2595 3960 2697 4041 sibi
2736 3958 2998 4023 celarent,
3043 3960 3264 4039 rogavit.
3314 3958 3589 4041 llichergo

2009 4048 2131 4088 cum
2177 4029 2452 4085 canonicis
2482 4036 2761 4095 tractatus,
2805 4042 2912 4098 quo
2952 4029 3242 4097 aequiorem
3283 4030 3583 4083 reddituum

2008 4100 2443 4157 distributionem
2492 4099 2745 4154 inducere
2773 4098 3001 4161 studuit,
3031 4106 3156 4167 post
3199 4098 3582 4164 dimcesanam,

2008 4183 2062 4227 et
2090 4181 2212 4226 ante
2236 4170 2620 4240 provincialem
2656 4169 2917 4240 synodum
2947 4168 3159 4240 habitus
3183 4178 3286 4240 est.

1998 4274 2001 4275 ν
2081 4237 2262 4311 (1176)
2291 4239 2431 4311 llinc
2476 4237 2644 4311 liquet
2685 4237 2974 4311 celebritas
3020 4237 3301 4311 Ratherii,
3338 4238 3428 4307 qui
3477 4249 3582 4292 toto

2006 4307 2223 4374 swculo,
2244 4307 2307 4364 id
2338 4316 2422 4377 est
2446 4307 2663 4377 ubique,
2696 4307 3040 4363 doctissimus
3063 4317 3118 4362 et
3153 4307 3423 4362 litteratus
3449 4324 3584 4377 pra:-

2008 4382 2309 4437 dicabatur.
2347 4376 2906 4433 Confer’Phrenesim
2952 4393 3099 4431 num.
3142 4378 3227 4431 11.
3260 4376 3583 4432 νυοθςηια-

2010 4453 2223 4522 gistros_
2252 4464 2375 4505 suos
2425 4447 2665 4522 indicant
2723 4455 3071 4522 antecessores
3099 4462 3293 4522 _suos,
3355 4461 3583 4522 quorum

2011 4514 2379 4590 Exemplaggac
2409 4517 2752 4590 traditionem
2790 4514 3022 4590 majores
3067 4515 3248 4590 clerici
3285 4517 3582 4590 sequeban-

2013 4603 2102 4646 tur
2132 4606 2147 4643 :
2175 4586 2246 4643 de
2273 4587 2379 4665 illis
2414 4588 2556 4641 enim
2587 4601 2725 4640 unus
2767 4600 2831 4640 ex
2880 4586 2965 4640 his
3012 4586 3331 4665 prmi-edenti
3362 4599 3581 4665 uulnere

2013 4662 2225 4717 dixerat
2252 4676 2263 4710 :
2299 4656 2365 4711 Ut
2393 4673 2484 4726 ego
2510 4665 2726 4710 mortem
2753 4657 3041 4725 exspectavi
3087 4670 3319 4710 meorum
3337 4693 3353 4719 ,
3387 4656 3477 4723 qui
3505 4670 3580 4707 mc

2011 4734 2405 4802 prq‘cesserqnt,
2436 4740 2836 4802 IA_G|STB(_)BUI.

2085 4797 2269 4875 (1177)
2297 4796 2458 4875 Forte
2504 4796 2783 4875 legendum
2837 4794 2900 4849 de
2947 4801 3465 4875 meoautnumer‘o
3499 4806 3579 4847 se.

2015 4862 2200 4938 quenti
2234 4862 2444 4938 tradit;
2475 4866 2519 4919 si
2547 4862 2685 4938 quod
2717 4865 2782 4918 de
2824 4880 2938 4918 meo
2968 4863 3258 4938 habebant,
3284 4862 3461 4938 qb__cis
3491 4877 3578 4938 eu-

2016 4929 2228 5009 ferrem.
2268 4936 2325 4989 In
2356 4929 2640 5009 Itinera'rio
2690 4943 2869 5009 autem
2901 4948 3050 5009 num.
3073 4932 3107 4984 4
3134 4932 3263 5009 φρει
3309 4929 3398 5009 illi.
3420 4931 3580 4986 habe-
3654 4967 3683 4973 .-

2010 4998 2132 5065 rent
2182 5009 2248 5062 de
2294 5020 2425 5078 suo,
2472 5004 2810 5078 bis‘verbis
2845 5003 3133 5078 explicat:
3182 4998 3312 5054 Cum
3364 5002 3429 5056 de
3475 5015 3581 5078 mea

2006 5074 2377 5154 pauper-tetulit
2402 5090 2521 5154 .non
2550 5073 2649 5154 sim
2694 5072 2844 5154 vobis
2867 5072 2997 5154 adeo
3024 5071 3341 5154 inhumanus
3361 5111 3377 5135 ,
3406 5081 3462 5125 ut
3495 5071 3582 5121 mi-
