4044 5348
460 329 567 390 0!?

1404 328 2283 396 ΒΑΤΗΕΒΙῙἘΡῙΒΟῘῩΕΠΟΝ.
2327 336 2476 394 ΟΡΡ.
2516 338 2697 397 PARS
2733 329 2789 397 1)

3608 342 3710 401 628

460 440 508 499 si
538 440 671 499 mihi
700 441 1088 502 interdicerent
1123 445 1266 517 quod
1312 446 1444 504 mihi
1488 459 1840 521 competeret,
1871 448 2035 522 494.
2062 452 2109 511 Α
2138 448 2353 519 (Matth.
2385 466 2440 519 ν,
2464 452 2579 525 25),
2608 464 2737 509 etc.:
2766 450 2878 509 laesi
2909 466 3066 520 vero,
3092 455 3320 512 dicentis
3351 476 3363 511 :
3396 454 3530 512 Cum
3559 461 3711 515 statis

462 549 565 608 ego
592 536 737 607 quod
766 535 869 593 illis
892 553 1289 605 concesseram;
1322 539 1587 597 tollerem.
1621 542 2036 614 Responderunt

458 628 518 681 in
551 636 759 683 tantum
792 643 852 685 se
878 645 985 685 non
1015 646 1240 698 curare,
1270 640 1329 686 ut
1370 632 1415 687 si
1450 633 1591 703 quod
1632 634 1789 689 alicui
1823 632 2034 690 illorum

463 722 583 777 dedi
615 721 906 789 auferrem,
943 740 1051 779 non
1085 725 1217 780 mihi
1247 724 1369 780 inde
1406 726 1583 780 minus
1608 726 1791 781 ﬁdeles
1819 735 2033 793 essent;

463 818 673 868 tantum
703 815 768 870 de
797 814 914 871 istis
945 816 1125 891 (1178)
1172 817 1291 873 illos
1323 818 1629 874 nullatenus
1657 820 2033 890 inquietarem.

463 903 532 958 Et
560 906 907 969 veracissime
936 923 951 962 :
985 924 1259 980 nunquam
1298 911 1441 965 enim
1472 912 1601 966 mibi
1631 925 1728 983 pro
1758 912 1881 967 dato
1909 911 2038 967 ﬁde-

462 995 565 1062 les,
596 1011 866 1067 nunquam
895 1013 991 1069 pro
1026 998 1206 1055 ablato
1244 1000 1591 1068 inﬁdeliores,
1634 1001 1760 1071 quia
1791 1016 1896 1056 non
1938 1015 2037 1071 po—

463 1097 717 1156 tuerunt,
760 1089 998 1146 fuerunt.
1028 1092 1386 1149 lnﬁdelissimi
1431 1110 1557 1149 nam
1598 1094 1731 1149 mibi
1779 1095 2032 1162 existere,

464 1180 611 1237 nullo
640 1197 876 1253 unquam
910 1192 1149 1254 tempore
1180 1185 1392 1255 (parcat
1422 1186 1525 1242 illis
1551 1185 1827 1256 Dominus)
1854 1201 2039 1241 cessa-

461 1281 675 1326 verunt.
705 1271 810 1329 Sed
840 1276 1043 1345 quare?
1070 1276 1358 1347 Apostolus
1386 1279 1552 1333 dicat.
1582 1277 1665 1333 Me
1698 1279 1895 1334 etenim
1936 1279 2040 1334 hoc

464 1365 629 1419 toties
680 1365 940 1436 replicare
984 1368 1247 1433 nimium,
1299 1368 1490 1435 fateor,
1533 1372 1692 1427 undet
1724 1389 1737 1425 :
1771 1369 1913 1437 Erit,
1939 1372 2036 1438 ait,

464 1464 665 1525 tempus
696 1470 814 1510 cum
864 1475 1051 1512 sanam
1097 1460 1375 1515 doctrinan
1421 1479 1524 1517 non
1562 1464 1886 1518 sustinebunt
1901 1480 1919 1529 ;
1949 1463 2040 1518 sed

464 1544 534 1598 ad
574 1563 672 1601 sua
716 1546 979 1602 desideria
1024 1551 1399 1605 coacervabunt
1450 1554 1548 1608 sibi
1591 1558 1868 1625 magistros
1911 1571 2041 1625 pru-

464 1638 654 1695 rientes
685 1643 943 1707 auribus;
966 1653 1015 1696 et
1049 1661 1080 1697 a
1112 1645 1326 1699 veritate
1368 1647 1577 1716 quidem
1614 1649 1856 1702 auditum
1895 1665 2042 1704 aver-

464 1738 592 1793 tent,
623 1729 691 1783 ad
717 1730 927 1799 fabulas
968 1742 1140 1787 autem
1183 1745 1544 1791 convertentur
1572 1736 1659 1810 (II
1692 1737 1826 1792 Tim.
1861 1755 1934 1803 tv,
1962 1739 2038 1810 5).

2136 539 2206 594 ad
2232 542 2513 608 orandum,
2536 544 2783 599 dimittite
2807 546 2852 599 si
2871 546 2997 616 quid
3012 534 3208 601 habetis
3224 549 3470 602 adversus
3484 549 3712 619 aliquem

2138 633 2330 705 (Marc.
2369 651 2447 700 χι,
2478 636 2570 707 25)
2605 654 2617 690 :
2647 636 2790 707 quod
2833 647 2889 693 et
2931 635 3111 693 facere
3155 640 3559 709 paratissimum
3602 657 3711 703 me,

2137 725 2183 777 si
2232 725 2431 796 dignati
2474 726 2701 782 fuissent
2751 729 2927 796 rogari
2962 727 3054 801 [f.,
3084 729 3319 807 rogare],
3366 745 3473 785 non
3506 730 3714 785 cessavi

2138 815 2217 871 cis
2263 817 2606 886 promittere,
2656 825 2866 873 tantum
2920 819 2972 873 in
3010 834 3136 875 vera
3187 835 3318 890 pace
3367 820 3471 876 hoc
3516 820 3718 876 vellens

2137 906 2367 963 eﬁicere.
2402 909 2553 978 Quod
2590 918 2766 967 tamen
2795 912 2973 982 potius
3003 927 3191 967 eorum
3228 914 3281 968 in
3313 922 3519 968 tantum
3552 928 3717 983 auge-

2139 999 2231 1054 bat
2257 1001 2584 1069 superbiam,
2623 1010 2679 1057 et
2721 1002 3052 1058 accendebat
3085 1019 3257 1074 usque
3286 1005 3352 1060 ad
3378 1003 3718 1073 criminatio-

2140 1106 2265 1145 nem
2297 1107 2511 1162 quoquc
2537 1094 2641 1148 mei
2673 1095 2960 1161 malitiam,
2990 1104 3051 1150 ut
3076 1095 3231 1167 pejus
3258 1097 3420 1151 etiam
3451 1095 3583 1161 mibi
3615 1093 3716 1165 ipsi

2140 1181 2207 1237 de
2251 1198 2336 1237 me
2376 1184 2762 1254 compellerent
2792 1186 3047 1251 credere,
3092 1203 3252 1257 quam
3302 1187 3407 1242 lioc
3452 1185 3525 1241 sit
3571 1185 3716 1254 quod

2144 1273 2261 1340 tibi,
2290 1274 2332 1343 (l
2354 1273 2470 1340 I82)
2518 1274 2768 1330 Ambrosi
2815 1276 3167 1351 cliarissime,
3192 1278 3449 1348 scriptum
3481 1275 3717 1345 relique:-

2141 1379 2258 1419 ram
2290 1365 2618 1435 nuperrime,
2651 1365 2845 1421 nedum
2871 1366 2989 1423 aliis
3026 1367 3343 1440 permittant
3368 1368 3437 1424 de
3461 1382 3549 1422 me
3590 1366 3719 1423 boni

2142 1455 2342 1526 aliquid
2371 1456 2659 1511 aestimare.

2213 1546 2267 1602 8.
2298 1546 2431 1613 Quia
2462 1562 2588 1602 vero
2635 1546 2824 1617 perﬁdi
2860 1562 3074 1620 semper
3106 1548 3174 1603 de
3215 1546 3479 1604 beneﬁcio
3504 1546 3721 1618 pejores

2144 1639 2300 1704 ﬁunt,
2328 1647 2382 1695 et
2406 1640 2499 1709 qui
2544 1638 2746 1710 aliquid
2785 1640 2866 1695 eis
2893 1640 3139 1706 confert,
3166 1641 3239 1695 nil
3280 1640 3422 1695 aliud
3454 1641 3587 1710 agit,
3616 1639 3721 1693 nisi

2146 1737 2333 1783 contra
2376 1742 2434 1782 se
2475 1729 2745 1798 pugnandi
2778 1729 2918 1785 vires
2962 1730 3067 1785 illis
3094 1730 3386 1795 ministrat,
3421 1739 3477 1786 et
3507 1739 3567 1784 ut
3602 1746 3723 1799 pcr-

465 1818 538 1875 Ut
569 1820 905 1892 illcgalitates
940 1823 1122 1896 (me)
1166 1826 1539 1896 apertissimas
1579 1801 1787 1898 fabulas
1836 1801 2041 1885 nuncu-
2069 1801 2117 1862 Β
2146 1817 2268 1872 ﬁdia
2327 1826 2672 1889 propagetur.
2702 1817 2944 1885 laborat;
2999 1821 3139 1889 quod
3175 1835 3336 1876 causa
3390 1820 3720 1890 protulerat"

463 1926 623 1982 posse
646 1912 794 1967 illum
826 1914 1094 1987 intelligas
1124 1934 1139 1970 :
1169 1932 1255 1973 res
1274 1918 1419 1973 enim
1452 1917 1574 1973 ﬁcta
1605 1918 1821 1990 preprie
1846 1918 2043 1974 dicitur

465 2002 664 2057 fabula.
693 2003 796 2059 Per
825 2020 1014 2061 omnes
1055 2021 1184 2062 sane
1228 2022 1506 2064 sermones
1536 2008 1741 2081 (1180).
1776 2023 1910 2079 quos
1943 2023 2041 2079 po-

465 2091 593 2164 pqu
620 2095 717 2149 ista
747 2095 1168 2168 Quadragesima
1210 2097 1337 2166 feci,
1367 2114 1585 2155 monere
1615 2115 1825 2155 mecum
1853 2115 2043 2155 omnes

464 2198 575 2237 non
619 2185 821 2252 destiti,
862 2174 923 2240 ut
960 2186 1144 2244 redire
1190 2202 1295 2243 non
1330 2187 1669 2245 diﬁ‘erremus
1717 2190 1783 2244 ad
1828 2206 2038 2261 pacem,

464 2265 561 2332 sed
589 2293 772 2348 quam,
802 2282 937 2351 proh
960 2282 1142 2339 dolor!
1168 2300 1442 2356 nunquam
1494 2286 1785 2352 tenuimus,
1806 2286 2040 2343 Christi:

464 2368 557 2436 qui
582 2369 790 2440 aliquos
820 2371 1001 2445 (1181)
1045 2375 1229 2446 utique
1254 2376 1529 2442 laeserunt,
1557 2386 1886 2448 prmceptum
1913 2377 2044 2431 illud

467 2457 685 2516 Domini
725 2464 1093 2526 recordantes.
1117 2465 1281 2539 5.95
1311 2468 1455 2537 quod
1496 2483 1593 2540 ego
1634 2477 1855 2537 paratus
1884 2483 2047 2539 agere

467 2552 791 2609 omnimodis
837 2554 922 2610 sui
973 2572 986 2609 :
1032 2555 1093 2613 Si
1136 2558 1292 2628 o/Ters
1336 2575 1525 2614 munus
1572 2567 1721 2615 tuum
1766 2558 1835 2614 ad
1880 2558 2047 2615 altare

474 2806 675 2882 disset;
708 2811 988 2882 eaoprocul
1014 2812 1177 2869 dubio
1205 2828 1309 2869 non
1343 2815 1614 2871 omisisset
1645 2818 1698 2872 in
1739 2815 2047 2882 Itinerario,

472 2878 528 2933 in
557 2893 664 2948 quo
690 2878 884 2934 collata
912 2882 1117 2937 eisdem
1165 2884 1424 2940 beneﬁcia
1471 2897 1721 2942 accurate
1768 2878 2051 2944 recensere

472 2957 528 3026 et
570 2963 840 3026 opponere
887 2952 1121 3026 maxime
1167 2953 1446 3026 intererat.
1494 2955 1687 3012 Notum
1737 2972 1899 3026 porro
1934 2969 2047 3024 eet,

471 3018 908 3091 beneﬁcia,_oqu:e
953 3022 1007 3077 in
1055 3040 1151 3079 sua
1206 3025 1541 3081 institutione
1589 3018 1751 3085 erant
1790 3018 2049 3083 ecclesia;

474 3090 648 3164 stica,
695 3089 1009 3164 militarium
1056 3094 1439 3151 beneﬁciorum
1485 3104 1735 3152 naturam
1784 3098 2046 3164 induisse,

476 3174 598 3214 cum
636 3146 688 3212 in
726 3146 1039 3218 militarium
1056 3146 2049 3223 "sescunciam"fziﬁbn'€m"}i}:"i3;1
2076 3146 2121 3212 (ἶ

478 3228 813 3306 mam_al_ioui
841 3231 912 3306 ad
936 3243 1099 3306 Vitam
1124 3237 1576 3306 concedebantur,
1604 3240 1671 3292 de
1696 3253 1802 3306 qua
1842 3254 1899 3293 re
1929 3240 2051 3295 vide

478 3300 644 3376 angui
654 3298 759 3376 0§6
777 3301 827 3354 in
844 3299 1202 3376 Itinerarium.
1221 3304 1311 3376 Sic
1332 3322 1421 3362 ex.
1435 3323 1518 3376 gr.
1543 3298 1786 3363 redditus
1813 3309 2054 3366 ecclesiae

477 3367 779 3445 S.__Yi_talis,
804 3371 897 3445 qui
917 3387 1051 3445 sane
1075 3383 1232 3429 erant
1255 3367 1575 3432 beneﬁcium
1598 3378 2049 3445 ecclesiasticum,

472 3438 735 3511 militibus
782 3441 1008 3511 subinde
1059 3445 1318 3511 assignati
1358 3447 1410 3502 in
1457 3448 1691 3503 militare
1732 3438 2051 3505 beneficium

477 3509 830 3565 transierunt.
862 3510 996 3568 Vide
1030 3509 1341 3570 Invectivam
1372 3517 1436 3570 de
1470 3517 1816 3573 translatione
1846 3519 1907 3575 S.
1943 3520 2055 3574 Me-

474 3580 641 3652 tronis
669 3596 816 3652 num.
847 3580 901 3652 5,
923 3584 1186 3639 etibidem
1213 3595 1325 3641 not.
1348 3586 1470 3640 6H.
1499 3585 1695 3652 Quidni
1721 3604 1842 3644 cum
1866 3590 2053 3644 eadem

476 3649 733 3730 beneﬁcia
761 3650 1024 3716 ecclesiis,
1057 3662 1149 3730 aut
1175 3649 1665 3730 certo‘clericorum
1688 3660 1860 3730 coetui
1890 3660 2058 3730 applio

478 3729 764 3784 earentur,
811 3731 1046 3778 veterem
1096 3726 1341 3782 beneﬁcii
1400 3727 1755 3784 ecclesiastici
1807 3726 2057 3784 naturam

477 3791 821 3869 repeterent?
845 3791 923 3846 Ita
955 3796 1424 3869 ‘ergomftatherius
1468 3812 1563 3854 eos
1604 3797 1688 3852 sui
1716 3799 2060 3869 episcopatus

479 3860 908 3941 reildittts,_quos
953 3862 1006 3918 in
1021 3860 1352 3941 jnilitarium
1399 3860 1801 3941 beneﬁciorum
1827 3860 2059 3923 formam

482 3927 666 4007 decem
697 3927 813 4007 illis
842 3934 1119 4007 canonicis
1154 3947 1498 3993 concesserat
1517 3978 1533 4003 ,
1566 3938 1623 3992 in
1649 3939 2063 4007 pristinamna-

483 4005 659 4052 turam
687 4001 943 4074 restituit,
974 4019 1095 4059 cum
1117 4020 1212 4061 eos
1241 4021 1270 4060 a
1297 4001 1574 4063 canonicis
1597 4001 1827 4074 ablatos,
1855 4010 2063 4064 duabus

482 4069 800 4190 memoratis
824 4072 1072 4190 'elcclesiis
1099 4083 1155 4131 et
1187 4074 1510 4132 clericorum
1547 4069 1925 4148 pauperiorum
1951 4078 2064 4135 col-

539 4152 622 4190 aio
658 4153 687 4190 a
730 4156 836 4190 tm
867 4178 882 4190 .

504 4139 622 4206 ‘egio
658 4139 882 4194 addixit.

558 4207 737 4277 (H78)
769 4208 846 4263 De
881 4210 1016 4274 istis,
1057 4212 1108 4268 id
1137 4223 1219 4270 est
1258 4216 1327 4271 de
1363 4213 1519 4271 bonis
1547 4224 1602 4270 et
1634 4217 1933 4272 redditibus
1975 4233 2065 4273 ca-

488 4275 1040 4358 tliedralisheeclesite,
1071 4285 1265 4358 quibus
1289 4286 1534 4358 canonici
1562 4286 1896 4342 fruebantur.
1929 4289 2063 4342 Dum

487 4345 695 4426 scilicet
739 4347 1028 4406 Ratberius
1069 4345 1259 4409 borum
1288 4355 1591 4426 reddituum
1637 4358 1846 4426 aequius
1885 4358 2069 4412 distri-

486 4414 824 4496 buendorum
845 4435 1059 4477 omnem
1082 4425 1462 4496 cogitationem
1492 4414 1806 4496 deponeret,
1833 4429 2065 4483 eisdem-

2144 1908 2576 1964 comminationis
2618 1908 2822 1982 (1185),
2875 1910 2928 1964 in
2955 1909 3203 1965 cﬁ'ectum
3234 1921 3443 1966 vertere
3472 1928 3578 1966 non
3610 1912 3721 1965 dis—

2147 2002 2238 2058 tuli
2287 2002 2552 2066 actionis,
2583 2010 2637 2057 et
2681 2013 2952 2073 praecepto
2990 2020 3120 2058 usus
3148 2004 3377 2060 dicentis
3407 2022 3419 2056 :
3449 2004 3533 2058 Da
3564 2006 3719 2066 bona.

2143 2105 2191 2148 et
2243 2111 2305 2148 ne
2347 2095 2633 2163 susceperis
2688 2104 3010 2165 peccatorem
3062 2095 3255 2165 (Eccli.
3308 2112 3423 2159 xu,
3475 2095 3569 2165 5);
3620 2094 3724 2149 illis

2145 2184 2321 2239 ablata
2352 2184 2507 2239 bonis
2551 2184 2777 2250 duobus,
2809 2183 2861 2239 id
2887 2193 2990 2249 est,
3022 2186 3191 2241 beatae
3217 2184 3476 2241 Genizrici
3505 2186 3521 2251 t’
3539 2172 3720 2253 “85).

2145 2284 2444 2345 sanctoque
2466 2274 2744 2345 Stephano
2765 2277 3149 2348 protomartyri
3177 2275 3398 2339 contuli,
3430 2274 3515 2331 vel
3546 2276 3723 2345 potius

2146 2368 2385 2434 reddidi;
2441 2367 2645 2423 faciens
2706 2368 2772 2423 de
2823 2367 3141 2437 quibusdam
3196 2367 3413 2438 insuper
3459 2366 3723 2436 scriptum

2146 2458 2437 2530 quoddam,
2464 2458 2605 2528 quod
2634 2443 2917 2512 nominant
2940 2457 3245 2511 Iudicatum
3290 2456 3501 2529 (1185),
3542 2456 3596 2512 id
3636 2464 3721 2510 est

2147 2551 2457 2616 decretum,
2516 2549 2928 2620 pauperior-ibus
2975 2548 3189 2604 clericis
3244 2548 3496 2621 (quorum
3560 2562 3725 2613 causa

2221 2816 2401 2888 (H82)
2443 2815 2763 2887 lntelligitnr
2809 2816 3125 2888 Ambrosius
3155 2813 3365 2888 Ottonis
3392 2812 3726 2888 [cancella—

2151 2884 2281 2953 riu's,
2310 2884 2564 2957 adquem
2594 2884 2781 2955 postea
2808 2887 2953 2957 dedit
2981 2884 3260 2957 epistolam
3295 2885 3376 2957 12.
3416 2884 3513 2939 Hic
3545 2885 3729 2957 signa:

2150 2968 2305 3013 verat
2349 2953 2629 3025 imperiale
2673 2953 3029 3027 privilegium
3048 2956 3305 3027 Ratherio
3342 2956 3528 3027 datum
3577 2953 3665 3007 die
3692 2953 3729 3006 ὅ

2150 3024 2469 3084 Novembris
2497 3029 2622 3082 anni
2670 3024 3023 3096 prmceitentis
3051 3027 3174 3081 967.
3224 3024 3335 3096 llac
3381 3024 3523 3078 forte
3570 3039 3730 3076 occa-

2153 3101 2304 3155 sione
2333 3098 2473 3152 idem
2502 3095 2789 3152 Ratherius
2820 3096 2918 3164 ipsi
2948 3098 3201 3166 scriptum
3227 3095 3505 3166 reliquerat
3534 3110 3727 3162 tmper-

2155 3171 2311 3244 rime,
2334 3168 2387 3244 id
2412 3176 2505 3244 est_
2525 3166 2808 3244 Qualitatis
2843 3166 3198 3244 conjecturam
3218 3206 3231 3228 ,
3260 3165 3312 3217 in
3332 3180 3442 3244 qua
3469 3179 3731 3217 censuras

2155 3251 2210 3295 et
2237 3238 2643 3295 criminationes
2666 3236 2770 3291 sibi
2808 3251 2839 3289 a
2866 3235 3267 3289 cavillatoribus
3294 3235 3537 3301 obiectas
3564 3249 3730 3301 expe-

2156 3311 2284 3366 suit.
2331 3307 2484 3363 Nunc
2527 3317 2707 3361 autem
2755 3306 2965 3376 pejores
3008 3305 3415 3360 criminationes
3456 3306 3732 3376 oppositas

2158 3380 2378 3443 iudicat,
2408 3379 2475 3454 de
2518 3377 2714 3454 quibus
2818 3372 3150 3454 Hpologetico
3186 3390 3332 3454 num:
3365 3376 3419 3454 'i,
3451 3372 3731 3454 ai’t’_:“l_’.ost

2157 3460 2327 3514 tanta,
2360 3447 2509 3512 talia,
2534 3444 2642 3500 tam
2672 3446 2830 3513 (teda,
2863 3444 2971 3500 tam
2992 3444 3199 3512 turpia,
3235 3446 3343 3498 tam
3377 3444 3729 3514 incredibilia,

2157 3531 2202 3574 et
2233 3520 2333 3588 ipsi
2362 3520 2521 3573 etiam
2546 3518 2689 3588 attuli
2715 3517 3213 3588 Vmetzncontraria,
3240 3524 3345 3569 etc.
3394 3513 3532 3567 Hinc
3573 3527 3733 3588 porro

2158 3583 2328 3659 liquet.
2374 3603 2610 3659 praesens
2657 3586 2947 3659 Discordia;
2995 3584 3310 3659 opuscu_|um
3366 3588 3435 3659 ad
3484 3583 3733 3636 eumdem

2157 3653 2502 3714 Ambrosium
2550 3658 2814 3711 directum
2867 3653 3066 3720 fuisse;
3098 3663 3154 3709 et
3193 3654 3294 3708 hac
3335 3655 3522 3709 eadem
3572 3667 3728 3707 occa-

2160 3730 2312 3783 sione
2340 3729 2407 3781 ad
2436 3728 2609 3795 ipsum
2632 3725 2853 3780 lorsitan
2881 3726 3025 3780 misit
3045 3726 3210 3780 etiam
3235 3722 3567 3795 Judicatnm.
3595 3722 3736 3795 quod

2162 3793 2697 3873 discordiae—causam
2729 3795 2894 3873 fuisse
2935 3806 3057 3873 post
3084 3808 3252 3866 pauca
3282 3794 3533 3873 allii-mat,
3563 3793 3737 3873 quod»

2162 3884 2268 3937 que
2295 3867 2490 3937 chartre
2513 3866 2728 3937 nomine
2758 3866 2825 3919 ad
2863 3864 3110 3937 eumdem
3151 3880 3209 3919 se
3238 3864 3451 3919 misisse
3489 3865 3655 3916 tradit
3685 3864 3737 3914 in

2164 3933 2378 3993 laudata
2406 3936 2570 4004 epist.
2603 3934 2691 3997 12,
2721 3949 2867 3987 num.
2893 3933 2949 3988 Δ.

2235 4006 2417 4087 (MSS)
2444 4002 2621 4087 Antea
2667 4004 2904 4058 minatus
2945 4003 3152 4087 fittifal.‘
3180 4018 3237 4058 se
3278 4002 3572 4087 beneﬁcia,
3621 4015 3738 4071 quae

2163 4073 2436 4136 canonicis
2464 4075 2528 4129 de
2557 4090 2654 4130 suo
2683 4084 3056 4139 concesserat,
3088 4073 3482 4139 adempturum.

2237 4146 2419 4218 (1184)
2451 4144 2626 4218 Beata:
2650 4142 2929 4218 Genitrici,
2950 4145 3002 4218 id
3031 4153 3116 4199 est
3151 4139 3393 4218 ecclesia:
3418 4139 3737 4218 cathedra“,

2166 4213 2287 4289 qua:
2334 4213 2539 4289 sanctae
2582 4216 2704 4289 Dei_
2728 4214 3041 4289 Genitriciso
3073 4213 3289 4269 nomine
3337 4213 3738 4289 dedic_ata_est,

2166 4280 2392 4344 ecclesia
2444 4295 2623 4340 autem
2671 4283 2730 4337 S.
2785 4284 3043 4354 Stephani
3107 4282 3524 4353 protomartyris
3572 4280 3740 4333 altera

2167 4367 2252 4430 est
2287 4364 2414 4430 post.
2458 4354 2818 4430 cathedralcm
2857 4354 3147 4430 praecipua.
3178 4354 3235 4430 l_n
3265 4355 3457 4407 barum
3491 4364 3742 4430 vet-occ-

2169 4425 2456 4483 clesiarum
2489 4427 2603 4480 sive
2645 4426 3127 4487 restaurationem,
3159 4425 3273 4477 sive
3312 4430 3562 4476 ornatum
3598 4425 3744 4487 ejusv

490 4499 598 4562 ςμθ
632 4489 922 4562 canonicos
953 4489 1175 4559 paciﬁce
1227 4494 1330 4550 frui
1376 4489 1607 4561 sinerei;
1654 4489 1914 4553 beneﬁcia
1963 4498 2063 4553 sibi
2096 4493 2143 4552 Ι)
2170 4498 2310 4553 modi
2359 4498 2498 4550 bona
2533 4496 2726 4550 collata
2753 4496 3030 4557 videntur;
3066 4494 3224 4549 sicuti
3266 4491 3555 4562 quamdam
3602 4490 3743 4562 mul—

487 4557 560 4681 alii
606 4572 685 4681 col
718 4558 918 4615 collata.
955 4557 1006 4616 si
1052 4564 1310 4631 auferret,
1341 4565 1476 4620 nihil
1521 4582 1581 4623 se
1598 4557 1802 4624 curare
1841 4584 2066 4640 respon-

526 4640 658 4681 enm
691 4668 704 4681 ο

526 4640 704 4681 erunt.

490 4697 745 4823 no$161379)
778 4699 1121 4771 Illegalitates
1147 4718 1210 4759 ea
1236 4715 1414 4772 vocat,
1442 4722 1561 4776 qua:
1597 4716 1720 4762 sunt
1746 4718 1934 4765 contra
1972 4726 2066 4765 ca-

563 4836 748 4908 (1180)
777 4838 1018 4918 Quatuor
1041 4844 1255 4918 quidem
1287 4861 1566 4918 sermones
1598 4847 1662 4902 de
1685 4862 1818 4918 pace
1845 4856 2068 4917 agentes

490 4918 807 4987 supersunt,
836 4911 927 4978 qui
960 4912 1012 4965 in
1041 4911 1301 4987 l’ascliate
1320 4918 1449 4987 anni
1479 4917 1583 4973 968
1606 4928 1662 4970 et
1684 4911 1868 4987 postea
1881 4911 2063 4974 'habiti

489 4980 1290 5072 attritiaiuii‘r-uutaﬂserm.‘2'de
1317 4986 1559 5072 Pascha,
1582 4980 1719 5072 alius
1746 4988 1811 5072 de
1853 4990 2064 5070 octavis

2173 4580 2280 4624 tam
2330 4568 2646 4642 quibusdam
2693 4565 2904 4642 clericis
2954 4563 3207 4642 inmetata
3250 4561 3742 4642 in_t;euaaranda,

2169 4640 2294 4698 sive,
2319 4629 2459 4707 q'uod
2485 4637 2752 4710 verius__est
2770 4675 2784 4696 ,
2811 4635 3109 4710 decoranda
3140 4633 3206 4686 B.
3242 4633 3335 4685 Dei
3359 4629 3639 4710 Genitricis
3665 4646 3746 4710 ςε-

2170 4700 2464 4781 clesia'_se‘
2484 4705 2765 4781 contulisse
2812 4704 3072 4781 t_radit_in
3118 4701 3618 4781 metnoratauepist:
3659 4700 3743 4755 12.

2172 4795 2320 4832 num.
2351 4778 2400 4830 1.
2430 4775 2581 4850 Quod
2609 4789 2772 4850 porro
2796 4774 2892 4837 ait,
2924 4773 3001 4828 vel
3032 4771 3474 4850 potiarrcddidi,
3506 4771 3747 4850 indicare

2171 4849 2401 4908 videtur,
2433 4841 2497 4900 ea
2527 4841 2809 4907 beneﬁcia,
2845 4858 2965 4912 qum
2990 4841 3268 4896 canonicis
3289 4842 3341 4894 in
3363 4841 3744 4912 beneﬁciorum

2172 4917 2493 4988 militarium
2535 4913 2764 4988 formam
2793 4909 3153 4988 Δρριιβιιιιξιτιε,
3189 4922 3268 4988 _et
3314 4911 3520 4988 eisdem
3570 4909 3744 4988 ablata

2167 4987 2427 5068 ecclesias.
2462 4984 2522 5040 S.
2553 4985 2642 5039 Dei
2672 4983 2963 5068 Genitricis
2994 4992 3050 5037 et
3094 4984 3149 5037 S.
3186 4979 3741 5066 Stcpoiianorredilidif.
