4044 5348
355 200 459 258 629

1583 197 1785 257 UBER
1823 196 2361 258 APOLOCETICUS.

3504 203 3612 262 σεο

351 312 567 370 scilicet
593 317 799 365 tantum
836 309 1002 383 496
1029 309 1358 380 pertuleram
1404 313 1665 386 laborem)
1695 315 1934 384 ejusdem
1967 323 2011 379 Α
2043 314 2339 383 largiendo,
2381 320 2435 368 et
2471 325 2654 383 pacem
2682 307 2888 366 verant
2915 311 3139 367 iliomm'
3167 313 3420 369 cerdilius
3467 316 3615 386 inge-

351 406 620 468 eeclesiaz,
650 403 752 458 hoc
794 412 899 468 est,
930 403 1260 475 presbyteris
1289 405 1583 475 capellanis
1602 448 1616 471 ,
1646 409 1932 462 subdiaco—

350 498 516 552 ni!.us
548 497 614 550 de
644 496 939 550 secretario
966 505 1192 566 septem,
1219 497 1530 553 cantoribus
1554 508 1778 568 septem,
1809 515 1936 554 aco-

351 588 521 658 lytltis
564 587 633 641 de
675 587 970 641 secretario
1011 598 1253 656 septem,
1305 591 1620 644 cantoribus
1663 591 1934 660 quinque,

346 677 591 731 ostiariis
637 691 756 741 sex,
804 691 909 731 non
943 689 1002 731 ut
1047 678 1177 732 mihi
1211 678 1480 734 ﬁdeliores
1513 689 1720 745 tamen,
1761 682 1853 735 sed
1884 683 1936 735 in

350 769 582 822 servitio
625 767 840 822 Domini
894 767 1086 822 ﬁerent
1141 771 1530 838 promptiores,
1589 779 1644 824 et
1691 780 1938 826 cessante

350 859 692 926 paupertatis
717 857 1028 922 occasione,
1051 858 1404 914 studiosiores
1432 859 1614 930 (1186)
1643 861 1694 914 in
1725 860 1936 915 Domini

353 949 546 1002 diebus
585 963 649 1002 ac
680 949 930 1004 noctibus
958 949 1150 1005 ﬁerent
1194 952 1471 1005 servitute.
1503 951 1801 1008 lnveterata
1835 953 1938 1006 ita-

349 1058 461 1112 que
491 1044 593 1098 hac
632 1042 746 1112 jam
777 1059 876 1114 per
919 1043 1121 1113 aliquot
1150 1059 1342 1108 annos,
1385 1060 1527 1098 nunc
1575 1059 1680 1098 non
1719 1046 1937 1114 quidem

352 1142 418 1187 ut
436 1133 620 1188 ferunt
647 1143 788 1199 acta,
813 1135 906 1189 sed
937 1135 1082 1204 quod
1105 1133 1294 1188 melius
1317 1144 1399 1188 est
1422 1149 1551 1204 pace
1579 1134 1699 1188 ﬁcta
1729 1135 1934 1204 (1187),

350 1222 627 1278 discordia
655 1263 670 1289 ,
741 1224 975 1292 pessima
1035 1237 1141 1279 non
1213 1233 1428 1279 cessant
1497 1225 1628 1279 mihi
1723 1225 1938 1279 tendere

350 1322 417 1367 ut
460 1328 676 1382 semper
721 1314 1061 1378 insidiarum,
1109 1329 1194 1369 me
1241 1323 1420 1368 tamen
1471 1330 1576 1369 non
1631 1315 1931 1385 ignorante,

349 1403 670 1469 molimina;
701 1413 754 1458 et
796 1405 888 1474 qui
937 1404 1188 1460 dicebant
1225 1421 1285 1460 se
1327 1421 1432 1459 non
1470 1420 1684 1470 curare,
1714 1407 1758 1460 si
1795 1409 1935 1476 quod

337 1493 422 1548 “de
451 1509 573 1548 meo
613 1493 882 1549 habebant
925 1495 995 1549 ab
1038 1497 1119 1550 eis
1163 1495 1456 1560 auferrem,
1505 1512 1679 1566 neque
1723 1497 1794 1551 ob
1839 1499 1938 1552 hoc

351 1585 486 1638 mihi
529 1585 711 1639 minus
757 1584 937 1640 ﬁdeles
981 1585 1303 1650 existerent,
1355 1595 1563 1640 tantum
1610 1601 1704 1641 eos
1742 1587 1810 1641 de
1853 1587 1937 1640 his

2041 406 2230 470 rendo,
2281 414 2339 459 ut
2385 403 2542 459 simul
2588 403 2857 474 pacilicari
2907 420 3096 458 omnes
3147 419 3451 459 mereamur
3492 419 3617 461 cum

2039 497 2273 550 Christo.
2309 498 2460 562 Quod
2502 496 2545 550 si
2577 497 2898 566 parripenso
2933 497 3073 566 quod
3101 495 3200 551 Job
3236 496 3416 568 (1189)
3445 513 3621 566 quon-

2039 587 2162 640 dam
2189 587 2324 641 dixit
2359 588 2566 647 beatus,
2601 586 2652 640 id
2682 597 2766 640 est
2799 605 2811 638 :
2843 585 3071 640 Causam
3100 603 3258 656 quam
3303 603 3364 641 ne
3389 587 3619 640 sciebant

2037 678 2199 750 597
2246 680 2638 748 diligentissime
2685 679 3055 750 inuestigabam
3099 679 3219 750 (Job
3284 697 3411 734 xxxx
3437 721 3450 744 ,
3493 681 3622 752 16);

2039 770 2170 824 mihi
2199 769 2504 823 miserrimo
2532 769 2826 838 contingat,
2860 769 3000 839 quod
3030 769 3243 824 miseris
3277 771 3524 841 contigit,
3559 774 3626 826 de

2037 858 2234 927 quibus
2263 858 2479 928 legitur,
2511 857 2636 922 illis,
2667 859 2790 928 quia
2821 857 2911 930 [[2,
2945 858 3058 930 qui]
3089 861 3299 913 etiamsi
3323 865 3461 930 apud
3489 859 3626 931 Scy-

2041 950 2166 1002 thas
2205 963 2424 1002 cansam
2477 949 2763 1013 dixissent,
2811 949 3063 1019 inculpati
3112 951 3314 1020 absque
3343 951 3504 1004 dubio
3539 954 3621 1004 di-

2041 1040 2190 1095 missi
2222 1041 2450 1095 fuissent
2499 1041 2804 1108 (conveniat
2851 1042 2912 1113 (ι.
2946 1041 3250 1114 conveniet]
3302 1042 3518 1097 facienti
3555 1043 3620 1114 [Ι.

2039 1132 2288 1203 patienti]
2321 1132 2450 1187 mihi
2499 1149 2622 1187 nam
2669 1133 2735 1188 ad
2781 1132 3024 1204 ﬂagella,
3057 1139 3114 1186 ut
3143 1133 3290 1197 dixi',
3323 1133 3375 1187 in
3411 1142 3620 1187 tantum

2039 1234 2251 1294 parato,
2282 1235 2540 1294 quantum
2569 1225 2721 1279 dolor
2751 1240 2903 1280 meus
2951 1225 3004 1280 in
3053 1234 3344 1294 conspectu
3387 1235 3471 1280 est
3502 1241 3621 1280 meo

2040 1329 2254 1384 semper
2280 1315 2451 1385 (Psal.
2482 1331 2687 1380 xxxv",
2723 1316 2846 1385 l8),
2875 1315 2962 1370 ille
2992 1316 3199 1384 utique,
3235 1331 3342 1385 quo
3381 1325 3438 1370 et
3465 1316 3621 1371 doleo

2039 1407 2180 1476 quod
2207 1415 2428 1475 peccato
2454 1406 2578 1460 talia
2604 1407 2779 1475 patior
2807 1421 2948 1471 meo,
2978 1416 3119 1460 etne
3149 1406 3333 1476 pejora
3357 1405 3409 1458 in
3442 1405 3621 1459 futuro

2040 1499 2216 1569 patiar
2273 1499 2474 1569 metuo)
2523 1498 2686 1562 mihi,
2740 1499 2992 1568 inquam,
3033 1496 3174 1551 aliud
3229 1513 3334 1551 non
3387 1499 3622 1568 pertinet

2039 1605 2220 1657 agere,
2247 1588 2348 1642 nisi
2381 1588 2514 1642 velle
2539 1587 2708 1660 498
2736 1597 2942 1657 optare,
2974 1597 3026 1642 et
3055 1587 3422 1642 indesinenter
3451 1587 3621 1640 Deum

345 1675 551 1742 quibus
596 1689 692 1729 eos
741 1675 1210 1745 interpellaverunt
1269 1675 1569 1746 inquietare
1626 1691 1927 1741 cessarem;
1963 1686 2009 1746 Β
2040 1695 2250 1750 rogare,
2281 1689 2338 1734 ut
2369 1680 2455 1735 cui
2489 1679 2673 1749 (1190)
2708 1679 3018 1734 fidelitatem
3059 1677 3274 1746 jurasse
3308 1693 3392 1732 me
3419 1676 3618 1741 recolo,

346 1767 530 1821 securi
562 1783 704 1821 nunc
729 1766 794 1822 de
819 1783 932 1822 mea
961 1769 1263 1823 cessatione
1287 1768 1490 1838 (1188),
1525 1769 1592 1824 de
1619 1784 1738 1823 meo
1763 1769 1832 1823 ab
1858 1769 1938 1823 eis

345 1857 425 1911 ob
453 1857 893 1928 ingratitndinem
918 1859 1133 1913 illorum
1165 1869 1380 1929 recepto
1407 1876 1493 1914 me
1516 1869 1768 1931 satagunt
1799 1860 1936 1932 (per)

349 1956 678 2018 potestatem
722 1950 1077 2018 quorumdam
1123 1950 1437 2021 patrociniis
1483 1949 1805 2019 inquietare.
1855 1949 1938 2004 Me

352 2048 538 2092 autem
569 2038 636 2092 ad
669 2036 875 2109 ﬂagella
909 2056 1006 2109 pro
1037 2040 1274 2110 peccatis
1312 2039 1448 2094 meis
1473 2039 1750 2094 subeunda
1781 2055 1938 2109 para-

348 2137 468 2181 tum
516 2129 776 2184 Dominus
804 2131 1055 2201 dignetur
1084 2130 1514 2185 misericorditer
1547 2130 1817 2199 respicere
1837 2171 1850 2194 ,
1883 2139 1940 2185 et

346 2223 420 2277 ab
449 2222 662 2278 illorum
693 2224 906 2280 insidiis
933 2223 1225 2279 clementer
1246 2223 1563 2289 defendere;
1593 2223 1701 2277 illis
1727 2223 1936 2278 veniam

420 2359 604 2431 (1186)
635 2359 693 2412 ld
735 2369 816 2415 est
844 2360 1181 2431 studiosiores
1219 2361 1400 2428 ﬁerent
1448 2361 1501 2414 in
1549 2361 1794 2431 servitute
1837 2358 1939 2431 Dof

347 2429 486 2482 mini
517 2429 698 2483 diebus
727 2447 788 2483 ac
832 2431 1086 2482 noctibus.
1121 2429 1234 2484 Non
1292 2431 1464 2484 solum
1513 2443 1644 2498 ergo
1691 2429 1798 2492 die,
1846 2430 1938 2484 sed

350 2501 521 2554 etiam
552 2509 710 2554 nocte
740 2501 978 2554 divinum
1005 2499 1234 2559 olﬁrinm
1259 2501 1359 2554 hoc
1389 2509 1630 2569 tempore
1655 2501 1936 2568 agebatur.

349 2569 552 2624 Confer
574 2580 686 2624 not.
715 2571 854 2624 1113
883 2571 935 2624 in
965 2569 1277 2639 opusculum
1307 2570 1380 2624 De
1403 2571 1605 2624 clericis
1637 2569 1933 2639 rebellibus.

425 2639 608 2710 (1187)
636 2641 852 2710 Acherii
903 2638 1066 2695 editio
1118 2641 1347 2694 habebat
1392 2657 1517 2709 pace
1546 2641 1706 2710 facta.
1743 2638 1936 2710 Novis-

347 2709 476 2781 simi
505 2710 728 2764 editoris
760 2709 1032 2781 Spicilegii
1060 2710 1347 2764 Acheriani
1376 2709 1680 2765 emendatio
1713 2709 1933 2778 placuit.

344 2779 620 2833 Construe
673 2779 846 2834 vero“:
887 2779 1073 2850 Itaque
1117 2781 1401 2850 discordia
1432 2781 1529 2833 hac
1580 2797 1682 2832 non
1728 2781 1938 2849 quidem

351 2864 493 2920 nunc
521 2860 662 2914 acta,
690 2860 746 2902 ut
775 2851 970 2916 ferunt,
989 2849 1112 2914 sed,
1137 2849 1274 2920 quod
1302 2849 1488 2903 melius
1513 2859 1610 2914 est,
1655 2851 1939 2903 inveterata

340 2918 463 2987 jam
509 2935 602 2987 per
633 2920 833 2990 aliquot
880 2938 1045 2974 annos
1089 2918 1214 2990 pace
1257 2921 1419 2988 ﬁcta,
1466 2937 1567 2974 non
1603 2929 1837 2980 cessant,
1881 2929 1939 2972 ut

347 3005 574 3056 semper,
602 2989 810 3044 tendere
854 2992 980 3043 mihi
1030 2989 1297 3044 molimina
1340 2991 1567 3060 pessima
1598 2989 1935 3054 insidiarum,

348 3067 772 3130 incitamenpon
800 3063 1072 3130 ignorante
1100 3077 1117 3114 :
1147 3069 1190 3112 et
1218 3059 1307 3130 qui
1331 3059 1589 3122 dicebant,
1631 3069 1736 3113 etc.

419 3128 609 3196 (1188)
641 3126 907 3184 δεεηνῖίίε
935 3147 1048 3183 mea
1077 3126 1382 3194 cessatione,
1410 3129 1477 3183 ab
1504 3126 1802 3184 inducenda
1831 3128 1937 3183 sci-

347 3197 482 3252 licet
507 3214 643 3253 nova
673 3199 1052 3254 distributimte
1079 3200 1384 3252 reddituum
1415 3199 1739 3253 cathedralis
1768 3199 1938 3254 eccle-

349 3267 474 3327 size,
493 3284 608 3339 qua
637 3285 705 3322 es.
735 3271 922 3324 iisdem
958 3268 1251 3324 redditibus
1287 3269 1695 3339 pauperioribus
1723 3267 1934 3324 clericis

347 3338 682 3405 provideret.
732 3340 918 3394 Securi
969 3351 1147 3392 autem
1195 3338 1396 3408 inquit,
1443 3339 1568 3408 quia
1613 3338 1748 3408 ejus
1784 3354 1936 3392 nova:

344 3408 722 3474 dispositionis
759 3409 1072 3464 inducendae
1111 3407 1394 3463 consilium
1443 3407 1704 3475 abjecisse
1733 3407 1936 3463 Rathc-

346 3476 464 3530 rius
494 3493 665 3545 praese
695 3480 918 3546 tulerat,
943 3495 1062 3534 cum
1107 3478 1367 3533 beneﬁcia
1397 3479 1492 3532 abs
1529 3494 1586 3533 se
1625 3477 1818 3533 collata
1846 3493 1935 3537 ca-

347 3547 561 3618 nonicis
609 3550 871 3612 adimere,
909 3557 966 3602 ut
1010 3563 1076 3602 ex
1127 3548 1210 3602 his
1261 3549 1668 3618 panperioribus
1719 3548 1933 3603 clericis

345 3615 601 3689 Jttdicato
646 3621 999 3689 prospiceret,
1030 3619 1199 3672 satius
1230 3615 1402 3684 duxit,
1438 3635 1598 3687 quam
1640 3619 1736 3688 ipsi
1767 3633 1932 3689 cano-

345 3685 488 3740 uicis
525 3687 613 3740 illa
649 3685 793 3742 'nova
821 3685 1200 3744 distributione
1231 3685 1528 3744 molestiam
1563 3685 1776 3743 afferre.
1818 3687 1931 3742 "ac

346 3763 528 3810 autem
560 3759 614 3810 in
645 3773 700 3812 rc
725 3774 845 3814 cum
880 3759 950 3813 illi
987 3767 1167 3814 essent
1204 3761 1416 3823 securi,
1444 3759 1800 3827 quorumdam
1834 3773 1929 3827 pa-

347 3827 612 3898 trociniis
640 3845 731 3896 per
770 3839 1074 3898 potestatem
1121 3828 1261 3896 apud
1312 3831 1689 3898 imperatorem
1724 3828 1932 3897 inquie-

346 3903 528 3968 tantes
585 3896 924 3968 Balherium,
975 3899 1146 3968 ipsum
1188 3896 1496 3952 Judicatum
1535 3896 1832 3961 destruere,
1879 3905 1933 3950 et.

339 3965 524 4020 ablata
554 3967 657 4022 sibi
685 3967 946 4025 beneﬁcia
989 3965 1200 4024 restitui
1246 3970 1571 4024 nitebantur.
1596 3969 1651 4023 lu
1683 3981 1932 4023 sermone

331 4130 3521 4170 Mm.

1965 3037 2010 3098 C

2040 1787 2314 1841 nunquam
2367 1771 2420 1826 id
2467 1771 2646 1826 facere
2685 1771 2982 1840 contingat,
3013 1770 3154 1824 unde
3179 1769 3408 1839 gratiam
3456 1769 3623 1838 ipsius

2042 1861 2538 1932 irrecuperabiliter
2583 1862 2801 1930 perdat;
2835 1862 2928 1916 sed
2965 1861 3092 1915 illud
3129 1861 3309 1930 potius
3339 1859 3389 1914 ei
3439 1859 3621 1912 divina

2039 1954 2301 2006 concedat
2330 1951 2501 2020 pietas
2545 1966 2723 2021 agere,
2767 1951 2909 2021 quod
2943 1960 2996 2004 et
3035 1950 3121 2004 hic
3157 1949 3358 2004 diutius
3389 1948 3621 2003 feliciter

2041 2044 2327 2111 imperare,
2361 2051 2415 2096 et
2436 2041 2489 2094 in
2516 2039 2698 2095 lnturo
2725 2040 3033 2110 perenniter
3057 2055 3178 2094 cum
3209 2040 3425 2094 Christo
3456 2039 3621 2092 faciat

2039 2134 2334 2190 exsultare.
2364 2133 2552 2188 Amen.

2041 2355 2106 2409 de
2151 2355 2356 2409 octavis
2397 2353 2618 2408 Paschae
2665 2367 2814 2407 num.
2846 2351 2896 2416 1,
2929 2349 3313 2417 conqueritur,
3349 2357 3620 2418 corruptos

2039 2442 2240 2496 quoque
2267 2426 2485 2496 pecunia
2514 2423 2879 2496 duashpatrice
2919 2422 3245 2496 dominantes
3266 2459 3280 2482 ,
3319 2427 3374 2470 ut
3418 2419 3618 2486 fertur,

2038 2490 2306 2564 personas.
2337 2495 2466 2548 Vide
2494 2509 2614 2564 qua:
2645 2490 2842 2564 ibidem
2879 2490 3276 2564 adnotabimus.
3433 2557 3444 2564 _
3565 2545 3590 2564 _,

2112 2565 2295 2635 (1189)
2322 2565 2477 2620 Hunc
2511 2557 2765 2635 'eumdem
2812 2558 3171 2635 .lobi_t_extt_un
3217 2560 3316 2613 hoc
3348 2557 3534 2613 eodem
3564 2558 3619 2610 in

2041 2627 2255 2705 negotio
2276 2627 2476 2704 'repelit
2502 2633 2696 2705 tumin
2741 2632 2899 2705 epist.
2936 2630 2994 2684 11
3032 2629 3098 2705 ad
3128 2627 3462 2705 Nannonem,
3505 2636 3618 2680 tum

2041 2698 2228 2759 inalia
2263 2706 2326 2760 15
2347 2698 2420 2759 ἐιὸ
2456 2698 3193 2770 Adelaidemimperatricem
3215 2739 3228 2763 ,
3256 2698 3344 2770 ubi
3376 2712 3618 2757 causam,

2041 2776 2106 2829 de
2131 2791 2238 2845 qua
2265 2777 2540 2846 agebatur,
2584 2789 2692 2827 non
2735 2769 3202 2846 satislcognitam,
3235 2769 3620 2846 decretumque

2041 2838 2523 2907 sibi'contrarium,
2556 2858 2613 2898 se
2642 2859 2746 2896 non
2773 2838 3072 2904 audito,"ex
3103 2840 3220 2893 sola
3246 2838 3616 2907 subreptioue,

2043 2925 2205 2984 atque
2278 2906 2593 2984 obreptiOne
2656 2913 2895 2984 potuisse
2923 2909 3292 2984 _extor_queri_'
3330 2906 3620 2977 signiﬁcat.

2043 2980 2306 3040 Construe
2334 2980 2532 3050 autem,
2556 2993 2609 3037 et
2629 2980 2835 3051 explica
2865 2998 2876 3032 :
2909 2980 3060 3051 Quod
3079 2980 3120 3033 si
3133 2980 3462 3051 parvipenw,
3488 2986 3619 3051 etc_.g.

2042 3057 2306 3124 contingat
2337 3055 2463 3108 mihi
2487 3046 2802 3124 miserrimo,
2830 3050 2969 3124 quod
3001 3046 3215 3124 contigit
3253 3046 3357 3101 illis
3387 3047 3618 3110 miseris,

2042 3128 2106 3178 de
2153 3119 2350 3195 quibus
2387 3124 2611 3195 legitur;
2668 3122 2794 3195 quia
2815 3119 3049 3195 _eti_am_si
3075 3119 3621 3195 _d_i.r_issent_can.sani

2041 3185 2179 3262 apud
2209 3185 2456 3264 Scythas:
2481 3185 2858 3264 abstjue'dubio
2885 3189 3087 3264 dimissi
3122 3188 3348 3264 fuissent
3368 3185 3622 3255 inca/pati

2043 3257 2186 3334 (nam
2224 3257 2595 3332 si'contingat,
2628 3260 2887 3334 conveniet
2917 3258 3046 3311 mihi
3063 3258 3310 3334 patienti,_
3331 3257 3386 3334 in
3415 3266 3618 3308 tantum

2038 3324 2245 3403 parato,
2296 3345 2351 3386 ut
2401 3324 2533 3398 difi,
2569 3324 2637 3385 ad
2686 3328 2932 3400 ﬂagella,
2970 3324 3226 3448 guuntunt
3277 3324 3429 3378 dolor
3476 3340 3620 3377 meus

2041 3419 2240 3448 semner
2267 3411 2341 3448 est
2388 3404 2443 3448 in
2473 3411 2749 3448 consnectu
2786 3414 2921 3448 meo.
2948 3397 3036 3448 ile
3084 3398 3260 3448 utirnte
3294 3394 3468 3448 dolor.
3518 3409 3619 3448 ano

2041 3394 2341 3470 semperest
2388 3404 2443 3456 in
2473 3394 2921 3470 conspectufmeo,
2948 3394 3036 3450 ille
3084 3398 3260 3466 utique
3294 3394 3468 3456 dolor,
3518 3409 3619 3462 quo

2041 3482 2086 3527 et
2119 3468 2290 3535 doleo,
2320 3473 2458 3542 quod
2483 3468 2657 3541 patior
2677 3468 2812 3542 talia
2838 3484 2951 3542 pro
2973 3476 3182 3542 peccato
3212 3480 3346 3542 meo,
3371 3473 3417 3517 et
3447 3473 3620 3542 metuo

2041 3559 2104 3595 ne
2130 3531 2308 3608 patiar
2332 3531 2523 3611 'pejor'a
2567 3542 2622 3593 in
2663 3531 2864 3658 futuro)
2907 3537 2951 3588 si
2973 3531 3264 3607 contingat,
3301 3535 3534 3604 inquam,
3568 3531 3621 3583 id

2041 3613 2204 3658 mihi:
2242 3627 2345 3658 mm
2383 3611 2598 3658 nertinel
2624 3624 2773 3658 (mere
2801 3625 2831 3658 α
2856 3606 2971 3658 iud.
3003 3607 3123 3658 nisi.
3156 3616 3262 3658 etc.

2038 3606 2204 3676 mihi;
2242 3606 2352 3681 noni
2382 3606 2598 3681 pertinet
2624 3606 2971 3681 agere‘aliud,
3003 3607 3123 3681 nisi,
3156 3616 3262 3660 etc.

2109 3673 2290 3752 (1190)
2323 3673 2586 3752 construe
2615 3695 2628 3731 :
2657 3673 2712 3752 at
2740 3678 2811 3752 ei,
2839 3678 2922 3729 cui
2955 3675 3120 3752 recolo
3152 3692 3231 3729 me
3247 3675 3461 3746 jurasse
3487 3673 3622 3752 ﬁde-

2038 3743 2342 3815 litarem,'id
2377 3761 2458 3805 est
2489 3747 2714 3806 Ottonil
2742 3745 3074 3815 imperatori,
3116 3743 3380 3815 nunquam
3415 3743 3623 3815 contin-

2039 3831 2124 3893 gat
2157 3813 2328 3893 [acere
2373 3823 2448 3893 id,
2498 3820 2632 3893 unde
2661 3813 3132 3893 irrecuperabiliter
3169 3813 3350 3893 perdat
3392 3813 3617 3893 gratiam

2038 3881 2200 3962 ipsius
2254 3881 2450 4015 sDei);
2491 3891 2580 3945 sed
2625 3890 2790 3959 pietas
2833 3881 3010 3940 divina
3054 3888 3102 3940 ei
3150 3881 3321 3957 potius
3371 3881 3618 3937 concedat

2040 3978 2192 4015 aaere
2220 3962 2256 4015 il
2283 3963 2372 4015 ud.
2400 3961 2560 4015 auod.
2591 3968 2699 4015 etc.
3599 3989 3602 3993 ι

2040 3961 2192 4032 agere
2220 3961 2372 4029 illud,
2399 3961 2560 4032 quod,
2591 3968 2699 4016 etc.
3599 3989 3602 3993 λ

3530 4121 3629 4167 *⁸⁸1³

1428 4405 1438 4412 ,
1537 4273 2455 4390 ΒΔΤΗΕΒῙῙ

1070 4511 1478 4626 LIBER
1560 4504 2626 4622 APOLOGETICUS
2672 4483 2898 4615 “'9”.

1838 4727 2130 4742 -——————-

335 4870 502 4943 599
523 4866 843 4943 Capillatori
887 4881 991 4920 non
1016 4866 1170 4919 modo
1193 4874 1405 4943 actuum
1437 4870 1590 4943 atque
1614 4875 1930 4943 sermonum.
1965 4839 2013 4898 ί)

407 4929 498 4996 ἶᾶ
526 4952 575 4994 et
603 4937 956 4993 intentionum
983 4952 1199 4989 suarum
1221 4929 1511 4995 indeﬁcuo,’
1532 4929 1730 4999 fautori
1754 4947 1814 4981 ac
1841 4930 1934 4982 de-

407 5011 612 5080 fensori
642 5007 1072 5062 adversariorum
1102 5005 1312 5058 cuidam
1341 5003 1622 5072 pra’cipuo,
1656 4999 1932 5053 Ratlterius

407 5140 597 5182 111911
624 5139 824 5182 Fidith
855 5146 956 5182 est
1004 5136 1072 5182 ab
1131 5135 1359 5182 Acherin
1389 5151 1453 5182 ex
1501 5133 1685 5182 codice.
1721 5132 1931 5182 Landm

2111 4837 2221 4889 ha’c
2252 4835 2508 4898 universa,
2539 4833 2740 4886 timoris
2766 4830 2892 4885 Iesu
2911 4830 3105 4900 jugulo
3131 4825 3394 4880 modicum
3433 4836 3626 4892 tactus,

2112 4905 2362 4975 perferre,
2385 4919 2542 4972 quam
2567 4903 2648 4956 Itis
2674 4902 2852 4954 cedere
2874 4911 3166 4970 promptus.
3604 4943 3610 4953 ,

2114 4999 2286 5054 Tanta
2317 5012 2402 5051 me
2430 5007 2610 5052 vestra
2651 4994 2738 5048 illa
2793 4992 3096 5055 urbanitas,
3147 5001 3312 5054 quam
3351 4987 3533 5057 (“92)
3568 4989 3633 5040 de

2041 5132 2252 5182 initium
2283 5127 2604 5181 Novembris
2634 5125 2761 5178 anni
2789 5120 2890 5176 967
2917 5136 2930 5182 ;
2986 5121 3091 5176 hoc
3121 5116 3442 5182 opusculum
3483 5118 3632 5182 rejici
