4044 5348
449 193 547 252 651

1408 186 1739 244 RATHERII
1779 185 1992 245 EPISC.
2038 181 2289 246 νΕηοΝ.
2330 190 2482 249 OPP.
2524 189 2783 248 PARS-l.

3615 197 3718 256 632

441 303 718 377 Martiano
735 301 1054 372 ceterisque
1076 297 1381 369 huiusmodi
1415 300 1655 364 trahitis,
1686 315 1917 370 quorum
1945 316 2028 355 me
2058 307 2102 366 Α
2133 301 2362 372 aliquas,
2391 302 2498 358 isto
2530 302 2740 368 relicto,
2789 285 2883 374 qui
2927 305 3249 362 commissus
3269 321 3414 363 mete
3458 317 3547 364 est
3577 308 3717 373 udei,

450 406 602 452 tanto
629 395 744 450 fore
775 395 916 449 haud
946 391 1172 446 dilﬁteor
1210 403 1464 445 securum
1499 399 1663 459 atque
1695 391 2028 461 incupidum,

445 497 652 558 quanto
691 486 744 542 in
793 501 878 540 me
931 484 1059 540 illud
1097 483 1292 538 cadere
1344 497 1540 537 vereor
1593 497 1751 552 posse
1788 483 2032 540 nonnihil

444 579 700 650 elogium,
733 575 874 646 quod
900 575 1013 646 jam
1052 574 1181 630 olim
1225 574 1290 628 de
1315 573 1669 644 quibusdam;
1717 590 1919 644 semper
1945 575 2030 629 di-

444 679 640 732 centes,
681 679 729 720 et
761 681 990 736 unquam
1027 664 1096 718 ad
1134 665 1482 734 cognitionem
1508 665 1740 720 ueritatis
1772 666 2032 722 venientes

445 756 530 826 (ll
565 755 697 810 Tim.
724 771 813 821 ut,
834 755 915 823 7),
938 762 1023 809 est
1052 752 1425 818 veracissime,
1445 765 1502 807 ut
1522 763 1576 808 et
1603 755 1671 810 de
1694 756 1844 811 vobis
1869 755 2032 823 valet,

443 847 756 917 prolatum:
803 855 972 910 tanta,
1027 844 1282 913 inquam,
1332 859 1418 899 me
1467 843 1794 916 allicit,ha:c
1841 849 2030 902 eadem

443 939 807 1009 ineptissima,
847 937 957 990 imo
987 934 1233 1006 pernulla
1279 934 1654 1006 philocompiae
1679 935 1842 1008 500
1867 938 2028 993 urba-

441 1031 592 1084 nitas
626 1037 855 1096 vestrae,
889 1029 1160 1099 angustia,
1220 1038 1281 1083 ut
1309 1029 1436 1084 dum
1483 1029 1862 1102 colloquimur,
1911 1047 2034 1102 διεθε-

443 1123 796 1189 vatissimus;
843 1123 970 1178 dum
1016 1122 1286 1193 apiculos,
1336 1124 1419 1180 vel
1451 1125 1841 1196 incpliunculas
1871 1144 2033 1198 quas-

445 1213 568 1267 dam
596 1212 715 1282 plus
742 1211 887 1287 aloes
914 1227 1077 1282 quam
1127 1213 1322 1277 mellis,
1375 1214 1494 1284 plus
1520 1217 1712 1271 veneni
1741 1219 2028 1273 certissimi

445 1319 612 1372 quam
661 1304 917 1360 salutaris
953 1305 1177 1362 antidoti
1213 1315 1487 1374 gestantes
1516 1308 1647 1362 mihi
1693 1309 1906 1365 mittitis
1952 1311 2034 1382 (ut

443 1397 633 1466 utique
660 1397 819 1453 modo
848 1411 1181 1469 pernequam
1211 1398 1470 1454 famulum
1493 1440 1512 1467 ,
1560 1416 1628 1454 ne
1657 1402 1808 1456 vobis
1851 1402 2032 1473 loque-

442 1495 597 1545 retur
624 1487 841 1560 saltem,
869 1487 1066 1544 nedum
1112 1489 1328 1560 aliquod
1353 1491 1646 1560 juvaminis
1676 1508 1706 1546 a
1733 1494 1884 1548 vobis
1909 1495 2032 1549 cxi-

445 1589 636 1651 geret,
693 1589 939 1650 optarem
995 1580 1359 1654 prohibitura),
1406 1583 1844 1640 confectissimus
1896 1587 2030 1642 adeo

2135 408 2316 464 apere,
2346 410 2558 466 possem
2588 395 2956 469 elccmosynas
2995 395 3195 470 facere)
3226 401 3341 470 ejus
3367 401 3724 472 abligurierat

2136 495 2241 533 non
2273 481 2393 536 dico
2420 481 2681 552 potentia,
2713 497 2850 551 nego
2879 483 3154 547 violentia,
3186 485 3281 539 sed
3307 495 3457 541 certe
3479 498 3718 554 prtesett-

2137 571 2230 624 tia.
2263 570 2351 636 Et,
2375 585 2407 625 o
2428 587 2591 641 quam
2612 585 2739 624 vera
2754 570 2954 626 Aurelii
2983 571 3070 626 illa
3095 574 3361 628 sententia
3384 575 3544 646 (Avo.
3563 593 3717 630 sem.

2133 664 2227 729 46,
2265 683 2317 720 n.
2337 666 2430 736 27)
2454 667 2468 719 ι
2493 682 2597 736 qua
2628 666 2774 719 fatur
2819 666 3122 721 temerariis
3144 667 3363 737 judiciis
3391 668 3510 722 fore
3541 672 3720 723 omnia

2135 755 2311 825 plena.
2359 755 2491 810 Cum
2522 757 2665 811 enim
2699 766 2919 812 sanctus
2951 766 3005 812 et
3049 773 3153 813 non
3178 759 3359 828 dispar
3387 759 3463 814 illi
3515 772 3722 814 asserat

2136 843 2428 915 Gregorius
2464 846 2683 917 (Morel.
2709 848 2762 901 in
2787 847 2916 914 Job,
2937 847 2971 902 I.
3004 864 3165 914 xxxv,
3195 863 3244 903 c.
3278 851 3390 920 l0),
3415 851 3560 919 quod
3581 867 3718 906 nun-

2133 950 2296 1005 quam
2346 945 2569 1006 propter
2625 937 2987 992 obedientiam
3025 939 3225 993 malum
3267 941 3338 994 sit
3382 941 3715 1008 faciendum,

2135 1040 2518 1095 nonnunquam
2550 1042 2677 1084 vero
2706 1029 2904 1084 bonum
2931 1030 3394 1086 intermittendum
3420 1049 3435 1098 ;
3475 1033 3601 1102 quis
3628 1049 3718 1087 va-

2134 1116 2243 1174 leat
2271 1119 2510 1186 credere,
2543 1129 2602 1174 ut
2638 1123 2865 1191 pecunia
2903 1121 2972 1176 ab
3004 1121 3094 1178 illo
3119 1125 3344 1190 credita,
3379 1125 3466 1180 cui
3496 1135 3581 1180 est
3609 1134 3719 1180 tam

2133 1223 2320 1270 sancte
2341 1216 2601 1285 juratum,
2631 1216 2738 1271 alio
2766 1216 3011 1272 debuerit
3045 1218 3298 1287 expendi,
3327 1233 3486 1288 quam
3511 1233 3720 1287 pratcc-

2133 1307 2276 1376 pisse
2313 1307 2516 1377 placuit
2565 1307 2686 1362 illi?
2739 1306 3094 1378 Pauperibus,
3143 1309 3318 1377 inquit
3355 1308 3621 1374 fuscator,
3660 1319 3722 1363 at

2133 1398 2222 1452 ille
2243 1397 2510 1467 quondam
2543 1396 2744 1453 Christi
2783 1399 2998 1453 censuit
3037 1397 3282 1467 proditor
3310 1397 3526 1468 (Matth.
3567 1415 3716 1465 nrt,

2132 1489 2208 1559 9).
2253 1488 2357 1544 Sed
2385 1489 2574 1544 vellem
2606 1489 2769 1555 scire,
2819 1489 2908 1543 ubi
2962 1503 3087 1543 nam
3132 1489 3209 1543 illi
3263 1489 3374 1544 sint
3422 1505 3715 1560 pauperes.

2133 1578 2266 1633 Nam
2317 1578 2500 1650 (1194)
2547 1593 2708 1633 censu
2760 1579 2996 1634 itatenus
3046 1593 3342 1649 pauperes,
3391 1587 3453 1632 ut
3496 1593 3597 1649 pro
3639 1581 3720 1634 eis

441 1672 662 1738 reddar,
693 1686 816 1726 cum
854 1671 1034 1726 Psalle
1069 1671 1158 1728 illo
1205 1682 1264 1727 ut
1304 1674 1469 1730 libeat
1513 1676 1587 1730 uti
1624 1678 1692 1732 de
1730 1678 1936 1743 multis,
1963 1680 2029 1735 de
2058 1684 2103 1745 Β
2132 1669 2422 1727 restruetio
2449 1671 2668 1726 deberet
2697 1671 3049 1726 ecclesiarum
3081 1671 3264 1742 (etiam
3297 1671 3340 1726 si
3374 1686 3440 1726 es
3481 1686 3620 1734 meo,
3661 1681 3718 1726 ut

441 1761 600 1817 vobis
630 1761 917 1831 specialius
945 1777 1160 1832 quoque
1191 1763 1477 1820 vociferari
1528 1767 1811 1822 notissimo
1837 1785 1855 1822 :
1887 1767 2032 1822 Nar-

443 1863 690 1906 nueerunt
720 1853 848 1907 mihi
871 1853 1041 1923 iniqui
1067 1854 1445 1923 fabulationes,
1472 1858 1561 1912 sed
1593 1874 1698 1913 non
1720 1869 1774 1912 ut
1805 1857 1890 1913 lex
1915 1868 2028 1928 tua,

444 1944 668 2000 Domine
697 1942 868 2017 (Psal.
912 1960 1102 2011 csvut,
1130 1946 1243 2018 85).
1288 1947 1488 2002 Verum
1517 1963 1548 2002 a
1589 1949 1740 2004 vobis
1787 1949 2028 2019 compul-

447 2051 566 2102 sus,
616 2051 739 2091 cum
770 2051 868 2106 pro
900 2037 1156 2106 temporis
1194 2036 1270 2109 [id
1294 2049 1368 2092 est
1399 2039 1676 2108 paschatis
1699 2040 1810 2110 jam
1852 2040 2030 2094 immi-

443 2125 647 2198 nentis]
701 2127 1053 2198 congruentia
1104 2127 1363 2197 gestirem
1409 2143 1552 2182 nunc
1583 2127 1772 2183 saltem
1799 2129 2032 2184 existere

442 2215 688 2281 feriatus,
723 2216 972 2290 [subaudi
999 2215 1191 2289 debeo]
1220 2218 1750 2288 quantulumcunque
1781 2218 2033 2290 apologe-

443 2311 613 2368 ticum
637 2309 903 2364 dictitare.

512 2403 571 2461 2.
615 2403 750 2458 Cum
798 2402 1220 2474 gloriosissimus
1257 2404 1385 2460 hinc
1435 2405 1633 2462 abiisse
1676 2406 2036 2477 disposuisset

451 2495 734 2565 Augustus
763 2493 915 2566 (Otto
939 2495 1006 2566 l),
1049 2496 1281 2552 credidit
1307 2496 1432 2552 ﬁdei
1463 2512 1597 2553 mete
1639 2499 1892 2568 quiddam
1942 2514 2030 2553 ar-

445 2587 612 2660 genti,
654 2600 722 2640 ex
771 2602 878 2657 quo
910 2586 1093 2658 (1193)
1137 2587 1401 2658 perlicere
1441 2588 1693 2645 deberem
1750 2589 2028 2652 basilicam

442 2678 620 2734 sancti
644 2679 896 2748 Zenonis,
932 2679 1241 2750 peculiaris,
1274 2691 1335 2736 ut
1365 2681 1554 2745 scitur,
1586 2682 1754 2737 nostri
1794 2683 2027 2752 patroni,

446 2767 603 2838 501
632 2777 918 2840 postquam
942 2769 1151 2824 scilicet
1178 2771 1382 2836 omnia,
1423 2771 1488 2827 de
1513 2770 1706 2840 quibus
1735 2772 2028 2830 habueram

446 2859 696 2916 victitare
746 2859 838 2933 (ne
867 2860 994 2917 dum
1025 2859 1405 2933 superfuisset,
1450 2865 1612 2930 unde,
1663 2870 1722 2917 ut
1770 2861 2028 2930 suadetis,

2133 1763 2414 1828 debuerat,
2449 1761 2624 1831 lleret)
2659 1777 2960 1828 remanere,
3000 1762 3194 1830 nullos,
3237 1763 3443 1833 gratias
3467 1763 3595 1824 Deo,
3629 1762 3718 1818 hic

2131 1869 2251 1910 esse
2277 1855 2575 1925 comperio,
2625 1855 2728 1909 nisi
2779 1854 3052 1927 (mirabile
3094 1855 3261 1918 dictu,
3295 1853 3718 1923 incredibileque

2133 1949 2339 2018 auditu)
2372 1963 2486 2014 me,
2539 1956 2592 2003 et
2622 1962 2758 2017 quos
2784 1947 2930 2002 alere
2970 1956 3028 2001 ut
3057 1948 3380 2002 domesticos
3421 1948 3718 2002 debueram

2132 2039 2264 2108 ipse.
2309 2038 2415 2093 Sed
2445 2047 2595 2108 puto,
2653 2038 2793 2107 quod
2828 2037 2967 2108 apud
3000 2052 3092 2092 vos
3117 2053 3232 2101 non,
3260 2038 3473 2092 alantur
3514 2037 3617 2092 nisi
3647 2039 3723 2093 ab

2131 2131 2384 2198 episcopo
2429 2142 2716 2200 pauperes.
2769 2127 2874 2182 Sed
2908 2127 3010 2182 hoc
3046 2127 3166 2182 istic
3198 2141 3421 2182 necesse
3459 2141 3567 2181 non
3597 2141 3723 2182 esse

2131 2219 2329 2275 clamat
2357 2217 2652 2276 liberalitas
2672 2217 2879 2288 (1195),
2898 2217 2988 2286 qui
3019 2217 3176 2271 istam
3200 2216 3439 2271 incolunt
3460 2216 3718 2286 patriam,

2131 2311 2394 2378 onmium,
2434 2325 2497 2364 ne
2531 2310 2700 2381 eligas
2729 2310 2814 2364 cui
2846 2309 3176 2374 miserearis,
3208 2316 3532 2378 praeceptum
3562 2323 3716 2362 com-

2130 2402 2366 2456 muniter
2415 2401 2841 2465 observantium,
2891 2409 2946 2456 et
2998 2407 3172 2471 usque
3213 2399 3281 2454 ad
3326 2399 3607 2470 crapulam
3659 2409 3716 2454 α

2130 2493 2446 2548 ebrietatem
2476 2491 2552 2564 [id
2575 2503 2648 2547 est
2684 2491 2970 2564 pauperes]
3001 2507 3095 2547 eos
3121 2502 3308 2547 contra
3339 2492 3432 2546 Dei
3473 2493 3715 2561 cumpel~

2130 2582 2352 2639 lcntium
2381 2592 2504 2638 ante
2546 2583 2734 2637 horam
2762 2597 2974 2652 quoque
2997 2593 3342 2654 prtcceptum,
3375 2598 3499 2637 cum
3546 2581 3709 2636 debe-

2132 2683 2252 2729 rent
2305 2683 2360 2728 et
2399 2673 2497 2745 ipsi
2549 2673 2789 2730 solemne
2841 2674 3129 2742 custodire,
3181 2683 3237 2729 ut
3273 2675 3452 2730 caeteri
3497 2673 3705 2739 ﬁdeles,

2124 2761 2418 2834 jejunium.

2199 2857 2253 2912 3.
2297 2855 2342 2915 Ο
2371 2871 2500 2913 vero
2524 2857 2728 2914 utinam
2759 2857 2849 2930 qni
2875 2873 2977 2914 non
3002 2858 3251 2932 amplius,
3279 2857 3472 2915 saltem
3503 2865 3559 2913 ut
3584 2873 3709 2932 ego,

445 3018 674 3099 positam
700 3031 766 3099 ex
791 3017 1052 3099 gregario
1079 3017 1379 3099 Turonensi
1417 3017 1644 3099 aliisque
1660 3017 1884 3099 mellite
1902 3027 2032 3099 teta-
2059 3035 2105 3099 ο
2137 3017 2194 3074 S.
2225 3016 2456 3099 zenonis
2499 3015 2747 3099 basilica,
2803 3015 2954 3084 cujus
2998 3015 3213 3099 quidem
3244 3002 3712 3099 qtﬁurrisnconstmi

450 3090 519 3170 tis
555 3088 1212 3170 scripteribus‘-notarunt
1256 3090 1360 3144 viri
1403 3089 1620 3170 eruditi.
1657 3088 1799 3170 Lege
1847 3089 2030 3170 Fabri—

445 3160 615 3226 cium,
647 3159 899 3215 Biblioth.
922 3160 1041 3215 Lat.
1081 3161 1176 3215 lib.
1227 3176 1309 3227 ιιι,
1332 3176 1381 3215 e.
1409 3159 1493 3214 15.
1527 3159 1650 3214 Haec
1672 3159 1842 3230 prima
1875 3161 2030 3218 valde

445 3230 656 3298 prolixa
675 3271 698 3297 ,
740 3231 906 3301 etiob
933 3230 1296 3301 prolixitatem
1342 3239 1504 3300 atque
1537 3230 1805 3301 syntaxim
1833 3232 2028 3298 perob-

444 3313 606 3354 scura
641 3300 893 3371 periodus
935 3300 1002 3371 ut
1031 3301 1377 3371 intelligatur,
1407 3302 1592 3371 paucis
1619 3300 1734 3368 ejus
1760 3302 2028 3371 sententia

441 3369 795 3440 proponenda
826 3380 928 3426 est.
962 3369 1303 3426 Cavillatoris
1347 3369 1614 3440 colloquia
1661 3385 1784 3423 cum
1824 3369 2028 3425 Ruthe-

445 3441 550 3506 sio,
577 3456 697 3511 quae
724 3441 958 3509 ineptam
996 3441 1359 3496 urbanitatem
1390 3440 1777 3511 praeferebant,
1806 3449 1860 3495 et
1889 3442 2029 3495 scri-

443 3509 741 3582 ptiunculae
779 3511 850 3565 ad
899 3511 1211 3582 Ratberium
1255 3509 1492 3582 directae,
1542 3525 1662 3579 qua:
1688 3509 1823 3582 Aaloe
1851 3514 2028 3580 potius

447 3578 611 3652 quam
641 3580 796 3652 melle
821 3579 977 3636 eraul
1017 3582 1246 3642 refertae.
1285 3583 1358 3636 ita
1385 3581 1545 3652 istum
1565 3578 1940 3652 coniecerant,
1973 3591 2030 3635 ut

441 3649 551 3722 ipsi
579 3651 874 3707 cavillatori
902 3663 1088 3722 aptare
1115 3665 1272 3721 posse
1316 3649 1607 3722 crediderit
1649 3649 1739 3703 illa
1771 3651 1988 3722 pavidis
2012 3669 2024 3705 :

448 3720 818 3792 Narravemnt
845 3717 972 3779 mihi
996 3717 1160 3792 iniqui
1181 3721 1554 3792 fabulationes,
1608 3729 1715 3775 etc.
1762 3717 2028 3778 Construe

448 3805 579 3845 vero
607 3793 684 3846 sic
709 3809 721 3844 :
763 3790 867 3844 Illa
896 3803 1041 3846 tanta
1079 3790 1245 3846 uestra
1274 3791 1544 3845 urbanitas
1564 3831 1578 3854 ,
1630 3805 1789 3859 quam
1821 3791 2028 3846 trahitis

449 3861 515 3931 de
543 3859 806 3931 Martiano
837 3871 883 3914 et
924 3863 1124 3915 cwteris
1151 3861 1478 3931 hujusmodi,
1507 3875 1729 3931 quorum
1761 3861 1904 3914 haud
1926 3862 2028 3930 dif-

449 3929 603 3999 ιὶιεοι·
628 3945 706 3982 me
697 3929 840 4050 Jore
870 3941 1014 3984 tanto
1043 3929 1282 3984 securum
1317 3942 1467 3999 atque
1489 3930 1812 3999 incupidum,
1832 3929 2027 4001 quanto

449 4013 630 4050 uereor
676 3999 694 4050 i
735 3999 808 4050 ad
855 4001 1082 4050 eloaium
1132 4015 1281 4050 posse
1336 3998 1574 4050 nonnihil
1604 3998 1790 4050 cadere
1824 4005 1878 4050 in
1924 4017 2025 4050 me.

449 4013 630 4068 vereor
676 3998 808 4068 illud
855 4001 1082 4068 elogium
1131 4015 1281 4068 posse
1336 3998 1574 4052 nonnihil
1604 3998 1790 4052 cudere
1824 3998 1878 4054 in
1924 4017 2025 4066 me,

450 4068 588 4138 quod
595 4067 709 4141 jam
737 4067 862 4141 olim
887 4067 1495 4141 veracissimeprolatum
1519 4079 1591 4122 est
1614 4068 1678 4120 de
1695 4069 2026 4141 quibusdam,

448 4136 508 4192 stt
547 4136 757 4191 etvalet
807 4138 871 4191 de
909 4138 1047 4192 vobis
1098 4136 1362 4209 proferri:
1415 4139 1639 4207 Semper
1667 4137 1936 4209 dicentes,
1976 4151 2030 4195 et

448 4209 726 4278 nunquam
780 4209 845 4262 ad
879 4206 1124 4264 veritatis
1169 4206 1527 4278 cognitionem
1547 4206 1867 4278 venientes;
1919 4209 2028 4264 lucc

449 4276 669 4349 eadem,
707 4277 950 4348 inquam,
1004 4287 1181 4344 tanta,
1237 4276 1591 4349 ineptissimo,
1632 4277 1746 4349 imor
1788 4279 2028 4347 pernulla

449 4346 1122 4420 urbanitasphilocompiw
1180 4349 1255 4420 (id
1301 4346 1385 4402 est
1421 4363 1572 4401 vana:
1617 4346 1827 4420 glorite)
1871 4350 2027 4419 aﬁicit

450 4433 556 4490 ine,
601 4418 848 4490 ut_dun_t_
890 4420 1033 4488 (ego)
1087 4417 1482 4490 grauatissimus
1515 4417 1764 4490 angustia
1810 4417 2028 4490 (et'vos

450 4486 705 4559 invicem)
747 4485 1121 4559 colloquimur,
1173 4491 1298 4543 dum
1348 4487 1551 4559 mittitis
1598 4485 1728 4540 mihi
1772 4485 2027 4559 apiculos,

449 4571 551 4630 seu
575 4557 802 4628 scripta,
828 4557 904 4630 vel
920 4559 1312 4630 Aineptiunculas
1343 4558 1597 4630 quasdam
1633 4557 1888 4630 gestantes
1911 4558 2030 4630 plus

449 4625 592 4680 aloes
617 4625 776 4698 quam
805 4628 1000 4694 mellis,
1019 4625 1152 4698 plus
1181 4625 1364 4683 veneni
1397 4627 1671 4684 certissimi
1704 4643 1860 4698 quam
1885 4625 2031 4682 salu-

451 4698 584 4769 laris
613 4697 850 4769 antidoti
892 4698 970 4769 (ut
1011 4699 1188 4768 utique
1222 4701 1374 4769 modo
1421 4707 1654 4769 optarem
1714 4697 2028 4767 prohibitum

450 4764 712 4840 famulum
740 4764 1075 4840 peraequatur,
1103 4764 1172 4840 ne
1198 4764 1380 4840 saltent
1411 4764 1722 4840 loqueretur
1751 4769 1911 4840 uobis,
1941 4784 2029 4840 ne-

449 4835 579 4909 dum
623 4835 847 4909 αἱρετοί
873 4835 918 4891 α’
947 4839 1084 4909 vobis
1112 4837 1331 4909 aliquod
1344 4835 1875 4909 jttraininis)_reddar
1895 4837 2026 4909 adeo

449 4905 886 4972 confectisiimus,
926 4917 983 4960 ut
1025 4905 1358 4962 libeat'cum'
1395 4905 1575 4960 Psalle
1621 4906 1712 4960 illo
1759 4908 2026 4961 notissimo

448 4974 728 5045 uociferari
753 4977 831 5028 uti
861 4978 927 5032 de
963 4978 1160 5038 multis,
1209 4976 1484 5045 specialius
1505 4992 1709 5045 quoque
1746 4979 1808 5030 de
1844 4978 2024 5035 vobis:

453 5042 1014 5130 Narraveruntueuiki,
1046 5058 1153 5102 etc.
1185 5042 1817 5130 Famulusup'crnequatn,
1869 5061 2026 5113 quem

2134 3090 2300 3159 cmpit
2335 3098 2538 3159 tantum
2569 3084 3035 3159 saeculoﬂsequenti
3068 3101 3210 3159 anno
3240 3085 3395 3140 1045.
3424 3084 3558 3159 Cum
3586 3100 3715 3139 vero

2134 3155 2275 3213 inter
2325 3158 2580 3213 ecclesias
2635 3158 2701 3211 ab
2760 3155 3029 3226 Hurigaris
3087 3156 3337 3210 incensas
3385 3170 3450 3209 ac
3504 3155 3715 3226 dirutas

2133 3229 2279 3283 illam
2312 3227 2369 3283 S.
2403 3227 2666 3290 Zenonis,
2707 3241 2827 3296 qua:
2857 3223 2909 3281 in
2951 3226 3208 3280 suburbio
3241 3225 3345 3279 sita
3380 3232 3500 3296 erat
3522 3264 3538 3288 ,
3570 3223 3713 3279 Pan—

2130 3299 2307 3354 viuius
2340 3299 2539 3353 referat
2583 3293 2740 3352 libro'
2765 3297 2954 3366 quinto
2993 3296 3390 3365 Antiquitatum
3439 3293 3715 3366 Veronens-

2131 3370 2270 3424 sium
2302 3383 2351 3424 c.
2399 3367 2508 3432 25;
2542 3363 2796 3421 dubitare
2832 3365 2976 3430 licet,
3019 3363 3165 3419 num.
3219 3380 3317 3432 pro
3346 3363 3596 3433 per/icere
3636 3364 3713 3418 le-

2130 3440 2360 3508 gendum
2388 3437 2710 3504 sitre/icere.
2764 3436 3052 3508 Enimvero
3101 3435 3270 3489 solam
3321 3433 3711 3508 restruetionem

2129 3503 2466 3563 Ecclesiarum
2500 3503 2620 3577 pust
2657 3506 2921 3577 nonnulla
2959 3515 3385 3568 commemorat;
3436 3512 3491 3577 et
3513 3503 3712 3557 clarius

2130 3593 2280 3632 num.
2305 3577 2359 3642 3,
2388 3572 2514 3632 duni
2543 3593 2572 3631 a
2608 3576 3010 3631 cavillatoribus
3041 3589 3304 3645 pauperes
3303 3572 3579 3645 praelatos
3603 3583 3713 3645 tra-

2131 3650 2208 3702 dit
2231 3649 2523 3702 necessitati
2561 3647 2851 3702 restruendi
2891 3642 3179 3709 basilicam,
3214 3644 3272 3698 S.
3301 3642 3538 3697 Zenonis
3568 3642 3713 3697 basi-

2129 3716 2286 3772 licam
2315 3718 2686 3773 restruendam
2713 3717 2988 3788 designat,
3027 3717 3082 3770 in
3108 3714 3262 3788 cujus
3293 3713 3711 3788 restruetionem

2128 3788 2356 3857 pecunia
2405 3787 2472 3842 ab
2506 3783 3098 3857 iniperatorefcollata,
3150 3784 3499 3857 inupaupcres
3527 3783 3713 3857 potius

2129 3853 2457 3913 conferenda
2497 3873 2527 3911 a
2581 3853 2893 3911 memoratis
2923 3853 3325 3910 cavillatoribus
3358 3853 3706 3907 credebatur.

2131 3927 2250 3982 Mox
2281 3938 2534 3982 construe
2560 3927 2670 3981 sic:
2699 3936 2973 3996 postquam
3014 3925 3212 3996 scilicet
3241 3923 3369 3996 ejus
3397 3923 3713 3993 (imperato-

2129 3997 2226 4068 ris)
2259 4013 2361 4068 non
2394 3998 2510 4068 dico
2536 3993 2784 4068 potentia,
2819 3993 2946 4064 nego
2984 3993 3370 4068 uiolentia,sed
3395 4003 3532 4046 certe
3578 4007 3712 4068 prte-

2129 4061 2296 4140 sentia
2327 4061 2602 4140 (nimirum
2622 4065 2708 4140 ⁸οὶ)
2741 4061 2987 4140 ingentes
3017 4063 3398 4140 hospitalitatis
3441 4061 3710 4140 sumptus)

2130 4134 2465 4206 abligurierat
2493 4135 2687 4206 omnia,
2717 4135 2780 4188 de
2804 4134 2992 4206 quibus
3012 4135 3299 4206 habueram
3338 4134 3599 4206 victitare,
3620 4134 3714 4206 ne;

2130 4201 2256 4260 dum
2296 4205 2656 4282 superfuisset,
2696 4201 3074 4282 undepossem
3125 4203 3300 4273 facere
3337 4203 3545 4282 aliquas
3582 4201 3714 4282 elec-

2131 4272 2394 4347 mmynas,
2418 4272 2472 4330 ut
2501 4274 2966 4347 suadetis,_relicto
2993 4275 3092 4327 isto
3124 4272 3298 4347 opere,
3346 4272 3435 4347 qui
3465 4272 3712 4347 commist-

2130 4363 2220 4400 sus
2245 4340 2329 4400 'est
2353 4340 2482 4400 mea:
2522 4344 2666 4413 ﬁdei.
2704 4343 2847 4398 Nihil
2889 4344 2941 4396 in
2973 4351 3120 4398 textu
3141 4340 3581 4413 Aimmutavimus,
3606 4340 3709 4394 nisi

2131 4418 2270 4486 quod
2301 4411 2616 4486 scripsimus
2644 4414 2871 4486 aliquas,
2903 4415 2992 4467 ubi
3021 4411 3299 4486 legebatur
3323 4427 3478 4486 quas.

2202 4486 2384 4556 (1194)
2413 4478 2688 4541 ’ϐοηειιιιθ
2717 4478 2740 4537 ε’
2759 4483 2898 4537 Nam
2937 4478 3196 4552 contp'erio
3230 4481 3314 4535 hic
3335 4478 3535 4556 'nullos
3578 4478 3709 4548 (Deo

2130 4552 2351 4626 gratias)
2368 4552 2478 4610 esse
2503 4556 2727 4626 itatenus
2743 4569 2996 4626 pauperes
3020 4568 3200 4617 censu,
3224 4560 3280 4626 ut
3308 4568 3403 4620 pro
3423 4552 3710 4626 eis_restru-

2131 4619 2232 4679 ctio
2284 4619 2618 4681 ecclesiarum
2668 4619 2870 4676 deberet
2917 4638 3183 4676 remanere
3232 4619 3362 4690 (seu
3418 4619 3706 4688 relinqui),

2129 4696 2336 4748 etiamsi
2377 4695 2521 4764 ﬁeret
2561 4709 2626 4748 ea:
2647 4710 2760 4746 meo
2779 4733 2794 4759 ,
2824 4702 2878 4745 ut
2913 4692 3194 4757 debuerat;
3228 4691 3400 4764 nullos
3419 4691 3706 4764 ,_inquam,

2131 4765 2215 4817 hic
2243 4781 2352 4819 esse
2375 4760 2626 4834 pauperes
2667 4765 2767 4819 nisi
2797 4779 2898 4827 me,
2927 4773 2973 4817 et
2998 4779 3091 4834 eos
3129 4778 3257 4833 quos
3292 4760 3706 4834 ipse‘debuerant

2130 4835 2269 4889 alere
2314 4829 2762 4890 ut'domesticos:
2798 4833 3035 4888 mirabile
3076 4829 3242 4900 dictu,
3309 4829 3358 4887 et
3402 4829 3706 4888 incredibile

2128 4908 2335 4962 auduu.

2202 4975 2387 5050 (H95)
2424 4975 2689 5050 Construe
2715 4989 2730 5027 :
2761 4972 2951 5028 clamat
2997 4971 3286 5050 liberalitas
3323 4971 3578 5034 omnium,
3616 4969 3705 5050 qui

2128 5044 2376 5130 incolunt
2393 5048 2618 5128 patriam
2657 5046 2832 5107 istam,
2874 5045 3125 5130 omniurn,
3150 5044 3386 5124 inquam,
3415 5044 3706 5122 eomiuuni-
