4044 5348
213 181 321 241 633

1458 186 1659 243 ιιιιειι
1697 185 2239 249 Αροιοοετιοιιε.

3378 194 3483 251 σῖιι

212 284 413 354 modos
439 313 469 353 a
497 297 655 355 beato
672 296 933 372 Gregorio
962 298 1211 374 praefixos
1230 302 1485 373 erogandi
1513 316 1798 373 cognosce-
1827 312 1875 368 Α
1903 302 2065 357 dituri
2095 322 2107 357 :
2150 301 2347 370 Venite,
2370 303 2623 358 benedicti
2658 303 2832 359 Patris
2856 306 2977 371 mei,
3000 316 3245 377 pereunte
3272 322 3483 378 regnum

215 396 326 455 ret,
346 388 689 459 approbaret,
714 390 954 461 diligeret
979 390 1125 458 illos;
1158 393 1802 463 invenitetproculdubio

214 488 274 535 et
299 481 520 548 talibus,
552 494 687 553 quos
722 479 934 538 Domini
963 486 1135 540 nostri
1173 485 1450 541 basilica’m
1499 486 1803 541 restruendi

218 573 536 628 necessitati
559 573 849 643 prmfertis,
877 575 1275 647 eleemosynam
1298 577 1557 631 divinitus
1586 577 1805 631 omnino

217 660 434 734 negari.
479 660 561 716 Da
595 665 739 718 enim
760 704 775 730 ,
809 665 916 729 ait,
944 667 1132 737 justo;
1171 675 1226 720 et
1256 684 1319 721 ne
1343 669 1599 738 suscipias
1627 685 1807 737 pecca-

218 762 389 806 torem
434 751 632 824 (Eccle.
678 770 773 818 xu,
817 754 893 826 2).
926 754 1043 821 Quo
1084 757 1263 827 (1196)
1304 757 1491 825 utique
1517 767 1805 827 praecepto,

219 854 275 897 et
308 843 505 912 quibus
543 859 764 899 censum
792 845 1125 916 imperialem
1156 846 1316 902 tribui
1348 848 1604 912 suadetis,
1636 848 1810 916 repel-

219 932 414 988 luntur
453 934 711 1005 peculiari
761 950 858 1005 pro
905 937 1059 1007 culpa
1094 952 1109 991 :
1142 936 1302 1008 502
1331 948 1381 993 et
1415 938 1601 993 beatus
1644 937 1809 1003 Zeno,

217 1036 390 1091 quem
438 1022 681 1079 fraudari
723 1025 824 1081 sibi
859 1042 1119 1082 concesso
1166 1028 1491 1083 contenditis
1519 1029 1715 1098 pretio,
1744 1029 1813 1083 ad

221 1114 595 1184 recipiendum
618 1132 718 1186 pro
738 1117 951 1187 justitia
968 1118 1270 1174 assumitur
1296 1120 1536 1188 propria.
1564 1119 1813 1174 Fratrem

220 1207 370 1261 enim
410 1206 466 1260 in
502 1207 628 1261 sede
667 1210 967 1277 majestatis
1001 1210 1276 1265 sedentem
1316 1210 1499 1281 (1197)
1540 1209 1816 1280 appellan-

222 1300 355 1353 dum
406 1300 553 1354 credi
596 1302 854 1371 competit
894 1303 1087 1370 ipsum,
1132 1318 1291 1370 quam
1325 1301 1557 1371 aliquem
1596 1302 1815 1368 talium,

221 1382 427 1461 quibus
459 1392 702 1461 insuper,
759 1407 827 1446 ne
875 1394 1132 1447 audiant:
1165 1392 1478 1447 Disceditea
1513 1408 1612 1458 me,
1664 1392 1819 1445 malc-

223 1486 376 1550 dicti,
412 1486 464 1539 in
494 1486 663 1555 ignent
690 1496 963 1551 wternum,
1002 1487 1091 1557 qui
1123 1495 1344 1556 paratus
1397 1496 1471 1540 est
1524 1484 1733 1539 diabolo
1770 1494 1817 1539 et

225 1576 428 1645 angelis
450 1578 565 1647 ejus
590 1577 807 1647 (Matth.
831 1594 989 1644 χχιιι,
1015 1577 1131 1647 Li),
1158 1579 1401 1635 nonnihil
1422 1587 1506 1634 est
1527 1578 1821 1633 formidan-

1905 395 2093 461 (lbid.,
2141 395 2233 465 44)
2262 414 2274 448 :
2304 397 2501 451 nedum
2549 396 2693 464 quod
2749 395 2817 449 ab
2860 396 2967 451 alio
3019 396 3258 465 quolibet
3286 399 3365 451 eis
3400 407 3485 453 est

1905 481 2229 552 delegatum,
2276 482 2435 537 nobis
2491 482 2865 546 commissmn,
2918 484 3049 553 ipsis
3096 483 3394 547 auferatur,
3432 496 3487 539 et

1907 575 2013 630 illis
2061 572 2407 640 conferatur;
2457 590 2581 631 cum
2603 576 3071 645 perSpieacissime
3107 577 3289 647 (1200)
3318 578 3383 631 de
3407 580 3487 632 eis

1908 666 2199 737 Sapientiae
2250 666 2386 721 liber
2418 684 2431 719 :
2465 666 2691 720 Prohibe
2742 683 2927 736 panem
2982 668 3088 723 illis
3127 670 3254 722 dare
3294 666 3486 738 (Eccli.

1907 774 2023 821 xu,
2054 759 2145 829 6),
2187 759 2461 813 contineat
2495 756 2653 828 503
2694 757 2893 812 dictum
2941 772 2955 811 :
2999 768 3053 813 et
3088 759 3376 829 Apostolus
3426 760 3492 813 de

1910 850 2215 921 huiusmodi
2242 851 2453 914 domos,
2480 865 2602 903 eum
2640 851 2887 905 manibus
2913 850 3088 905 victus
3116 850 3316 921 aliquid
3348 853 3496 906 scili-

1911 952 1999 997 cet
2029 941 2269 997 valerent
2292 941 2597 1011 acquirere,
2630 941 3018 997 circuientibus
3042 944 3314 997 censuerit
3349 961 3360 995 :
3389 942 3493 1007 Qui

1912 1051 2016 1089 non
2056 1044 2334 1103 operatur,
2391 1033 2669 1103 inquiens,
2716 1049 2807 1087 nec
2861 1035 3139 1088 manducet
3231 1033 3278 1105 (1
3336 1033 3490 1088 Thes.

1914 1142 1993 1192 Ill,
2027 1127 2138 1195 10).

1985 1221 2037 1271 4.
2084 1217 2225 1286 Quid
2289 1218 2497 1289 magis?
2555 1216 2849 1271 Maximum
2904 1217 3105 1272 instare
3147 1217 3278 1272 mibi
3333 1232 3497 1273 cerno

1915 1309 2153 1378 undique
2205 1308 2470 1378 prtelium.
2527 1307 2643 1363 Non
2698 1308 3013 1375 oscitando,
3073 1309 3282 1374 fateor,
3323 1318 3406 1363 cst
3430 1310 3499 1362 ad

1916 1398 2085 1455 Deum
2113 1399 2454 1453 clamandum
2486 1414 2500 1453 :
2537 1398 2650 1452 Fac
2679 1416 2899 1464 mecum,
2942 1399 3179 1462 Domine,
3203 1400 3407 1470 signum
3446 1402 3501 1453 in

1919 1492 2131 1555 bonum,
2158 1501 2212 1544 ut
2245 1491 2452 1545 rideant
2474 1492 2564 1561 qui
2592 1508 2673 1545 nte
2704 1492 2947 1556 oderunt,
2990 1501 3037 1544 et
3070 1490 3461 1559 confundantur
3483 1506 3501 1543 :

1918 1582 2256 1649 quoniamut,
2284 1579 2526 1645 Domine,
2554 1582 2803 1650 adjuviin
2831 1596 2932 1646 me,
2963 1591 3010 1633 et
3038 1580 3335 1634 consolatus
3357 1597 3409 1634 es
3424 1596 3504 1633 tne

226 1668 380 1719 dum.
428 1665 545 1721 Non
592 1666 853 1723 fratribus
892 1670 1060 1737 enim,
1108 1671 1201 1725 sed
1240 1670 1412 1741 magis
1451 1670 1825 1741 perexlrancis
1852 1672 1898 1731 Β
1929 1669 2099 1743 (ΡεηΙ.
2126 1688 2297 1733 xxxv,
2330 1672 2439 1740 17).
2483 1671 2710 1737 Quidam
2742 1673 2885 1725 enim
2932 1672 3045 1725 sive
3076 1671 3300 1740 putatis,
3333 1670 3445 1724 sive
3474 1686 3509 1724 ει

226 1756 491 1811 intentari
539 1757 847 1813 maledictio
895 1761 1138 1816 cernitur
1192 1760 1333 1815 talis.
1392 1760 1527 1815 Cum
1572 1776 1700 1816 vero
1754 1760 1821 1815 de

236 1863 554 1902 mammona
590 1848 891 1918 iniquitatis
912 1852 981 1906 ob
1004 1852 1106 1905 boc
1140 1852 1299 1906 amici
1336 1853 1446 1906 sint
1475 1852 1729 1917 faciendi,
1766 1860 1822 1904 ut

229 1951 332 1991 nos
382 1939 437 1991 in
483 1950 679 1993 wterna
726 1944 975 2011 recipiant
1022 1943 1357 1996 tabernacula
1407 1943 1560 2015 (Luc.
1600 1960 1711 2008 xvt,
1741 1943 1819 2013 9),

231 2046 357 2087 cum
404 2046 511 2086 non
538 2032 739 2087 dictum
785 2034 854 2087 sit
900 2034 1131 2100 mittant,
1160 2034 1254 2089 sed
1278 2035 1528 2104 recipiant
1552 2052 1570 2099 ;
1594 2050 1824 2105 pensan-

233 2124 363 2177 dum
388 2124 479 2193 qui
508 2140 627 2189 nos,
662 2124 706 2179 si
739 2140 804 2179 ex
835 2136 1022 2181 nostro
1045 2141 1261 2196 quoque
1288 2126 1615 2191 faceremus,
1645 2128 1825 2197 potius

234 2211 461 2279 quirent
504 2214 559 2267 in
618 2229 681 2268 ea
733 2216 995 2285 recipere,
1054 2226 1274 2271 sanctus
1313 2217 1497 2286 utique
1555 2217 1649 2285 qui
1700 2232 1823 2270 cum

233 2302 417 2371 judice
465 2303 749 2359 audituros
789 2305 1088 2376 judicabit,
1123 2305 1335 2373 Venite,
1371 2323 1439 2361 an
1479 2308 1601 2372 isti,
1628 2307 1825 2377 quibus

238 2394 475 2459 dicetur,
504 2392 785 2449 Discedite.
823 2394 1093 2465 Pauperes
1122 2412 1251 2467 ergo
1278 2398 1471 2466 spiritu
1501 2397 1601 2452 hac
1637 2405 1824 2451 aucto-

238 2484 405 2537 ritate
433 2493 561 2537 sunt
589 2483 818 2555 eligendi
845 2502 859 2551 ;
892 2485 1120 2555 ipsorum
1161 2496 1233 2540 est
1260 2487 1396 2540 enim
1439 2502 1651 2556 regnum
1676 2486 1829 2539 caelo-

238 2592 355 2627 rum
387 2574 541 2644 (Luc.
573 2591 628 2641 ν,
655 2575 906 2647 5):quod
939 2577 1093 2632 nobis
1117 2577 1366 2632 videlicet
1394 2578 1439 2633 si
1470 2577 1655 2631 volunt
1686 2592 1827 2647 pra:-

239 2677 409 2731 stare,
436 2667 728 2730 credimus,
747 2678 993 2738 possunt,
1012 2679 1069 2723 ut
1096 2670 1280 2740 utique
1307 2684 1484 2724 suum.
1517 2668 1649 2736 Quis
1676 2669 1824 2723 enim

236 2760 385 2829 quod
419 2775 528 2814 non
562 2760 727 2815 habet
746 2761 906 2815 alicui
936 2763 1183 2817 confert?
1213 2762 1346 2829 Quis
1373 2762 1517 2832 quod
1543 2778 1699 2818 suum
1724 2769 1828 2827 est,

242 2872 348 2908 non
385 2856 472 2910 cui
507 2855 648 2911 volet
678 2867 761 2911 est
798 2858 944 2927 potis
979 2858 1161 2929 largiri
1184 2860 1206 2913 ?
1229 2859 1339 2914 Nec
1365 2860 1466 2915 hoc
1490 2859 1740 2922 dicimus,
1774 2867 1832 2913 ut

242 2956 459 3001 natura:
494 2949 933 3004 communionem
966 2951 1161 3022 negligi
1192 2952 1243 3005 in
1275 2952 1476 3021 aliquo,
1503 2952 1614 3006 sive
1632 2952 1830 3022 justus,

1925 1779 1984 1817 se
2008 1764 2178 1834 magis
2206 1762 2481 1827 confictis,
2523 1778 2609 1816 me
2636 1762 2881 1832 jaculant
2906 1762 3243 1816 criminibus.
3275 1760 3502 1828 Quidam

1924 1853 2096 1918 bona,
2125 1854 2173 1907 si
2203 1870 2304 1923 qua
2337 1855 2521 1909 videor
2550 1868 2711 1922 agere
2730 1894 2743 1919 ,
2771 1854 3006 1907 sinistris
3038 1853 3502 1924 interpretation?-

1924 1943 2025 1998 bus
2048 1960 2154 1999 non
2186 1944 2440 1999 desinunt
2465 1944 2755 1999 infuscare.
2794 1943 3212 1998 Tolerabiliorcs
3243 1954 3297 1997 at
3321 1940 3503 2013 judictt

1925 2048 2039 2099 eos,
2067 2035 2157 2103 qui
2193 2033 2317 2088 mali
2344 2050 2464 2101 cum
2506 2034 2883 2104 innegabiliter
2910 2042 3155 2099 exstent,
3197 2034 3333 2088 mala
3368 2035 3498 2087 malo

1927 2140 2021 2179 seu
2055 2124 2179 2180 ficta
2208 2140 2302 2178 seu
2324 2132 2472 2178 certa
2501 2123 2816 2193 proferunt;
2848 2138 3009 2193 quam
3047 2122 3137 2193 qui
3186 2123 3347 2185 bona,
3381 2120 3508 2174 bum

1928 2216 2055 2269 dum
2085 2213 2342 2269 aﬂ‘ectant
2372 2214 2563 2279 videri,
2608 2214 2653 2267 si
2683 2228 2786 2282 qua
2831 2212 2961 2267 mihi
2988 2221 3286 2267 cernuntur
3316 2212 3511 2273 inesse,

1929 2306 2067 2360 male
2090 2306 2447 2375 proferentes,
2485 2304 2774 2361 candidum
2799 2305 2957 2375 nigro
2985 2304 3274 2373 detnrpant
3305 2302 3508 2358 colore.

1934 2396 2043 2453 Sed
2098 2397 2545 2466 prudentissime,
2598 2412 2750 2466 rogo,
2799 2395 2981 2450 edicas
3029 2397 3223 2459 amice,
3261 2395 3517 2464 impensa:

1931 2507 2050 2560 qua:
2076 2488 2457 2545 construendis
2491 2488 2575 2543 vel
2605 2489 2960 2552 restrnendis,
2993 2502 3060 2542 ne
3083 2487 3204 2541 dico
3239 2487 3515 2548 ornandis,

1932 2578 2286 2635 conferuntur
2312 2577 2579 2642 ecclesiis,
2606 2592 2711 2632 non
2738 2577 2835 2631 tibi
2862 2576 3115 2631 videntur
3140 2575 3352 2646 erogari
3382 2590 3517 2644 pan-

1929 2673 2191 2743 peribus?
2248 2674 2618 2739 Quorumnam
2688 2672 2830 2725 enim
2902 2670 3201 2725 commodis
3258 2667 3522 2738 prosunt?

1934 2764 2121 2819 Nonne
2146 2779 2333 2819 eorum
2360 2764 2452 2832 qui
2477 2771 2689 2817 starent
2719 2761 2820 2817 sub
2842 2761 2984 2826 divo,
3015 2760 3128 2815 sole
3160 2767 3519 2822 torrerentur,

1935 2854 2107 2909 imbre
2140 2853 2535 2919 madescerent,
2584 2851 2703 2922 gelu
2758 2850 3058 2922 frigerent?
3111 2850 3348 2917 Quorum
3392 2864 3523 2903 vero

1936 2943 2111 3013 major
2141 2959 2268 3013 pars
2298 2944 2466 2996 intrat
2496 2942 2803 3007 ecclesiam,
2852 2942 3169 3007 divitumne,
3211 2957 3277 2994 an
3318 2955 3491 3011 egeno
3512 2970 3525 2980 ο

238 3042 357 3095 sive
404 3040 637 3111 injustas
663 3041 752 3097 ille
791 3042 881 3108 sit,
915 3044 1259 3111 suadeamus,
1297 3046 1392 3100 sed
1451 3053 1507 3100 ut
1540 3044 1831 3113 genuinum
1861 3032 1906 3096 C
1942 3034 2348 3090 rurn?Millibus
2378 3032 2430 3105 [f
2451 3074 2466 3099 ,
2497 3032 2687 3105 millia]
2715 3032 2896 3104 (1201)
2934 3048 3063 3104 ergo
3090 3034 3305 3087 domum
3345 3032 3413 3086 ab
3441 3032 3526 3088 bis

240 3130 434 3200 (1198)
482 3140 721 3185 vestrum
744 3148 842 3188 nos
877 3133 949 3187 ita
977 3134 1254 3190 rodentem
1281 3134 1481 3205 pistillo
1530 3134 1836 3204 lmjusmodi

244 3232 625 3277 conteramus.
657 3223 921 3279 Omnibus
947 3226 1090 3279 enim
1122 3241 1245 3280 cum
1270 3226 1583 3281 noverimus
1606 3226 1840 3280 benevo—

246 3314 479 3368 lentiam
542 3314 613 3368 ob
673 3321 877 3369 naturre
924 3315 1331 3370 similitudinem
1378 3315 1833 3385 impendendam;

248 3403 571 3467 domesticis
616 3414 795 3459 tamen
833 3404 954 3459 lidei
996 3404 1140 3477 (Gal.
1182 3421 1259 3470 vr,
1286 3406 1394 3475 10),
1425 3420 1521 3474 per
1543 3420 1679 3473 quos
1701 3404 1843 3458 deri-

251 3502 419 3549 vatur
447 3492 516 3546 ad
540 3492 868 3548 domesticos
893 3495 1056 3548 etiam
1097 3495 1212 3560 Dei,
1242 3494 1528 3563 specialius
1557 3493 1841 3563 perpendi-

252 3599 378 3639 mus
425 3581 826 3638 cxbibendam:
862 3601 925 3639 ac
976 3601 1073 3655 per
1116 3587 1218 3640 hoc
1267 3586 1447 3656 (1199)
1496 3585 1625 3638 nulli
1672 3584 1841 3648 valeo,

253 3678 422 3731 etiam
457 3677 585 3745 ipsi,
622 3679 847 3732 suadeat
876 3679 943 3745 si,
974 3680 1163 3751 angelo
1185 3681 1433 3743 credere,
1462 3679 1847 3750 acceptabilius

253 3770 371 3823 Deo
412 3769 680 3834 existere,
713 3771 929 3840 propria
963 3780 1145 3826 nostra
1188 3773 1494 3827 substantia
1530 3781 1586 3824 ιιι
1609 3771 1687 3825 eis
1725 3785 1849 3838 pro-

255 3860 522 3916 babiliter
552 3862 838 3923 tribuatur,
873 3862 1290 3931 quibusdicetur
1319 3881 1331 3916 :
1364 3862 1461 3927 Ite,
1482 3861 1768 3925 maledicti,
1794 3862 1849 3913 in

257 3956 433 4026 ignem
457 3963 710 4013 a'ternum
726 3951 938 4025 (Matth.
956 3970 1083 4021 xxv,
1099 3954 1187 4026 41)
1206 3972 1220 4021 ;
1246 3955 1501 4025 neglectis
1513 3953 1603 4025 qui
1619 3965 1745 4009 sunt
1758 3970 1851 4010 au-

261 4109 472 4172 cteteri,
500 4109 643 4162 idem
670 4106 933 4177 jejunium
961 4108 1236 4164 custodire
1264 4109 1458 4164 debere
1490 4109 1685 4162 tradit:
1713 4109 1854 4164 unde

264 4183 321 4236 in
369 4179 632 4250 synodica
676 4195 825 4232 num.
874 4179 955 4241 15,
989 4179 1135 4234 solos
1163 4181 1429 4250 parvulos,
1455 4188 1502 4232 et
1526 4182 1671 4233 senio
1701 4180 1848 4250 graui

266 4249 567 4329 confectos,
617 4257 772 4320 atque
813 4250 1119 4329 inﬁrmos-tt
1156 4249 1271 4329 lege
1295 4250 1483 4319 jejunii
1517 4250 1737 4329 excipit.
1767 4249 1851 4303 111.

268 4330 394 4375 ante
414 4318 826 4389 horamrnOnam
852 4318 1123 4388 intelligit,
1149 4318 1411 4389 adquam
1444 4333 1614 4388 usque
1644 4318 1696 4372 in
1722 4334 1856 4387 qua-

1937 3128 2113 3182 tribus
2142 3124 2499 3179 incommodis
2522 3132 2761 3178 tuentem
2785 3124 3069 3194 providere
3096 3126 3379 3193 utriusque
3413 3125 3513 3179 bo-

1940 3220 2146 3274 minum
2186 3216 2466 3286 qualitatis
2493 3216 2635 3285 quod
2669 3231 2789 3272 esse
2830 3215 3023 3270 melius
3057 3217 3227 3280 reris;
3254 3232 3322 3271 an
3353 3215 3397 3270 si
3432 3214 3531 3269 ali-

1942 3308 2026 3363 cui
2078 3308 2411 3362 concedatur
2458 3306 2721 3361 vilissima
2778 3305 2983 3360 vestis?
3028 3306 3285 3361 lmbrices
3332 3303 3531 3360 saeculo

1942 3409 2417 3465 consenescentes,
2470 3400 2676 3469 lapides
2726 3400 2927 3454 mundo
2970 3400 3070 3469 ipsi
3126 3398 3528 3461 condurabiles,

1945 3490 2317 3553 universitati,
2343 3506 2503 3559 quam
2532 3505 2698 3559 panes
2725 3490 2776 3543 in
2807 3498 3016 3544 stercus
3044 3489 3185 3543 illico
3210 3488 3537 3542 convertibi-

1946 3585 2025 3639 lcs
2067 3592 2327 3655 prmstare
2372 3583 2567 3637 alicui?
2614 3581 2763 3635 Muta
2794 3581 2925 3650 ﬁant
2964 3581 3105 3634 labia
3164 3579 3370 3640 dolosa.
3417 3595 3535 3648 qua:

1946 3677 2233 3747 loquuntur
2246 3674 2701 3743 adversusjustum
2726 3673 3050 3742 iniquitatem
3080 3670 3251 3743 (Psal.
3273 3687 3403 3734 xxx,
3422 3669 3535 3739 19),

1948 3777 2009 3821 ιιι
2056 3781 2163 3821 non
2208 3782 2293 3820 me
2332 3765 2532 3835 putetis
2572 3764 2663 3818 hic
2698 3764 2904 3833 justum
2957 3761 3306 3832 appellatum,
3332 3759 3424 3815 sed
3445 3758 3538 3828 qui

1950 3858 2124 3912 dixit:
2162 3855 2267 3920 Vw,
2297 3856 2387 3925 qui
2435 3856 2608 3908 dicitis
2661 3854 2851 3908 bonunt
2897 3852 3094 3907 malum
3140 3851 3296 3922 (Isai.
3346 3865 3399 3915 v,
3422 3848 3537 3918 21)).

1954 3949 2025 4005 Ut
2050 3947 2118 4002 ab
2157 3946 2393 4002 amicitia
2439 3944 2622 4015 (1202)
2656 3952 2913 3998 cmterum
2956 3941 3099 4012 quod
3131 3955 3289 3996 suum
3325 3948 3408 3994 est
3428 3938 3543 3993 exi-

2025 4105 2208 4176 (H99)
2248 4103 2514 4176 Construe
2542 4120 2554 4155 :
2583 4117 2645 4176 ac
2664 4100 2872 4176 per/ioc
2900 4114 3004 4176 non
3028 4097 3171 4151 valeo
3194 4095 3407 4176 credere
3425 4092 3541 4176 ulli,

1955 4165 2115 4255 etiam
2158 4165 2258 4245 ipsi
2305 4174 2511 4255 angelo,
2552 4173 2598 4226 si
2640 4165 2861 4255 suadeat
2903 4170 3124 4255 existere
3157 4165 3545 4255 acceptabilius

1958 4248 2090 4312 Deo,
2107 4319 2114 4321 ξ
2131 4235 2188 4300 ιιὶ
2210 4235 2625 4321 proprianstra
2652 4240 2967 4321 substant_ia_
2976 4236 3324 4321 probabiliter
3344 4235 3540 4321 tribua-

1960 4329 2048 4372 tur
2071 4307 2168 4381 eis,
2188 4307 2376 4385 quibus
2405 4316 2607 4385 dicetur
2635 4326 2653 4363 :
2681 4312 2778 4375 Ite,
2798 4307 3167 4385 Inaledieti,_iti
3187 4308 3545 4385 ignequcter-

268 4390 581 4459 dragesima
597 4388 862 4459 jejunium
902 4376 1223 4459 servandum
1247 4376 1312 4443 ex
1344 4376 1541 4444 mitiori
1574 4376 1855 4458 disciplina
1885 4382 1935 4440 D
1962 4403 2113 4459 nutu,
2139 4376 2380 4459 neglectis
2412 4385 2496 4448 iis,
2518 4383 2607 4453 qui
2644 4391 2761 4435 sunt
2786 4380 3068 4459 audituri:
3096 4376 3317 4459 Venite...
3336 4383 3441 4430 etc.

273 4458 462 4531 docuit
494 4460 546 4513 in
594 4458 812 4531 laudata
862 4458 1117 4531 synodica
1150 4476 1296 4531 l_tlllll.
1327 4459 1413 4523 15,
1444 4470 1497 4514 et
1524 4475 1692 4531 scrm.
1724 4459 1856 4531 2_de

274 4530 701 4600 Quadragesima
746 4527 904 4583 num.
926 4528 961 4582 5
992 4537 1047 4583 et
1075 4530 1128 4584 5.
1158 4528 1325 4583 Porro
1354 4541 1474 4584 ante
1512 4530 1694 4583 horam
1718 4527 1857 4597 jeju-

274 4602 353 4657 nii
378 4609 620 4670 tempore
662 4600 731 4653 ad
760 4600 1035 4670 crapulam
1065 4615 1233 4670 usque
1259 4609 1313 4654 et
1339 4600 1658 4655 ebrietatem
1688 4614 1855 4670 pran-

277 4672 386 4727 diis
435 4669 768 4726 solemnibus
816 4669 1101 4727 nonnullos
1149 4669 1492 4727 incubantes
1538 4669 1859 4741 perstringit

277 4743 470 4799 eodem
511 4756 763 4796 sermone
789 4756 935 4795 num.
967 4740 1020 4793 1.

254 4861 270 4881 ,
357 4811 541 4882 (1196)
581 4812 929 4882 Construeel
949 4811 1188 4881 explica:
1221 4810 1337 4877 Quo
1364 4812 1540 4882 utique
1581 4818 1856 4882 pracepto,

283 4894 329 4937 et
368 4880 462 4951 pro
485 4882 737 4950 peculiari
787 4880 951 4952 culpa,
976 4880 1295 4952 repelluntur
1320 4882 1380 4942 ii,
1425 4880 1608 4950 quibus
1629 4880 1863 4933 suadetis

286 4955 446 5006 tribui
479 4968 688 5006 censum
714 4951 1037 5014 imperialem
1058 4954 1188 5007 mihi
1222 4952 1488 5006 creditum
1520 4966 1617 5020 pro
1649 4960 1862 5005 restau-

288 5024 457 5077 randa
505 5022 729 5077 basilica
781 5021 840 5076 S.
899 5021 1151 5088 Zenonis,
1196 5032 1244 5075 et
1292 5036 1385 5089 pro
1412 5020 1623 5089 justitia
1654 5020 1865 5090 propria

291 5093 573 5146 assumitur
599 5094 669 5145 ad
712 5092 1064 5155 recipiendum
1092 5094 1157 5148 Β.
1184 5091 1349 5153 Zeno,
1373 5107 1525 5160 quem
1549 5090 1865 5145 contenditis

292 5162 534 5228 fraudari
560 5164 727 5231 pretio
758 5162 859 5215 sibi
883 5178 1136 5219 concesso.

361 5232 543 5300 (1197)
578 5232 843 5287 Acherius
869 5232 1103 5289 ediderat
1129 5231 1379 5289 sedentis.

362 5298 409 5348 11
429 5298 544 5348 192)
582 5300 810 5348 Genuim'
838 5301 964 5348 dicit
989 5304 1172 5348 alantis:
1197 5301 1396 5348 intimi.
1433 5311 1489 5348 nl
1540 5302 1748 5348 nnlnvit
1772 5298 1865 5348 Ci-

2036 4442 2226 4527 (1200)
2259 4442 2565 4527 Construe';
2600 4467 2717 4505 cum
2742 4448 3205 4527 Δρειςερὶείιεὶεεῇςηε
3258 4445 3390 4498 liber
3440 4442 3548 4527 ξει-

1962 4514 2172 4599 pieittite
2201 4511 2470 4599 contineat
2493 4523 2692 4575 dictum
2717 4511 2889 4599 decis:
2913 4536 2930 4572 :
2954 4516 3187 4599 Prohibe
3218 4528 3416 4599 partem
3446 4511 3552 4599 illis

1964 4585 2126 4659 dare;
2163 4605 2210 4648 et
2252 4592 2528 4661 Apostolus
2571 4591 2829 4644 censuerit
2852 4590 2915 4642 de
2945 4585 3548 4661 ltujusmodicircumue-

1966 4651 2225 4722 aientibus
2260 4651 2464 4726 domos,
2506 4676 2623 4715 cum
2653 4660 2849 4713 scilicet
2871 4651 3102 4713 valerent
3151 4654 3415 4724 acquirere
3446 4651 3549 4705 ali-
3596 4700 3599 4703 ,

1968 4736 2303 4810 quidsictus
2326 4734 2567 4786 manibus
2598 4728 2747 4810 iQui
2768 4745 2875 4784 non
2901 4736 3180 4810 operatur,
3205 4732 3326 4810 etc;

2041 4806 2224 4875 (1201)
2265 4803 2530 4858 Constrne
2553 4820 2567 4853 :
2594 4790 2757 4875 Quod
2768 4816 2892 4875 ergo
2912 4790 3049 4875 reris
3076 4810 3191 4875 esse.
3206 4790 3413 4871 melius,
3438 4806 3561 4860 prec

1972 4862 2142 4934 videre
2165 4862 2379 4928 dbmum
2404 4862 2629 4926 tuentem
2645 4869 2813 4923 millia
2829 4862 3114 4939 boininum
3138 4862 3407 4939 utriusque
3432 4877 3569 4939 qua-

1973 4927 2141 5003 litatis
2181 4927 2246 4999 ab
2290 4945 2371 4997 his
2421 4942 2586 4995 tribus
2632 4935 2978 4992 incommodis
3030 4934 3114 5009 (ιιι
3147 4937 3232 4983 est
3287 4927 3573 5009 ecclesiam

1972 4995 2235 5075 {dentem
2260 4995 2315 5067 ab
2340 4995 2476 5077 sole,
2523 5011 2591 5082 ab
2637 5009 2832 5082 imbre,
2862 5021 2891 5058 a
2937 4995 3142 5082 gelidi
3169 5012 3235 5082 ut?
3326 4995 3580 5082 vilissima

1973 5068 2481 5147 beslisvconcedatur
2518 5080 2719 5133 alicui?
2738 5068 3030 5147 Ρνὰζειιίνε
3056 5068 3374 5147 universitati
3401 5068 3586 5147 imbri-

1973 5137 2206 5229 Eéi'itd'
2240 5137 2581 5229 estdtcgulas
2635 5149 2686 5201 in
2736 5145 2954 5229 modum
3025 5137 3599 5229 ρίιηὶιὲξλεῖξεξᾞῑὶι-ξί

1971 5203 2355 5294 ῘΙίὲῖτοξῆίί)
2376 5203 2815 5277 ’ξ’ἇιιεειιεεεεηιεε
2854 5226 3007 5294 safe"
3016 5216 3043 5267 Ι
3048 5233 3075 5269 ο
3093 5254 3106 5278 ν
3118 5203 3373 5294 ,ζαιῖξάξξη
3386 5206 3578 5294 ξ’ΫζἮΗ·

1977 5273 2537 5348 inﬁmum-la.
2578 5302 2735 5348 quam
2760 5288 3043 5348 prwstare
3077 5273 3238 5337 alicui
3269 5288 3432 5340 panes
3454 5273 3597 5329 illico
