4044 5348
575 282 683 344 633

1392 280 1720 339 RATHERII
1758 281 1976 339 EPlSC.
2020 280 2273 339 vimen.
2315 279 2463 337 opp.
2505 260 2685 339 imas
2722 279 2765 337 ι.

520 444 525 449 .
565 419 714 472 33m,
739 416 901 473 quam
941 416 1035 458 vos
1071 415 1284 471 semper
1317 400 1512 457 melius
1550 401 1751 466 dando,
1774 417 1936 473 quam
1960 403 2141 459 cousi-
2171 411 2218 471 Α
2246 397 2357 452 Ittec
2392 414 2484 467 per
2517 397 2841 467 presbyteros
2884 403 2933 450 et
2964 394 3213 451 diaconos
3258 395 3411 468 (Htrc
3454 399 3507 454 in
3547 400 3675 455 edit.
3706 421 3821 459 non

568 494 773 560 liando,
801 494 933 549 mihi
961 495 1102 549 haud
1129 492 1339 549 inlicior
1361 496 1748 551 monstravisse
1766 537 1782 563 ,
1806 497 2146 569 recognosci-

568 585 677 641 hile
701 584 830 654 quid
858 583 1139 655 proferens
1166 583 1452 656 (siquidem
1480 585 1801 655 proferenda
1824 602 1920 643 vos
1945 588 2147 658 optime

570 691 680 730 non
704 675 892 731 dubito
911 675 1090 745 nosse)
1121 691 1243 730 cum
1285 677 1543 746 quidquid
1580 678 1820 735 ecclesiae
1848 678 2144 746 confertur,

522 830 528 836 ,
572 766 832 821 Sanctum
855 777 1164 823 sanctorum
1194 767 1268 823 sit
1308 769 1538 835 Domini,
1581 778 1635 825 et
1671 772 1737 825 ad
1769 770 1858 841 jus
1880 773 2149 843 pertineat

571 858 946 924 sacerdotum;
988 858 1149 931 505
1191 858 1333 928 quod
1387 860 1571 929 utique
1616 860 1676 933 [Ι.
1720 860 1771 916 id
1818 863 2025 936 utique]
2068 865 2149 920 sic

522 1000 529 1006 .
574 949 893 1005 resolvenda
920 949 1219 1020 intelligere
1251 966 1335 1007 me
1357 951 1635 1022 proﬁteor,
1665 962 1723 1008 ut
1750 956 2008 1029 quidquid
2036 958 2143 1014 Do-

570 1039 719 1094 mino
750 1039 977 1095 oll‘ertur
1013 1050 1259 1097 sanctum
1292 1058 1412 1097 esse
1449 1043 1643 1109 dicam,
1671 1055 1725 1100 et
1754 1047 1821 1101 ad
1847 1062 1977 1101 usus
2004 1048 2149 1104 dele-

565 1139 784 1201 gatum,
820 1145 929 1185 non
967 1146 1098 1188 vero
1135 1132 1533 1203 quorumlibet,
1563 1136 1659 1191 sed
1691 1145 2024 1204 sanctorum,
2054 1139 2146 1208 qui

566 1220 756 1289 utique
806 1220 860 1274 in
907 1221 1112 1277 nostris
1160 1222 1447 1278 domiciliis
1494 1233 1587 1279 aut
1632 1228 1997 1296 requiescunt,
2054 1240 2148 1284 aut

566 1308 857 1379 specialius
884 1321 1244 1368 venerantur:
1275 1328 1406 1369 usus
1426 1328 1556 1369 vero
1577 1328 1789 1383 eorum,
1814 1332 1941 1374 usus
1969 1319 2048 1374 eis
2078 1321 2148 1375 sit

566 1397 967 1455 famulantium.
1027 1400 1093 1457 Et
1137 1402 1266 1474 quia
1325 1403 1431 1459 illis
1496 1406 1808 1463 sacerdotes
1860 1410 2146 1480 specialius

565 1488 843 1547 debitores
888 1498 1017 1547 sunt
1069 1492 1344 1562 famulari,
1387 1496 1440 1550 in
1477 1496 1601 1567 jure
1629 1498 1867 1569 ipsorum
1893 1501 2034 1570 quod
2063 1509 2147 1557 est

568 1582 827 1639 collatum
875 1587 1266 1641 convenienter
1299 1586 1498 1644 debere
1527 1591 1859 1657 consistere;
1897 1595 2038 1662 quod
2068 1603 2148 1648 ta-

568 1690 692 1731 men
721 1675 773 1730 in
800 1685 1029 1747 quatuor
1057 1690 1239 1748 partes
1260 1679 1421 1734 dividi
1444 1681 1616 1736 sancti
1646 1683 1962 1753 praecipiunt
1982 1699 2148 1739 cano-

2248 488 2497 559 ea'stant).
2525 488 2726 542 Verum
2766 487 2880 542 hac
2903 485 3036 543 alias
3069 486 3159 559 (V.
3182 497 3321 559 part.
3347 505 3365 543 ι
3392 487 3470 543 De
3513 487 3817 564 Contempla

2247 594 2435 633 canon.
2454 594 2506 633 n.
2536 577 2614 649 5).

2317 668 2371 723 5.
2415 668 2497 724 Ad
2522 669 2858 739 propositum
2886 683 3015 725 sane
3038 669 3161 741 quia
3173 670 3328 742 juvat
3352 670 3553 734 redire,
3578 671 3822 741 portione

2247 765 2573 821 clericorum
2610 766 2865 835 victuque
2895 765 3239 836 pontiﬁcibus
3273 764 3518 837 delegato
3541 766 3785 835 exceptis
3805 807 3820 829 ,

2247 858 2312 914 de
2347 857 2453 913 illis
2491 873 2612 928 quae
2658 866 2867 913 restant
2909 857 3116 913 duabus
3171 858 3413 928 partibus
3470 857 3825 915 consiliuma

2247 952 2401 1007 vobis
2429 959 2644 1023 expeto.
2673 950 2923 1007 “Prorsus
2972 958 3143 1005 totum
3185 964 3309 1003 nam
3334 964 3455 1003 cum
3480 963 3709 1019 pascere
3743 946 3826 1021 ille

2208 1062 2213 1065 ·
2252 1045 2447 1100 debeat
2494 1058 2733 1115 gregem,
2782 1052 2837 1099 et
2868 1042 3178 1097 animaliter
3226 1039 3450 1104 scilicet,
3502 1047 3578 1104 et,
3620 1054 3757 1109 opus
3780 1036 3825 1093 si

2247 1132 2429 1201 fuerit,
2476 1134 2851 1204 corporaliter,
2893 1133 2980 1189 cui
3008 1132 3210 1188 dictum
3249 1141 3331 1187 est
3362 1149 3375 1185 :
3417 1131 3479 1186 Si
3509 1129 3690 1200 diligis
3727 1147 3824 1202 me,

2246 1242 2403 1296 pasce
2441 1243 2556 1281 ores
2578 1242 2722 1280 meas
2756 1224 2937 1296 (Joan.
2974 1240 3087 1290 ut,
3113 1225 3236 1297 l7);
3262 1224 3329 1278 ad
3363 1224 3525 1295 idque
3552 1223 3643 1278 illa
3669 1223 3826 1294 tertia

2247 1334 2375 1390 pars
2416 1318 2486 1374 sit
2531 1318 2808 1389 delegata;
2857 1330 3106 1385 cumque,
3135 1315 3246 1370 Deo
3274 1314 3497 1386 gratias,
3525 1329 3629 1369 nec
3660 1311 3829 1367 fames

2246 1408 2479 1479 patriam
2525 1408 2831 1478 opprimat,
2865 1416 2919 1460 et
2948 1404 3130 1474 plures
3160 1403 3269 1458 sint
3297 1404 3385 1472 qui
3411 1403 3555 1457 alere
3584 1401 3825 1465 valeant,

2246 1514 2406 1570 quam
2421 1499 2511 1568 qui
2541 1496 3009 1569 cleeniosynaliter
3034 1496 3101 1549 ali
3120 1493 3303 1566 (1⁸204)
3322 1493 3632 1564 indigeant;
3657 1492 3829 1547 eccle-

2247 1593 2340 1646 sia:
2369 1605 2498 1645 vero
2536 1590 2692 1644 istius
2732 1588 2924 1659 patria:
2963 1587 3163 1657 passim
3191 1594 3283 1640 aut
3307 1584 3556 1639 incendio
3592 1599 3830 1666 pagano-

2248 1698 2388 1744 rum,
2419 1689 2514 1735 aut
2558 1680 2763 1735 incuria
2794 1676 3388 1749 pseudoepiscoporum,
3424 1674 3535 1730 sint
3561 1675 3831 1729 universa:

567 1781 667 1822 nes
697 1782 965 1837 :quarum
1014 1769 1224 1825 scilicet
1270 1786 1377 1824 una
1419 1772 1581 1827 victui
1611 1781 1695 1828 est
1736 1775 1979 1843 pricsulis
2005 1776 2150 1831 dele-
2182 1770 2225 1829 Β
2252 1784 2345 1831 aut
2365 1774 2579 1845 penitus
2611 1773 2822 1851 dirutm,
2846 1780 2941 1826 aut
2985 1786 3178 1843 magna
3214 1784 3280 1824 ex
3306 1776 3462 1841 parte
3505 1767 3825 1845 destructae;

568 1864 727 1924 gata;
754 1855 922 1911 altera
963 1857 1257 1927 provisioni
1292 1858 1369 1931 [id
1390 1870 1464 1914 est
1494 1860 1854 1934 dispositioni]
1888 1863 2053 1933 ipsius
2078 1865 2146 1920 ad

563 1943 821 2000 basilicas
836 1945 1022 2015 utique
1039 1948 1327 2003 struendas
1343 1948 1424 2002 vel
1445 1950 1806 2006 restituendas
1823 1954 2140 2019 commissa';

563 2038 729 2094 tertia
782 2042 850 2095 ad
900 2055 1029 2095 usus
1103 2055 1398 2111 pauperum
1440 2043 1688 2098 similiter
1734 2047 2141 2112 commendata;

567 2137 760 2198 quarta
806 2130 1128 2187 clericorum
1172 2134 1501 2189 necessariis
1539 2135 1805 2191 destinata
1838 2137 1964 2192 :cui
2016 2152 2144 2193 vero

560 2232 659 2277 vos
685 2222 985 2288 censeatis,
1011 2237 1196 2293 quaso
1219 2264 1234 2289 ,
1262 2226 1589 2281 commissa?
1629 2225 1932 2284 Connivere
1958 2228 2141 2299 (l205)

564 2319 844 2378 ueterum,
881 2322 941 2368 ut
980 2314 1276 2371 canonicus
1302 2316 1416 2386 ipse
1441 2316 1690 2389 [subaudi
1715 2319 1819 2392 es],
1867 2323 2143 2377 canonica:

560 2400 608 2456 si
635 2415 739 2463 non
768 2402 1131 2474 dedignamini
1160 2406 1384 2476 regulas;
1409 2405 1594 2478 (quod)
1620 2410 1859 2464 omnium
1889 2412 2144 2467 ecclesia-

567 2492 829 2547 sticarum
872 2508 1055 2549 rerum
1096 2495 1412 2565 disponendi
1452 2482 1737 2568 episcopus
1777 2500 1969 2555 habeat
1996 2512 2142 2574 pote-

561 2590 781 2649 statem,
827 2585 970 2640 haud
1002 2586 1190 2643 dubito
1220 2587 1461 2642 habeatis
1491 2590 1618 2660 quin
1660 2594 2004 2662 respondere.
2040 2596 2141 2651 Ubi

559 2687 694 2729 vero
723 2675 790 2730 ad
828 2678 1045 2745 ptochia
1067 2719 1083 2746 ,
1110 2680 1467 2746 xenodochia,
1492 2691 1810 2738 caeterorum
1842 2686 1925 2739 vel
1955 2683 2141 2755 hujus-

565 2767 710 2823 modi
734 2768 1032 2825 ciliciorum
1054 2772 1157 2825 erit
1171 2783 1485 2841 perventum
1509 2792 1523 2841 ;
1548 2775 1771 2846 Eugenii
1794 2777 1964 2843 vobis,
1997 2795 2138 2848 reor,

564 2860 709 2928 quod
734 2861 867 2916 satis
903 2873 1084 2932 pateat
1113 2864 1166 2919 in
1197 2865 1429 2922 decretis
1453 2868 1526 2922 ita
1566 2869 1795 2926 dicentis
1824 2874 2087 2927 sententia
2123 2893 2137 2929 :

563 2946 673 3006 Per
715 2951 1121 3011 sollicitudinem
1175 2958 1531 3030 episcoporum
1570 2961 1931 3031 dispensentur
1967 2965 2141 3020 omnia

2248 1840 2481 1935 cum-que
2506 1880 2571 1919 ex
2601 1848 2771 1933 prima
2790 1870 2845 1916 et
2873 1840 3106 1916 secunda
3133 1840 3317 1931 parte,
3340 1859 3499 1913 tertia
3528 1866 3586 1911 et
3609 1840 3829 1928 quarta,

2245 1958 2290 2012 si
2342 1955 2640 2011 necessitas
2682 1955 2929 2033 instaret,
2969 1952 3283 2008 debuissent
3332 1950 3539 2015 fulciri;
3590 1950 3829 2003 secunda
3908 1989 3917 1995 .

2246 2046 2432 2120 (l205)
2454 2062 2577 2102 cum
2601 2046 2839 2101 maxime
2864 2043 3023 2116 505
3053 2044 3289 2115 indigeat
3309 2042 3561 2106 relcvari,
3588 2041 3831 2110 mihique

2243 2140 2545 2195 necessitas
2570 2138 2804 2193 inculcet
2836 2135 3163 2205 huiusmodi,
3180 2134 3307 2204 quid
3333 2149 3515 2203 qumso
3536 2132 3829 2188 decernitis

2244 2229 2397 2284 ﬁeri?
2427 2228 2507 2285 Ad
2547 2227 2692 2284 illam
2727 2228 2871 2283 enim
2901 2226 3120 2282 tertiam
3153 2226 3429 2295 adjutores
3461 2223 3635 2278 habeo
3666 2223 3825 2276 innu-

2245 2335 2461 2387 meros,
2487 2320 2555 2375 ad
2599 2328 2844 2390 quartam
2878 2317 3094 2373 eosdem
3141 2317 3243 2372 sibi
3275 2315 3623 2385 providentes
3665 2328 3826 2384 supra

2241 2419 2449 2465 rectum
2489 2410 2655 2465 etiam
2685 2423 2749 2464 ac
2793 2404 3464 2476 sulﬁcientiamﬁclericos;
3515 2404 3583 2458 ad
3640 2402 3825 2474 (1106)

2226 2500 2402 2554 ’istam
2435 2500 2729 2555 secundam
2770 2513 2892 2553 cum
2928 2512 3060 2552 voce
3085 2496 3159 2550 uti
3208 2494 3349 2550 illius
3376 2493 3581 2564 possim
3603 2492 3828 2547 Martha:

2241 2590 2514 2646 dicentis:
2546 2589 2799 2654 Domine,
2845 2605 2948 2643 non
2991 2598 3062 2642 est
3107 2586 3198 2641 tibi
3242 2600 3382 2640 cura:
3421 2583 3577 2655 (Luc.
3616 2599 3677 2647 ι,
3712 2582 3821 2653 ω).

2244 2682 2385 2751 quod
2420 2682 2579 2736 vicini
2609 2695 2796 2735 mnttcs
2836 2678 3147 2748 relinquunt
3176 2692 3263 2732 me
3290 2675 3487 2741 solum,
3517 2684 3574 2729 et
3619 2672 3824 2728 insum-

2243 2773 2635 2828 cicntissimum
2666 2769 2918 2826 basilicas
2970 2754 3231 2823 dimensis
3268 2776 3465 2821 nostra:
3492 2764 3576 2819 vel
3619 2764 3823 2829 levare,

2241 2861 2325 2916 vel
2356 2860 2628 2923 relevare,
2673 2868 2760 2926 et,
2810 2860 2855 2914 si
2913 2874 3017 2913 non
3076 2858 3264 2922 datur,
3298 2869 3514 2911 ornare.
3579 2855 3820 2923 Insuper,

2241 2952 2286 3009 si
2333 2951 2463 3023 quid
2509 2949 2650 3006 facio
2679 2949 2860 3023 (1207)
2878 2989 2892 3016 ,
2916 2948 3035 3005 illos
3058 2947 3247 3013 etiam,
3269 2945 3427 3000 amici
3453 2944 3547 3015 qui
3573 2942 3826 2998 affectant

562 3139 661 3181 vos
693 3125 895 3205 optime
924 3141 1084 3205 nosse
1111 3127 1463 3201 proferenda)
1493 3145 1614 3185 cum
1641 3131 1899 3205 quidquid
1923 3132 2139 3188 eonfer-
2166 3129 2211 3192 C
2243 3138 2312 3191 ad
2340 3136 2486 3191 illam
2508 3137 2736 3197 tertiam,
2779 3134 2830 3190 id
2851 3142 2936 3189 est
2963 3134 3027 3188 ad
3055 3148 3315 3205 pauperes
3341 3130 3702 3205 sublevandos
3730 3130 3825 3189 hac

564 3207 655 3272 tur
676 3197 950 3272 ecclesizeg,
980 3199 1049 3253 sit
1073 3208 1318 3272 sanetum
1346 3197 1918 3272 sanctoruni'Domini,
1947 3213 2001 3258 et
2024 3219 2144 3272 per-

564 3267 746 3344 tineat
784 3268 849 3322 ad
882 3267 972 3336 jus
1006 3269 1378 3344 sacerdotum;
1423 3271 1681 3344 proﬁteor
1716 3288 1800 3328 me
1848 3267 2146 3344 intelligere

565 3337 860 3421 idCutique
903 3340 1218 3421 resolvenda
1265 3342 1366 3421 sic,
1413 3337 1471 3396 ut
1505 3342 1682 3397 dicam
1738 3359 1857 3421 esse
1897 3337 2145 3421 saucium

566 3408 824 3478 quidquid
880 3408 1104 3464 offertur
1156 3411 1411 3485 Domino,
1464 3421 1535 3485 ct_
1564 3427 1684 3467 csse
1731 3415 2031 3485 delegatum
2077 3416 2145 3469 ad

566 3492 716 3542 usus,
748 3494 853 3535 non
876 3495 1006 3535 vero
1028 3481 1412 3551 quorumlibet,
1444 3483 1537 3538 sed
1560 3481 1891 3551 sanctorum,
1925 3486 2015 3555 qui
2042 3486 2147 3541 uti-

566 3562 694 3619 que,
732 3568 751 3619 ρ
785 3559 890 3604 etc.
2044 3562 2047 3565 '

637 3618 819 3691 (1205)
860 3619 1161 3694 Construe;
1200 3640 1219 3694 ᾳ
1249 3621 1513 3678 Cancrum
1545 3624 1613 3689 si,
1636 3633 1695 3677 ut
1719 3625 1830 3694 ipse
1852 3626 2144 3680 canonicus

563 3703 648 3764 es,
698 3691 1214 3764 nonAdedignatnini
1260 3696 1551 3750 connivere
1602 3691 1796 3764 regnlze
1836 3698 2142 3761 canonicte;

567 3758 713 3814 haud
749 3760 957 3835 dubito,
982 3758 1126 3830 'quin
1171 3763 1417 3819 habeatis
1457 3758 1786 3833 respondere
1808 3806 1823 3829 ,
1856 3767 1998 3835 quod
2030 3758 2145 3835 cpi;

567 3842 763 3903 scopus
793 3831 991 3903 habeat
1015 3840 1333 3900 potestatem
1350 3831 1666 3903 disponendi
1697 3831 1938 3890 omnium
1964 3831 2145 3890 rerum

569 3898 1084 3971 ecclesiasticarum.
1124 3920 1143 3954 ι
1189 3903 1288 3956 llic
1312 3898 1493 3958 autem
1517 3906 1812 3961 canonicus
1838 3907 2143 3971 cavillator,

570 3969 659 4044 cui
691 3968 981 4025 Ratherius
1014 3973 1319 4044 respondet,
1366 3988 1633 4044 quemque
1657 3976 1709 4029 in
1759 3976 1915 4030 titulo
1934 3968 2148 4032 vocavit

572 4037 831 4116 fautorem
885 4057 945 4095 ac
988 4037 1309 4116 defensorem
1360 4037 1777 4116 adversariorum
1804 4047 2143 4116 prcrcipuum,

573 4105 683 4161 non
731 4105 1093 4173 Veronensis,
1184 4112 1279 4165 sed
1356 4113 1491 4167 alius
1548 4105 1814 4169 ecclesize'
1856 4105 2149 4171 canonicus

570 4175 741 4257 fuisse
772 4178 993 4233 videtur
1036 4195 1101 4257 ex
1151 4181 1345 4257 verbis
1371 4199 1542 4257 num.
1571 4183 1606 4236 2
1633 4201 1645 4237 :
1677 4183 1780 4238 Sed
1816 4195 1963 4254 puto,
2009 4188 2147 4257 quod

572 4247 714 4323 apud
736 4264 827 4323 _vo_s
858 4265 962 4303 non
997 4249 1213 4303 alantur
1242 4252 1345 4304 nisi
1375 4252 1438 4305 ab
1465 4255 1701 4323 episcopo
1731 4247 2001 4323 pauperes.
2021 4247 2148 4312 ’διά

570 4317 670 4398 hoc
730 4318 848 4398 istic
891 4336 1094 4398 necesse
1133 4337 1235 4398 non
1292 4337 1401 4376 esse
1444 4317 2009 4398 clantat'__liberalitas,
2060 4330 2150 4397 qui

574 4388 730 4440 istam
774 4388 1006 4443 incolunt
1055 4391 1304 4460 patriam,
1354 4394 1610 4450 omnium.
1654 4394 1824 4449 Priori
1882 4388 2148 4451 senten'tia

2243 3210 2409 3263 hebat
2450 3208 2721 3277 adjutores
2759 3201 3080 3277 innumeros,
3125 3201 3274 3273 quia,
3298 3212 3363 3277 Aut
3389 3201 3646 3277 prgedixit
3672 3215 3819 3277 num.

2242 3278 2297 3356 ξε
2338 3270 2530 3356 magna
2558 3285 2676 3356 erat
2724 3277 2774 3330 iu
2810 3276 2953 3356 hanc
3006 3288 3120 3330 rem
3146 3270 3403 3356 omnium
3424 3270 3820 3356 Feronensium

2245 3343 2558 3403 liberalitas.
2587 3345 2842 3411 Quartam
2867 3352 3044 3398 autem
3076 3351 3280 3412 partem
3310 3343 3620 3397 clericorum
3650 3358 3823 3395 neces-

2244 3418 2420 3479 sariis,
2450 3432 2543 3470 seu
2586 3416 3017 3479 necessitatibus,
3044 3414 3355 3467 destinatam
3383 3413 3591 3467 idcirco
3612 3412 3820 3466 eosdem

2242 3488 2344 3543 sibi
2379 3486 2705 3556 providentes
2741 3501 2902 3554 supra
2946 3494 3143 3556 rectum
3186 3484 3339 3556 etiam
3372 3499 3435 3535 ac
3464 3481 3825 3556 sufﬁcientiam

2247 3553 2462 3611 clericos
2514 3557 2715 3610 habere
2762 3553 2859 3620 ait,
2903 3554 3054 3622 quia,
3082 3564 3141 3607 ut
3178 3553 3302 3607 alibi
3327 3553 3601 3620 queritur,
3637 3560 3825 3620 poten-

2245 3629 2412 3682 tiores
2433 3626 2612 3680 clerici
2645 3626 2755 3680 fere
2780 3626 2962 3681 omnia
2989 3624 3088 3678 sibi
3121 3624 3472 3677 devorabant.
3694 3664 3697 3667 η

2316 3695 2756 3767 (1206)Εχρὶίείι
2791 3714 2804 3749 :
2834 3693 2966 3767 Cum
3010 3694 3078 3767 ad
3106 3695 3263 3747 istam
3306 3692 3617 3767 secundant,
3653 3689 3712 3767 _id
3742 3695 3826 3767 est

2246 3759 2594 3821 ad'ecele'sias
2621 3759 2932 3822 struendas.
2978 3762 3062 3817 vel
3106 3763 3472 3825 restrueudas,
3520 3759 3717 3829 possint
3751 3759 3824 3811 uti

2245 3854 2364 3891 voce
2392 3836 2533 3889 illius
2562 3834 2783 3890 Martha:
2803 3834 3021 3888 dicentis
3040 3832 3313 3895 :Dontine,
3331 3840 3521 3886 nonest
3544 3829 3641 3882 tibi
3663 3844 3824 3893 cura,

2244 3907 2383 3978 quod
2418 3921 2592 3959 omnes
2609 3906 2772 3978 picini
2797 3904 3095 3978 relinquunt
3118 3920 3198 3958 me
3219 3902 3409 3966 solum,
3445 3911 3493 3955 et
3513 3899 3827 3978 insuﬁcien-

2246 3971 2501 4031 tissimunt
2540 3974 2619 4027 rel
2651 3974 2842 4036 levare,
2884 3971 2967 4028 vel
3005 3973 3251 4039 relevare,
3291 3982 3361 4036 et,
3400 3977 3449 4025 st
3489 3986 3595 4024 non
3643 3971 3825 4039 datur,

2247 4062 2437 4100 ornare
2467 4044 2708 4098 basilicas
2753 4044 2985 4097 (κατερεῖς
3017 4038 3241 4098 nostrce.
3282 4042 3381 4096 llic
3419 4040 3578 4094 vicini
3632 4038 3827 4093 intellio

2247 4114 2924 4188 gunturhominesincoho
2951 4114 3191 4188 ejusdem
3237 4112 3366 4188 vici,
3402 4125 3524 4173 seu,
3553 4109 3828 4188 uti_voc_a-_

2250 4178 2392 4246 inus.
2421 4185 2655 4239 vicinia).
2688 4184 2781 4238 Sic
2806 4178 2994 4238 etiam'
3014 4182 3075 4239 in
3124 4182 3403 4237 Discordia
3448 4195 3599 4234 num.
3623 4178 3680 4241 7,
3710 4178 3828 4232 misi

2247 4257 2322 4311 eis
2349 4256 2636 4310 vicinarum
2672 4254 2947 4325 quosdam.
2972 4254 3043 4309 Se
3066 4264 3244 4325 autem
3274 4249 3824 4325 insuﬂicientissirnum

2249 4325 2478 4380 allii-mat
2505 4325 2571 4378 ad
2594 4318 2943 4379 restrttendas
2972 4324 3248 4387 ecclesias,
3276 4318 3827 4393 quia'cumpleriqne

2254 4396 2607 4452 ecclesiarum
2628 4395 2834 4450 reditus
2848 4393 2918 4447 ob
2936 4393 2989 4447 in
2998 4389 3324 4447 tolerabilem
3343 4389 3458 4459 ejus
3470 4389 3572 4445 αξτί
3596 4390 3827 4443 abusum

573 4471 756 4540 sermo
787 4467 871 4538 est
900 4460 1324 4540 de_pa_uper.ibns
1358 4464 1498 4532 apud
1523 4480 1625 4540 eos,
1655 4465 1745 4533 qui
1782 4465 1852 4540 ali
1887 4467 2150 4535 putaban-
2183 4479 2232 4540 ι)
2258 4466 2540 4540 precariis,
2568 4465 3096 4540 commutationibus,
3126 4460 3826 4540 libellariiscontraetihus,

574 4534 665 4603 tu_r
698 4529 793 4603 ab
815 4526 1073 4603 ejusAloci
1105 4526 1405 4603 'episcopoi
1446 4543 1502 4588 et
1528 4534 1578 4587 in
1607 4526 1853 4603 sequenti
1883 4526 2151 4592 sententia

574 4597 832 4673 adverbio
866 4600 983 4655 istic
1017 4597 1422 4669 distinguuntur
1448 4619 1478 4657 a
1525 4597 1849 4673 pauperibus
1870 4605 2151 4661 Veronen-

574 4670 764 4745 sibus,_
789 4686 1246 4745 quosAnou‘egcre
1272 4670 1779 4745 subsidio'episcopi
1826 4677 2153 4733 Veronensis

572 4738 842 4821 clamabat
888 4738 1185 4798 liberalitas
1213 4746 1476 4809 omnium,
1500 4738 1595 4815 qui
1617 4738 1773 4800 istoin
1794 4748 2025 4804 incolunt
2053 4764 2152 4818 pa-

572 4818 750 4863 trium.

646 4879 829 4951 (1204)
868 4881 1049 4939 Editio
1076 4882 1293 4939 Acherii
1329 4883 1423 4938 alii
1452 4884 1727 4941 mendose.
1764 4885 1898 4941 Novi
1926 4884 2151 4941 editoris

573 4951 1009 5025 emendationem
1059 4956 1381 5024 recepimus.
1427 4954 1546 5009 Mox
1578 4972 1903 5025 paganorum
1934 4958 2150 5011 nomine

574 5015 812 5098 llungari
842 5015 1214 5098 designantur,
1258 5025 1348 5093 qui
1398 5025 1498 5079 hoc
1541 5015 1738 5080 saeculo
1775 5026 2151 5098 frequentibus

575 5090 981 5174 irruptionihus'
1008 5094 1076 5174 in.
1101 5090 1329 5176 Italiam,
1370 5103 1568 5176 nostra:
1610 5090 1909 5176 plmsertiiit
1949 5097 2145 5176 dioece-

2255 4530 2348 4591 aut
2372 4535 2755 4603 beneﬁciorum
2787 4533 3099 4587 militarium
3124 4531 3339 4585 nomine
3362 4530 3591 4603 alienati
3611 4536 3825 4603 essent,

2254 4607 2394 4661 utin
2437 4600 2721 4671 Qualitatis
2771 4603 3070 4672 conjectura
3121 4601 3489 4672 conqueritur,
3540 4599 3826 4672 episcopus

2254 4670 2676 4731 antem’multis
2728 4670 3024 4744 praesertim
3087 4670 3465 4744 hospitalitatis
3522 4670 3824 4739 sumptibus

2253 4755 2602 4817 gravaretur;
2632 4741 2747 4812 ipse
2777 4744 2843 4797 ad
2866 4744 3177 4817 pauperiem
3192 4741 3473 4817 _redactns
3488 4752 3628 4817 erat2

2328 4815 2509 4891 (1207)
2533 4809 2799 4891 construe
2825 4809 2881 4868 et
2899 4809 3105 4883 explica
3135 4811 3408 4891 :“lnsuper
3426 4811 3473 4889 si
3500 4811 3627 4880 quid
3659 4809 3822 4891 facio,

2256 4879 2356 4958 pro
2378 4879 2623 4958 ccclesiis
2647 4885 2853 4958 scilicet
2877 4879 3235 4958 _resirucndis,
3271 4879 3350 4934 illi
3378 4879 3557 4958 etiam,
3579 4879 3669 4950 qui
3692 4879 3821 4958 απε-

2256 4949 2396 5012 ὶιαηι
2422 4956 2599 5025 putari
2622 4951 2803 5025 amici,
2813 4954 2985 5008 solent
3005 4954 3295 5023 vituperare
3314 4960 3362 5004 et
3388 4949 3623 5003 indicare
3644 4950 3823 5001 melius

2255 5024 2579 5097 profligasse,
2611 5024 2662 5078 id
2686 5034 2770 5079 est
2795 5024 2847 5097 in
2872 5025 3109 5097 alienum
3140 5036 3298 5075 usum
3329 5029 3383 5097 et
3423 5035 3527 5097 non
3577 5031 3824 5097 necessa—

2257 5086 2659 5180 riui'nfutnmox
2695 5094 2944 5180 explicat,
2981 5093 3310 5180 dissipasset
3339 5089 3510 5180 Quod
3541 5086 3824 5180 agilique

3723 285 3891 343 636‘
