4044 5348
204 155 307 210 657

1449 156 1646 215 uasa
1686 160 2223 221 APOLOCETICL’S.
2295 119 2318 124 '—

3361 171 3465 228 638

203 270 408 339 putari,
453 268 779 341 vituperare,
825 279 879 324 et
924 268 1234 341 proﬂigasse
1285 270 1476 326 melius
1517 272 1783 342 judicare,
1815 282 1860 336 Α
1891 287 2032 341 ςειιιι,
2068 289 2296 349 tyranno
2346 279 2530 345 alicui,
2562 297 2590 335 a
2631 281 2844 338 clericis
2893 283 3051 339 hodie
3089 285 3201 339 suis
3249 286 3464 355 privile-

207 363 356 431 quod
386 373 470 416 est
506 363 707 432 utique,
752 358 926 415 Vanus
975 372 1048 415 est
1092 363 1180 432 qui
1219 362 1371 415 servit
1401 361 1618 415 Domino
1646 362 1788 432 (Ma-

201 453 344 506 lich.
395 469 480 513 nt.
557 452 667 521 14),
728 452 938 515 dicere;
991 450 1429 505 incertitudiuetn
1478 451 1785 506 certitudini

200 544 546 612 praetulisse,
591 553 907 612 peccatores
946 543 1304 597 sanctissimis
1339 543 1690 607 antetulisse,
1733 551 1789 597 et

200 635 351 704 quod
394 635 609 688 illorum
650 635 922 703 crapulam
963 649 1123 703 quam
1162 633 1388 687 istorum
1417 632 1638 702 gloriam
1675 632 1790 702 plu-

201 731 280 778 ris
326 726 474 780 Deus
522 727 737 791 habeat,
790 728 1118 791 astruxisse;
1153 735 1210 778 ιιι
1259 740 1354 779 vos
1389 727 1576 794 utique
1605 725 1786 794 agitis,

200 818 400 872 melius
425 818 668 871 dicentes
687 817 874 879 fuisse,
904 827 960 870 ut
985 816 1090 870 illis
1110 816 1338 880 duobus,
1369 814 1550 894 egenis
1581 815 1788 869 scilicet

199 923 368 978 a'que
408 909 584 973 clero,
642 909 798 963 nobis
849 908 1044 980 partim
1085 924 1182 961 sua
1223 891 1548 977 provisione,
1592 907 1787 976 partim

199 999 438 1054 aliorum
466 999 751 1066 largitione
799 1015 903 1052 nou
938 1000 1071 1053 adeo
1097 998 1488 1069 indigentibus,
1523 999 1664 1068 quod
1687 999 1786 1052 ha-

198 1094 306 1146 Leo
362 1091 834 1162 clcen‘tosynaliter
870 1091 1282 1160 dispensarem;
1329 1099 1384 1144 et
1411 1091 1568 1143 istam
1598 1105 1788 1144 secun-

193 1181 348 1244 dum,
383 1181 438 1234 id
487 1189 570 1235 est
611 1181 812 1252 [supple
851 1179 1227 1258 ecclesiarum]
1278 1180 1677 1246 strueudarum,
1703 1180 1786 1236 vel

197 1276 648 1330 rcstrucndarutn
684 1274 995 1348 necessario
1043 1284 1249 1344 partem
1299 1273 1520 1328 omnino
1555 1274 1787 1351 neglige-

196 1383 316 1421 retn
346 1384 362 1432 ;
398 1368 607 1437 hocque
641 1368 920 1422 exstitisse
962 1381 1069 1420 non
1109 1366 1284 1421 solum
1311 1367 1582 1437 cogitatis,
1608 1368 1700 1421 sed
1733 1377 1788 1422 et

204 1462 516 1531 loquitnini,
569 1463 782 1517 melius.
831 1462 962 1529 Quis
1008 1461 1150 1518 ferre
1183 1472 1389 1516 tantum
1432 1461 1583 1516 nefas
1625 1471 1786 1530 queat

206 1554 469 1608 auditus?
505 1554 622 1607 Non
651 1565 735 1608 est
762 1553 946 1620 amici,
973 1554 1070 1608 sed
1099 1552 1455 1608 inimicissimi
1483 1553 1782 1623 persuasio,

198 1646 398 1703 fateor,
432 1645 572 1700 talis.

268 1736 325 1788 6.
368 1735 660 1789 Fautorem
691 1746 945 1791 caeterum
976 1743 1049 1799 te,
1100 1751 1133 1789 ο
1158 1735 1510 1796 amicissime,
1539 1734 1778 1788 omnium

193 1828 547 1882 inimicorum
621 1844 862 1884 meorum
926 1829 1257 1897 prxecipuum
1317 1827 1443 1882 licet
1500 1825 1780 1880 verissime

192 1916 466 1982 dixerim;
492 1934 615 1972 cum
649 1934 752 1973 non
777 1919 884 1973 sint
907 1917 996 1972 alii
1025 1918 1128 1972 nisi
1158 1918 1382 1972 rebelles
1406 1918 1506 1986 ipsi
1530 1917 1778 1981 Domino,

191 2009 290 2076 qui
316 2023 401 2062 me
434 2008 507 2061 ita
550 2009 793 2063 lacerant
822 1997 1029 2074 clerici,
1059 2024 1166 2064 non
1199 2009 1332 2064 adeo
1367 2009 1505 2063 forte
1555 2023 1782 2064 succen-

194 2112 313 2152 seo.
351 2097 634 2168 Siquidem
666 2099 768 2152 hoc
789 2113 894 2152 non
928 2099 1057 2165 mei,
1087 2099 1180 2154 sed
1203 2099 1366 2153 vestri
1392 2099 1628 2169 episc0pi
1657 2100 1781 2152 odio

195 2203 294 2241 vos
343 2203 506 2258 agere
553 2187 739 2258 procul
770 2189 932 2242 dubio
970 2191 1102 2244 scio.
1129 2191 1379 2259 Exceptis
1407 2191 1552 2245 enim
1594 2189 1686 2258 qui
1715 2189 1783 2244 ad

191 2278 540 2347 episcopatus
563 2278 810 2347 aspiraut
832 2279 1126 2349 fastigium,
1151 2282 1197 2334 is
1214 2294 1512 2334 consensus
1541 2279 1780 2333 omnium

193 2383 335 2437 pene
364 2376 448 2422 est
479 2367 826 2433 clericorum,
859 2378 917 2422 ut
937 2369 1190 2424 libentius
1211 2369 1429 2424 audiant
1461 2369 1782 2440 50611ρο-

197 2456 403 2511 stolum
434 2457 704 2513 dicentem
732 2477 743 2510 :
765 2458 890 2512 Non
910 2458 1236 2513 dominantes
1259 2460 1312 2513 in
1334 2460 1469 2513 clero
1493 2459 1542 2528 (Ι
1563 2457 1706 2513 Petr.
1726 2475 1778 2524 ν,

192 2547 283 2614 5);
313 2563 477 2618 quam
509 2566 523 2602 :
555 2547 792 2618 Pra’cipc
836 2549 946 2602 hinc
970 2559 1016 2603 et
1048 2550 1173 2603 doce
1197 2549 1245 2620 (Ι
1274 2549 1406 2604 Tim.
1437 2566 1508 2614 tv,
1545 2549 1664 2620 1i);
1701 2550 1781 2604 vel

193 2640 365 2693 alium
399 2658 412 2692 :
439 2639 570 2694 lla'c
598 2641 808 2712 loquere
826 2652 872 2694 et
890 2642 1166 2696 exhortare
1206 2659 1321 2696 cum
1346 2644 1488 2696 omni
1528 2643 1779 2712 imperio;

196 2715 350 2784 nemo
375 2741 424 2784 te
447 2742 743 2786 contemnat
769 2731 899 2802 (Tit.
928 2731 1124 2801 11,15);
1156 2742 1239 2788 et:
1266 2732 1486 2803 Increpa
1511 2733 1628 2788 il.'os
1650 2735 1781 2788 dure

197 2821 328 2891 (Tit.
363 2839 404 2887 ι,
460 2823 580 2894 13);
607 2833 660 2878 et
691 2823 793 2877 alia
847 2825 1150 2895 bujusmodi
1195 2825 1414 2897 similia,
1447 2841 1564 2895 qua:
1595 2826 1776 2897 (19.08)

197 2915 242 2969 si
292 2893 575 2984 profero:
625 2916 832 2970 Stultus
886 2893 1051 2969 totum
1128 2893 1327 2986 profert
1367 2893 1574 2972 sensum
1605 2893 1774 2971 suum

1889 369 2032 438 gium
2061 371 2383 440 episcopalis
2414 373 2653 428 defertur
2692 375 2931 430 honoris.
2963 375 3163 432 Omnes
3201 394 3327 433 suos
3361 381 3462 435 sibi

1887 459 2159 527 subjectos
2181 463 2426 518 ambiunt
2457 465 2658 520 habere
2674 467 2976 535 pontifices,
3005 471 3346 526 omnesdure
3370 487 3464 524 au-

1887 551 2040 605 diunt
2073 553 2362 619 dicentem,
2389 570 2510 609 eum
2541 556 2824 626 episcopos
2858 559 3122 627 cogitant,
3144 559 3457 614 Dominum:

1889 639 2011 696 Non
2033 652 2106 696 est
2141 644 2429 714 discipulus
2457 662 2618 715 supra
2650 647 2955 715 magistrum
2985 647 3196 717 (Matth.
3222 664 3313 712 xx,
3344 649 3459 719 2i).

1887 731 2146 788 Omnibus
2169 743 2344 790 tamen
2376 737 2514 791 idem
2548 738 2618 791 sit
2645 737 2826 806 (1200)
2852 739 2974 792 dum
3009 740 3310 810 pervolupe,
3338 758 3460 796 cum

1886 838 2012 876 suos
2044 824 2144 877 sibi
2173 825 2443 893 subjectos
2469 827 2797 897 compellunt
2843 829 3106 884 honorem
3151 831 3339 897 etiam,
3371 834 3464 900 qui

1886 929 1990 967 non
2016 915 2170 969 debet
2203 915 2302 985 [f.,
2332 914 2616 986 debetur],
2647 917 2751 971 hoc
2788 919 3034 987 exemplo
3063 919 3302 973 deferre:
3335 921 3465 984 Quae

1885 1004 2035 1057 ruitis
2081 1015 2136 1058 ut
2185 1006 2384 1073 faciant
2438 1006 2578 1060 vobis
2627 1008 2882 1071 homines,
2936 1019 2982 1062 et
3027 1026 3113 1064 vos
3155 1011 3311 1079 facile
3358 1010 3463 1065 illis

1887 1093 2035 1164 (Luc.
2069 1111 2140 1161 vt,
2175 1096 2285 1166 51).
2313 1095 2574 1151 Similiter
2601 1099 2946 1167 propinatum
2993 1116 3098 1155 non
3127 1101 3461 1164 haurientes,

1884 1197 2131 1242 amanter
2168 1189 2413 1254 audiunt,
2437 1190 2562 1244 dttm
2587 1189 2814 1260 legitur:
2849 1190 3038 1246 Patres
3071 1192 3230 1246 nolite
3249 1193 3318 1245 ad
3348 1195 3462 1246 ira--

1886 1278 2134 1331 cundiam
2166 1294 2451 1347 provocare
2501 1278 2642 1346 ﬁlios
2665 1291 2860 1334 vestros
2903 1280 3116 1352 (Ephes.
3165 1298 3243 1347 Vl,
3294 1283 3383 1352 4);
3410 1291 3468 1337 et

1885 1367 1987 1420 hoc
2008 1383 2040 1422 a
2070 1367 2225 1422 nobis
2252 1369 2482 1423 minime
2509 1370 2814 1436 observari,
2838 1387 2958 1424 cum
3000 1372 3067 1426 ab
3096 1373 3174 1427 eis
3203 1375 3343 1442 quod
3371 1373 3465 1427 Dei

1883 1467 1976 1513 aut
2000 1467 2242 1512 uestrum
2263 1468 2346 1514 est
2366 1460 2654 1528 exigimus,
2675 1471 3101 1530 conqueruntur.
3127 1463 3465 1518 Surdeseunt

1884 1564 2006 1602 cum
2058 1551 2328 1604 audiunt:
2372 1549 2498 1604 Filii
2540 1551 2740 1606 obedite
2785 1554 3088 1620 parentibus
3142 1571 3232 1622 per
3287 1557 3464 1609 omnia

1811 1643 1858 1702 Β
1890 1637 2112 1706 (Coloss.
2140 1655 2219 1704 ιιι,
2251 1639 2364 1711 20).
2395 1639 2738 1696 Tolerantius
2776 1641 3004 1696 audiunt
3029 1642 3278 1705 Obsecro,
3299 1659 3465 1713 quam

1882 1730 2078 1799 Argue,
2106 1731 2189 1784 vel
2230 1730 2473 1800 Increpa.
2519 1731 2944 1802 Parvipendunt,
2991 1749 3113 1788 cum
3161 1733 3468 1788 maledictio

1883 1821 2049 1875 Cbam
2079 1822 2251 1890 patris
2283 1823 2515 1876 verenda
2542 1824 2823 1892 prodeatis
2845 1839 3006 1893 super
3045 1839 3138 1880 eos
3167 1825 3468 1880 intenditur

1885 1907 2037 1984 (Gen.
2063 1927 2141 1974 ιχ,
2167 1910 2256 1980 25)
2291 1928 2303 1964 ;
2349 1913 2530 1982 magni
2553 1913 2782 1978 ducunt,
2821 1915 2948 1968 dum
2988 1915 3175 1984 aliqua
3221 1915 3462 1981 infamia,

1885 2017 2014 2056 vera
2041 2002 2112 2056 sit
2140 2011 2234 2056 aut
2256 2002 2412 2068 falsa,
2441 2004 2596 2059 nobis
2627 2005 2962 2076 impingitur.
2997 2006 3040 2062 Ο
3068 2007 3213 2060 enim
3241 2006 3383 2077 (istic
3405 2016 3466 2061 ut

1883 2107 1970 2146 me
2013 2091 2302 2161 specialius
2334 2092 2448 2162 ipse
2493 2093 2807 2163 dissignem)
2831 2110 2864 2149 ο
2912 2094 3169 2153 miserum
3203 2112 3306 2160 me,
3343 2111 3466 2151 ver-

1882 2182 2009 2236 bum
2055 2182 2245 2238 diebus
2309 2184 2444 2239 meis
2503 2184 2702 2238 factum
2767 2186 2818 2238 in
2881 2185 3076 2240 Israel!
3140 2186 3294 2250 Quod
3350 2188 3466 2257 qui-

1884 2291 2083 2340 cunque
2120 2276 2370 2340 audierit,
2418 2276 2646 2330 tinniant
2683 2277 2850 2330 ambae
2889 2293 3043 2331 aures
3094 2278 3278 2331 merito
3320 2279 3463 2332 illius

1885 2363 1989 2433 (IV
2017 2357 2147 2435 Reg.
2187 2380 2302 2430 χχι,
2337 2365 2448 2436 te).

1955 2455 2007 2509 7.
2049 2455 2176 2511 Post
2203 2464 2349 2511 tanta
2382 2458 2550 2522 enim,
2583 2457 2733 2524 talia,
2767 2465 2877 2512 tam
2923 2458 3088 2523 fmda,
3121 2465 3228 2512 tam
3259 2459 3462 2528 turpia,

1883 2557 1995 2602 tam
2051 2549 2414 2614 incredibilia,
2460 2559 2516 2604 et
2545 2551 2645 2620 ipsi
2673 2552 2837 2604 etiam
2864 2552 3010 2605 aetati
3064 2566 3200 2606 mea:
3246 2561 3462 2606 contra-

1882 2640 1985 2704 ria,
2017 2655 2136 2710 qua:
2173 2639 2410 2694 balsama
2438 2641 2668 2696 dihorno
2697 2642 2880 2713 (1210)
2917 2641 2993 2711 (et
3042 2651 3170 2712 puto
3191 2641 3467 2710 quodnon

1881 2733 2015 2786 adeo
2032 2733 2302 2788 illibenter
2315 2733 2561 2802 audistis)
2577 2735 2643 2787 ad
2659 2749 2820 2803 quam
2833 2733 3106 2788 vesaniam
3122 2733 3280 2803 507
3298 2733 3462 2788 vestri

1881 2826 2021 2882 illius
2050 2825 2397 2879 Martiauisue
2445 2826 2627 2896 (1211)
2650 2841 2745 2895 pro
2776 2825 3002 2881 cesserit
3053 2825 3330 2880 temeritas
3358 2841 3461 2878 uu-

1880 2918 2136 2988 pcrrime,
2186 2917 2373 2971 horret
2422 2917 2658 2980 edicere,
2717 2932 2784 2970 ne
2836 2915 3330 2987 pestiferacoltors
3361 2916 3463 2972 hoc

196 3005 382 3074 (Ρνουο
432 3023 584 3070 XXIX.
636 3008 744 3077 11),
797 3009 994 3078 opponi
1031 3009 1161 3063 mihi
1206 3008 1387 3064 valere
1435 3024 1540 3064 non
1574 3011 1774 3064 nescio.
1807 3004 1850 3065 C
1885 3019 2059 3063 vestra
2085 3008 2358 3062 inliciatur
2383 3006 2578 3072 fetore,
2609 3007 2752 3076 quod
2797 3006 3036 3061 futurum
3083 3022 3190 3061 non
3214 3007 3463 3062 discreth

194 3095 334 3150 Nulli
371 3097 516 3151 enim
544 3097 650 3151 nisi
675 3099 1067 3168 potentissimo,
1097 3099 1388 3167 ditissimo,
1418 3099 1774 3167 ferocissimo,

193 3205 258 3244 ac
286 3204 387 3260 per
417 3191 521 3245 hoc
545 3191 844 3247 secundum
874 3207 932 3247 se
976 3207 1078 3248 nec
1107 3193 1380 3264 episcOpo,
1410 3194 1525 3260 sed,
1554 3203 1612 3248 ut
1635 3211 1779 3249 mus-

195 3381 344 3438 tum;
372 3375 428 3419 ut
452 3382 559 3438 vos
583 3367 762 3438 utique
793 3367 947 3437 agitis
991 3369 1240 3433 dicentes,
1282 3369 1469 3422 melius
1499 3369 1682 3438 fuisse,
1724 3380 1778 3425 ut

192 3434 647 3507 eleemosynaliter
667 3434 1019 3507 dispensare":
1050 3439 1188 3506 quod
1213 3439 1376 3491 habeo
1407 3434 1512 3492 illis
1547 3440 1776 3504 duobus,

193 3507 363 3574 egenis
386 3505 580 3560 scilicet
618 3505 772 3576 atque
795 3508 929 3562 clero
974 3505 1076 3561 non
1103 3508 1230 3562 adeo
1260 3509 1609 3576 indigentibus
1635 3513 1780 3565 nobis

191 3577 384 3647 partim
411 3578 712 3644 provisione
740 3595 836 3631 sua
884 3579 957 3647 (id
996 3578 1201 3633 clerum
1256 3580 1494 3647 respicit,
1549 3581 1634 3633 cui
1684 3595 1778 3635 sua

193 3646 372 3713 portio
395 3647 680 3720 assignata
715 3648 856 3717 erat)
897 3646 1087 3720 partim
1135 3646 1414 3717 largitione
1447 3649 1672 3720 aliorum
1705 3653 1780 3720 (id

192 3731 462 3789 pauperes
495 3718 836 3786 potissimum
880 3719 1095 3788 tangit),
1125 3727 1174 3771 et
1212 3721 1421 3771 omnino
1469 3718 1779 3789 negligerem

191 3797 396 3853 partem
423 3788 582 3840 istam
627 3789 930 3853 secundum,
961 3789 1012 3840 id
1037 3799 1110 3841 est
1141 3789 1294 3841 istaut
1315 3800 1515 3855 portent
1537 3788 1781 3844 ecclesia-

195 3871 310 3908 rum
357 3859 654 3911 necessario
697 3865 1070 3913 struendarum
1112 3859 1187 3912 vel
1226 3859 1684 3924 restruendurum;
1731 3870 1780 3913 et

195 3941 297 3996 non
351 3926 523 3979 solum
578 3928 837 3996 cogitatis,
901 3928 991 3980 sed
1045 3939 1091 3981 et
1144 3927 1412 3995 loquimini
1469 3929 1564 3982 hoc
1621 3931 1785 3983 exsti-

194 3995 316 4068 t_iss_e
351 3996 561 4050 melius.
597 3995 728 4063 Quis
759 3999 971 4051 auditus
1010 4007 1163 4066 queat
1195 4000 1330 4068 ferre
1360 4007 1562 4051 tantum
1595 4001 1782 4068 nefas?

196 4064 242 4144 '1:
242 4065 342 4146 alis
379 4071 676 4146 persuasio,
716 4068 904 4137 fateor,
961 4064 1068 4122 non
1119 4064 1204 4122 est
1245 4068 1424 4133 amici,
1468 4069 1558 4122 sed
1605 4064 1783 4124 inimi—

196 4151 412 4188 assum.

260 4207 452 4328 (1208)
511 4206 782 4262 Construe
831 4226 844 4264 :
900 4209 1032 4274 Qtue
1079 4208 1124 4262 si
1167 4207 1398 4276 profero,
1453 4224 1557 4261 non
1608 4211 1782 4264 nescio

279 4294 365 4328 ere
411 4281 604 4328 θυι)οηὶ
649 4279 777 4328 mihi
811 4297 830 4328 :
867 4278 1076 4328 Stultus
1107 4279 1312 4328 nrofert
1351 4287 1522 4328 totum
1559 4296 1778 4328 sensum

194 4278 365 4332 calere
411 4281 604 4350 opponi
649 4279 777 4333 mihi
797 4297 830 4351 ,ε
867 4278 1076 4334 Stultus
1104 4279 1312 4348 profert
1351 4287 1522 4331 totum
1559 4296 1778 4334 sensum

197 4362 369 4402 SUllﬂl.

267 4419 451 4488 (1209)
477 4418 790 4475 Constrtte:
827 4421 968 4474 Dum
1015 4430 1188 4474 tamen
1246 4417 1484 4471 omnibus
1532 4419 1667 4473 idem
1710 4421 1777 4473 sit

195 4490 492 4558 peruolupe,
515 4509 635 4544 cum
659 4491 970 4558 compellunt
998 4506 1120 4545 suos
1155 4489 1253 4541 sibi
1277 4488 1536 4556 subjectos
1577 4489 1779 4558 deferre

196 4559 468 4624 honorem,
508 4563 668 4614 etiam
703 4562 793 4630 qui
839 4579 942 4616 non
988 4561 1154 4622 debet,
1197 4559 1294 4611 hoc
1338 4559 1571 4626 exentplo
1603 4573 1624 4630 :_
1649 4560 1779 4626 Qum

196 4631 377 4695 vultis,
403 4640 510 4685 etc.
540 4628 823 4700 Forte—pro
845 4632 990 4685 debet
1015 4630 1390 4700 corrigendum
1419 4639 1502 4700 est
1539 4628 1777 4694 debetur,

195 4700 276 4770 vel
299 4697 786 4770 suppleudum.q'ui
816 4719 918 4755 non
941 4700 1084 4755 debet
1111 4697 1332 4770 deferri.
1353 4699 1405 4751 In
1439 4697 1777 4770 linenutncri

197 4769 501 4843 legebatur,
548 4769 893 4843 quodcunque
940 4771 1188 4843 audierit,
1247 4769 1336 4822 ubi
1381 4769 1775 4824 emendandum

195 4840 313 4906 fuit,
345 4844 487 4910 quod
509 4840 1070 4910 quicunque'audierit.

263 4907 451 4981 (12⁷10)
476 4907 656 4966 Locus
684 4907 771 4966 hic
799 4911 1124 4980 perdillicilis
1156 4917 1260 4964 est.
1299 4907 1481 4981 Homo
1509 4909 1778 4981 significat

193 4978 292 5036 hoc
321 4998 491 5036 anno.
527 4981 665 5036 Num
701 4978 936 5036 balsama
965 4982 1185 5035 dihorno
1237 4978 1646 5037 criminationes
1673 4983 1774 5036 sibi

192 5069 383 5107 recens
407 5054 678 5122 impactas
701 5054 904 5106 ironice
925 5054 1154 5118 vocavit,
1172 5049 1328 5120 quasi
1354 5048 1592 5122 balsama
1617 5052 1776 5118 lmjus

190 5125 354 5178 anni?
413 5119 584 5177 Certe
639 5138 833 5178 sensus
891 5132 990 5177 est.
1054 5119 1400 5181 Post'tanta,
1460 5119 1612 5184 talia,
1667 5133 1774 5174 tant

186 5194 514 5264 Ῑαικίαμξιε.ἶ
531 5209 650 5261 quae
673 5195 801 5247 mihi
823 5193 1164 5262 opposuistis.
1187 5192 1362 5264 Antea
1384 5188 1525 5242 enim
1552 5209 1696 5245 ιιυιιι.
1717 5193 1772 5257 4,

187 5261 400 5348 dixerat
429 5283 445 5317 :
480 5263 713 5348 Quidam
758 5261 1278 5348 enint’sive'putatis,
1301 5261 1405 5312 sive
1446 5276 1476 5311 α
1527 5277 1581 5313 se
1611 5265 1776 5333 magis

1883 3100 2205 3156 certissime.
2235 3099 2367 3154 Nam
2392 3109 2513 3170 post
2535 3101 2712 3153 omnia
2755 3098 2865 3164 illa,
2895 3113 3016 3154 eum
3049 3098 3240 3153 saltem
3269 3097 3336 3152 ad
3365 3113 3461 3152 co-

1882 3193 2133 3248 mitatum
2161 3191 2344 3264 (1212)
2376 3191 2490 3246 sine
2518 3190 2735 3247 licentia
2762 3190 2868 3246 mei
2886 3190 2965 3247 ire
2993 3205 3184 3244 ausum
3219 3203 3462 3244 canones

1881 3373 2015 3419 erat.
2044 3364 2380 3419 Martianista
2415 3363 2596 3433 igitur,
2624 3378 2780 3433 quem
2806 3363 2895 3417 hic
2920 3361 3155 3433 vellicat,
3181 3361 3320 3433 forte
3339 3368 3462 3433 erat

1882 3435 2077 3504 aliquis
2100 3434 2332 3489 clericus
2363 3430 2463 3488 sibi
2496 3430 2757 3498 infensus,
2802 3433 2890 3502 qui
2924 3430 3165 3498 ejusdem
3212 3431 3464 3484 Martiani

1882 3507 2059 3561 studio
2089 3513 2142 3558 et
2173 3505 2315 3576 stylo
2342 3505 2576 3576 maxime
2605 3504 2993 3576 oblectabatur.

1954 3569 2471 3644 (1212)Comitatus
2520 3573 2864 3642 imperatoris
2915 3573 3120 3644 curiam
3169 3569 3467 3644 significat,

1881 3647 1993 3700 sive
2022 3641 2144 3699 eum
2203 3647 2403 3709 locmn,
2433 3645 2523 3698 ubi
2558 3641 2848 3714 imperator
2874 3643 3150 3696 existeret.
3190 3641 3262 3694 De
3298 3643 3461 3710 proli-

1881 3717 2208 3771 ciscentibus
2235 3715 2301 3768 ad
2325 3717 2638 3769 comitatum
2685 3715 2823 3778 vide,
2852 3727 2972 3782 quae
3001 3721 3304 3782 statuerunt
3323 3725 3464 3782 con-

1881 3787 2078 3847 cilium
2111 3785 2434 3840 Sardicense
2487 3800 2608 3840 can.
2634 3785 2690 3846 8,
2721 3784 2776 3848 9,
2810 3780 2885 3837 10
2913 3791 2968 3835 et
3019 3782 3076 3836 11
3124 3780 3466 3836 collectionis

1884 3857 2246 3928 Qioxry'siante,
2275 3866 2333 3928 et
2359 3857 2530 3928 codex
2573 3854 2829 3928 Ecclesia;
2871 3852 3139 3928 Africana:
3162 3867 3290 3928 can.
3335 3850 3458 3928 106ἲ

1883 3921 2035 3982 111ιιθ⁷
2073 3921 2237 3981 etiam
2299 3927 2548 3981 Zosimus
2611 3940 2745 3995 papa
2801 3925 2854 3978 in
2905 3921 3328 3995 Commonitorio
3392 3922 3462 3995 ad

1919 3998 2228 4068 rcsbyteros
2250 4006 2304 4052 et
2319 3999 2576 4068 diaconos
2593 3991 2862 4068 Ravennae
2883 3995 3225 4068 constitutos,
3253 3991 3318 4044 de
3339 3991 3459 4060 qui-

1919 4014 2228 4068 resnyteros
2250 4014 2304 4052 ρι
2319 4014 2576 4052 ataconos
2594 4014 2862 4049 navennu:
2883 4014 3225 4056 consumtus,
3253 4014 3318 4044 ue
3339 4014 3458 4060 qiu-

1881 4014 2107 4122 Busdatn
2157 4069 2268 4122 suis
2319 4067 2532 4123 clericis
2569 4067 2834 4135 queritur,
2881 4063 2982 4128 Qui
3013 4073 3191 4135 contra
3233 4077 3458 4114 canones

1885 4140 2159 4192 adversum
2177 4156 2268 4191 nos
2289 4139 2358 4192 ad
2372 4133 2699 4200 comitatum,
2725 4135 2896 4188 nescio
2917 4150 3018 4203 qua
3035 4133 3282 4203 audentes
3305 4140 3461 4184 teme-

1885 4209 2056 4265 ritate.
2073 4211 2149 4262 ire
2170 4208 2466 4262 voluerunt.
2483 4206 2844 4276 Depositionis
2865 4201 3221 4276 autempmna
3242 4201 3460 4276 decreta

1888 4278 2085 4346 legitur
2114 4279 2164 4332 in
2194 4279 2427 4333 concilio
2455 4269 2794 4331 Antiocheno
2842 4289 2982 4346 can._
3005 4269 3074 4327 11'
3098 4282 3152 4346 et
3206 4271 3288 4324 12.
3309 4269 3462 4346 Quid

1815 4364 1862 4422 ι)
1891 4341 2050 4416 porro
2074 4349 2159 4402 hic
2183 4351 2497 4422 cot't'titatum
2526 4347 2740 4417 ingerit,
2768 4342 3325 4422 tiliitlelcgati011e_atl
3352 4341 3466 4394 llo-

1888 4411 2104 4472 inanum
2140 4420 2442 4487 pontiliccm
2472 4411 2649 4471 seruio
2675 4417 2794 4470 est?
2835 4411 3135 4487 (lationicos
3167 4411 3266 4466 sub
3295 4411 3457 4468 linem

1888 4487 2014 4541 anni
2075 4484 2178 4542 967
2237 4489 2458 4543 missum
2514 4488 2775 4541 direxisse
2827 4485 2892 4538 ad
2951 4484 3362 4552 imperatorem,
3389 4497 3460 4534 ex

1887 4558 2144 4628 Opusculo
2194 4557 2270 4611 De
2313 4558 2512 4628 clericis
2565 4556 2836 4628 rebellibus
2882 4551 3067 4622 liquet.
3111 4551 3295 4628 Forte“
3316 4551 3458 4604 idem

1887 4619 2269 4682 canonicorutn
2304 4623 2527 4700 legatus,
2557 4629 2646 4696 qui
2672 4619 3231 4700 imperatoremadiit,
3259 4619 3463 4700 Roma--

1887 4715 2013 4752 num
2052 4714 2265 4772 quoque
2300 4692 2608 4772 pontiliccm
2639 4692 2920 4772 convertit,
2950 4692 3458 4772 et_idci.rconcomi.-

1889 4759 2202 4822 talum-cun":
2227 4759 2468 4841 Romano
2492 4768 2683 4841 itinere
2700 4765 2993 4841 liatherius
3016 4760 3216 4841 jungit.
3240 4759 3462 4841 [.{escri-

1885 4848 2032 4910 ptum
2075 4847 2254 4892 autem
2285 4837 2551 4910 pontificis
2574 4834 2828 4910 consequi
2873 4849 2979 4888 non
3019 4833 3324 4910 potuit-pisi
3360 4833 3464 4887 sub

1887 4899 2366 4979 Quadragesimam
2397 4909 2520 4962 anni
2567 4907 2690 4970 963,
2743 4899 2896 4979 cujus
2953 4899 3141 4979 notitia
3187 4899 3468 4979 Yeronam

1885 4969 2180 5048 nuperrime
2222 4979 2398 5036 allata,
2453 4979 2503 5030 id
2552 4986 2634 5031 est
2679 4969 2850 5048 paulo
2879 4981 3006 5048 ante
3059 4969 3474 5048 Pasclta,_Ctttu

1883 5039 2174 5104 llatlterius
2223 5048 2612 5117 Apologeticum
2651 5039 2896 5119 scripsit.
2947 5041 3142 5119 Acrius
3187 5039 3476 5119 scribendi

1884 5136 2074 5189 genus,
2102 5135 2207 5189 quo
2237 5111 2422 5189 auctor
2450 5119 2616 5171 hocce
2646 5111 2841 5189 factum
2872 5111 3117 5189 exponit,
3147 5111 3478 5189 condonari-

1884 5179 2006 5244 dum
2049 5179 2135 5246 esi
2187 5188 2411 5251 homini,
2441 5190 2529 5256 qui
2561 5201 2658 5255 per
2688 5199 2755 5256 se
2786 5184 2836 5235 in
2866 5179 3474 5256 scribettdoaecrbior,

1887 5260 2044 5329 hujus
2068 5247 2629 5348 temporislmo'ribus,
2660 5262 2712 5306 et
2743 5252 2857 5348 ipsa
2896 5247 3176 5348 improvisi
3214 5247 3477 5334 rescripti
