4044 5348
561 157 673 214 631

1486 147 1817 207 ΚᾹΤΗΕΒΙΙ
1857 148 2071 206 EPlSC.
2116 147 2369 204 \‘ERON.
2406 145 2557 206 OPP.
2600 150 2780 207 PARS
2815 151 2858 207 ῐ.

3721 147 3822 204 MO

559 268 915 322 decernerent
931 264 1330 336 deponendum,
1349 266 1586 322 inaudita
1603 283 1837 336 unquam
1856 265 2132 320 temerita-
2165 272 2212 327 Α
2241 263 2414 334 picnsi
2445 261 2716 332 quondam
2745 261 3060 335 clamatum)
3092 261 3485 322 Veronensium
3515 279 3622 337 ego
3645 261 3753 334 ipse
3775 267 3815 319 si

559 367 628 420 te,
647 356 890 411 venalem
913 355 1080 422 illam,
1108 365 1165 410 ut
1179 357 1256 412 ait
1273 357 1559 412 Sallustius
1573 359 1590 426 (
1600 357 1674 410 De
1689 356 1822 411 Bell.
1839 356 2137 427 1119111-ιή),

559 445 749 500 adiens
769 446 979 509 urbem,
998 446 1191 516 pretio,
1209 455 1268 500 ut
1289 447 1468 500 omnia
1483 447 1806 516 antiquitus,
1831 446 1902 500 ibi
1930 453 2141 514 elllplas

567 526 723 602 quasi
747 521 1073 602 apostoli'cas
1101 533 1353 590 deferens
1383 534 1609 598 litteras,
1635 535 1996 590 anathematis
2030 545 2138 588 tam

557 635 667 687 me,
698 637 862 693 quam
893 637 1235 679 successores
1255 622 1581 678 omnimodis
1617 637 1770 678 meos
1798 635 1863 677 eo
1894 622 2142 677 multavit

556 728 840 779 mucrone,
876 721 933 768 ut
952 714 1127 785 quivis
1149 714 1348 770 abhinc
1373 714 1772 786 episcoporum,
1809 715 1854 770 si
1884 715 1949 771 de
1978 714 2138 769 cleri-

558 819 746 860 corum
778 821 838 860 se
867 804 1003 862 infra
1035 807 1281 862 mitteret
1310 807 1494 873 rebus,
1549 818 1836 878 perpetuo,
1867 818 1929 864 ut
1965 809 2159 876 aiunt,-

559 895 908 952 anatbemate
937 897 1077 952 foret
1103 899 1409 954 damnatus.
1443 899 1550 955 Res
1593 916 1724 957 vero
1750 917 1871 956 cum
1920 901 2141 973 proprie

558 987 857 1044 Invisibiles
883 990 1134 1045 dicantur
1161 992 1507 1059 substantiae;
1537 991 1626 1048 illo
1644 994 1830 1062 utique
1858 993 2139 1059 innuentc,

559 1077 649 1148 qui
681 1093 875 1133 nomen
905 1089 1111 1150 partem
1138 1081 1400 1135 orationis
1436 1095 1632 1152 corpus
1662 1090 1756 1136 aut
1786 1097 1900 1136 rem
1931 1081 2139 1152 signiti-

557 1179 771 1225 cantem
800 1170 1040 1226 definivit
1063 1187 1223 1242 quam
1246 1173 1487 1228 breviter
1514 1189 1665 1240 esse;
1705 1189 1825 1243 quae
1853 1173 2142 1245 specialius

557 1271 648 1313 res
695 1258 877 1332 (1215)
933 1268 1058 1315 sunt
1083 1261 1431 1327 clericorum,
1461 1278 1622 1332 quam
1659 1263 1853 1318 anima:
1884 1264 2143 1319 illorum?

557 1346 700 1403 Dum
729 1359 909 1406 tamen
933 1360 987 1405 et
1016 1352 1144 1406 hinc
1170 1351 1314 1406 haud
1344 1353 1610 1424 ambigam
1655 1368 1742 1408 me
1772 1368 1877 1408 non
1903 1354 2139 1425 irrepre-

562 1439 795 1495 hensum
819 1443 990 1507 abire,
1010 1444 1152 1513 quod
1180 1443 1390 1499 scilicet
1412 1445 1574 1500 dubio
1601 1445 1877 1516 religionis
1899 1448 2001 1502 hoc
2021 1447 2141 1502 loco

561 1531 900 1587 adhibuerim
936 1535 1300 1589 testimonium
1328 1536 1568 1591 auctoris
1583 1537 1928 1605 cthnici,quo
1954 1538 2138 1608 (1211)

2243 372 2383 423 sum,
2438 372 2559 412 cum
2609 357 2892 427 episcopus
2951 357 3401 427 superintendens
3465 356 3813 425 interpretari

2241 447 2475 510 dicatur,
2503 446 2699 515 quibus
2724 445 3129 515 superintendo,
3150 446 3240 515 qui
3271 445 3615 516 suppositum
3643 443 3812 497 omni-

2239 535 2340 591 bus
2353 552 2437 592 me
2451 537 2638 592 video?
2659 538 2839 604 llisue,
2855 538 2967 607 qui,
2991 535 3118 591 dum
3136 551 3485 607 monogamos
3498 535 3620 590 fore
3639 534 3818 605 (1216)

2239 627 2562 682 adulterium
2621 628 2912 698 publicum,
2965 628 3090 683 dum
3161 628 3372 700 illegale
3436 627 3630 696 utique
3699 642 3823 681 eon-

2233 717 2443 789 jugium
2472 719 2559 784 sit,
2587 719 2800 790 trigami
2822 733 2961 785 esse,
2984 727 3040 776 et
3067 719 3221 788 (proh
3245 718 3475 790 pudor!)
3507 716 3675 788 509
3695 732 3823 786 qua-

2240 811 2490 882 drigami,
2543 820 2599 866 et
2649 811 2753 866 hoc
2783 811 3081 883 presbyteri
3113 821 3168 867 et
3192 811 3425 876 diaconi,
3468 825 3594 864 cum
3627 808 3822 879 bigami

2239 917 2306 956 ex
2329 901 2484 957 laicis
2514 910 2787 972 nequeant
2810 900 3000 956 saltem
3034 901 3153 955 ﬁeri
3174 899 3378 968 clerici,
3402 914 3505 968 pro
3526 897 3702 952 nihilo
3731 897 3828 949 du-

2240 991 2404 1046 cunt?
2431 991 2522 1060 qui
2574 991 2698 1045 dum
2745 989 3056 1061 negotiandi
3098 989 3278 1060 legant
3323 989 3424 1044 sibi
3474 988 3825 1042 interdictum

2238 1082 2563 1138 omnimodis
2587 1097 2765 1147 usum,
2791 1081 3020 1137 usurarii
3059 1089 3390 1136 temeranter
3429 1079 3711 1135 existunt?
3735 1078 3825 1148 qui

2240 1171 2400 1228 ﬁdem
2431 1172 2567 1227 adeo
2601 1173 3009 1242 abjuraverunt,
3063 1178 3122 1226 ut
3159 1170 3409 1241 perjuros
3431 1185 3490 1226 se
3513 1184 3638 1225 esse
3687 1168 3823 1222 mul-

2239 1263 2402 1317 toties
2434 1277 2534 1318 nec
2577 1277 2779 1332 negare
2831 1261 3158 1333 dignentur?
3209 1262 3303 1333 qui
3349 1260 3548 1317 collata
3581 1258 3827 1316 ecclesia:

2239 1351 2590 1425 generaliter,
2638 1360 2750 1406 tam
2793 1351 3105 1422 specialiter
3149 1350 3250 1405 sibi
3303 1361 3592 1420 usurpant,
3633 1359 3693 1404 ut
3727 1349 3829 1404 illis

2237 1442 2501 1512 exceptis,
2527 1442 2620 1512 qui
2651 1440 2967 1497 Scribarum
3023 1451 3077 1495 et
3105 1441 3500 1496 Pharisaeorum
3547 1440 3654 1494 ritu
3707 1440 3827 1493 aliis

2238 1533 2619 1603 praeeminent,
2648 1531 2856 1596 caeteri,
2886 1546 2974 1586 me
3022 1533 3090 1587 ab
3126 1531 3234 1586 imo
3263 1539 3544 1595 cernente,
3577 1545 3682 1584 nec
3718 1529 3828 1583 suf-

568 1631 751 1678 tamen
807 1623 1049 1692 Apostoli
1096 1623 1354 1696 suﬂ‘ragio
1412 1625 1574 1691 nitor,
1627 1627 1694 1681 ad
1735 1625 1917 1682 Titum
1949 1637 2140 1682 contra
2175 1627 2216 1686 Β
2248 1623 2446 1695 l‘ragari
2467 1622 2725 1692 quiddam
2751 1623 2985 1689 valente,
3036 1622 3231 1677 inediae
3283 1629 3436 1692 peste
3477 1621 3829 1676 vehementer

565 1711 887 1782 vaniloquos
913 1721 969 1768 et
992 1713 1304 1771 seductores
1335 1715 1478 1770 dicto
1508 1716 1734 1782 utentis,
1758 1717 2034 1773 irremorsi
2065 1719 2143 1776 sic

561 1811 624 1856 ut
653 1819 758 1858 non
792 1805 946 1860 eatis.
977 1804 1169 1864 Clerici
1209 1815 1264 1861 at
1295 1822 1424 1863 vero
1455 1808 1553 1877 ipsi
1581 1825 1703 1863 cum
1735 1810 1843 1864 siut
1889 1825 2144 1880 corpora-

559 1891 662 1958 les,
710 1894 1002 1951 clericatus
1032 1899 1157 1952 dum
1206 1899 1320 1968 ipse
1369 1900 1739 1970 incorporalis,
1769 1905 1837 1957 ab
1889 1904 2142 1960 omnibus

560 1982 725 2038 rebus
752 1981 914 2056 508
940 2000 1125 2040 eorum
1169 1988 1212 2042 si
1246 1989 1517 2055 abstineo,
1553 1999 1612 2045 ut
1647 2007 1896 2063 corpora,
1923 2004 1983 2048 ut
2010 1994 2140 2050 sub-

559 2074 786 2130 stantias
831 2091 1018 2131 eorum
1057 2080 1294 2148 sumptui
1345 2080 1642 2152 delegatas,
1697 2084 1769 2138 ita
1828 2093 1884 2139 et
1934 2087 2141 2143 animas

560 2161 824 2232 ipsorum,
857 2166 1032 2236 ipsum
1065 2167 1287 2238 insuper
1311 2169 1648 2238 clericatum,
1693 2175 1818 2228 dum
1847 2190 1934 2230 res
1955 2177 2141 2245 utique

560 2255 690 2321 sint,
732 2272 884 2327 aeque
907 2297 910 2302 -
931 2258 1247 2330 negligenda
1278 2261 1716 2318 iunulantissime
1739 2264 1953 2335 colligo.
1980 2266 2135 2336 lpSte,

560 2347 807 2416 inquam,
840 2363 949 2414 res,
981 2364 1225 2418 personae
1252 2353 1460 2410 scilicet
1489 2354 1752 2424 ipsorum,
1781 2371 1902 2410 cum
1937 2358 1990 2412 in
2023 2360 2140 2413 aui-

557 2438 754 2493 tuabus
782 2440 1038 2506 maxime,
1065 2444 1366 2513 utproluli,
1400 2455 1650 2501 constent
1684 2462 1891 2513 eorum,
1928 2451 2140 2506 caeteris

556 2529 844 2598 specialius
873 2534 1038 2587 rebus
1063 2534 1191 2588 dum
1217 2535 1319 2590 hoc
1365 2538 1711 2592 anathemate
1739 2539 1870 2594 mihi
1905 2541 2015 2596 sint
2055 2541 2137 2596 in-

559 2621 824 2687 terdictae,
857 2625 1160 2695 ademptam
1213 2626 1344 2682 mihi
1400 2643 1520 2684 esse
1550 2630 1772 2685 omnino
1798 2646 1982 2687 eorum
2014 2648 2136 2688 cum

557 2710 722 2766 rebus
750 2714 1002 2768 omnibus
1041 2716 1248 2786 absque
1279 2717 1440 2773 dubio
1469 2734 1656 2774 curam
1689 2723 1981 2791 perpendo.
2035 2723 2138 2780 llic

555 2801 602 2856 si
633 2804 860 2873 potestis
884 2804 1070 2875 igitur,
1097 2807 1296 2877 aliquid
1323 2809 1535 2864 consilii
1577 2809 1720 2865 date.
1751 2811 1808 2867 Si
1832 2812 1974 2867 enim
2007 2829 2138 2868 ana-

556 2895 741 2950 thema
797 2897 942 2953 sedis
987 2900 1297 2968 apostolicae
1347 2902 1696 2972 parvipendo,
1745 2913 1946 2974 prater
1991 2905 2135 2960 aliud

556 2984 687 3054 quid
719 2986 860 3040 haud
887 2988 1037 3056 parvi
1068 2987 1395 3056 ducendum,
1422 2993 1644 3060 pessimi
1671 2993 1902 3063 exempli
1920 3003 2136 3064 pontem

556 3076 804 3132 omnibus
831 3086 1034 3134 sterno.
1088 3078 1144 3134 Si
1189 3096 1292 3135 non
1323 3096 1336 3134 :
1365 3082 1582 3137 missam
1627 3083 1818 3138 saltem
1859 3084 1941 3140 eis
1989 3087 2134 3154 (cum

555 3182 645 3223 res
675 3169 785 3226 sint
812 3169 960 3239 ipsae,
1011 3170 1295 3242 missasque
1345 3175 1582 3229 cantatio
1627 3174 1692 3228 ad
1742 3176 2038 3230 maximam
2069 3176 2136 3231 de

557 3260 716 3314 rebus
742 3260 976 3330 ipsorum
1005 3262 1460 3320 iuframissionem
1507 3265 1792 3337 pertineat)
1822 3267 2132 3323 nullatenus

554 3360 733 3408 canto.
763 3352 819 3408 Si
849 3355 1068 3410 missam
1099 3356 1178 3410 eis
1206 3371 1310 3411 non
1339 3357 1575 3425 celebro,
1601 3359 1744 3427 quod
1787 3373 1974 3414 eorum
2025 3375 2132 3415 non

555 3445 657 3501 sim
694 3444 881 3501 saltem
925 3448 1200 3523 sacerdos,
1255 3449 1450 3504 nedum
1503 3450 1811 3520 episcopus,
1844 3452 2132 3521 perspicue

554 3536 750 3608 pando.
778 3537 1073 3609 Episcopus
1105 3553 1236 3594 sane
1263 3539 1346 3612 (ut
1390 3541 1445 3595 in
1481 3541 1892 3615 synodo[l2i5]
1925 3551 2010 3598 est
2031 3543 2134 3598 Pa-

556 3657 670 3724 t_am
702 3648 952 3724 inmquali
969 3650 1271 3724 partitione
1300 3651 1562 3724 dividi,ut
1587 3653 1821 3724 majores
1837 3653 2133 3724 specialiter

556 3717 668 3788 fere
686 3717 866 3772 omnia
891 3717 994 3774 sibi
1020 3731 1342 3788 usurpantes
1359 3717 1719 3788 abundarent,
1741 3717 1922 3779 eteteri
1949 3733 2128 3779 autem

556 3787 795 3854 ejusdem
825 3790 1081 3862 ecclesia;
1118 3787 1299 3847 clerici
1331 3793 1511 3862 inopia
1541 3787 1960 3849 conficerentur.
1996 3793 2132 3849 Vide

557 3865 762 3979 Itartem
794 3860 1021 3927 primam
1048 3859 1124 3914 De
1150 3859 1443 3931 contemptu
1474 3880 1734 3918 canonum
1762 3881 1909 3919 num.
1939 3864 1972 3918 ’5
1993 3873 2049 3920 et
2071 3865 2126 3920 4.

579 3925 693 3979 lttic
719 3927 879 3979 malo.
903 3944 972 3979 ex
993 3945 1100 3979 mm
1129 3930 1231 3979 alia
1255 3932 1409 3979 nlnm
1442 3933 1928 3979 cnnsemmhantnr-
1957 3949 2126 3979 reme.

579 3925 693 4002 luic
719 3925 879 4002 malo.
903 3944 972 3983 ex
993 3945 1100 4002 quo
1129 3930 1231 3985 alia
1255 3925 1411 4002 plura
1442 3933 1931 4002 consequebantur,
1957 3949 2129 3990 remeo

558 3995 704 4069 dium
739 3995 1025 4064 allaturus,
1046 4001 1200 4069 juxta
1231 3995 1459 4056 aliarum
1514 3995 1866 4059 ecclesiarum
1907 3995 2132 4059 consue-

557 4067 796 4137 tudinem
819 4067 1109 4137 mquiorem
1133 4079 1337 4127 tantum
1359 4087 1545 4127 eorum
1577 4074 1846 4130 redditum
1873 4075 2128 4129 distribtt.

559 4135 758 4210 tionem
778 4135 927 4210 inter
953 4154 1143 4210 omnes
1171 4141 1408 4210 ejusdem
1439 4143 1682 4199 ecclesiae
1730 4144 1961 4200 clericos
1995 4159 2127 4200 con-

559 4206 884 4262 stituendam
945 4206 1494 4285 putabathanonici
1549 4229 1698 4281 vero,
1754 4215 1845 4285 qui
1899 4215 1951 4268 in
2004 4229 2130 4271 suas

559 4289 784 4374 git-agni
793 4285 1187 4374 μεριξ-3111118⁵
1207 4283 1370 4338 etiam
1392 4283 1675 4341 inferiores
1695 4283 2128 4374 cle‘ricosltEaxe—
2158 4313 2208 4374 υ

560 4354 702 4411 rant,
754 4349 1181 4424 ut__peculiarem
1234 4368 1424 4419 suam,
1480 4370 1639 4424 quam
1695 4354 2124 4424 praetendebant,

560 4416 994 4498 censuetud‘inem
1010 4427 1333 4498 hilaratum,
1354 4416 1775 4498 ac_pontil_icium
1801 4416 2125 4498 rescriptum

558 4485 878 4549 obtinerent,
895 4489 1021 4556 quid
1049 4490 1304 4548 Romanis
1324 4485 1566 4558 auribus,
1595 4495 1856 4551 Ratherio
1879 4485 2124 4557 absente,

559 4570 658 4636 nec
682 4571 832 4638 suam
865 4573 1097 4640 causam
1153 4579 1432 4634 suumque.
1459 4565 1740 4620 consilium
1789 4573 2123 4636 protegente,

561 4636 900 4698 "gesserint,
931 4636 1169 4698 ignotum
1203 4641 1304 4686 est.

629 4696 808 4772 (121$)
830 4696 1132 4772 Bomanum
1157 4703 1473 4772 rescriptum
1504 4706 1571 4759 de
1594 4705 1746 4760 rebus
1773 4713 2002 4770 tantum,
2027 4719 2122 4760 seu

559 4765 625 4821 de
654 4767 947 4822 redditibus
989 4765 1372 4827 ecclesiasticis
1401 4789 1600 4828 mensa:
1647 4775 1945 4830 cathedrali
1988 4765 2125 4830 assi-

560 4835 733 4906 gnatis
767 4839 1053 4893 statuebat.
1083 4836 1196 4894 Hoc
1235 4850 1412 4896 autem
1438 4844 1504 4898 ad
1553 4846 1764 4898 animas
1805 4844 2124 4900 clericorum

560 4905 869 4972 extendere,
897 4907 1129 4981 violenta
1152 4909 1315 4981 nimis
1336 4912 1712 4981 interpretatio
1731 4914 1972 4968 Ratherii
1999 4914 2120 4979 fuit,

559 4988 720 5043 quam
780 4978 1046 5048 recentis,
1103 4985 1165 5032 ut
1224 4979 1295 5032 ita
1352 4978 1609 5048 dicamus,
1673 4984 1912 5038 vulneris
1972 4978 2125 5038 dolor

559 5045 839 5118 expressit.
871 5046 1144 5118 Quatenus
1165 5063 1295 5102 vero
1349 5045 1625 5118 dispositio
1652 5068 1832 5106 rerum
1880 5053 2124 5108 ecclesize

558 5114 634 5191 asl
646 5115 1066 5191 promoveudum
1084 5118 1384 5172 animarum
1401 5114 1598 5191 bonum
1621 5123 1884 5187 conferat,
1898 5122 2122 5191 aaquiori

560 5182 768 5262 ratione
805 5185 1094 5262 explicavit
1147 5196 1288 5256 part.
1341 5204 1358 5243 ι
1407 5188 1482 5244 De
1531 5202 1822 5262 contemptu
1861 5182 2122 5247 canonum

561 5265 704 5301 num.
737 5251 770 5303 3
799 5264 853 5307 et
876 5251 912 5306 lli

630 5318 736 5348 nm
763 5321 810 5348 ιι

859 5323 1024 5348 ιΙῩ-δ-εε
1075 5324 1307 5348 ..1---..-.
1367 5327 1395 5348 9.
1463 5346 1493 5348 ..
1531 5345 1542 5348 -
1601 5340 1612 5348 .
1824 5330 1906 5348 αι.
1951 5339 2112 5348 ....-.--

2243 1716 2526 1770 laborent?
2551 1715 2643 1785 qui
2671 1715 2883 1785 pugnis,
2915 1713 2998 1770 vel
3026 1715 3205 1784 potius
3235 1714 3500 1779 cestibus,
3531 1722 3590 1767 ut
3621 1713 3727 1767 hoc
3756 1712 3826 1764 ita

2240 1821 2340 1876 pro
2361 1806 2670 1878 Virgilianis
2721 1806 2926 1861 dictum
2953 1805 3024 1860 sit
3053 1805 3334 1862 Euteilinis
3359 1805 3474 1876 (lib.
3500 1821 3535 1859 v
3556 1805 3824 1875 Eadd),

2241 1897 2297 1952 in
2351 1897 2555 1968 gremio
2595 1896 2851 1952 Ecclesia:
2907 1897 3049 1952 inter
3107 1912 3165 1952 se
3218 1897 3558 1960 dimicantes,
3618 1895 3821 1950 violare

2239 1995 2467 2042 eatenus
2501 1987 2600 2057 (uti
2629 1986 2789 2041 modo
2834 1985 3172 2040 Martiauista
3217 1985 3508 2056 instigante
3537 1995 3721 2040 vestro
3743 1994 3830 2041 est

2241 2078 2461 2148 factum)
2485 2092 2591 2133 non
2624 2084 2889 2132 verentur
2915 2076 3175 2147 templum
3204 2076 3302 2130 Dei
3338 2077 3606 2140 viventis;
3639 2084 3700 2130 ut
3725 2077 3826 2132 nisi

2238 2161 2654 2240 praesentialiter
2676 2167 3081 2233 reconcilietur,
3111 2167 3406 2222 missarum
3453 2166 3742 2230 solemnia,
3775 2167 3826 2220 in

2241 2263 2357 2331 ipso
2386 2261 2550 2315 etiam
2575 2253 2999 2330 praesentissimo
3037 2259 3271 2324 Pascha,
3302 2258 3573 2315 celebrari
3620 2258 3827 2330 legibus

2240 2351 2292 2405 iu
2314 2365 2376 2404 ea
2404 2351 2798 2406 interdicatur?
2820 2349 3057 2418 Quorum
3083 2351 3283 2421 aliquis
3305 2351 3660 2405 diacouorum
3689 2351 3828 2405 cola.

2237 2440 2446 2510 phizari
2488 2442 2865 2512 presbyterum
2907 2441 3254 2496 Ordinarium
3304 2441 3488 2513 (1217)
3537 2456 3724 2497 coram
3771 2458 3827 2496 se

2239 2533 2378 2603 (per)
2409 2548 2624 2588 servum
2659 2534 2935 2589 fecitante
2965 2535 3107 2590 l'ores
3153 2535 3298 2606 ipsas
3341 2534 3588 2590 ecclesia:
3633 2551 3824 2604 super-

2239 2621 2458 2678 bissime
2487 2639 2665 2678 suum.
2721 2623 2802 2678 Ad
2859 2639 3127 2679 summam
3164 2625 3286 2679 eine
3341 2623 3550 2695 (1218),
3583 2625 3679 2694 qui
3715 2626 3826 2679 sine

2238 2712 2457 2769 licentia
2486 2714 2591 2770 mei
2628 2714 2857 2770 Romam
2900 2715 3195 2784 profectus,
3229 2714 3339 2785 egit
3377 2722 3436 2768 ut
3483 2715 3828 2770 anathemate

2241 2817 2405 2873 super
2433 2819 2519 2860 me
2539 2804 2778 2876 jaculato
2802 2804 2988 2860 talium
3011 2805 3143 2860 mihi
3173 2804 3596 2861 interdiceretur
3617 2806 3830 2861 cuncti-

2238 2897 2411 2953 modis
2441 2899 2706 2967 quaestio?

2167 2977 2211 3040 C
2313 2991 2366 3045 8.
2409 2988 2726 3061 Hujusmodi
2767 2998 2823 3046 et
2871 2991 2975 3044 alia
3027 2990 3331 3057 innumera,
3385 3004 3565 3058 neque
3614 2987 3825 3043 minora

2241 3083 2604 3145 inemendata,
2629 3081 2756 3135 dum
2792 3080 3022 3136 facultas
3051 3095 3156 3135 non
3183 3080 3432 3150 sequitur
3457 3079 3666 3148 utique,
3715 3094 3828 3133 om-

2241 3173 2371 3229 nino
2397 3171 2723 3240 relinquere,
2758 3180 2933 3236 estne,
2973 3184 3174 3239 quaeso,
3204 3168 3693 3239 superintendere?
3720 3166 3825 3221 Su-

2237 3263 2616 3336 perintendere
2658 3277 2788 3318 vero
2824 3276 3162 3332 nequaquam
3194 3260 3396 3324 valere,
3435 3268 3594 3312 estne
3622 3258 3828 3327 episco-

2236 3371 2363 3426 pum
2391 3353 2542 3410 fore?
2565 3352 2680 3409 Non
2701 3353 3016 3423 episcopum
3051 3360 3231 3406 autem
3259 3351 3312 3404 in
3341 3348 3601 3402 cathedra
3624 3347 3828 3416 episeo.

2233 3446 2344 3518 pali
2381 3446 2590 3510 sedere,
2623 3451 2795 3510 estne,
2841 3457 2994 3513 rogo,
3033 3438 3378 3512 approbahile
3413 3447 3579 3508 atque
3607 3435 3825 3506 legale?

2233 3536 2317 3592 Ad
2358 3535 2503 3591 istud
2529 3547 2662 3590 sane
2691 3532 2876 3605 (1219)
2904 3540 3031 3586 ante
3059 3532 3162 3587 hac
3203 3529 3502 3584 inauditum
3531 3527 3579 3585 si
3619 3526 3822 3596 aliquid

2235 3648 2304 3703 12
2351 3666 2364 3702 :
2405 3645 2551 3718 Digit
2603 3644 2820 3716 quidam
2865 3659 2930 3697 ea:
2966 3641 3069 3694 illis
3109 3640 3360 3718 proprius
3388 3639 3657 3718 ’ἕρξον-τίω
3697 3653 3822 3707 pro-

2231 3719 2384 3788 pheta
2411 3734 2429 3772 :
2460 3707 2727 3771 Cretenses
2747 3729 2950 3784 semper
2968 3707 3258 3775 mendaces,
3293 3707 3448 3762 mala:
3471 3707 3678 3771 bestiae,
3705 3724 3822 3762 cen-

2231 3799 2334 3842 tres
2371 3787 2534 3859 pigri.
2605 3854 2666 3859 μ
2836 3854 2847 3859 Α
3079 3851 3094 3859 _
3241 3850 3254 3859 _
3315 3849 3349 3859 η
3388 3848 3400 3859 ,
3525 3848 3538 3859 ,

2304 3805 2568 3927 ῗ12ΐῗὲῗίιι
2596 3854 2880 3908 Itinerario
2902 3868 3050 3927 num.
3067 3851 3122 3927 1,
3148 3848 3433 3927 sejudicio
3454 3848 3819 3918 episc0p0rum

2232 3921 2555 3999 syriodali'ter
2583 3927 2877 3999 restitutum
2893 3922 3147 3999 tradidit.
3190 3921 3288 3974 Hic
3335 3928 3515 3999 autem
3541 3933 3813 3999 “quaenam

2230 3987 2690 4068 fueritiejusmodi
2737 3994 2975 4068 synodus
3021 3988 3481 4068 indicat,_sci_licet
3539 3987 3822 4068 Papiensis

2232 4067 2360 4122 anni
2405 4059 2537 4133 962,
2561 4079 2670 4136 qua
2699 4059 2858 4120 tertio
2900 4062 3198 4119 Veroneusi
3246 4059 3503 4115 Ecclesia:
3538 4059 3826 4113 restitutus

2231 4136 2818 4280 1Σωδ216)Αῐὶειιὴεενίυεξ
2843 4204 2954 4280 fore
2975 4219 3074 4274 pro
3097 4218 3206 4280 esse
3227 4199 3546 4280 frequenter
3564 4207 3819 4278 usurpat.

2233 4272 2321 4350 De
2339 4272 2552 4350 clericis
2574 4285 2760 4350 autem
2803 4272 3060 4344 ldquitirr,
3104 4274 3157 4327 in
3191 4272 3384 4350 quibus
3411 4272 3816 4350 monogamiam

2233 4347 2438 4418 illegale
2465 4337 3525 4418 conjugium,att—proptereauitdulterium
3549 4337 3820 4418 publicum

2233 4407 2421 4484 vocat;
2470 4407 2595 4472 nam
2625 4407 2686 4470 ῖιι
2739 4407 2814 4470 ait
2858 4407 2910 4469 in
2962 4407 3241 4468 Discordia
3289 4426 3440 4467 num.
3482 4410 3528 4484 l_
3550 4407 3821 4484 i_Ad_u_tlter

2234 4488 2379 4569 nobis
2405 4479 2499 4551 est,
2531 4487 2620 4569 qui
2644 4497 2826 4541 contra
2872 4483 3333 4569 can’gnesuagorius
3369 4490 3464 4534 est.
3485 4480 3554 4562 Et
3581 4479 3819 4569 inAQur-z:

2234 4558 2396 4613 litatis
2429 4549 2730 4629 conjectura
2781 4571 2927 4629 num.
2957 4554 3010 4629 2,
3036 4554 3417 4629 criminatores
3457 4549 3675 4629 ejus_de
3694 4549 3816 4629 ipso

2273 4619 2586 4683 ronuutiaht
2610 4645 2622 4680 :
2642 4626 2860 4697 Illegqle
2883 4623 3182 4693 conjugium
3209 4622 3444 4697 nominat
3474 4619 3816 4697 adulterium.

2273 4645 2586 4683 l'OllllllllIml
2610 4645 2622 4680 2
2642 4645 2860 4697 “legate
2883 4645 3182 4693 cortJugtum
3209 4645 3442 4676 ηυηιιηαι
3474 4645 3816 4674 uuuucrmm.

2233 4645 2502 4755 1ἆοιιδῑινυρι
2530 4708 2708 4753 autem
2736 4714 2749 4750 :
2775 4695 2912 4748 Dum
2934 4709 3272 4760 monogamos
3329 4691 3441 4759 [ore
3490 4693 3558 4744 sit
3614 4687 3819 4742 adulte-

2235 4771 2371 4823 rium
2410 4768 2696 4839 publicum,
2719 4767 2844 4818 dum
2870 4764 3045 4839 utique
3068 4761 3130 4816 sit
3153 4760 3358 4839 illegale
3381 4760 3712 4839 conjugium,
3727 4774 3817 4839 pro

2233 4827 2421 4894 nihilo'
2445 4839 2639 4892 ducunt
2682 4827 2792 4891 esse
2815 4827 3044 4904 trigami,
3071 4842 3138 4898 et,
3168 4827 3298 4902 proh
3337 4827 3560 4903 pudor."
3594 4827 3816 4898 quadri-

2267 4910 2562 4978 ami,ete._
2630 4976 2655 4978 η
2772 4976 2780 4978 _
2905 4973 2954 4978 η
3525 4969 3592 4978 __
3684 4968 3741 4978 Μ

2229 4926 2873 5048 gaﬁglgljcbrdiuarium
2904 4973 2955 5048 id
2983 4979 3067 5027 est
3090 4985 3254 5026 unum
3283 4987 3314 5026 e
3341 4969 3648 5026 canonicis.
3684 4968 3814 5022 Vide

2229 5045 2355 5102 note
2394 5047 2553 5111 1012,
2581 5047 2635 5101 in
2667 5045 3028 5098 Itinerarium.

2303 5118 2482 5190 (1218)
2523 5110 2613 5190 Sic
2637 5116 2961 5190 novissimus
2989 5110 3261 5190 Spicilegii
3283 5110 3482 5190 editor,
3509 5126 3635 5190 eum
3660 5117 3812 5190 ante:

2228 5189 2282 5243 in
2310 5179 2546 5243 editione
2573 5186 2786 5242 Acherii
2838 5179 3104 5252 legeretur
3150 5179 3266 5251 ejus
3315 5197 3407 5252 ne.
3449 5179 3816 5234 Suabauditur

2231 5258 2456 5313 verbum
2508 5251 2911 5327 superintendo,
2942 5252 3082 5323 quod
3131 5251 3183 5306 in
3236 5251 3499 5306 anteriori
3558 5258 3811 5305 contextu
