4044 5348
229 279 327 335 Ml

1412 284 1742 341 RATUERII
1782 285 2251 346 TESTAMENTU
2265 290 2331 345 Μ.

3400 303 3510 360 612

227 392 409 446 refero
434 391 776 463 inspiratum,
805 407 909 448 non
934 391 1097 463 διο
1127 407 1208 448 me
1233 408 1261 448 a
1288 408 1443 450 voois
1473 395 1818 466 irreprehen-
1848 400 1895 461 Α
1925 400 2068 469 quod
2096 402 2317 457 omnino
2365 402 2517 473 pejus
2553 414 2758 460 reatum
2793 405 2867 479 [Ι.
2923 408 3072 477 pejor
3121 411 3342 483 reatus],
3372 418 3487 472 veri

225 499 348 537 sum
386 498 514 537 cum
541 492 723 539 certus
753 484 853 538 sim
881 484 1209 549 habiturum,
1240 485 1499 539 noveritis
1528 495 1708 541 tamen
1736 501 1823 542 me

224 575 331 626 hoc
367 574 777 635 incunctanter,
840 571 982 627 Deus
1036 572 1296 627 averterit
1351 573 1475 635 nisi,
1528 573 1820 639 facturum,

222 652 354 718 licet
402 664 563 719 vobis
602 663 848 717 videatur
874 662 1076 718 homini
1104 672 1288 732 utpote
1333 663 1565 728 carnali,
1593 664 1685 733 qui
1709 680 1819 718 non

221 754 466 825 percipit
494 770 615 824 qum
634 763 761 809 sunt
787 755 1010 825 spiritus
1042 754 1156 819 Dei,
1186 755 1527 821 stultissime,
1558 770 1681 809 cum
1713 770 1818 809 non

222 846 332 898 erit
347 854 555 910 tamen,
571 844 616 899 si
634 844 773 900 Deus
785 845 1013 909 dederit,
1038 844 1475 900 factum.Victum
1490 860 1621 900 sane
1637 845 1818 916 (1220)

224 952 350 990 cum
395 938 478 991 sic
525 936 785 1007 gratulari
844 936 1067 992 valeatis
1118 936 1474 1001 Ratherium,
1516 950 1585 991 ne
1641 938 1819 991 taliter

224 1027 369 1081 vinci
427 1042 593 1098 posse
636 1036 887 1098 putantes
934 1028 1240 1096 tripudietis
1290 1026 1543 1092 multum,
1590 1028 1815 1095 suadeo,

221 1117 547 1183 Antonium,
580 1133 703 1173 cum
749 1118 795 1173 si
845 1117 962 1172 fieri
991 1128 1196 1188 posset,
1222 1117 1334 1186 iam
1368 1118 1561 1174 fuisset
1614 1120 1820 1189 absque

223 1207 392 1262 dubio
419 1206 659 1274 factum;
688 1208 893 1262 distare
919 1209 1047 1279 quid
1076 1210 1217 1264 inter
1252 1211 1523 1264 hominem
1553 1218 1605 1263 et
1631 1210 1821 1266 homn-

223 1295 419 1363 lulum,
443 1298 519 1352 sit
537 1298 787 1353 omnibus
810 1298 1064 1367 duarnon
1091 1299 1350 1371 ignotum.
1381 1299 1619 1355 lnvectio
1635 1300 1819 1371 (1221)

223 1396 488 1442 czeterum
517 1428 534 1452 ,
571 1402 605 1442 o
651 1388 703 1443 in
745 1404 840 1443 vos
886 1390 1245 1453 amicissime,
1286 1390 1430 1445 credi
1480 1399 1540 1445 ut
1590 1391 1808 1461 cupitis,

222 1492 373 1543 mea,
403 1493 476 1533 ne
497 1478 552 1533 in
581 1478 847 1533 infinitum
871 1479 1162 1534 contendat
1178 1480 1502 1549 procedere;
1531 1480 1819 1535 terminum

224 1568 318 1624 hic
366 1569 418 1624 ei
466 1569 591 1625 volo
622 1578 884 1635 statuere,
910 1570 1168 1641 expedire
1195 1585 1299 1624 non
1328 1570 1547 1629 inscius,
1584 1570 1819 1625 multilo-

222 1663 341 1733 qnii
370 1664 697 1733 quantocius
722 1679 828 1733 quo
862 1664 1037 1718 vitare
1064 1672 1308 1734 satagam
1339 1678 1517 1729 usum,
1545 1679 1667 1719 cum
1698 1663 1815 1733 ipso

222 1762 516 1822 peccatum
538 1753 775 1823 obloquii
802 1766 870 1807 ne
899 1753 1212 1819 incurrisse,
1244 1753 1375 1808 mihi
1406 1753 1703 1824 contingat,
1728 1763 1812 1810 est
1845 1762 1891 1823 Β

222 1886 379 1949 terit,
408 1885 535 1941 licet
563 1886 807 1941 videatur
830 1886 981 1941 vobis
1007 1894 1194 1956 utpote
1215 1885 1419 1940 homini
1449 1884 1673 1949 carnali,
1714 1884 1821 1955 qui.

223 1970 335 2026 non
366 1956 595 2026 percipit
615 1972 734 2026 qua:
762 1966 886 2011 sunt
905 1957 1125 2026 spiritus
1143 1957 1257 2023 Dei,
1281 1956 1548 2020 videatur,
1566 1956 1809 2025 inquam,

224 2024 549 2080 stultissime
607 2024 825 2093 factum,
875 2024 994 2081 cum
1042 2034 1219 2081 tamen
1271 2042 1375 2082 non
1423 2026 1549 2089 erit,
1580 2024 1811 2080 si'Deus

223 2095 501 2167 dederit.)
534 2095 860 2167 I_nspiralum
893 2095 1140 2167 intelligit
1163 2096 1362 2167 aliquid
1392 2110 1459 2150 ex
1486 2096 1811 2167 auctoritate

226 2180 420 2219 sacra:
453 2165 509 2219 in
543 2164 819 2219 Discordia
859 2167 1002 2220 enim
1030 2164 1179 2219 num.
1206 2164 1265 2230 2,
1307 2165 1423 2219 ait:
1458 2184 1476 2216 ι
1506 2164 1657 2232 Quod
1683 2180 1812 2220 vero

226 2235 496 2307 scriptum
534 2236 807 2307 invenitur
836 2236 890 2290 in
942 2236 1059 2307 lege
1106 2235 1299 2307 Moysi,
1331 2244 1386 2291 et
1426 2236 1812 2307 prophetis,iet

222 2304 468 2376 psalmis,
500 2307 643 2374 quod
671 2307 722 2359 in
755 2304 1059 2375 Evangelio,
1107 2304 1351 2371 Actibus,
1380 2304 1439 2359 et
1470 2305 1813 2376 prmdicatio—

223 2374 799 2446 nibusapostolorum,
846 2374 1201 2430 decretalibus
1231 2374 1563 2446 pontificum,
1593 2386 1809 2446 etgcon-

222 2444 601 2499 stitutionibus
629 2461 915 2509 canonum,
940 2462 1044 2499 non
1069 2444 1283 2500 rursum
1316 2460 1346 2498 a
1375 2446 1484 2500 Deo
1509 2445 1604 2498 tibi
1627 2444 1803 2499 elucet

224 2515 590 2569 tssrturuu?
615 2535 633 2567 ›
664 2516 719 2569 ln
751 2524 936 2569 nostro
984 2524 1163 2570 autem
1212 2524 1359 2570 textu
1397 2514 1634 2569 indicare
1661 2514 1809 2569 vide-

221 2592 338 2655 tur,
370 2598 429 2637 se
457 2586 785 2654 scripturum
807 2585 1143 2655 opusculum,
1166 2600 1271 2655 quo
1314 2586 1485 2640 sacris
1510 2584 1809 2655 auctorita-

224 2652 375 2725 tibus
399 2652 671 2725 probaret
699 2652 859 2721 eum,
892 2655 983 2725 qui
1034 2652 1479 2723 superintendere
1509 2654 1716 2724 nequit,
1752 2663 1808 2709 et

1926 491 2055 545 tatis
2086 493 2318 547 maxime
2348 495 2470 563 quis
2497 494 2541 550 si
2574 497 2880 552 transiliens
2907 510 3094 563 metas,
3122 502 3402 560 charitatis
3424 507 3509 560 in-

1925 582 2396 654 veniabiliterjure
2421 586 2684 654 neglecto,
2712 588 2914 643 incerta
2942 592 3123 652 certis,
3152 606 3506 666 connectcns,

1922 686 2078 727 vcras
2120 689 2244 728 cum
2301 676 2506 745 nequit,
2537 676 2701 732 falsas
2751 680 3107 751 undecunque
3151 696 3498 754 comportans

1923 762 2221 819 calumnias
2246 783 2259 830 ;
2288 774 2343 820 et
2377 766 2422 820 si
2451 766 2651 836 ﬁngere
2676 769 2828 837 quasi
2852 770 3154 838 probabiles
3175 774 3277 828 sibi
3303 775 3505 846 ingenii

1921 854 2174 922 prohibet
2216 856 2479 924 parvitas,
2536 857 2764 911 candida
2820 857 3012 929 nigris,
3055 860 3207 929 nigra
3254 864 3500 919 candidis

1920 954 2081 1013 atque
2107 954 2468 1009 commutans,
2497 956 2874 1015 persequatur,
2907 950 3050 1017 quod
3098 950 3167 1004 ob
3197 952 3298 1006 hoc
3333 967 3391 1007 se
3419 968 3500 1008 vae

1920 1034 1994 1087 illi
2019 1032 2190 1104 (Psal.
2225 1050 2313 1099 xv,
2358 1034 2471 1104 20),
2500 1034 2736 1104 psalmus
2768 1046 2827 1090 ut
2857 1039 3058 1105 prodit,
3089 1054 3188 1108 pro
3213 1040 3304 1095 tali
3342 1057 3499 1096 com-

1921 1125 2216 1179 mutatione
2265 1126 2566 1194 imprecans
2597 1126 2738 1180 Deus
2780 1126 2915 1195 ipse,
2965 1129 3303 1186 miserrimus
3353 1134 3502 1204 cogi-

1922 1223 2065 1280 tans,
2099 1230 2263 1286 seque
2304 1215 2529 1271 alterius
2559 1215 2817 1272 felicitate
2846 1218 3012 1288 iguito
3048 1220 3210 1275 veluti
3254 1226 3501 1279 cauterio

1920 1304 2391 1361 irremediabiliter
2422 1320 2619 1361 urens:
2643 1308 2783 1377 quod
2810 1324 2840 1362 a
2868 1310 3025 1365 nobis
3056 1312 3295 1381 utrisque
3314 1314 3495 1385 digne-

1921 1404 2009 1449 tur
2048 1404 2294 1449 avertere
2342 1394 2541 1450 Christi
2598 1396 2887 1453 ineffabilis
2918 1400 3111 1469 pietas,
3164 1402 3317 1471 cujus
3364 1420 3487 1459 cum

1918 1482 2081 1539 Patre
2107 1492 2160 1538 et
2184 1484 2387 1554 Spiritu
2414 1494 2602 1540 sancto
2633 1495 2717 1540 est
2754 1502 2858 1541 una
2889 1488 3185 1559 eademque
3213 1492 3400 1561 agendi
3433 1502 3491 1547 ut

1918 1574 2271 1645 possibilitas,
2300 1576 2376 1628 ita
2401 1576 2658 1646 regnandi
2690 1592 2797 1633 una
2822 1579 3028 1645 eadem,
3064 1582 3256 1636 saecula
3285 1598 3381 1655 per
3407 1584 3491 1639 in-

1920 1662 2091 1728 finita,
2119 1661 2397 1732 majestas.
2432 1664 2623 1719 Amen.

1924 1884 2125 1948 habito,
2155 1882 2302 1938 nulla
2331 1883 2689 1953 episcoporum
2739 1884 3107 1941 deliberatione
3151 1888 3498 1944 constitutum

1918 1970 1949 2009 a
2008 1954 2333 2023 Berengario
2380 1954 2421 2008 ll
2486 1954 2625 2008 idem
2686 1953 3049 2023 Liutprandus
3110 1956 3229 2012 loco
3278 1958 3498 2014 laudato

1921 2033 2172 2080 testatur.
2217 2023 2355 2090 Quid
2398 2038 2526 2076 vero
2581 2025 2823 2078 canonici
2872 2025 3207 2082 Veronenses
3267 2043 3387 2081 cum
3429 2045 3495 2083 eo

1918 2095 2119 2148 habere
2145 2101 2361 2163 possent
2386 2093 2621 2163 negotii,
2662 2094 2713 2148 in
2756 2108 2861 2162 quo
2886 2110 3008 2149 eum
3040 2098 3256 2152 vincere
3294 2097 3493 2152 frustra

1920 2162 2203 2235 tentaririt,
2232 2177 2338 2217 non
2382 2162 2763 2235 intelligimus:
2779 2164 2932 2230 Quod
2962 2166 3006 2218 si
3049 2166 3094 2219 is
3116 2168 3290 2235 patria
3330 2167 3497 2222 Vero-

1917 2235 2101 2305 nensis
2138 2232 2270 2305 fuit,
2302 2232 2611 2305 utannus
2641 2235 2692 2286 in
2727 2233 2873 2305 (ΣαειοΔ
2914 2250 3074 2288 aureo
3116 2232 3386 2305 prodidit,
3440 2247 3495 2294 et

1916 2304 2084 2378 multo
2133 2302 2314 2378 magis
2339 2303 2383 2357 si
2415 2302 2515 2378 fuit
2562 2305 2824 2378 sanguine
2856 2302 3082 2378 junctus
3132 2302 3494 2378 cum__blilone

1915 2371 2143 2428 Verona:
2178 2371 2488 2429 comite.uti
2523 2371 2751 2425 allirniat
2780 2371 2995 2427 ltubeus
3042 2374 3092 2427 in
3126 2391 3227 2430 ms.
3257 2376 3492 2431 Historia

1915 2443 2113 2498 Brixia:
2136 2444 2203 2497 ad
2233 2458 2429 2496 annum
2456 2441 2581 2506 960,
2624 2444 2762 2510 apud
2785 2442 3043 2497 Joannem
3071 2442 3293 2499 Mariam
3320 2446 3495 2499 Viern-

1914 2514 2079 2569 mium
2099 2524 2227 2568 tom.
2273 2512 2321 2583 ill
2350 2511 2448 2566 lat.
2480 2513 2563 2566 die
2587 2511 2825 2583 Brescia,
2849 2528 2968 2583 pag.
2999 2512 3103 2566 204
3128 2531 3142 2578 ;
3175 2515 3355 2583 aliqua
3384 2515 3495 2570 for-

1914 2586 2074 2639 tassis
2103 2584 2241 2637 inter
2269 2582 2447 2652 ipsum
2480 2591 2535 2636 et
2581 2582 2873 2644 canonicos
2906 2582 3241 2638 Veronenses
3270 2582 3497 2647 contro-

1913 2656 2088 2707 versia
2128 2651 2303 2722 potuit
2323 2652 2588 2715 existere;
2619 2668 2704 2706 ex.
2738 2667 2819 2721 gr.
2849 2653 2917 2705 ob
2948 2651 3161 2721 aliquod
3206 2654 3489 2722 praedium,

221 2718 569 2804 ineme'ndata
602 2718 855 2796 relinquit
901 2718 1020 2794 qua:
1072 2718 1252 2804 essent
1273 2718 1648 2804 emendanda,
1700 2718 1807 2804 non
1836 2718 1881 2780 C
1914 2725 2056 2792 quod
2084 2718 2157 2779 illi
2198 2722 2585 2804 capiiuiaribus
2622 2718 2778 2804 bonis
2813 2718 3092 2804 vindicare
3121 2718 3488 2804 moliti,.obti-

224 2808 350 2848 esse
405 2794 734 2863 episcopum,
757 2794 869 2849 'nec
903 2810 1060 2863 posse
1105 2796 1158 2849 in
1202 2794 1489 2864 episcopali
1542 2794 1801 2864 cathedra

224 2864 437 2943 sedere.
478 2864 533 2943 ln
565 2866 667 2920 hac
692 2865 912 2943 periodo
940 2879 1038 2933 pro
1076 2881 1179 2919 non
1204 2863 1423 2933 percipit
1454 2863 1595 2934 apud
1620 2864 1796 2919 Ache-

225 2935 375 3003 rium
397 2942 515 3003 erat
542 2950 643 2987 non
670 2935 924 3003 praecipit.

297 3002 481 3073 (1220)
520 3001 788 3058 Construe
815 3001 838 3057 ί
868 3024 885 3055 ι
926 3003 1068 3059 Sane
1122 3019 1243 3059 cum
1284 3002 1510 3057 valeatis
1546 3001 1801 3073 gratulari

224 3070 547 3125 Ratherium
576 3072 655 3127 sic
682 3074 878 3128 victum
904 3092 917 3140 ;
953 3077 1175 3137 suadeo,
1203 3088 1270 3128 ne
1297 3073 1522 3127 multum
1552 3070 1805 3142 iripudie-

222 3142 318 3203 tis,
347 3150 601 3214 putantes
626 3144 917 3214 Antonium
964 3158 1120 3214 posse
1159 3142 1339 3197 taliter
1388 3143 1715 3214 vinci;cum
1757 3143 1804 3197 si

221 3223 411 3282 posset
448 3211 587 3276 ﬁeri,
633 3212 746 3281 jam
780 3211 981 3267 factum
1012 3214 1203 3269 fuisset
1239 3214 1440 3282 absque
1461 3212 1644 3275 dubio,
1674 3211 1799 3266 dum

222 3296 329 3354 non
354 3280 593 3354 ignotum
618 3280 687 3335 sit
708 3283 975 3349 omnibus,
999 3284 1125 3353 quid
1152 3283 1228 3354 (id
1251 3280 1581 3354 estaliquid)
1604 3282 1805 3354 distare

219 3349 365 3403 inter
419 3352 693 3406 hominem
742 3362 796 3407 et
842 3349 1194 3407 homul'uluni.
1223 3371 1240 3404 ι
1286 3349 1585 3417 Hominem,
1621 3353 1671 3405 id
1721 3360 1806 3405 cst

220 3418 400 3473 virum
429 3430 728 3492 potentem,
758 3423 849 3492 qui
882 3423 1060 3478 taliter
1088 3423 1229 3477 vinci
1260 3437 1366 3477 non
1395 3422 1587 3492 potuit,
1616 3421 1803 3490 utipse

222 3503 252 3541 a
279 3492 561 3545 canonicis
586 3491 979 3547 v-ictus'fuerat.
1016 3494 1309 3548 Antonium
1342 3491 1529 3556 vocat;
1562 3506 1619 3545 se
1649 3507 1797 3554 vero,

218 3560 310 3627 qui
350 3559 528 3615 fuerat
561 3561 757 3627 victus,
776 3563 1124 3628 homululum,
1155 3578 1250 3617 seu
1282 3562 1550 3616 infirmum
1576 3570 1631 3616 et
1654 3561 1800 3615 debi-

219 3629 322 3682 lem
347 3630 601 3699 appellat.
626 3630 757 3697 Quis
786 3641 963 3686 autem
991 3633 1258 3687 Antonius
1304 3634 1404 3686 iste
1434 3630 1617 3695 fuerit,
1642 3631 1798 3700 igno-

220 3714 423 3772 ramus.
481 3700 624 3772 Num
663 3702 947 3772 episcopus
996 3702 1189 3772 aliquis
1240 3702 1497 3772 Ratherio
1532 3701 1804 3771 potentior

218 3768 573 3841 designatur?
600 3768 867 3825 Antonius
912 3768 1106 3827 Brixiai
1134 3772 1331 3841 priesul
1364 3768 1805 3840 hujus'teinporis

218 3836 623 3909 aALiutprando
667 3851 999 3897 memoratus
1034 3836 1187 3897 libfv
1237 3842 1400 3906 Hist.,
1430 3836 1478 3894 ir.
1536 3840 1621 3900 15,
1658 3836 1806 3895 anno

218 3906 343 3971 967,
384 3906 487 3962 una
514 3924 635 3963 cum
662 3910 918 3967 Rallierio
948 3912 1175 3967 concilio
1204 3912 1501 3967 Ravennati
1535 3908 1799 3964 interfuit.

214 3977 372 4033 Hunc
399 3977 634 4049 Jusepho
663 3982 838 4050 pulso,
880 3984 933 4037 in
964 3982 1227 4038 Brixiensi
1250 3983 1375 4038 sede
1404 3979 1550 4034 nullo
1580 3978 1801 4034 consilio

1912 2790 2043 2848 nere
2068 2790 2422 2863 nequiv'erint.
2462 2790 2568 2847 Sed
2601 2792 2805 2861 absque
2847 2790 3187 2847 documentis
3222 2794 3492 2864 conjicere

1912 2864 2157 2920 divinare
2180 2871 2282 2918 est.

1984 2934 2165 3005 (1221)
2199 2933 2507 3005 (construe:
2544 2949 2562 2983 ι
2592 2929 2859 3005 caeterum
2880 2930 3111 2986 invectio
3142 2948 3280 3005 mea,
3313 2944 3371 2987 ut
3394 2949 3488 2988 cn-

1910 3004 2037 3075 pitis
2063 3001 2231 3075 credi,
2266 3004 2320 3075 in
2347 3018 2462 3075 vos,
2494 3017 2528 3056 o
2554 3001 2904 3075 amicissime,
2940 3017 3005 3056 ne
3031 3004 3324 3075 contendat
3353 3019 3482 3073 pro-

1912 3070 2103 3130 cedere
2133 3074 2187 3127 in
2217 3072 2522 3135 infinitum;
2567 3070 2689 3125 volo
2712 3072 2797 3125 hic
2828 3079 3069 3126 statuere
3092 3074 3140 3125 ei
3171 3070 3486 3139 terminum,

1915 3161 2021 3200 non
2052 3143 2254 3200 inscius
2286 3143 2559 3211 expedire,
2593 3156 2699 3211 quo
2728 3150 2969 3211 satagam
3005 3144 3324 3210 quantocius
3353 3144 3492 3197 vita-

1914 3231 1973 3270 re
2001 3230 2154 3269 usum
2194 3212 2553 3280 multiloquii;
2585 3225 2653 3264 ne
2691 3212 2968 3279 contingat
3016 3213 3145 3265 mihi
3192 3214 3490 3269 incurrisse

1912 3300 2035 3340 cum
2077 3286 2195 3353 ipso
2250 3282 2645 3353 (multiloquio)
2679 3290 2971 3401 Peccatum
3027 3281 3288 3351 obloqnii,
3338 3284 3481 3352 quod

1912 3364 1993 3401 est
2030 3354 2199 3401 multo
2225 3352 2376 3401 mins
2406 3362 2612 3401 reatum
2658 3350 2778 3401 (ea.
2812 3348 2963 3401 peior
2986 3356 3222 3401 reatus):
3257 3354 3481 3401 maxime

1908 3364 1993 3409 est
2030 3350 2199 3410 multo
2225 3350 2376 3423 pejus
2404 3350 2634 3407 reatum
2658 3350 2779 3423 (leg.
2812 3350 2963 3423 pejor
2986 3350 3222 3423 reatus);
3250 3350 3490 3423 inaiime

1909 3426 1954 3481 si
1981 3426 2102 3494 quis
2130 3420 2454 3494 transiliens»
2474 3429 2645 3494 metas
2671 3422 2932 3482 veritatis,
2972 3420 3219 3489 neglectu
3242 3420 3487 3494 invenia-

1909 3491 2088 3550 biliter
2131 3492 2255 3562 jure
2307 3492 2609 3553 charitatis,
2661 3499 3188 3562 connectens_certa
3240 3491 3481 3553 incertis,

1908 3558 2254 3635 comportans
2296 3564 2648 3635 undequaque
2673 3559 2970 3635 calumnias
3000 3558 3183 3635 faisas,
3224 3575 3345 3635 cum
3382 3577 3481 3635 nie-

1907 3628 2244 3706 quit'veras,
2286 3633 2388 3706 etsi
2441 3628 2677 3706 parvitas
2709 3629 2906 3698 ingenii
2954 3628 3212 3706 prohibet
3245 3630 3345 3706 sibi
3395 3631 3492 3706 lin-

1907 3700 2036 3777 gere
2086 3703 2243 3777 quasi
2277 3700 2599 3777 probabiles,
2626 3709 2966 3777 connnutans
3017 3700 3250 3777 candida
3295 3700 3486 3777 nigris,

1906 3769 2068 3845 atque
2097 3769 2247 3845 nigra
2269 3769 2543 3845 candidis,
2560 3776 2934 3845 persequatur,
2964 3787 2983 3820 ι
3029 3776 3159 3833 etc.,
3193 3769 3489 3845 in“qn_ibus

1908 3837 2106 3914 aliquid
2142 3837 2223 3898 vel
2260 3837 2749 3914 deest,vel'certe’
2789 3839 3040 3893 vitiatum
3081 3849 3186 3894 est.
3241 3837 3488 3893 Pialmus

1905 3911 2162 3986 pro'lsaia
2185 3913 2382 3969 citatus
2410 3911 2641 3964 videtur.

220 4086 3427 4123 MM

976 4187 1117 4245 ¹²²²
1158 4199 1734 4291 RATHERII
1812 4193 2741 4285 TESTAMENTUM.

284 4420 442 4492 511
470 4418 767 4475 Ratherius
808 4416 1059 4474 inell‘abili
1101 4412 1467 4470 misericordia
1499 4410 1803 4467 Conditoris
1835 4413 1883 4471 ι)

216 4532 318 4571 non
348 4513 507 4569 modo
537 4511 836 4567 diutissime
871 4510 1146 4573 toleratus,
1188 4507 1281 4562 sed
1311 4514 1365 4561 et
1389 4506 1562 4560 adhuc
1591 4518 1797 4574 δοβρεε,

216 4604 578 4675 numpative
606 4602 944 4658 solummodo
972 4598 1156 4670 (1225)
1182 4596 1307 4651 licet
1329 4596 1567 4650 existens
1592 4592 1796 4661 episcoc

215 4716 335 4771 pus,
368 4708 611 4770 tempore
636 4697 857 4769 pnetixo
887 4695 1024 4750 cinis
1050 4707 1146 4763 pro
1171 4701 1320 4747 certo
1347 4690 1577 4744 futurus.

279 4815 469 4886 (1222)
508 4815 623 4886 Hoc
664 4813 1052 4886 Testamentum
1081 4807 1337 4886 e_codice
1362 4804 1692 4886 Frisingensi
1734 4804 1793 4859 P.

213 4876 530 4943 Bernartius
569 4884 674 4940 Pez
726 4883 868 4954 typis
891 4880 1053 4954 dedit,
1093 4878 1439 4954 ejusdemque
1470 4876 1670 4930 codicis
1685 4891 1796 4954 non

213 4957 399 5011 inutile
442 4944 1174 5026 apograpliu'ni_accepiinus.
1219 4944 1367 5026 C_um'
1402 4955 1655 5026 tanquam
1684 4944 1795 5026 Ra-f

212 5027 370 5082 therii
409 5015 872 5095 op'usvex'schedis
897 5015 1013 5095 ejus
1028 5018 1419 5095 transcriptum
1444 5015 1624 5095 fuerit,
1650 5024 1799 5095 caret

208 5098 313 5154 illis
331 5084 615 5155 clausulis,
641 5105 695 5149 ει.
719 5084 993 5148 chronicis
1016 5089 1179 5151 notis,
1212 5084 1794 5158 etsubscriptionibus,

2002 4411 2052 4464 1.
2107 4408 2244 4476 Quia
2312 4402 2640 4461 transeuntis
2714 4400 3043 4456 instabilitas
3108 4398 3232 4453 vitae
3300 4392 3484 4468 (1224)

1904 4502 2175 4557 neminem
2211 4512 2356 4554 sana:
2380 4495 2574 4551 mentis
2592 4508 2841 4548 securum
2872 4491 3001 4547 sinit
3023 4505 3263 4549 manere,
3298 4489 3483 4559 (1225)

1903 4593 2134 4653 reculas,
2181 4603 2318 4658 quas
2348 4585 2533 4639 videor
2558 4584 2781 4648 habere,
2814 4582 2887 4636 ita
2928 4581 3116 4636 vivens
3146 4578 3268 4633 volo
3300 4579 3481 4647 dispo-

1900 4700 2055 4750 nere,
2110 4690 2170 4736 ut
2214 4688 2337 4751 post
2386 4678 2591 4733 obitum
2647 4690 2848 4740 meum,
2898 4673 3095 4745 quibus
3129 4684 3223 4725 eas
3256 4668 3474 4731 dedero,

1898 4797 2423 4873 ptum_ag_noscimus
2440 4801 2575 4873 post
2598 4791 2819 4873 iniiium
2838 4782 3315 4873 Novembr-Earini

1900 4852 2351 4942 iniiiniich
2389 4852 2598 4942 editum
2620 4861 2741 4925 fuit,
2771 4867 2847 4942 et.
2878 4867 3004 4941 ante
3049 4852 3480 4942 diemiunii

1901 4928 2026 4997 anni
2073 4938 2369 5008 sequentis,
2420 4952 2528 5008 quo
2554 4930 2744 5008 ﬁanno
2773 4928 3251 5008 utimimperatoris
3280 4928 3483 4979 missus

1902 4993 2092 5083 ;(gggin‘
2112 4993 2422 5083 dimicatum
2440 4993 2655 5083 publice
2684 4996 2927 5083 rescidjf:
2944 4993 3315 5083 Αβνὲἶίξίῗῖηἶ
3324 5008 3485 5083 Ϊῗτω

1900 5061 2130 5154 ἱ]ῗῖίῖἱῇ
2154 5061 2258 5133 line
2294 5061 2530 5154 subjecta
2566 5061 3045 5154 est,‘po‘s1t_!i‘psum'
3064 5061 3479 5121 Testamentum

2755 5134 2887 5154 ,σεο
