4044 5348
589 245 693 303 615

1508 246 1840 302 RATIIERII
1881 245 2095 301 EPlSC.
2142 243 2393 300 VERON.
2437 243 2588 301 OPP.
2630 244 2809 300 PARS
2849 246 2910 299 ll.

3748 249 3846 305 δη

582 363 764 432 quieto
780 359 902 429 jure
927 376 1068 432 Ipsas
1093 360 1308 416 valeant
1334 360 1634 431 possidere,
1700 347 2155 430 quantulumcun-
2189 358 2357 420 A'aut
2391 356 2530 413 forte
2561 358 2724 411 etiam
2761 372 2934 424 arma,
2966 357 3161 412 dentur
3191 358 3271 414 eis
3313 359 3406 429 qui
3457 374 3677 415 meeum
3722 369 3848 419 tunc

579 467 686 523 quc
710 452 917 507 scilicet
951 460 1004 506 ut
1033 451 1242 506 valeant
1270 451 1585 517 consolari,
1606 465 1743 522 quos
1770 450 2160 521 aliquantulum

577 546 891 601 censtiterit
921 545 986 600 de
1015 545 1303 599 absentatu
1339 560 1459 600 meo
1487 545 1716 599 tristari.

645 635 703 691 2.
744 636 801 691 lu
845 635 1037 707 primis
1070 635 1213 704 volo,
1238 642 1295 689 ut
1323 634 1368 690 si
1406 628 1608 706 aliquid
1634 635 1831 705 injuste
1866 644 2043 703 teneo,
2071 636 2157 692 cui

578 727 854 797 competit,
878 726 1193 781 restituatur
1230 727 1469 781 omnino.
1514 726 1641 782 lude
1670 727 1928 795 quidquid
1952 728 2007 781 in
2036 742 2163 797 snp-

579 820 830 890 pellectili
863 833 980 874 mea
1018 819 1316 875 domestica
1371 819 1660 883 invenitur,
1688 819 2000 874 domesticis
2023 820 2160 873 divi-

578 912 759 979 datur,
791 911 894 965 hoc
921 914 1023 973 est,
1054 908 1287 974 clericis,
1316 911 1406 979 qui
1437 910 1565 964 mihi
1594 908 1927 973 deserviunt,
1951 916 2006 963 et
2040 909 2160 979 qui-

575 1002 827 1067 busdam,
866 1001 968 1056 nisi
1018 1000 1313 1068 defuerint,
1347 1001 1576 1066 laiculis,
1628 1001 1893 1057 mansalia
1927 1002 2154 1067 scilicet,

576 1091 896 1158 scamnalia,
944 1091 1303 1158 lectisternia,
1366 1092 1649 1148 curtinulce
1672 1093 1855 1165 (1226)
1886 1094 1929 1148 si
1957 1093 2157 1149 fuerint

573 1182 789 1254 aliqua,
822 1191 1023 1250 vestes,
1055 1184 1137 1239 vel
1166 1193 1365 1240 caetera
1391 1185 1717 1255 hujusmodi.
1754 1186 1974 1242 Denarii
2001 1202 2153 1252 vero,

573 1269 620 1331 si
663 1274 793 1329 mihi
823 1273 1023 1329 fuerint
1052 1273 1238 1344 aliqui,
1269 1275 1342 1329 ita
1396 1275 1518 1330 volo
1565 1274 1698 1330 flant
1726 1275 1906 1332 divisi.
1937 1277 2075 1341 Una,
2109 1277 2156 1332 si

572 1364 756 1429 fuerit,
784 1365 922 1420 libra
952 1366 1109 1421 detur
1151 1366 1497 1421 curatoribus
1526 1366 1732 1423 funeris
1775 1369 1881 1423 mei
1909 1383 1924 1421 :
1954 1368 2150 1435 altera,

572 1456 676 1513 nisi
701 1455 951 1522 defuerit,
978 1455 1193 1512 clericis
1214 1457 1925 1528 ecclesiam.possidentibus
1951 1468 2156 1515 sancta:

572 1539 758 1603 Maria:
778 1545 1191 1613 Consolatricis,
1216 1563 1338 1603 cum
1364 1550 1574 1605 caeteris
1605 1550 1656 1604 in
1681 1551 1870 1605 eodem
1901 1550 2153 1607 Judicato

574 1638 736 1710 512
785 1639 1088 1710 descriptis.
1114 1637 1383 1710 Quidquid
1415 1641 1703 1709 supererit,
1745 1641 1859 1696 sive
1906 1642 1978 1695 sit
2018 1642 2155 1696 mul-

2265 453 2520 521 tentporis
2566 452 2946 517 consistentes,
2976 451 3344 506 necessarium
3393 452 3696 508 habuerint
3728 468 3846 508 sese

2262 544 2387 599 alibi
2419 542 2733 606 transferre,
2773 543 2841 598 de
2866 544 3039 613 patria
3065 552 3122 598 et
3142 544 3471 614 cognatione
3500 560 3625 600 mea
3656 545 3703 599 si
3735 544 3848 602 fue-

2261 637 2372 691 rint
2401 638 2653 692 maxime.
2681 635 2804 691 Haec
2830 644 2885 690 et
2909 636 2995 691 bis
3017 635 3342 692 cohaerentia
3369 651 3493 691 cum
3526 652 3638 691 non
3659 636 3848 711 (1229)

2261 742 2468 798 magna:
2514 726 2871 797 pretiositatis
2898 727 3008 781 sint
3044 736 3192 782 certe
3234 726 3434 791 futura,
3479 728 3848 784 contradicu-

2261 820 2411 874 ribus
2465 818 2720 874 invadere
2770 817 3168 888 Omnipotentis
3223 818 3509 888 prohibeat
3562 834 3665 874 eos
3713 835 3844 874 eou-

2260 908 2441 965 terens
2491 910 2678 981 utique
2721 910 2940 967 dextera
2977 919 3033 966 et
3075 920 3386 965 sanctorum
3422 911 3668 966 omnium
3717 926 3843 966 επις

2261 1002 2457 1056 thema.
2492 1000 2684 1055 Amen.

2329 1093 2382 1149 '5.
2423 1093 2490 1148 Et
2535 1095 2651 1149 hrcc
2671 1094 2885 1163 quidem
2910 1093 3175 1164 repentini
3201 1109 3363 1150 casus
3393 1103 3630 1166 aguntur
3659 1109 3843 1165 suspe~

2257 1191 2366 1249 clo,
2416 1184 2508 1256 qui
2548 1184 2662 1240 sive
2692 1184 2871 1256 (1250)
2920 1184 3218 1255 contingat,
3250 1186 3363 1241 sive
3392 1185 3667 1255 elongatio
3717 1201 3843 1256 pro-

2257 1276 2421 1332 missa
2451 1277 2628 1341 detur,
2661 1285 2720 1330 ut
2747 1282 3026 1345 speratur;
3052 1277 3369 1333 commendo
3383 1285 3578 1332 vestrae
3599 1275 3839 1343 tuitioni,

2258 1366 2418 1438 513
2435 1375 2589 1436 pater
2608 1364 2822 1422 excelse
2849 1365 3054 1436 (1251),
3081 1366 3378 1437 descriptos
3407 1381 3598 1423 omnes
3625 1369 3681 1421 in
3706 1380 3843 1423 ω

2258 1456 2625 1511 concessionis
2653 1457 2891 1521 decreto,
2916 1471 2983 1511 eo
3012 1452 3218 1512 scilicet
3245 1468 3453 1522 tenore,
3480 1466 3541 1511 ut
3573 1471 3698 1512 cum
3736 1469 3839 1511 ve-

2258 1547 2388 1602 stris
2453 1546 2713 1601 fratribus
2735 1546 2918 1618 (1252)
2948 1560 3043 1601 eos
3069 1555 3257 1602 contra
3293 1561 3481 1603 omnes
3508 1556 3723 1602 vestros
3746 1547 3842 1602 de-

2256 1641 2490 1696 fendatis
2527 1641 2765 1711 rogando
2794 1638 3011 1704 fratres,
3043 1649 3231 1694 contra
3275 1647 3503 1694 caeteros
3539 1654 3696 1704 vero,
3721 1638 3842 1710 qui-

574 1738 711 1793 tum,
739 1729 882 1799 quod
904 1744 1009 1784 non
1031 1731 1213 1793 credo,
1240 1729 1351 1784 sive
1374 1729 1443 1784 sit
1470 1744 1659 1799 parum
1686 1740 1779 1784 aut
1820 1738 1967 1785 certe
1995 1730 2149 1796 nihil,
2185 1714 2230 1773 Β
2257 1733 2359 1789 bus
2387 1734 2633 1805 poteritis
2664 1733 2896 1798 viribus;
2926 1733 3198 1803 praecipue
3230 1747 3359 1787 vero
3384 1730 3644 1799 libellum,
3676 1745 3837 1801 quem

573 1820 718 1890 quod
756 1834 865 1874 non
896 1821 1161 1887 discredn,
1197 1820 1393 1876 habeat
1421 1820 1686 1876 Martinus
1710 1821 1895 1894 (1227)
1949 1822 2153 1877 loculo-

572 1925 692 1965 rum
719 1925 861 1965 nunc
889 1918 1135 1965 servator
1160 1926 1426 1977 meorum,
1471 1921 1565 1966 aut
1590 1913 1703 1981 qui,
1730 1913 1947 1983 quando
1967 1913 2149 1978 obibo,

573 2011 703 2057 tunc
734 2002 872 2058 idem
897 2002 1147 2057 habuerit
1171 2004 1551 2059 ministerium.
1585 2004 1687 2072 Qui
1712 2021 1841 2061 vero
1871 2008 2147 2077 ei‘quidli-

568 2093 661 2146 hct
684 2091 809 2146 inde
835 2091 1135 2157 abstulerit,
1159 2093 1231 2147 sit
1259 2094 1335 2148 illi
1360 2095 1646 2150 anathema
1662 2104 1718 2152 et
1739 2098 1985 2153 confusio
2003 2115 2149 2154 sem-

568 2182 800 2252 piterna.
845 2182 974 2251 Quae
1020 2184 1084 2237 ad
1115 2184 1315 2238 victum
1360 2186 1635 2256 pertinent
1683 2203 1836 2256 vero,
1886 2190 2165 2258 ecclesiis,

569 2271 791 2335 vellem,
826 2288 961 2343 quas
989 2282 1257 2328 reslruere
1298 2287 1419 2329 sero
1476 2276 1698 2347 (1228),
1752 2281 1889 2349 proh
1962 2283 2149 2340 dolor!

569 2361 844 2428 inchoavi,
882 2365 1334 2421 concederentur.
1368 2366 1655 2424 Retribuat
1687 2384 1818 2425 vero
1863 2371 2004 2428 Deus
2030 2374 2152 2429 uni-

568 2453 784 2523 cuique,
809 2465 965 2523 prout
1006 2458 1251 2526 gesserit,
1312 2458 1454 2513 inde.
1487 2458 1691 2515 Caballi
1740 2473 2019 2529 cteterum,
2066 2466 2151 2521 vel

568 2542 670 2597 alia
705 2543 749 2597 si
792 2543 924 2598 mihi
974 2542 1174 2600 fuerint
1219 2546 1287 2601 ad
1324 2547 1429 2601 iter
1480 2552 1810 2621 carpendum
1844 2553 2144 2625 juvamiua,

640 2650 821 2729 (1225)
860 2651 1152 2729 Curtinulre
1180 2654 1539 2729 diminitivum
1570 2658 1717 2714 vocis
1739 2663 1978 2729 curtinw,
2015 2665 2151 2724 alias

567 2724 808 2800 cor-tium,
847 2737 969 2791 qua:
1011 2727 1152 2793 apud
1181 2726 1343 2780 medii
1382 2728 1480 2781 :evi
1517 2731 1812 2800 scriptores
1840 2724 2149 2793 uela'uulea

568 2791 893 2861 significant.

669 2862 823 2936 1227)
864 2860 1115 2936 ῌοειωιιι
1148 2868 1514 2936 apographum
1549 2868 1762 2925 Maran.

669 2864 823 2928 1227)
864 2864 1115 2917 Nostrum
1148 2868 1514 2936 apographum
1549 2868 1762 2925 Maran.

637 2864 821 3055 {1228)
862 2932 1014 2998 Sero,
1051 2934 1211 2989 idest
1240 2948 1359 3004 post
1397 2941 1609 2992 tertiam
1655 2942 2049 3000 restitutionem
2095 2949 2148 3002 in

637 3018 750 3055 ιειῐι
785 3005 1167 3055 Veronensem.
1207 3021 1328 3055 Clllll
1360 3023 1418 3055 se
1444 3009 1510 3055 de
1539 3010 1786 3055 ecclesiis
1816 3018 2147 3055 I'pclrnnntlic

567 3005 750 3073 sedem
785 3005 1167 3071 Veronensem,
1207 3021 1328 3060 eum
1360 3023 1418 3061 se
1444 3009 1510 3063 de
1539 3010 1786 3067 ecclesiis
1816 3018 2148 3073 restruendis

2254 1824 2380 1891 feci,
2410 1824 2681 1881 clericulis
2707 1824 2917 1881 duobus
2943 1822 3171 1878 Martin
3188 1833 3244 1878 et
3264 1821 3630 1892 Gisemperto,
3652 1819 3708 1876 id
3733 1829 3838 1886 est,

2253 1915 2488 1970 casalem
2537 1916 2590 1977 1.
2640 1914 2781 1984 quod
2837 1914 3141 1986 (1255).....
3181 1914 3517 1969 nominatum
3557 1928 3658 1983 per
3703 1912 3841 1966 duos

2254 2023 2397 2063 nunc
2454 2006 2707 2062 incolitur
2766 2006 2913 2061 viros
2970 2004 3235 2061 Albonetn
3305 2003 3831 2076 514(1254)......

2254 2115 2416 2170 quem
2476 2100 2694 2170 quidem
2751 2100 2879 2172 quia
2925 2100 3186 2155 diaconus
3243 2098 3459 2153 nomine
3513 2097 3837 2151 Benedictus

2256 2190 2622 2246 fraudulenter
2654 2190 3004 2261 acquisierat,
3063 2190 3131 2245 ab
3166 2202 3234 2244 eo
3264 2186 3519 2244 auferens
3562 2188 3685 2243 istis
3711 2202 3840 2242 eou-

2253 2281 2413 2346 c‘essi,
2445 2296 2509 2337 ea
2548 2296 2697 2345 vero,
2735 2283 2860 2352 quia
2911 2296 3016 2337 non
3065 2281 3239 2353 potuit
3285 2280 3464 2344 aliter,
3496 2281 3733 2343 ratione,
3781 2289 3841 2334 ut

2253 2371 2425 2428 donec
2446 2371 2616 2428 forem
2656 2381 2949 2442 superstes,
2975 2385 3186 2427 mecum
3226 2370 3317 2426 illo
3363 2370 3696 2431 fruerentur,
3723 2380 3839 2439 pass

2251 2478 2382 2518 vero
2408 2477 2589 2518 meum
2608 2462 2908 2518 discessum
2934 2462 3007 2519 29
3036 2478 3300 2518 annorum
3328 2460 3629 2527 curriculo,
3653 2468 3716 2515 ut
3738 2474 3839 2515 ca:-

2253 2558 2384 2614 teris
2406 2556 2573 2612 moris
2593 2565 2678 2612 est
2716 2556 2924 2628 (1255),
2947 2555 3306 2627 possiderent.

2326 2665 2510 2738 (1251)
2552 2662 2733 2738 Patris
2764 2665 2956 2729 excelsi
2984 2665 3218 2729 nomine,
3240 2663 3402 2736 cujus
3443 2664 3645 2721 fratres
3681 2672 3845 2738 vocat

2254 2736 2596 2793 Veronenses
2649 2737 2896 2800 clericos,
2941 2752 3309 2807 successorem
3332 2753 3488 2792 suum
3532 2737 3839 2807 significare

2251 2808 2487 2872 videtur,
2515 2807 2602 2863 cui
2627 2807 2764 2861 hanc
2797 2824 2949 2862 suam
2975 2806 3217 2878 ultimam
3244 2806 3599 2878 voluntatem,
3624 2818 3679 2861 et
3705 2824 3838 2878 prm-

2253 2878 2407 2948 eipue
2436 2893 2546 2932 sua:
2582 2879 2926 2931 concessionis
2956 2877 3241 2945 decretum,
3286 2878 3340 2934 id
3384 2876 3471 2933 e'st
3496 2875 3839 2941 ludicaium,

2253 2948 2617 3004 commendat.

2323 3018 2519 3090 (1252)
2549 3014 2654 3073 Pez
2694 3020 3035 3090 casualibus,
3087 3028 3143 3076 et
3188 3026 3376 3090 postea
3420 3026 3700 3090 ucstratrcs
3743 3034 3840 3089 pro

566 3072 874 3160 sollicitum
919 3063 1185 3160 exhibuit:
1245 3076 1377 3131 Vide
1435 3063 2148 3153 Qualilatisﬂco‘n—j'e-clurdu-t'
2175 3063 2220 3124 (ἶ
2252 3063 3701 3160 fr&:}2;.'2\{)5§raﬁniRBédi’teEtioﬁEBi'ﬁreiit't'iﬁiiu;

566 3159 717 3214 num.
742 3144 797 3205 2,
825 3153 881 3214 et
914 3144 1326 3214 Apologcticum.

860 3212 1238 3294 _Supp_lev1mus
1266 3233 1369 3273 non
1395 3234 1462 3294 ex
1491 3220 1678 3294 eodem
1717 3227 2049 3294 apograplto.

662 3284 826 3367 [250)
860 3284 935 3339 Ita
996 3286 1136 3367 idem
1180 3292 1564 3367 apggraphum.
1611 3284 1767 3362 Apud
1812 3284 1936 3348 [ἵετ’
1968 3299 2148 3367 quisve

563 3356 858 3434 contingat,
906 3356 1179 3434 mendose.
1220 3356 1540 3434 Repentinus
1569 3356 1744 3426 casus,
1788 3380 1949 3434 quem
1980 3356 2140 3424 time-

562 3424 675 3508 bant,
702 3424 854 3508 mors
881 3433 993 3491 est;
1019 3424 1487 3508 clongatio_'au_tetn
1511 3424 1979 3508 promissafqna‘ut
2017 3453 2141 3508 spe-

562 3495 740 3574 rabat,
782 3496 869 3574 illa
926 3495 1233 3574 e3t,_quam
1281 3500 1483 3574 in_tlicat
1512 3495 1591 3574 'in
1632 3495 1791 3573 epist.
1817 3495 1884 3560 1’5
1903 3509 1968 3562 ad
1997 3495 2141 3562 Aile-

562 3563 1185 3646 laidem.imperatricetu
1215 3583 1231 3622 :
1270 3570 1569 3646 «Al-Slaugari
1598 3563 1787 3646 penus
1827 3577 2137 3646 salubriter,

564 3643 620 3687 et
655 3636 901 3689 habitare
942 3636 997 3690 in
1029 3642 1340 3694 monasterii
1370 3636 1483 3696 ntet'
1496 3636 1745 3699 desidero
1782 3646 2089 3702 solitudine.
2117 3636 2137 3700 ἱ

564 3704 662 3787 llic
701 3707 880 3773 itaque
908 3712 1295 3787 paragraphus,
1336 3712 1426 3787 qui
1474 3712 1527 3768 in
1572 3714 1688 3784 ipso
1715 3717 1900 3787 cgdice
1939 3718 2146 3787 aliquot

563 3772 846 3864 linearum
867 3772 1240 3864 spatiiowvacu'o
1262 3772 1544 3864 interiecto
1566 3772 1701 3864 post
1740 3772 2146 3864 Testamen'tum

564 3843 867 3911 subjicitur,
892 3843 1104 3921 additus
1136 3864 1167 3902 a
1192 3843 1454 3907 Ratlterio
1489 3843 1726 3921 videtur,
1764 3872 1885 3912 cum
1908 3859 2146 3914 abeundi

564 3924 914 4035 REI-ceptum,
943 3919 1086 3986 quod
1121 3928 1374 3989 expetere
1402 3932 1663 3994 cmperat,
1693 3919 1794 3997 ipsi
1818 3929 2146 3998 promissum

2331 3160 2514 3231 (1255)
2549 3157 2683 3214 Ηώς
2706 3157 2897 3214 lacuna
2921 3160 2975 3214 in
3004 3160 3189 3215 codice
3226 3157 3357 3231 ipso
3405 3160 3596 3213 relicta
3644 3157 3839 3231 casalis

2252 3228 2527 3300 preprium
2558 3244 2778 3307 nomen,
2817 3231 2965 3299 quod
3009 3229 3362 3307 amanuensis
3394 3244 3498 3283 non
3536 3229 3720 3299 potuit
3755 3228 3835 3285 le—

2250 3316 2399 3371 gere.
2427 3300 2759 3371 continebat.
2884 3354 2887 3357 ,
3100 3300 3106 3307 ’
3222 3342 3227 3351 ι

2320 3371 2511 3442 (1254),
2547 3369 2878 3442 Hicquoque
2901 3371 3261 3427 deestnomeu
3294 3367 3520 3424 alterius
3542 3383 3575 3424 e
3605 3368 3841 3436 duobus,

2249 3441 2339 3512 qui
2373 3440 2607 3512 casaletn
2648 3440 2976 3496 incolebant.

2321 3510 2505 3581 (1255)
2548 3510 2672 3565 llaec
2707 3511 2963 3565 nimirum
3013 3509 3417 3581 libellariorum
3453 3517 3839 3581 contractuum

2247 3579 2387 3636 ratio
2434 3579 2575 3644 erat,
2621 3591 2680 3634 ut
2720 3596 2890 3636 annos
2924 3596 3113 3637 novem
3135 3590 3188 3634 et
3232 3580 3424 3650 viginti
3468 3595 3579 3634 non
3601 3579 3836 3650 excede-

2250 3661 2408 3729 rent,
2430 3652 2498 3705 ad
2547 3652 3010 3729 p_ra_:scriptionem
3060 3649 3307 3729 triginta
3340 3665 3611 3729 annorum
3671 3649 3834 3729 itupe:

2250 3666 2393 3717 rent,
2430 3666 2498 3705 aa
2547 3666 3010 3775 praescriptionem
3060 3666 3284 3721 triginta
3340 3666 3611 3704 annorum
3672 3666 3834 3729 unpe-

2250 3721 2523 3799 diendam.
2574 3720 2715 3799 lujus
2747 3732 3059 3799 cuntractus
3082 3722 3347 3799 vetustius
3376 3716 3838 3799 papaf._l_l_onorti.[

2252 3791 2555 3861 exemplum
2591 3793 2717 3846 anni
2762 3791 2867 3847 625
2898 3808 2964 3847 ex
3003 3808 3105 3848 ms.
3146 3789 3736 3861 Vaticanoh’edidimus
3783 3789 3841 3857 itt

2255 3858 2485 3917 tractatu
2515 3860 2592 3915 Dc
2614 3862 2845 3932 antiquis
2876 3862 3261 3932 collectionibus
3280 3871 3328 3915 et
3353 3858 3725 3932 ωηερε-φήμῃ
3751 3874 3838 3932 σᾳ-

2252 3948 2447 4004 uonum
2471 3940 2613 4004 part.
2639 3947 2724 4004 n_t.
2741 3927 2877 4004 'cap.
2904 3932 2999 4000 14,
3020 3946 3142 4003 pag.
3170 3930 3296 3999 506,
3323 3941 3455 3987 tom.
3488 3927 3554 3984 ιιι
3575 3927 3833 3984 editionis

2251 4000 2555 4058 novissima:
2578 4001 2635 4056 S.
2666 4000 2880 4059 Leonis.

570 4084 3808 4133 ’.Ἢ-ψ

1607 4105 2842 4344 Ῑῐῗῗῆῗῑῆῗ

804 4501 1714 4665 OPERUM

1814 4406 2122 4466 EPISCOPI
2152 4410 2585 4468 VERONENSIS

1823 4507 3582 4727 IEQELSECUNDA.

1799 4786 2577 4901 EPISTOLAZ.

2016 4953 2335 4968 ——-

942 4983 1099 5054 521
1143 4984 1477 5043 EPISTOLA
1525 4988 1757 5047 PRIMA.

1032 5088 1100 5125 Αι)
1143 5087 1411 5130 pararcus
1451 5076 1470 5147 (
1498 5076 1681 5148 1256)

722 5236 730 5248 ⁸
774 5148 775 5151 η
867 5165 945 5221 De
974 5182 1187 5236 corpore
1226 5178 1279 5222 et
1304 5172 1559 5241 sanguine
1592 5169 1823 5228 Domini.

635 5256 877 5311 Pumco
903 5255 1241 5324 RATHElllDS,
1270 5261 1471 5317 misero
1500 5260 1857 5319 miserrimus.

2170 4956 2505 5068 D——(l257)
2544 4992 2891 5065 lnterrogasti
2919 4992 3206 5065 quemdam
3228 5005 3424 5064 nuper,
3467 4990 3689 5063 quando

2248 5083 2376 5140 licet
2403 5083 2662 5139 Dominus
2684 5083 3169 5140 noster‘Conradus
3195 5084 3415 5139 ordines
3448 5082 3636 5156 (1258)
3682 5097 3829 5140 eset.

2248 5178 2360 5234 cuit
2383 5176 2783 5233 ecclesiasticos
2823 5176 2986 5247 532
3014 5176 3134 5231 loco
3165 5176 3258 5246 qui
3289 5176 3491 5231 dicitur
3524 5175 3745 5242 ilorna;
3773 5182 3829 5230 tu

2248 5279 2370 5339 apte
2393 5266 2483 5340 [[2,
2517 5265 2742 5341 aperte].
2774 5268 2870 5322 sed
2906 5281 3055 5322 more
3091 5265 3157 5338 [Ι.
3191 5268 3513 5323 subauditur
3543 5263 3686 5341 tuo],
3730 5266 3831 5325 hoc
