4044 5348
220 385 325 440 615

1655 375 2033 431 EI'ISTOLE.

3360 380 3462 429 011)

220 506 305 551 est
332 493 689 562 explorative,
716 506 825 546 non
858 490 1159 553 caritative,
1189 498 1364 542 utrum
1398 488 1638 552 missam,
1666 501 1795 540 can-
1823 490 1871 546 Α
1900 484 2039 539 forte
2066 487 2324 556 pollutum
2347 496 2533 542 sancta
2560 497 2792 543 tractare
2822 491 3023 559 absque
3046 491 3241 560 duplici
3268 492 3466 549 lavacri

220 602 429 643 tassem
458 586 625 657 ipsius
650 584 997 638 hebdomadas
1028 592 1288 649 tempore.
1314 580 1631 649 Respondeo
1658 578 1793 645 ipse,

216 681 429 733 utinam
458 692 630 745 neque
652 690 770 745 ego,
804 688 975 742 neque
1007 682 1061 726 tu
1087 673 1138 724 in
1172 671 1445 726 Dominica
1473 670 1752 723 nativitate
1778 685 1792 733 ;

217 785 321 836 ego
368 768 516 823 enim
565 781 687 820 raro
735 763 934 834 (1239),
984 773 1039 817 et
1087 765 1229 825 hoc,
1276 761 1409 829 proh
1476 760 1661 813 dolor!
1716 759 1796 811 in-

216 859 573 927 dignissime;
604 865 658 909 tu
710 855 963 924 quotidie.
1011 860 1065 906 et
1104 854 1203 906 hoc
1255 850 1434 919 (HLO)
1478 852 1529 903 in
1569 850 1795 904 candida

217 960 396 1013 veste,
432 965 614 1019 quam,
647 955 704 1000 ut
739 962 879 1011 reor,
933 946 1072 998 Deus
1114 944 1243 997 nulli
1273 944 1323 996 in
1356 958 1581 1011 corpore
1629 941 1796 1011 pluris

219 1042 436 1108 (relidit,
471 1040 525 1094 in
556 1048 733 1092 mente
759 1054 915 1106 quam
943 1037 1058 1099 tibi,
1114 1047 1172 1089 ut
1217 1046 1271 1088 et
1322 1035 1471 1095 mihi,
1507 1034 1793 1104 nigriorem

219 1132 470 1200 fuligine,
502 1146 603 1183 non
629 1128 760 1182 nihil
794 1128 975 1191 timeo,
1010 1126 1139 1181 mihi
1176 1126 1354 1180 crede.
1389 1124 1626 1193 Septimo
1650 1126 1795 1179 enim

216 1220 292 1274 illi
323 1221 478 1284 vitio,
512 1218 668 1289 523
700 1218 838 1286 quod
872 1218 1010 1271 Deus
1056 1217 1355 1271 detestatur
1381 1216 1583 1286 (1241),
1617 1217 1794 1271 anima

217 1320 270 1364 te
299 1310 509 1363 servire
534 1322 800 1375 cognosco
824 1310 898 1375 (et
928 1309 1130 1359 utinam
1150 1306 1357 1369 solus!)
1386 1307 1793 1361 instantissime.

218 1400 376 1455 Unde
426 1400 547 1469 quis
577 1415 605 1452 e
637 1398 788 1451 nobis
841 1398 1069 1461 duobus,
1123 1413 1228 1451 uno
1275 1398 1569 1459 rarissime,
1623 1398 1794 1454 altero

216 1491 463 1560 quotidie
509 1490 889 1545 eucharistiam
933 1489 1149 1558 indigne
1182 1489 1536 1553 sumentibus,
1586 1491 1795 1558 pericu-

215 1582 387 1635 losius
409 1583 650 1635 eamdem
673 1581 898 1648 accipiat
922 1579 970 1649 (1
998 1577 1117 1633 Cor.
1159 1595 1216 1642 ιι,
1260 1578 1350 1645 27)
1371 1620 1385 1641 ,
1432 1580 1683 1648 Apostolo
1715 1580 1794 1633 di-

215 1672 504 1724 mittamus
530 1670 771 1740 judicare
796 1686 810 1733 ;
834 1668 1055 1723 Joannis
1081 1682 1211 1722 vero
1241 1669 1603 1738 Chrysostomi
1634 1684 1793 1739 super

214 1759 459 1826 ejusdem
490 1763 557 1815 ad
596 1761 848 1815 Hebraeos
878 1761 1168 1829 Epistolam
1216 1762 1262 1815 si
1307 1761 1545 1818 studiose
1595 1762 1793 1831 legere-

1896 580 2209 648 purgamine
2245 590 2331 634 tua
2369 581 2527 635 liceat
2569 584 2909 637 auctoritate.
2953 582 3079 647 Sed,
3114 583 3465 649 Mundamini,

1897 671 1993 733 ait,
2025 672 2113 740 qui
2132 671 2277 739 fertis
2302 689 2423 725 vasa
2452 671 2662 726 Domini
2687 673 2840 743 (lsai.
2876 690 2967 737 LII,
2998 674 3123 744 H);
3153 684 3226 741 et,
3259 675 3470 729 Sancti-

1895 760 2129 827 ﬁcamim
2158 775 2293 830 saepe
2316 761 2531 825 dicitur,
2557 762 2679 816 dum
2709 764 2969 833 quidlibet
2991 774 3233 817 sanctum
3276 764 3328 817 in
3364 763 3467 818 Ve-

1898 851 1996 904 teri
2041 861 2201 920 atque
2252 854 2552 907 umbratico
2595 856 2756 909 etiam
2808 855 3155 910 Testamento
3205 858 3468 926 agendum

1896 941 2246 995 decernitur:
2298 952 2351 997 et
2393 943 2457 996 ad
2504 944 2668 998 David
2716 947 2781 999 de
2820 946 3046 1015 panibus
3092 948 3470 1017 pmpositionis

1894 1043 2114 1102 propter
2136 1037 2511 1091 necessitatem
2540 1040 2849 1093 sumendis:
2885 1038 2941 1092 Si
2982 1040 3161 1093 mundi
3204 1050 3345 1105 sunt,
3389 1040 3470 1092 in-

1896 1126 2031 1195 quit,
2062 1128 2207 1195 pueri
2241 1127 2290 1199 (l
2321 1129 2443 1199 Reg.
2478 1145 2594 1193 xxi,
2618 1130 2695 1198 4).

1966 1216 2018 1269 5.
2062 1214 2164 1269 Sed
2190 1215 2664 1273 fortetransitorie
2719 1219 2938 1289 accipis,
2991 1230 3083 1274 aut
3130 1222 3291 1274 etiam
3329 1220 3466 1290 ligu-

1896 1314 2013 1360 ratc
2041 1315 2092 1361 te
2114 1308 2293 1361 dicere
2325 1309 2435 1377 ipse
2478 1318 2655 1378 putas,
2704 1311 2827 1364 dum
2859 1312 3138 1381 accipienti
3184 1312 3419 1381 loqueris
3446 1328 3461 1364 :

1897 1398 2097 1469 Corpus
2124 1398 2340 1453 Domini
2371 1401 2537 1453 nostri
2560 1400 2687 1454 Jesu
2716 1402 2910 1455 Christi
2949 1405 3257 1472 propitietur
3290 1405 3384 1459 tibi
3408 1404 3470 1459 in

1896 1491 2052 1543 vitam
2082 1500 2349 1543 wternam.
2383 1488 2531 1555 Quod
2581 1491 2624 1543 si
2659 1491 2730 1543 ita
2774 1500 2887 1555 est;
2939 1493 3151 1547 cmcitas
3198 1494 3272 1546 tui
3306 1490 3507 1563 intel-l-

1896 1578 2065 1633 lectus
2089 1580 2257 1648 magis
2280 1588 2363 1635 est
2389 1579 2613 1634 dolenda
2645 1591 2697 1633 et
2720 1582 3051 1648 instruenda,
3082 1598 3240 1651 quam
3268 1583 3464 1638 miran-

1898 1669 1961 1721 da
1992 1678 2045 1721 et
2074 1668 2366 1734 irrideuda,
2404 1684 2508 1737 qua
2552 1670 2755 1725 scilicet
2801 1672 3232 1741 prmsumptionis
3256 1672 3463 1727 foveam

1898 1759 2169 1813 declinare
2197 1762 2462 1825 nesciens,
2500 1760 2843 1835 frequentare
2882 1763 3021 1832 quod
3063 1762 3278 1832 ignoras
3312 1764 3464 1833 cujus

215 1867 340 1904 mus
372 1851 553 1922 (1242)
578 1861 803 1920 uterque
828 1866 1125 1916 sermones,
1154 1862 1208 1905 et
1250 1868 1333 1907 me
1362 1854 1427 1907 ab
1461 1854 1790 1914 omnimoda,
1822 1829 1868 1887 Β
1898 1852 2109 1905 virtutis
2137 1852 2223 1914 sit,
2252 1852 2470 1907 minime
2497 1869 2697 1908 cessas.
2748 1853 2849 1908 Sed
2882 1853 3059 1917 crede,
3110 1853 3295 1919 frater,
3339 1855 3465 1925 quia

213 1950 271 1994 et
296 1951 369 2005 te,
402 1943 585 2005 credo,
633 1958 663 1995 a
709 1942 1016 2010 quotidiana
1062 1955 1469 2013 compescerent
1508 1946 1793 1999 missarum

216 2030 604 2085 celebratione.

284 2119 342 2171 2.
385 2119 819 2174 Scandalizatum
852 2130 901 2176 te
929 2137 1139 2192 quoque
1163 2123 1289 2177 mihi
1315 2122 1507 2177 balneo
1536 2123 1586 2177 in
1613 2124 1793 2195 vigilia

214 2211 646 2266 circumcisionis
675 2212 880 2266 Domini
911 2213 1034 2267 dum
1059 2215 1235 2280 audio,
1271 2216 1453 2269 mirari
1481 2216 1613 2271 satis
1640 2233 1793 2270 utun-

213 2299 497 2354 dissimam
531 2302 818 2355 castissimi
849 2302 1029 2373 (1215)
1060 2306 1300 2373 corporis
1352 2304 1427 2358 tui
1475 2307 1789 2360 munditiam

212 2408 323 2446 non
357 2392 530 2456 valeo,
562 2394 895 2462 inexpertem
936 2395 1139 2449 scilicet
1168 2396 1268 2466 legi
1320 2398 1525 2466 peccati
1570 2397 1788 2453 subacta

211 2474 346 2535 caro
378 2482 503 2550 quid
538 2482 750 2537 nolente
780 2485 939 2538 etiam
962 2486 1197 2555 patiatur
1224 2487 1403 2541 animo
1452 2488 1551 2541 nisi
1583 2488 1805 2565 (12M),

214 2616 470 2691 operibus
498 2630 684 2670 recusa
717 2627 812 2691 est
846 2627 989 2673 tonio
1019 2618 1056 2673 l.
1102 2620 1383 2676 Lectiones
1424 2623 1663 2691 ejusdem
1698 2641 1788 2679 co-

211 2688 350 2740 dicis
383 2690 688 2761 accuratius
712 2689 891 2761 collati
925 2691 1243 2758 recepimus.
1292 2688 1583 2761 Epistulam
1628 2697 1786 2749 istam

211 2765 341 2810 ante
387 2759 751 2826 episc0patum
785 2759 1141 2813 Veronensem
1191 2777 1219 2813 a
1263 2759 1516 2816 lla—therio
1563 2764 1614 2817 in
1669 2765 1788 2819 Bel-

211 2828 301 2899 gio
342 2828 595 2899 scriptam
652 2836 920 2895 putamus.
970 2829 1079 2883 Nec
1135 2832 1451 2899 episcopalis
1510 2834 1652 2887 enim
1705 2836 1786 2888 di-

210 2896 620 2973 gnitatis_,_nec
664 2896 1360 2973 earum_vicissitudinum,
1403 2918 1537 2970 quas
1584 2905 1787 2973 episeo-

212 2981 310 3033 pus
338 2968 663 3039 patiebatur,
710 2968 1035 3023 mentionem
1084 2972 1288 3039 uspiam
1337 2968 1484 3026 facit.
1518 2968 1784 3029 Praeterea

212 3051 354 3095 raro,
391 3036 497 3089 imo
548 3037 811 3091 rarissime
860 3055 917 3093 se
960 3036 1176 3093 missam
1209 3040 1481 3095 celebrare
1511 3054 1780 3098 testatur:

211 3106 353 3179 quod
380 3108 665 3179 nionaeho,
717 3122 819 3159 non
860 3118 1035 3162 autem
1083 3111 1332 3179 episcopo
1375 3117 1641 3166 convenit.
1674 3116 1777 3168 Ad-

1896 1948 2035 1997 sicut
2065 1944 2116 1996 in
2139 1942 2285 1997 Cana
2305 1942 2520 1997 Galilem
2556 1943 2738 1996 viuum
2782 1944 2873 1998 Dei
2914 1944 3139 2015 imperio
3180 1960 3363 1999 verum
3410 1954 3467 1999 et.

1894 2050 2000 2088 non
2034 2034 2371 2104 lignrativum
2400 2035 2500 2089 fuit
2528 2052 2594 2089 ex
2626 2052 2761 2105 aqua
2791 2036 3026 2101 factum;
3059 2036 3159 2091 ista
3185 2037 3326 2091 istud
3369 2036 3462 2089 Dei
3492 2073 3499 2080 -

1893 2125 2263 2180 benedictione
2285 2127 2485 2192 vinum,
2511 2142 2668 2181 verus
2696 2136 2749 2181 et
2774 2142 2877 2182 non
2904 2127 3217 2198 ﬂgurativus
3238 2126 3464 2183 edicitur

1893 2215 2130 2283 sanguis.
2163 2224 2217 2269 et
2241 2230 2368 2269 caro
2396 2216 2569 2284 panis.
2602 2216 2751 2281 Quod
2782 2217 2827 2269 si
2871 2232 3030 2285 sapor
3076 2217 3215 2270 idem
3257 2226 3460 2281 manet,

1891 2311 1943 2356 et
1967 2303 2111 2357 color
2132 2305 2203 2358 ita
2234 2319 2292 2358 se
2317 2305 2501 2359 haberi
2535 2305 2863 2368 dissuadent,
2912 2321 3149 2374 propono
3178 2306 3357 2376 (1215)
3396 2307 3461 2359 ti-

1891 2395 1941 2448 bi
1989 2394 2151 2447 aliud.
2205 2393 2391 2449 Credis
2436 2397 2742 2449 auctoritati
2781 2396 3095 2465 Scripturze,
3157 2412 3275 2464 qua:
3329 2396 3460 2449 dicit

1890 2485 2160 2539 hominem
2207 2486 2271 2540 de
2328 2486 2455 2540 limo
2504 2496 2659 2542 terrae
2717 2487 3059 2542 formatum?
3106 2487 3224 2541 Non
3274 2487 3459 2542 dubito

1889 2615 2138 2670 donasset
2182 2632 2326 2682 eum,
2380 2617 2469 2685 qui
2524 2632 2582 2671 se
2636 2616 2855 2671 inferior
2896 2616 3235 2671 erat?Porro
3258 2617 3307 2668 in
3337 2616 3457 2671 Bel-

1886 2687 2003 2757 gio,
2040 2687 2126 2741 tibi
2179 2687 2498 2757 monachum
2550 2687 2678 2757 egit,
2731 2689 2867 2741 hanc
2918 2687 3195 2757 epistolam
3244 2686 3483 2742 Patricoi

1886 2756 2099 2809 dedisse
2142 2772 2208 2811 ex
2255 2772 2319 2810 eo
2368 2753 2686 2823 colligimus,
2739 2758 2861 2825 quia
2899 2753 3177 2824 qﬁwstioni
3235 2772 3458 2824 respon-

1887 2826 1978 2878 det
2011 2842 2116 2879 non
2155 2827 2373 2895 scripto,
2408 2828 2500 2879 sed
2541 2828 2718 2881 verbis
2747 2828 2813 2880 ab
2852 2829 3038 2879 eodem
3084 2826 3294 2881 Patriro
3339 2841 3460 2895 pro-

1887 2897 2104 2963 positae,
2152 2896 2365 2964 quando
2409 2896 2686 2949 Conradus
2730 2896 2947 2950 ordines
3002 2896 3241 2949 exercuit
3281 2900 3457 2949 eccle-

1885 2966 2131 3020 siasticos
2159 2967 2208 3019 in
2244 2965 2358 3019 loco
2412 2967 2499 3034 qui
2526 2964 2934 3019 diciturllorna.
2959 2965 3137 3019 llorna
3161 2967 3458 3020 Comitatus

1884 3043 1965 3087 est
1991 3037 2040 3087 in
2071 3036 2285 3090 diascesi
2318 3035 2662 3099 Leodicensi;
2705 3038 2842 3090 unde
2868 3037 2950 3089 vel
2994 3051 3135 3088 nunc
3164 3034 3458 3089 Leodicen-

1886 3106 1961 3157 sis
1994 3107 2275 3174 episcopus
2300 3107 2437 3159 inter
2463 3115 2655 3159 cmlera
2684 3104 2880 3158 Horme
2910 3105 3090 3158 Comes
3120 3105 3452 3160 inscribitur.

214 3178 303 3253 de.
326 3177 469 3242 quod
530 3176 799 3229 dominum
858 3189 1090 3231 nostrum
1116 3174 1129 3179 ⁷
1156 3174 1383 3248 appellat
1435 3183 1736 3236 Com-mlum
1761 3226 1774 3248 ,
1807 3174 1850 3236 ε
1886 3176 1959 3227 Ex
1992 3177 2076 3228 his
2104 3178 2337 3245 primum
2369 3176 2549 3253 locum
2577 3175 2979 3253 liuic_epistol:_n
3015 3176 3299 3253 tradimus,
3331 3190 3452 3228 eum

216 3248 446 3318 annon
474 3255 594 3298 erat
625 3248 926 3318 episcopus,
956 3258 1013 3301 ut
1058 3257 1201 3318 patet
1224 3266 1286 3303 ex
1314 3261 1424 3305 not.
1461 3254 1613 3307 1258.
1638 3254 1776 3308 Num

209 3312 541 3378 llatherius,
590 3312 875 3370 si'l'uisset
930 3312 1245 3388 episcopus,
1307 3322 1566 3390 ejusmodi
1623 3316 1803 3379 titulo-

209 3508 327 3580 dem
372 3507 634 3563 Ordinum
690 3525 930 3565 normam
986 3523 1337 3580 exercentur,
1394 3519 1634 3572 ordinum
1680 3537 1777 3575 no-

208 3577 724 3655 mine_quandoque
776 3583 1127 3655 appellantur.
1185 3586 1293 3640 lloe
1324 3577 1563 3655 qnidem
1615 3606 1774 3646 sensu

209 3647 528 3722 accipienda
545 3647 673 3722 esse
714 3647 874 3704 verba
895 3692 909 3715 ,
932 3655 1139 3722 quando
1165 3647 1405 3710 dominus
1441 3668 1613 3711 noster
1640 3660 1773 3715 Con-

208 3716 370 3794 radus
434 3721 644 3794 grdines
689 3725 915 3794 eaercuit
943 3716 1374 3794 ecclesiasticos,
1419 3728 1555 3781 nihil
1604 3732 1777 3784 ambi-

206 3788 399 3865 gimus.
434 3788 610 3865 Locus
634 3791 816 3865 _enim,
848 3794 936 3860 qui
979 3793 1193 3865 dicitur;
1225 3788 1409 3848 Horna
1441 3797 1535 3865 (ita
1585 3814 1650 3853 ex
1685 3815 1774 3854 co-

206 3856 793 3934 dice-emendavimus,
841 3856 962 3934 cum
1011 3865 1152 3934 male
1184 3864 1235 3917 in
1284 3856 1512 3934 vulgatis
1551 3869 1775 3924 habere-

206 3934 292 3978 tur
324 3924 595 4002 Ilornon)
642 3930 962 4002 indioecesi
1010 3931 1321 3989 Leodicensi
1372 3924 1506 3991 situs
1553 3948 1670 4002 est,
1718 3950 1777 3994 ut

204 3997 480 4073 nnt._12._')6
512 3998 1005 4073 animadvertimus.
1029 4002 1324 4069 Conradus,
1350 4006 1439 4073 qui
1464 3997 1670 4061 ordines
1690 4026 1775 4062 ec-

204 4064 519 4148 clesiasticos
550 4068 755 4148 ibideur
771 4073 1045 4135 exercuit,
1076 4088 1179 4148 non
1226 4064 1344 4127 erat
1366 4064 1611 4148 profecto
1655 4080 1791 4148 cpi-t

204 4149 400 4203 scopus
444 4136 811 4216 Leodicensis,
835 4149 893 4216 ut
922 4156 986 4216 ex
1009 4143 1147 4216 serie
1169 4136 1478 4199 eorumdem
1500 4136 1775 4216 episcopo-

202 4220 373 4258 ruma
428 4207 785 4274 scriptoribus
837 4210 1093 4265 Ratberio
1126 4216 1286 4267 etiam
1322 4207 1627 4271 coieris-ad
1674 4207 1773 4273 nos

202 4276 535 4353 transmissa
569 4277 910 4353 manifestum
946 4291 1045 4335 est.
1089 4281 1221 4336 Cum
1276 4299 1436 4353 porro
1484 4286 1620 4341 alius
1668 4288 1771 4343 loci

199 4345 485 4413 episcopus
521 4345 575 4398 in
616 4346 837 4403 dioecesi
879 4366 983 4404 non
1031 4367 1125 4405 sua
1172 4345 1355 4409 sacros
1390 4357 1607 4411 ordines
1646 4373 1773 4412 con-

196 4414 341 4468 ferre
376 4430 486 4469 non
518 4426 730 4484 posset;
764 4419 852 4471 hic
893 4429 1069 4475 textus
1102 4423 1167 4476 de
1208 4439 1481 4478 sacrorum
1521 4428 1770 4481 ordinum

1878 3243 2325 3367 fmterre‘omnes
2373 3262 2401 3299 a
2429 3243 2818 3314 Ratheriojain
2870 3245 3119 3315 episc0po
3165 3245 3455 3299 lucubratte

1904 3325 2097 3367 UCl'llli.

1904 3325 2097 3369 ucrtnt.

1878 3524 2187 3578 struendum
2217 3525 2443 3577 videtur.
2482 3528 2651 3590 Quam
2683 3524 2907 3593 (vestem
2947 3523 3254 3589 candidam)
3285 3524 3450 3588 Dens,

1877 3606 1933 3647 ut
1958 3611 2092 3659 reor,
2122 3594 2253 3648 nulli
2279 3595 2444 3661 pluris
2474 3595 2648 3665 pendit
2674 3595 2727 3647 in
2749 3611 2982 3662 corpore,
3007 3611 3162 3665 quam
3192 3595 3452 3664 (nonnihil

1877 3667 2049 3725 timeo,
2083 3660 2397 3734 mihicrede)
2434 3665 2548 3729 tibi,
2579 3660 2635 3717 ui
2669 3660 2884 3731 etmilii,
2916 3660 3210 3734 nigriorem
3232 3664 3451 3734 [uligine

1874 3736 1929 3789 in
1958 3744 2144 3789 mente.
2320 3788 2323 3793 ἴ

1945 3804 2126 3874 (1241)
2166 3803 2220 3858 In
2248 3819 2347 3857 ms.
2370 3802 2619 3858 Lobiensi
2664 3802 2912 3868 habetur,
2944 3803 3078 3874 ejus
3131 3801 3451 3870 detestatur;

1876 3874 1929 3928 in
1953 3874 2182 3943 vulgatis
2211 3874 2313 3925 alia
2343 3874 2767 3943 interpunctione
2787 3876 2895 3928 suis
2917 3873 3202 3926 detestatur
3238 3874 3445 3940 anima,

1878 3955 1948 4006 te,
1975 3954 2079 3998 etc.
2116 3944 2401 4011 utrobique
2426 3945 2540 3999 sine
2566 3954 2691 4013 apto
2723 3960 2905 3998 sensu.
2932 3943 3208 3997 Veriorem
3258 3943 3445 3999 lectio-

1876 4028 1996 4069 nem
2028 4015 2325 4068 restituisse
2347 4015 2671 4068 arbitramur
2699 4015 2996 4068 scribentes
3016 4013 3157 4065 Deus
3186 4028 3283 4081 pro
3304 4014 3441 4082 ejus.

1876 4082 2174 4152 Septimum
2221 4085 2363 4137 enim
2394 4084 2581 4138 vitium
2610 4094 2686 4137 est
2721 4084 2955 4145 tristitia,
2989 4098 3083 4137 seu
3126 4083 3451 4152 negligentia

1874 4169 1938 4207 ac
1970 4164 2119 4222 tepor
2140 4155 2193 4206 in
2218 4155 2469 4221 operibus
2495 4154 2668 4215 bonis,
2696 4156 2838 4223 quod
2880 4153 3251 4223 vitiumDeus
3280 4153 3449 4221 pluri-

1873 4223 1974 4277 bus
2000 4221 2053 4277 in
2081 4224 2212 4279 locis
2257 4239 2424 4278 sacra:
2454 4221 2745 4294 Scriptura:
2797 4221 3158 4292 reprehendit.
3209 4222 3452 4294 Quiaastio

1873 4303 1957 4347 est
1988 4295 2228 4363 antiqua,
2269 4309 2393 4347 num
2423 4302 2638 4362 praestet
2685 4292 3036 4363 frequentius,
3069 4309 3290 4363 anraro
3337 4292 3447 4346 Eu-

1873 4361 2189 4417 charistiam
2221 4361 2451 4417 sumere.
2480 4363 2728 4417 Patrieus
2758 4361 2994 4429 quotidie
3023 4361 3325 4425 celebrans,
3355 4379 3450 4417 su-

1874 4435 2054 4487 mebat
2084 4434 2227 4486 illam
2255 4433 2522 4500 quotidie;
2576 4434 2864 4486 llatherius
2908 4446 3052 4485 raro.
3104 4432 3173 4486 Se
3223 4433 3441 4500 quidem

197 4484 736 4578 Stillationetintitelzligi
764 4491 978 4569 nequit;
1008 4500 1061 4544 et
1086 4492 1381 4578 Conratlus,
1412 4496 1503 4563 qni
1530 4499 1632 4578 ethsi
1661 4513 1766 4578 non
1794 4513 1844 4572 Ι)
1875 4484 2531 4578 hicwpraifer—t"iiidignum;
2571 4484 2931 4578 _sedl’atrico
2983 4484 3051 4556 ob
3107 4484 3446 4578 negligantur;

195 4564 312 4607 erat
342 4555 1026 4629 Leodicensis'episcopus,
1057 4575 1121 4614 ex
1158 4564 1312 4617 titulo
1346 4555 1522 4618 tamen
1558 4565 1764 4620 Domini

196 4626 360 4707 nostri
396 4634 511 4707 tum
546 4625 971 4707 Ratheri’ottu'm
1001 4630 1213 4687 Patrico
1235 4635 1577 4707 praestantior
1604 4652 1783 4707 agno-.

195 4695 389 4773 scitur,
423 4694 658 4773 aliquam
683 4697 1013 4773 functionem
1038 4694 1249 4773 Sacrani
1276 4714 1436 4773 atque
1469 4694 1761 4760 solemnem

195 4765 440 4841 ordinum
467 4766 931 4841 ecclesiasticarum
956 4772 1171 4841 nomine
1202 4765 1533 4841 designatum
1569 4776 1763 4830 Horme

194 4834 511 4888 exercuisse
546 4836 803 4910 dicendus
824 4847 934 4903 est,
980 4839 1119 4895 forte
1164 4834 1446 4897 missarum
1480 4845 1762 4910 solemnia,

193 4918 426 4985 quorum
457 4906 871 4985 occasionenon
902 4910 997 4985 abs
1024 4925 1083 4964 re
1108 4910 1375 4985 _Patricus
1419 4906 1762 4985 interrogavit

192 4974 511 5051 quemdam,
550 4989 678 5029 num
720 4976 1260 5051 Ratheriusumissam
1298 4993 1551 5037 cantasset
1600 4974 1782 5051 ipsius

192 5042 536 5121 {tebdomadaz
565 5052 805 5121 tempore.
838 5046 980 5101 Idem
1007 5049 1298 5121 Batherius
1323 5053 1375 5105 in
1432 5055 1587 5121 epist.
1619 5042 1652 5107 Β
1696 5057 1775 5117 ad

189 5109 452 5191 Joannem
486 5109 976 5191 pontiiicemunum.
1005 5118 1037 5171 6
1077 5119 1237 5173 simili
1277 5136 1436 5175 sensu
1464 5109 1761 5191 'scripsisse

189 5182 405 5258 videtu!
429 5200 445 5233 :
479 5180 730 5258 Quadam
768 5187 854 5238 die
883 5190 1004 5239 dum
1027 5191 1235 5242 ordines
1257 5180 1627 5246 ecclesiastich
1649 5212 1762 5258 age-

1869 4585 1960 4625 aut
1992 4573 2189 4640 teporis
2240 4573 2448 4634 vitium,
2500 4572 2586 4626 cui
2617 4572 2973 4637 deserviebat,
3026 4587 3132 4627 non
3166 4572 3439 4627 modicum

1867 4643 2210 4696 utetuendum
2239 4640 2525 4711 signiﬁcat.

1936 4711 2118 4779 (1242)
2156 4712 2232 4764 lta
2266 4710 2431 4766 cedes
2466 4729 2478 4764 :
2509 4711 2767 4766 Acherius
2792 4710 3084 4781 legerimus.

1878 4804 1885 4815 ι
1936 4780 2117 4849 (1245)
2154 4782 2489 4850 Adjectivum
2526 4782 2801 4835 castissimi
2844 4780 2912 4835 ex
2969 4798 3065 4836 ius.
3100 4780 3433 4847 ‘adjecimus.

1864 4850 2129 4905 Construe
2146 4866 2302 4904 vero:
2322 4851 2443 4904 Non
2466 4850 2606 4921 valeo
2632 4867 2830 4921 qucque
2849 4853 2977 4904 satis
2998 4851 3177 4921 mirari
3201 4852 3439 4904 mundis-

1863 4921 2048 4973 sinmm
2074 4921 2383 4973 munditiam
2406 4919 2680 4973 castissimi
2706 4919 2937 4987 carparis
2979 4922 3071 4981 tni,
3120 4920 3245 4971 dum
3274 4923 3437 4978 audio

1870 5000 1918 5061 te
1943 4989 2356 5061 scandalizatum
2380 4991 2502 5061 mihi
2528 4989 2714 5061 balneo
2747 4990 2822 5061 (id
2853 4998 2937 5043 est
2967 4990 3033 5043 ob
3057 5003 3219 5061 usum
3239 4988 3441 5061 balnei)

1866 5060 1922 5113 in
1951 5060 2125 5129 vigilia
2154 5060 2563 5112 circumcisionis
2588 5058 2798 5129 Domini
2816 5067 2927 5129 ;_te,
2948 5072 3180 5129 mquam,
3205 5058 3449 5128 inexper’.

1866 5138 1963 5182 tem
1995 5127 2211 5196 scilicet,
2249 5129 2373 5197 quid
2415 5145 2536 5181 caro
2569 5128 2783 5181 subacta
2829 5127 2930 5193 legi
2979 5127 3170 5194 peccati
3212 5130 3455 5194 patiatur

1863 5202 2018 5251 etiam
2048 5198 2222 5251 animo
2252 5197 2472 5258 nolente,
2509 5198 2606 5250 nisi
2643 5197 2775 5258 forte
2805 5196 3124 5250 auctoritate
3165 5206 3258 5247 tua
3290 5196 3451 5257 licem
