4044 5348
588 263 697 355 6:57

1407 263 1731 320 suum"
1770 263 1982 321 EPlSC.
2025 261 2274 320 vsnou.
2317 259 2468 320 opp.
2508 219 2688 320 rans
2725 263 2791 320 tt.

3716 271 3816 327 ω

582 381 806 436 credere
839 388 890 435 tc
939 392 1341 450 responsurum.
1391 377 1541 434 Nosti
1589 391 1850 450 prtetcrea
1903 380 2102 435 dictum
2133 398 2144 433 :
2178 389 2226 448 Α
2253 379 2565 435 instructus.
2601 380 2677 435 De
2697 380 2928 448 caeteris,
2950 396 3153 451 quasso,
3183 398 3250 439 ne
3294 383 3618 450 sollieitcris,
3643 401 3815 458 quan-

581 470 766 526 Puluis
787 488 859 538 es,
887 481 933 524 et
985 471 1040 524 in
1079 469 1335 540 pulverem
1378 471 1644 525 reverteris
1675 473 1700 525 Ρ
1725 471 1875 543 (Gen.
1908 487 1988 535 ιιι,
2036 472 2146 541 19.)

579 561 735 625 Novi,
767 575 911 626 reor,
941 559 1041 622 ais,
1071 567 1125 613 et
1165 558 1325 614 credo
1365 558 1439 612 ita
1485 573 1623 614 esse.
1672 559 1813 628 Ergo
1856 559 2028 629 pulvis
2069 575 2146 614 es.

579 651 760 712 homo,
791 664 954 718 quem
975 662 1154 702 coram
1189 647 1358 710 vides,
1387 656 1444 703 et
1484 648 1640 703 cinis.
1673 648 1768 704 Est
1808 651 2014 719 utique,
2068 649 2151 704 in-

576 741 718 810 quis,
742 739 869 809 quia
898 739 963 793 de
991 738 1118 792 limo
1139 746 1222 792 est
1243 735 1435 793 iactus.
1467 737 1595 805 Qua:
1636 739 1800 810 igitur
1829 741 1941 795 hzec
1983 740 2148 811 ﬁgura
2192 775 2194 777 ›

574 829 690 883 limi
711 829 735 881 ?
754 827 909 882 Nulla
936 845 950 880 :
984 836 1182 881 terram
1209 827 1393 895 potius
1419 828 1674 883 vocitem.
1719 826 1900 882 Terrae
1925 829 2102 899 aliqua
2126 828 2149 882 i

574 919 692 974 Non
717 919 893 988 aliqua
925 917 1130 990 (1246).
1161 918 1226 972 Et
1249 927 1426 973 tamen
1455 927 1599 974 terra
1632 920 1793 974 homo
1822 919 1986 992 525.
2033 920 2149 975 est?

572 1012 684 1067 Est.
713 1009 852 1077 Quid
880 1011 947 1065 de
967 1009 1076 1064 limi
1105 1009 1316 1078 ﬁgura?
1341 1009 1741 1082 Transﬁgurata
1785 1019 1868 1065 est
1913 1026 2146 1080 operan-

573 1105 644 1158 tis
688 1102 975 1172 sapientia.
1022 1100 1200 1157 Manet
1249 1109 1428 1156 tamen
1467 1101 1811 1156 substantia?
1841 1100 2037 1156 Manet.
2072 1101 2149 1156 ita

572 1210 702 1266 ergo
731 1204 784 1249 et
825 1194 914 1250 hic
945 1202 1198 1249 manente
1245 1193 1445 1260 colore,
1497 1201 1660 1263 atque
1705 1209 1918 1265 sapore,
1960 1196 2148 1250 eadem

572 1287 841 1356 sapientia
885 1294 1164 1356 operante,
1212 1299 1396 1340 veram
1441 1301 1662 1342 carnem
1713 1295 1768 1342 et
1810 1287 2146 1358 sanguinem,

577 1381 720 1450 quod
784 1378 1055 1448 percipis,
1104 1393 1224 1433 esse
1273 1378 1462 1442 crede;
1518 1378 1656 1433 sicut
1704 1395 1735 1433 e
1785 1387 1970 1434 contra
2028 1395 2148 1432 mu-

578 1479 690 1526 tata
723 1470 904 1541 (1217)
927 1470 980 1526 in
1008 1471 1185 1540 specie
1206 1471 1438 1526 hominis
1481 1469 1568 1542 [12,
1600 1470 1712 1525 limi
1769 1469 1966 1542 specie]
1997 1486 2149 1526 crea-

580 1564 747 1627 tione,
776 1562 888 1616 limi
913 1571 1088 1618 tamen
1117 1561 1473 1618 substantiam
1502 1577 1720 1618 manere
1745 1579 1850 1617 non
1880 1562 2145 1618 diﬁiteris.

643 1652 699 1705 4.
741 1650 846 1706 Sed
877 1651 1028 1720 cujus
1058 1653 1299 1722 corporis
1328 1668 1456 1708 caro
1488 1653 1672 1723 (1248)
1704 1652 1777 1708 sit
1812 1654 1935 1720 ista,
1967 1669 2146 1724 rogas,

2247 470 2532 540 doquidem
2562 472 2877 542 mysterium
2905 487 3024 528 esse
3054 476 3230 541 audis,
3262 486 3317 531 et
3347 477 3448 532 hoc
3478 479 3605 534 ﬁdei
3633 497 3647 532 :
3694 496 3815 534 nam

2247 560 2292 612 si
2320 561 2634 630 mysterium
2671 571 2773 627 est,
2815 577 2922 617 non
2953 563 3092 620 valet
3120 568 3543 636 comprehendi:
3595 570 3643 625 si
3675 569 3815 634 ﬁdei,

2247 650 2406 706 debet
2428 651 2596 716 credi,
2628 668 2734 707 non
2761 669 2890 709 vero
2910 655 3124 710 discuti.

2619 741 2778 812 525
2819 743 3145 800 EPISTOLA
3172 746 3214 801 11
3243 748 3446 821 (1249).

2246 848 2314 888 Δί)
2343 848 2589 890 WIDONEI
2629 851 2698 890 ET
2735 852 3000 890 SOBBONE)‘
3041 854 3479 900 Αιιοιιιιειηεεοροε
3519 857 3820 903 θοοεεωιο

2595 920 2700 960 CUI
2737 922 2806 960 ΕΤ
2845 923 3112 963 Αυιιειιωι
3149 925 3448 968 EPISCOPOS.

2317 1013 2683 1069 Sanctissimis
2724 1025 2886 1086 atque
2939 1017 3264 1075 dulcissimis
3316 1021 3559 1091 patribus
3595 1021 3819 1080 thost

2247 1109 2409 1172 atque
2424 1101 2648 1160 SOBBONI
2673 1105 3108 1178 archiepiscopis,
3134 1109 3479 1167 Gonesccho
3497 1122 3554 1168 et
3566 1112 3815 1170 Aunuto

2245 1193 2566 1266 prmsulibus
2589 1195 2900 1252 Iis-ruamus
2928 1207 3176 1268 peccator
3201 1209 3255 1256 et
3284 1201 3459 1257 exsul.

2317 1283 2428 1340 Nisi
2458 1286 2686 1353 deesset,
2707 1287 2896 1343 Patres
2923 1292 3378 1358 reverendissimi,
3408 1291 3574 1364 [quod
3605 1303 3662 1349 et
3706 1312 3818 1350 ma-

2249 1373 2392 1428 xime
2419 1377 2695 1446 angustias
2720 1379 2903 1452 (1250)
2935 1381 3235 1438 miserrime
3255 1384 3522 1454 depromit
3560 1386 3816 1460 miserim]

2247 1466 2532 1534 schcdula;
2557 1470 2960 1527 excusationem
2990 1474 3308 1545 condignam
3348 1490 3453 1531 non
3480 1483 3819 1534 contumacis

2248 1557 2484 1626 quidem,
2515 1560 2611 1615 sed
2664 1561 2958 1618 inefﬁcacis
2999 1564 3368 1634 depromerem
3397 1568 3578 1635 (1251)
3628 1569 3814 1625 inobe—

2248 1647 2462 1704 dientia:
2486 1653 2866 1721 prosecutione
2894 1655 3192 1723 multidica,
3220 1673 3316 1714 ceu
3357 1660 3565 1716 scilicet
3601 1676 3820 1732 compe-

571 1740 877 1809 importune
900 1739 1234 1805 forsitan,ut
1275 1755 1398 1796 sese
1445 1741 1654 1797 vanitas
1698 1740 1860 1797 habet
1903 1742 2151 1798 humanae
2178 1741 2225 1801 Β
2255 1745 2390 1794 teret
2414 1739 2642 1797 dominis
2681 1742 3046 1814 dignissimis,
3105 1749 3448 1816 pontiﬁcibus
3494 1750 3819 1808 felicissimis

575 1832 929 1897 curiositatis,
951 1841 1005 1886 et
1030 1831 1263 1902 unde,fet
1286 1847 1314 1885 a
1344 1829 1566 1904 [al.,vcl
1592 1831 1753 1904 aquo]
1780 1847 1886 1902 quo
1917 1833 2145 1897 succisa,

570 1930 627 1976 et
655 1922 699 1977 si
727 1921 901 1977 delata
949 1923 1084 1992 ipsa,
1115 1933 1169 1978 et
1198 1923 1354 1992 panis
1396 1922 1622 1978 forsitan
1662 1923 2000 1980 invisibiliter
2025 1923 2151 1979 sub-

569 2013 728 2080 latus,
757 2022 847 2068 aut
882 2014 994 2084 ipse
1022 2013 1178 2084 panis
1207 2014 1258 2068 in
1288 2029 1504 2068 carnem
1536 2022 1790 2070 mutatus.
1825 2013 1913 2069 Isti
1949 2014 2146 2069 etenim

569 2115 718 2170 sunt,
744 2114 801 2159 ut
825 2120 968 2170 reor,
1006 2105 1228 2174 lapides,
1279 2105 1475 2174 quibus
1501 2105 1696 2171 bestia,
1729 2107 1780 2160 id
1807 2115 1889 2161 est
1933 2105 2148 2161 carnale

569 2212 683 2263 cor,
711 2205 765 2251 et
791 2196 1041 2251 animalis
1068 2197 1252 2259 homo,
1275 2196 1364 2264 qui
1397 2212 1500 2250 nun
1530 2195 1755 2266 percipit
1779 2211 1842 2250 ea
1873 2211 1992 2266 qua:
2023 2203 2149 2249 sunt

567 2288 793 2357 spiritus
829 2289 923 2342 Dei
971 2287 1023 2358 (1
1074 2288 1196 2343 Cor.
1247 2303 1308 2353 ιι,
1345 2287 1454 2358 ll),
1489 2287 1792 2357 lapidatur;
1842 2288 1884 2342 si
1910 2296 2147 2343 montem

567 2383 950 2452 mysteriorum
976 2382 1069 2436 Dei
1125 2391 1342 2452 tangere
1377 2383 1779 2452 praesumpserit
1819 2381 2007 2453 (Hebr.
2045 2399 2143 2450 xu,

567 2470 682 2540 20).
711 2470 1055 2541 Evangelium
1085 2471 1266 2540 itaque
1297 2471 1691 2542 interrogemus
1714 2485 1730 2524 :
1753 2470 2043 2541 Accipiens,
2066 2472 2148 2527 in-

569 2561 709 2630 quit,
731 2578 916 2631 panem
942 2561 1118 2626 Jesus,
1145 2561 1342 2631 gratias
1375 2562 1506 2638 egit,
1542 2571 1592 2615 et
1636 2562 1776 2616 dedit
1810 2564 1884 2618 eis
1918 2563 2094 2617 dicens
2125 2576 2146 2617 :

572 2652 803 2720 Accipite
833 2661 879 2704 et
901 2651 1172 2715 comedite,
1203 2651 1299 2704 hoc
1345 2660 1420 2704 est
1446 2666 1632 2721 corpus
1663 2666 1856 2704 meum.
1891 2650 2149 2706 Similiter

569 2751 620 2794 et
643 2742 856 2794 calicem
876 2750 1148 2811 postquam
1191 2741 1448 2806 coenavit,
1488 2741 1666 2794 dicens
1689 2753 1708 2790 :
1759 2738 1861 2794 Hic
1899 2749 1973 2794 est
2007 2739 2148 2795 calia:

569 2832 838 2900 sanguinis
876 2833 974 2885 mei
1001 2841 1047 2884 et
1076 2831 1191 2886 novi
1212 2841 1260 2885 et
1286 2832 1467 2886 aeterni
1499 2830 1815 2896 testamenti,
1841 2831 2146 2900 mysterium

567 2922 714 2992 ﬁdei,
743 2923 828 2992 qui
858 2937 952 2990 pro
973 2919 1112 2974 vobis
1162 2930 1208 2974 et
1229 2936 1322 2989 pro
1357 2920 1534 2974 multis
1561 2919 1860 2988 e/Iundetur
1887 2921 1940 2972 in
1968 2919 2147 2972 remis-

568 3010 770 3062 sionem
808 3019 1142 3078 peccatorum
1175 3008 1389 3080 (Matth.
1422 3025 1568 3074 xxvr,
1589 3009 1694 3074 26;
1729 3008 1757 3061 I
1788 3007 1910 3062 Cor.
1938 3023 2002 3074 ιι,
2029 3009 2142 3079 24).

2248 1830 2317 1885 ab
2384 1831 2756 1902 indignissimo
2807 1837 3152 1908 omniumque
3201 1839 3592 1908 infelicissimo,
3645 1858 3821 1913 quau-

2247 1933 2406 1988 quam
2449 1929 2502 1974 et
2550 1920 2643 1976 Dei
2692 1924 3057 1981 misericordia
3115 1929 3450 2000 coepiscopo.
3511 1933 3621 1988 Sed
3691 1936 3819 2003 quid

2247 2009 2439 2080 agam?
2458 2010 2608 2076 Quod
2634 2013 2848 2082 nequivi
2873 2014 3200 2087 digniloquio
3230 2032 3543 2089 suggerere,
3569 2031 3815 2092 satagam

2246 2097 2600 2170 parviloquio.
2637 2100 2736 2167 Ea,
2777 2102 3009 2170 Domini,
3048 2120 3208 2174 quam
3255 2108 3489 2162 maxime
3518 2123 3680 2163 causa
3714 2122 3814 2172 est,

2247 2187 2388 2256 quod
2411 2186 2563 2255 juxta
2589 2199 2824 2244 vestrum
2855 2206 2961 2246 non
2990 2193 3200 2248 occurri
3225 2204 3418 2250 vestra:
3457 2195 3817 2252 dominationi

2246 2286 2592 2346 praeceptum,
2624 2279 2766 2348 quod
2794 2278 2932 2349 juris
2963 2283 3076 2351 ipse
3106 2299 3211 2338 non
3240 2299 3356 2338 sum
3387 2287 3610 2356 proprii,
3641 2297 3699 2342 et
3723 2289 3815 2344 de-

2246 2380 2393 2420 mum
2408 2367 2548 2436 quod
2562 2383 2720 2422 nemo
2738 2370 2788 2422 in
2813 2385 2929 2425 sese
2954 2379 3126 2426 tentat
3148 2372 3489 2430 descendere.
3526 2375 3603 2432 De
3641 2380 3811 2433 senio-

2247 2470 2308 2510 re
2336 2454 2870 2528 (1252).veroaliquid
2892 2459 3098 2515 sinistri
3149 2463 3373 2530 sentire,
3402 2465 3598 2519 nedum
3639 2467 3816 2521 dicere

2247 2544 2618 2615 (prudentibus
2645 2547 2855 2620 loquor)
2877 2550 3050 2606 scelus
3063 2549 3248 2619 judico
3261 2554 3614 2610 exsecrabile.
3633 2556 3813 2626 (1253)

2245 2631 2597 2703 Explorandae
2639 2650 2766 2691 vero
2814 2652 2979 2694 causa
3028 2639 3304 2710 qualitatis
3353 2657 3488 2698 mea:
3530 2643 3814 2711 cujuslibet

2243 2725 2517 2782 obtutibus
2536 2741 2621 2782 me
2633 2732 2943 2796 praesentari
2957 2729 3119 2802 526
3141 2747 3244 2788 non
3263 2742 3348 2789 est
3371 2749 3610 2791 necesse.
3635 2736 3813 2803 Quan-

2248 2825 2361 2872 tum
2393 2819 2534 2874 enim
2565 2818 2812 2892 [subaudi
2835 2823 3062 2897 spectat]
3089 2825 3154 2880 ad
3200 2825 3372 2896 pejus,
3409 2829 3485 2894 id,
3504 2830 3666 2900 juxta
3686 2832 3812 2887 illud

2245 2907 2649 2976 Terentianum,
2679 2921 2902 2968 cunctus
2925 2923 3079 2968 curat
3111 2917 3357 2986 populus.
3390 2918 3662 2987 Quantum
3685 2937 3813 2977 vero

2245 3008 2454 3069 spectat
2488 3001 2556 3055 ad
2602 3002 2821 3070 melius,
2853 3005 3028 3074 gratia
3075 3005 3169 3062 Dei
3213 3022 3330 3062 sum
3352 3049 3366 3074 ,
3397 3009 3442 3064 si
3489 3011 3622 3080 quid
3655 3027 3810 3078 sum;

569 3100 746 3155 llabes
767 3099 918 3168 cujus
946 3101 1016 3155 sit
1041 3102 1283 3168 corporis
1323 3103 1448 3156 Caro
1493 3102 1595 3157 ista
1635 3111 1688 3156 et
1718 3102 1952 3173 sanguis,
1996 3111 2144 3158 tanto
2169 3099 2215 3163 C
2248 3088 2442 3144 millies
2477 3104 2607 3146 νθΐο
2643 3091 2822 3148 minus
2850 3093 2918 3149 ab
2961 3108 3046 3161 θον
3075 3097 3217 3165 Ψιοά
3270 3097 3566 3154 amicorum
3609 3116 3814 3170 Ιπίὲεο-

568 3194 792 3258 certius,
811 3203 1009 3262 quanto
1035 3193 1277 3248 veritatis
1296 3191 1558 3261 ejusdem,
1581 3208 1701 3263 quae
1725 3193 1982 3262 loquitur,
2005 3208 2137 3250 voce

634 3365 830 3438 (1246)
858 3364 1015 3438 Vulg.
1046 3365 1177 3438 Non
1194 3366 1392 3438 aliqua,
1424 3377 1472 3422 et
1503 3377 1673 3422 tamen
1701 3376 1840 3422 terra
1865 3377 1960 3423 est.
1993 3367 2135 3436 Quid

565 3436 629 3491 de
659 3437 770 3507 limi
797 3435 1577 3507 ﬁguraHJodicislectionem
1609 3439 1927 3507 recepimus.

633 3505 817 3578 (1247)
857 3505 911 3558 In
941 3505 1128 3578 iisdem
1154 3507 1396 3578 vulgatis
1439 3517 1638 3560 mutata
1672 3505 1908 3578 (hominis
1943 3508 2130 3578 specie,

562 3575 784 3628 hominis
823 3576 1103 3629 creatione.
1154 3575 1464 3631 Lectionem
1511 3577 1714 3632 codicis
1754 3575 1977 3633 mutare
2019 3579 2132 3632 ausi

561 3660 669 3698 non
715 3660 920 3700 sumus.
970 3643 1246 3700 Libentius
1283 3647 1727 3714 emendat-emus,
1777 3657 1979 3702 mutata
2021 3647 2135 3702 limi

560 3715 748 3778 specie,
779 3715 1002 3768 hominis
1029 3715 1307 3770 creatione.

632 3784 814 3857 (1248)
851 3783 1202 3857 Nomen_caro
1229 3801 1294 3840 ex
1324 3801 1427 3840 ms.
1454 3787 1814 3857 supplevimus
1839 3799 1856 3842 :
1878 3794 1933 3843 et
1958 3785 2134 3843 delata

563 3852 663 3923 pro
688 3853 948 3923 deletan
974 3852 1160 3923 eodem
1203 3852 1626 3912 emendavimus.

635 3922 817 3992 (1249)
861 3921 1011 3996 lianc
1047 3922 1330 3996 epistolam
1360 3941 1388 3978 a
1417 3925 1679 3996 Fulcuino
1698 3924 1974 3996 laudatam
2005 3943 2126 3996 cap.

561 3990 654 4045 20‘
684 4007 714 4047 e
735 3990 834 4046 ms.
864 3990 1112 4062 Labiensi
1142 3993 1490 4062 vulgaverunt
1519 3994 1620 4048 PP.
1665 3995 1900 4050 Martene
1927 4006 1982 4050 et
2023 3990 2133 4051 Du-

563 4062 699 4137 rand
727 4069 863 4137 tom.
891 4059 958 4114 IX
991 4058 1333 4137 Collectionis
1361 4073 1600 4137 veterum
1623 4064 1976 4137 Scriptorum,
2008 4081 2128 4137 pag.

564 4130 690 4195 965,
715 4128 1064 4198 ejusdemque
1102 4132 1301 4187 codicis
1358 4128 1761 4188 accuratiorem
1793 4128 2133 4190 collationan

563 4201 892 4274 accepimus.
921 4199 1100 4274 _W_ido
1136 4200 1233 4256 fuit
1260 4202 1715 4274 archiepiscopus
1739 4201 2132 4274 Lugdunensis,

565 4269 747 4326 Sobbo
785 4269 1218 4342 archiepiscopus
1257 4269 1572 4342 Viennensis
1595 4269 1645 4324 in
1678 4269 1866 4325 Gallia.
1896 4269 2131 4328 Caeteroé

565 4357 686 4394 rum
729 4342 830 4412 etsi
880 4340 1157 4412 ignoretur
1191 4341 1366 4412 sedes,
1399 4356 1518 4412 cum
1553 4351 1728 4396 tamen
1760 4342 1920 4412 iidem
1956 4346 2130 4412 perti-

563 4418 728 4504 ηβξιει
761 4410 828 4464 θα
869 4411 1187 4504 aereum,
1211 4411 1528 4504 είέέιυίὶίὶξεξ
1550 4410 2131 4504 {esseinfantem
2159 4445 2208 4504 ι)

563 4481 796 4552 videtur,
830 4471 962 4552 nihil
989 4471 1363 4552 dubiumuesf,
1395 4481 1524 4552 quin
1555 4491 1608 4536 et
1644 4482 1696 4535 bi
1743 4482 1976 4552 episcopi
2010 4483 2128 4538 fue-

565 4549 675 4620 rint
702 4550 1044 4620 Lugdunensi
1085 4560 1191 4620 aut
1220 4549 1508 4605 Viennensi
1541 4549 1966 4620 metropolitanis
2004 4553 2128 4608 sub-

560 4619 713 4690 jecti,
739 4619 928 4690 omnes
959 4621 1166 4676 scilicet
1186 4619 1236 4690 in
1261 4635 1324 4674 ea
1344 4620 1634 4690 Galliarum
1657 4619 1831 4690 parte,
1860 4637 1979 4690 quae
2004 4632 2128 4678 tunc

566 4689 895 4761 Burgundite
917 4705 1138 4761 regnum
1157 4689 1482 4761 _dicebatur.
1521 4689 1747 4761 Scripta
1796 4689 1976 4746 autem
2025 4692 2130 4747 fuit

568 4759 958 4828 bzcc’epismla,
986 4759 1110 4814 dum
1155 4759 1442 4814 Ratherius
1464 4775 1494 4813 e
1517 4759 1761 4828 Papiensi
1796 4775 2014 4815 carcere
2042 4761 2126 4815 di-

567 4829 786 4892 missus,
809 4829 861 4881 in
889 4830 1133 4883 exsilium
1164 4828 1339 4883 fuerat
1361 4829 1646 4898 relegatus.
1672 4828 1807 4883 Hinc
1821 4844 1880 4883 se
1899 4830 2125 4883 exsulem

567 4901 622 4951 in
655 4898 1002 4968 inscriptione
1028 4898 1275 4968 appellat.
1305 4897 1620 4968 Exsul’vero
1646 4897 1794 4951 Comi
1825 4899 2046 4968 biennio
2075 4909 2129 4954 et

607 4966 985 5036 aulogamplius
1009 4966 1322 5021 immoratus
1341 4977 1445 5032 est,
1470 4977 1530 5021 ιιι
1561 4967 1866 5036 ipsetradit
1896 4968 1946 5019 in
1969 4968 2126 5036 epist.

607 4983 728 5020 amo
757 4983 985 5036 amplius
1009 4983 1322 5021 immoratus
1341 4983 1445 5032 εει,
1470 4983 1530 5021 ιιι
1561 4983 1675 5035 Ipse
1707 4983 1866 5020 trautt
1896 4984 1946 5019 Ill
1969 4983 2126 5036 epISI.

568 4983 603 5090 ἕ
635 5037 702 5089 ad
732 5034 992 5090 Joannem
1023 5037 1112 5090 XII
1149 5036 1452 5105 pontiﬁcem
1503 5052 1650 5089 num.
1686 5035 1739 5098 5,
1767 5036 2020 5089 nimirum
2061 5041 2129 5092 ab

568 5107 810 5174 Augusto
845 5107 970 5160 anni
1015 5106 1117 5160 957
1176 5119 1344 5174 usque
1394 5107 1459 5158 ad
1511 5105 1723 5174 initium
1754 5105 1973 5174 circiter
1997 5107 2123 5160 anui

567 5173 691 5244 93W,
718 5190 783 5228 ex
809 5175 1002 5244 quibus
1023 5183 1231 5242 tempus
1255 5173 1411 5240 hujus
1439 5173 1680 5244 epistola:
1710 5173 1961 5244 colligere
1985 5174 2127 5230 licet.

570 5243 683 5298 lloc
706 5242 893 5298 eodem
940 5255 1176 5312 tempore
1205 5244 1271 5296 ad
1325 5243 1539 5297 eosdem
1565 5242 1619 5295 in
1664 5243 1890 5296 concilio
1916 5253 2133 5299 coactos

571 5313 784 5348 υνίηεὶο
811 5313 968 5348 olivum
993 5311 1268 5348 nisiclnlcsm
1322 5326 1413 5348 can
1444 5311 1622 5348 nntinc
1652 5311 2048 5348 ndnnlnlinnnsn
2077 5315 2127 5348 in

2238 3180 2344 3234 niis
2369 3179 2584 3248 eﬁeror,
2605 3181 2928 3240 omnimodis
2954 3199 3091 3240 sum.
3123 3185 3498 3259 (1254)'Media
3531 3190 3675 3245 inter
3698 3193 3810 3246 lucc

2273 3358 2376 3439 ati,_
2397 3367 2457 3414 ut
2483 3360 2568 3414 vel
2612 3361 2820 3439 deesset
2844 3360 3266 3439 sibi__schedula,
3322 3379 3417 3422 seu
3454 3365 3668 3435 charta,
3707 3384 3809 3439 qua

2257 3431 2529 3498 ongiorem
2552 3431 2835 3500 epistolam
2864 3433 3146 3490 scriberet.

2308 3500 2715 3575 (l251)‘\]ulg.,
2767 3503 3116 3575 depromerem
3155 3505 3519 3562 inobedientia:
3566 3525 3805 3575 prosecat.

2234 3570 2376 3622 tione
2412 3570 2720 3636 multidicw,
2764 3570 2856 3625 seu
2897 3574 3092 3626 scilicet
3144 3591 3164 3628 :
3208 3577 3365 3632 male.
3399 3570 3585 3633 Lectio
3634 3581 3802 3634 nostri

2236 3640 2549 3712 apographi,
2571 3655 2756 3712 quam
2785 3641 3138 3711 praetulimus,
3169 3645 3344 3700 innuit
3373 3646 3693 3703 Ratherium
3739 3650 3806 3704 ob

2235 3710 2502 3763 delectum
2527 3710 2739 3783 Acharta:
2791 3710 3193 3768 excusationem
3239 3717 3652 3783 inobedientiae,
3705 3735 3806 3774 non

2235 3781 2569 3856 contumacis
2596 3781 2835 3856 quidem,
2862 3784 2956 3836 sed
2982 3783 3294 3856 inefﬁcacis,
3322 3800 3425 3841 non
3444 3781 3689 3856 potuisse
3714 3791 3805 3844 de-

2231 3840 2485 3928 promere
2531 3840 2884 3919 prosecutione
2918 3852 3209 3928 multidica,
3252 3840 3303 3910 id
3342 3840 3425 3928 est
3444 3840 3808 3928 Verbi—sapiu.

2233 3918 2405 3994 pilius,
2429 3928 2487 3971 ut
2513 3918 2749 3994 Optasset
2769 3959 2784 3983 ,
2811 3936 2905 3994 ceu
2942 3923 3136 3994 scilicet
3181 3918 3494 3994 competebat
3553 3918 3808 3984 scribenti

2232 3981 2304 4055 ὶιά
2332 3981 2511 4043 tantos
2547 3981 2848 4058 pontiﬁces.
2880 3990 3242 4048 lnobedieutia
3271 3981 3448 4050 a'utem
3487 3981 3724 4052 refertur
3740 3981 3806 4052 ad

2233 4067 2580 4134 praeceptum,
2613 4075 2718 4134 quo
2741 4061 2810 4134 ab
2839 4061 2969 4130 ipsis
3018 4062 3285 4134 episcopis
3313 4063 3564 4121 fortassis
3585 4069 3656 4121 ad
3684 4083 3808 4123 eon-

2233 4127 2416 4204 cilium
2448 4127 2643 4204 fuerat
2671 4127 2928 4204 invitatus
2959 4148 2971 4183 :
3003 4127 3108 4185 alia
3133 4127 3275 4188 enim
3303 4136 3550 4204 epistola,
3583 4152 3683 4192 seu
3710 4140 3805 4191 ad-

2233 4198 2446 4252 n0tatio
2493 4198 2548 4251 in
2601 4199 2837 4268 epistola:
2892 4200 3123 4256 formam
3171 4198 3371 4258 inserta
3419 4198 3559 4260 libro
3610 4208 3806 4262 Praeto-

2231 4269 2479 4343 quiorum
2509 4269 3003 4343 quinto,_eisdem_
3039 4273 3305 4343 episcopis
3360 4275 3414 4328 in
3472 4277 3704 4331 concilio
3727 4293 3804 4332 re—

2233 4339 2533 4392 sidentibus
2581 4340 2912 4412 inscribitur.
2940 4339 3112 4412 illanc
3168 4339 3332 4412 porro
3384 4344 3804 4401 inobedentiam

2235 4423 2342 4486 non
2373 4417 2769 4486 contumacem,
2800 4409 3262 4486 sednineﬁieac‘em
3314 4423 3505 4486 vocat;
3549 4417 3676 4486 quia
3705 4417 3807 4470 etsi

2234 4477 2496 4532 invitatus
2536 4480 2770 4556 maxime
2787 4480 2986 4556 “vellet
3031 4482 3248 4556 eosdem
3299 4477 3583 4556 episcopos
3633 4487 3804 4552 adire,

2233 4561 2345 4622 non
2371 4557 2602 4622 poterat,
2626 4550 2750 4622 quia
2780 4548 2930 4622 Comi
2958 4551 3112 4622 exsul
3139 4567 3246 4622 non
3272 4548 3663 4622 eratsui'juris.

2304 4618 2752 4698 (lu52)_Senioris
2799 4619 3120 4698 apellatione
3167 4621 3464 4698 llugouetn
3502 4618 3685 4698 regem
3723 4625 3805 4698 in-

2233 4686 2402 4763 dicat,
2431 4686 2523 4756 qui
2545 4689 2706 4763 etiam
2738 4686 3006 4763 iucharta
3056 4691 3180 4745 anni
3228 4686 3333 4747 929
3361 4686 3802 4763 scripta'Runci,

2244 4756 2363 4830 (est
2397 4772 2564 4828 pagus
2606 4759 2867 4830 digcesis
2904 4758 3268 4830 Veronensis)
3323 4763 3404 4816 sic
3448 4756 3798 4818 dominaturi

2235 4825 2589 4898 Seniormeus
2642 4825 2796 4898 liqu
2833 4828 3079 4898 dominus
3131 4825 3424 4886 rex.'Edita
3466 4843 3602 4888 esta
3640 4833 3804 4888 Bian-

2233 4897 2499 5019 eolino1
2518 4912 2681 4967 opere
2706 4895 2798 4950 De’
2833 4895 3045 4954 Vescovi
3073 4917 3102 4956 e
3138 4899 3481 4957 Governatori
3503 4904 3555 4959 di
3597 4901 3799 4958 Verona

2233 4980 2353 5019 Datt.
2504 5004 2519 5018 .

2271 4983 2353 5018 δια.
2399 4983 2519 5018 ἸΖυο

2231 4980 2665 5110 Ρωῗίῖἑέῗονιῌε.
2697 5035 3024 5106 explorandi,
3055 5048 3110 5094 et
3135 5039 3258 5095 dein
3297 5045 3625 5110 prasentari.
3653 5042 3797 5098 Cott-

2232 5113 2380 5180 strue
2404 5106 2484 5180 sic
2515 5105 2677 5180 ;__Nou
2697 5105 2770 5161 est
2795 5124 2912 5161 vero
2944 5125 3144 5180 necesse
3175 5125 3254 5163 me
3273 5105 3588 5180 prtesentare
3612 5114 3801 5167 obtuti-

2235 5174 2329 5226 bus
2346 5175 2628 5252 cujuslibet
2659 5192 2821 5252 causa
2841 5179 3176 5252 exploranda:
3205 5174 3284 5252 (id
3330 5191 3416 5235 est
3454 5182 3798 5252 explicanda)

2232 5245 2504 5348 estrei:
2526 5244 2798 5348 ’ξτείξλςξξίο
2815 5244 3333 5348 relies
3360 5244 3570 5348 εξξίοιίε

2236 5322 2323 5348 lup
2369 5313 2504 5348 cimn
2535 5324 2583 5348 nl
2611 5317 2747 5348 anius

2902 5333 3032 5348 amr-Am
3058 5318 3321 5348 ..ι-..κιηιὶι
3375 5330 3598 5348 ιιι-ιι--.-
3667 5318 3798 5348 lli..-
