4044 5348
500 207 597 267 651

1416 206 1742 264 RATHERII
1777 205 1993 264 EPISC.
2036 205 2287 264 VERON.
2327 204 2477 264 OPP.
2513 206 2712 264 PARS.
2754 206 2817 266 ll.

3658 209 3759 266 632

500 320 745 377 addictus
770 326 855 374 est
876 318 1070 390 elogio,
1100 318 1223 389 quia
1262 317 1521 373 talentum
1548 317 1852 374 intellectus
1883 316 2074 372 maluit
2101 323 2152 381 Α
2179 317 2411 372 Bauaoat
2450 317 2806 388 Rnnamus,
2839 317 3116 377 servitium
3154 317 3465 377 ﬁdelissimo
3507 319 3752 387 ﬁdelius,

500 420 658 464 terrae
672 408 947 473 mandare,
972 423 1131 478 quam
1159 406 1294 462 cutio
1331 407 1544 477 penitus
1558 407 1827 462 destinare
1855 405 2070 478 (Matth.

496 516 630 565 xxv,
662 501 778 570 28).
819 499 946 566 Quae
990 498 1305 562 similitudo,
1331 507 1388 552 ut
1426 513 1571 563 reor,
1594 506 1777 552 monet
1800 497 1940 553 inter
1964 511 2071 552 cae-

498 600 638 656 tera,
665 606 751 646 me
775 600 1115 659 peccatorem
1151 588 1419 643 tantillum
1469 587 1745 658 ingenioli,
1775 587 1918 659 quod
1967 589 2074 642 Deo

498 698 615 736 smn
640 688 916 737 assecutus
944 680 1227 751 largiente,
1258 679 1350 734 illo
1370 680 1548 748 potius
1572 680 1690 733 acui
1718 677 1898 751 (1265)
1923 662 2075 747 opor-

498 782 635 833 tere.
672 773 760 827 ubi
789 772 1036 827 Christus
1070 780 1156 827 est
1182 772 1236 826 in
1266 772 1486 827 dextera
1519 771 1614 825 Dei
1653 771 1866 836 sedens,
1907 785 2070 840 quam

498 874 727 919 terrente
753 862 979 916 vanitati
1000 862 1362 927 committere,
1409 868 1467 916 et
1507 859 1643 915 nihil
1683 861 1825 916 aliud
1854 859 2070 927 exinde,

496 952 600 1007 nisi
630 960 851 1007 ventum
878 951 1114 1021 inanem,
1132 967 1233 1007 nec
1260 951 1376 1007 sine
1391 951 1714 1008 detrimento
1747 952 1938 1007 animae
1962 965 2073 1006 ma-

497 1044 643 1098 ximo
669 1051 909 1113 captare.

564 1134 618 1187 ὅ.
645 1132 749 1189 Sed
776 1133 864 1190 cui
886 1148 1006 1204 ego,
1029 1134 1112 1190 vel
1140 1149 1397 1204 quorsum
1444 1133 1583 1189 ista?
1630 1134 1798 1191 Sileat
1854 1136 2072 1193 tandem

497 1224 642 1278 iners
679 1224 999 1293 loquacitas,
1024 1224 1182 1278 cedat
1228 1226 1443 1279 tandem
1477 1225 1768 1279 urbanitati
1798 1224 1961 1296 529
1981 1241 2073 1281 ex-

494 1326 682 1372 cusata
710 1317 901 1372 saltem
945 1317 1240 1371 rusticitas.
1288 1315 1507 1371 Librum
1537 1326 1818 1386 propterea
1850 1333 1935 1372 me
1979 1317 2073 1372 tol-

493 1409 607 1463 lere
638 1407 921 1464 diﬂicultas
945 1406 1218 1477 prohibuit
1241 1406 1406 1461 ullutn
1435 1414 1630 1476 praeter
1652 1407 1813 1461 istum
1861 1408 2070 1481 (1266),

494 1513 654 1569 quem
686 1508 895 1563 vestrae,
944 1495 1167 1553 Domine
1223 1496 1321 1562 mi,
1362 1496 1536 1567 dirigo
1592 1496 1871 1567 legendum
1920 1498 2070 1566 fidei,

492 1589 736 1658 mihique
795 1588 949 1643 ocius
1002 1587 1384 1642 remittendum
1418 1604 1431 1640 :
1462 1574 1744 1658 legendum
1791 1598 1851 1643 ut
1888 1588 2070 1659 inepta

2176 424 2297 463 cum
2330 408 2598 463 continuis
2626 407 2982 465 orationibus.

2244 495 2385 552 Nihil
2412 498 2624 568 dignius
2659 484 2964 568 probitate,
2994 497 3258 570 insignius
3288 499 3614 557 claritudine
3634 541 3651 566 ,
3677 502 3758 555 in-

2172 590 2332 661 genio
2358 588 2590 652 acutius,
2619 587 2738 643 sani
2761 587 2886 644 dico
2912 588 3239 654 intellectus,
3272 590 3325 647 in
3352 591 3522 646 nostri
3551 591 3758 646 ordinis

2173 677 2357 734 valens
2400 677 2644 733 invenire
2684 677 3030 745 horninibus,
3076 679 3393 751 opusculum
3428 679 3536 735 hoc
3573 679 3757 751 (1272)

2172 768 2407 823 examini
2433 784 2646 840 quoque
2678 768 2844 825 vestri
2873 766 3035 841 53o
3062 770 3238 842 dirigo
3269 769 3612 837 dominatus,
3641 778 3759 826 stu-

2173 859 2305 915 dens
2332 869 2386 916 et
2415 859 2543 915 illud
2573 860 2873 916 correctius
2900 861 3174 932 recipere,
3208 868 3265 917 et
3289 862 3541 917 notitiam
3586 860 3759 918 nostri

2171 964 2269 1020 per
2296 949 2398 1004 hoc
2427 958 2622 1006 vestra:
2650 950 2998 1022 generositati
3029 951 3295 1022 ingerere.
3318 950 3608 1008 Praelixum
3631 966 3761 1025 ergo

2173 1039 2569 1110 quodammodo
2607 1055 2740 1095 mem
2772 1039 3046 1110 qualitatis
3083 1042 3139 1097 in
3166 1055 3232 1098 eo
3273 1052 3561 1099 cernentes
3607 1053 3761 1098 teno-

2172 1143 2309 1198 rem,
2336 1128 2469 1199 quid
2494 1169 2509 1194 ,
2559 1128 2828 1185 barbarus
2858 1129 3039 1202 (1275)
3084 1131 3237 1188 vobis
3261 1131 3429 1198 licet,
3475 1133 3531 1187 in
3573 1140 3762 1188 vestro

2172 1219 2395 1274 servitio
2433 1234 2694 1290 nequeam
2734 1218 3011 1276 valeamve
3052 1235 3243 1293 agere,
3279 1221 3482 1291 optime
3524 1222 3762 1292 potestis
3826 1212 3833 1221 ’

2170 1309 2525 1380 perpendere.
2556 1308 2613 1363 Si
2644 1309 2828 1379 itaque
2857 1309 3035 1379 placet
3062 1324 3226 1380 opus,
3259 1309 3467 1380 placeat
3494 1317 3553 1365 et
3579 1309 3759 1379 operis

2171 1410 2460 1455 exsecutor
2513 1397 2779 1454 servulus.
2821 1394 2931 1455 Nec
2980 1399 3342 1471 dedignemini
3393 1399 3584 1473 (1274)
3635 1415 3759 1471 sug-

2171 1505 2377 1563 gerere,
2427 1491 2696 1548 tantillum
2731 1507 3096 1565 cognoscere;
3141 1494 3367 1550 forsitan
3412 1495 3562 1550 enim
3618 1495 3759 1551 inter

2172 1583 2338 1637 millia
2370 1584 2805 1654 praestantiorem
2836 1591 2892 1638 et
2931 1584 3034 1639 iste
3063 1599 3221 1639 suum
3247 1583 3512 1639 obtinebit
3556 1584 3754 1640 locum.

492 1695 592 1751 per
622 1696 716 1734 vos
744 1680 1097 1734 emendentur
1125 1678 1400 1747 ejusdem;
1433 1679 1815 1734 remittendum
1845 1688 1904 1734 ut
1942 1694 2064 1734 eum
2095 1686 2142 1746 Β
2167 1674 2400 1729 Potestis
2443 1683 2621 1729 autem
2646 1713 2661 1741 ,
2707 1674 2752 1729 si
2784 1672 2945 1740 libet,
2990 1675 3237 1731 eumdem
3268 1684 3322 1731 et
3358 1677 3426 1730 ad
3472 1676 3753 1732 servitium

492 1770 805 1842 regrediens
819 1768 882 1842 [f.
911 1752 1324 1841 regredientem]
1352 1770 1548 1825 habere
1570 1771 1777 1825 valeam
1799 1771 2066 1827 comitem.

493 1860 784 1916 Maximam
811 1862 877 1916 de
914 1870 1108 1916 caetero
1143 1860 1195 1914 in
1224 1872 1401 1917 vestra
1432 1861 1719 1918 clementia
1745 1863 1943 1918 habere
1971 1864 2067 1919 de-

491 1951 734 2007 siderans
763 1950 1034 2016 ﬁduciam,
1057 1950 1124 2006 de
1152 1951 1374 2006 servitio
1403 1961 1582 2006 vestro
1608 1967 1692 2006 me
1715 1952 1922 2025 (1267),
1947 1969 2069 2025 pre-

492 2055 606 2103 cor.
679 2041 1002 2110 potestative
1075 2039 1600 2107 commonefaciatis;
1667 2042 2067 2111 paratissimum

491 2147 725 2201 namque
753 2132 821 2187 ad
849 2132 1049 2199 omnia,
1078 2148 1197 2203 quae
1226 2131 1445 2188 libuerit
1493 2133 1807 2203 praecipere,
1854 2149 1941 2189 me
1968 2149 2067 2204 pro

488 2236 650 2291 posse
679 2221 936 2277 noveritis
979 2235 1119 2278 esse.
1154 2222 1428 2277 Destiuam
1460 2221 1642 2293 (1268)
1670 2239 1801 2278 vero
1839 2223 2069 2292 alicujus

492 2296 729 2382 suil'ragii
757 2313 802 2366 si
833 2312 1169 2367 destitutioni
1191 2313 1478 2383 parvitatis
1500 2329 1637 2368 meae
1667 2315 1964 2384 quamlibet
1986 2317 2068 2371 di-

491 2404 730 2476 guamini
786 2418 1124 2475 praerogare;
1180 2405 1283 2460 scit
1328 2405 1586 2460 Dominus
1631 2422 1783 2461 meus
1831 2407 2063 2477 Optime,

402 2536 405 2537 ν
492 2510 653 2566 quem
691 2494 887 2549 ohinde
910 2503 1371 2549 remuneratorem
1396 2495 1589 2550 debeat
1626 2496 2064 2568 sperarc(1269).

492 2583 684 2639 Valere
709 2584 941 2639 feliciter
967 2585 1249 2654 nostrique
1301 2584 1610 2639 meminisse
1643 2584 1937 2639 clementer
1977 2601 2067 2641 ve-

493 2683 661 2729 stram
705 2674 952 2743 optamus
1010 2672 1117 2729 line
1158 2683 1312 2729 tenus
1346 2673 1743 2739 claritudinem,
1767 2674 1834 2727 ad
1854 2675 2065 2730 laudem

492 2775 547 2821 et
586 2766 808 2836 gloriam
850 2766 1054 2835 ipsius,
1088 2765 1178 2834 qui
1214 2781 1311 2835 per
1352 2764 1546 2820 saecula
1587 2766 1938 2831 benedictus,
1978 2782 2067 2822 ve-

493 2865 665 2911 strum
697 2864 997 2924 conservet,
1026 2870 1299 2926 rogamus,
1322 2855 1635 2926 perenniter
1674 2857 1855 2912 decus.
1894 2857 2065 2913 Amen

495 2946 699 3019 (l270).

1036 3035 1375 3093 EPISTOLA
1413 3035 1502 3091 IV.

965 3143 1031 3181 an
1068 3143 1349 3186 saeuorum
1389 3128 1591 3199 (1271),

562 3219 788 3276 Domino
841 3218 1126 3286 servulus,
1183 3220 1565 3275 decentissime
1621 3217 2058 3290 indignissimus,

563 3332 743 3404 (1265)
771 3331 1097 3403 Legeremus
1143 3332 1399 3387 libentius
1447 3349 1665 3398 acuere,
1717 3332 1792 3387 ita
1841 3342 1899 3387 ut
1935 3349 2063 3388 con-

491 3403 730 3459 struatur
754 3403 871 3457 sic:
901 3411 1235 3473 oporteretne
1261 3415 1580 3473 peccatorem
1630 3404 1802 3473 potius
1854 3421 2060 3469 acuere,

492 3476 543 3528 id
565 3483 649 3530 est
675 3471 937 3536 excitare,
986 3471 1521 3540 tantillumiugenioli
1576 3511 1589 3526 .
1631 3471 1684 3526 ’.
1763 3511 1779 3527 .
1858 3511 1874 3527 .
1948 3473 2060 3536 illo,

490 3560 586 3597 seu
620 3543 687 3598 ad
724 3543 871 3596 illum
897 3541 1096 3608 locum,
1128 3541 1214 3594 ubi
1246 3542 1483 3595 Christus
1505 3552 1579 3595 est
1627 3542 1681 3596 in
1723 3542 1933 3597 dextera
1964 3541 2063 3596 Dei

498 3613 705 3673 sedens,
738 3628 897 3681 quam
921 3613 1238 3665 committere
1257 3621 1478 3681 terrena:
1501 3613 1737 3676 vanitati,
1771 3621 1874 3666 etc.

564 3679 759 3751 (1266)
773 3681 1044 3751 lsteliher.
1059 3695 1214 3748 quem
1235 3681 1299 3734 ad
1314 3679 1830 3751 Bothertummisit,
1847 3691 2064 3750 cstago-

493 3752 737 3813 nislicus,
754 3767 845 3806 seu
862 3750 1278 3817 Prteloquiorunt
1309 3750 1452 3813 libri,
1472 3760 1526 3802 ut
1541 3767 1602 3805 ex
1621 3750 1878 3805 Fnleuino
1903 3751 2064 3806 disci-

494 3839 632 3875 mus.
652 3820 783 3874 Vide
797 3821 1226 3873 Admonitionem
1248 3820 1376 3888 ipsis
1399 3820 1548 3873 libris
1567 3823 1898 3890 prce-missam
1935 3839 1991 3876 n.
2008 3824 2061 3875 4.

562 3891 746 3961 (1267)
786 3890 1101 3961 ᾼόάίιιίιιῃιε
1129 3904 1209 3961 me
1235 3904 1300 3941 ex
1330 3899 1513 3943 nostro
1542 3893 1866 3959 apographo.

563 3958 744 4029 (1268)
786 3958 961 4029 Vulg.,
1008 3958 1256 4022 Destina;
1290 3968 1511 4029 etpost
1555 3958 2062 4028 pauca'prorogare.

494 4026 673 4084 Codex
725 4026 1127 4085 emendationeS
1176 4026 1417 4100 praebuit.
1447 4026 1684 4100 _l)csti_ua
1736 4026 1933 4100 autem
1969 4045 2065 4100 pro

496 4102 879 4167 colutnna._seu
903 4096 1268 4153 sustentaculo
1291 4096 1571 4167 accipitur.
1596 4097 1866 4150 Des-tinam
1886 4096 2069 4167 quam-

492 4169 612 4221 libet
643 4164 869 4238 alicujus
896 4168 1157 4237 suﬁ'ragii,
1185 4167 1237 4220 id
1264 4176 1347 4220 est
1371 4164 1667 4238 subsidium
1697 4164 1932 4235 aliquod,
1960 4184 2066 4237 quo

494 4237 905 4303 sustentaretur,
937 4238 1253 4291 destitutioni
1282 4251 1391 4289 sua:
1425 4237 1691 4305 parvitatis
1714 4253 1815 4305 qua
1840 4249 1958 4291 erat
1987 4252 2066 4292 re-

493 4310 594 4364 bus
620 4308 862 4376 pluribus
886 4308 1240 4376 destitutuset
1260 4305 1522 4376 indigens,
1540 4310 1819 4376 prrcrogari
1842 4308 2063 4376 expetit.

591 4371 749 4445 1269)
788 4380 865 4433 Ita
894 4380 1085 4433 codex.
1126 4374 1332 4445 Vulgati
1371 4371 1579 4428 habere.
1622 4371 1816 4429 Valete.

591 4445 750 4502 1270)
787 4450 970 4501 Amen.
1002 4461 1071 4500 ex
1102 4461 1203 4500 ms.
1234 4445 1555 4500 addidimus.

534 4508 686 4600 .(127
700 4508 746 4601 1)
940 4515 1160 4601 epistola
1183 4515 1579 4601 adullruuonsm
1604 4508 2093 4601 HenriciGerma-l

496 4583 598 4642 ιιῘώ
630 4583 769 4657 regis
797 4583 987 4650 lilium,
1017 4585 1232 4657 Ottonis
1252 4583 1380 4657 item
1418 4586 1559 4654 regis
1589 4600 1651 4638 ac
1680 4594 1864 4653 postea
1901 4586 2067 4657 impe-

498 4653 714 4712 ratoris'
734 4657 974 4717 fratrem,
1005 4671 1166 4724 quam
1194 4653 1499 4708 Fulcuinus
1520 4664 1780 4706 memorat
1813 4670 1930 4724 cap.
1962 4653 2062 4721 20,

492 4727 695 4797 scripta
723 4727 823 4781 fuit
845 4742 874 4779 a
905 4726 1182 4797 ltatherio,
1208 4739 1328 4777 cum
1353 4739 1383 4776 e
1412 4724 1700 4797 verone-nsi
1725 4724 1849 4797 sede
1871 4725 2063 4797 iterum

498 4793 681 4865 pulsus
727 4811 867 4850 anno
909 4794 1050 4865 9484.
1098 4809 1280 4865 rerum
1310 4793 1560 4865 omnium
1612 4793 1791 4862 inepia
1834 4793 2064 4865 amictus

497 4862 755 4935 expetiit,
799 4875 856 4919 ut
897 4866 948 4919 in
984 4863 1099 4932 ejus
1138 4862 1417 4935 servitium
1456 4875 1826 4935 evocareture
1865 4862 1975 4935 into
2006 4871 2066 4917 ut

496 4930 829 4999 avocaretur,
868 4930 1048 4989 missis
1084 4934 1151 4989 ad
1175 4949 1295 4986 eum
1336 4930 1751 5000 Prmloquiorum
1782 4932 1934 4985 libris
1965 4933 2064 4987 hac

501 5008 612 5072 ipsa
638 5005 862 5073 epistola
890 5005 1064 5073 palam
1094 5002 1422 5073 elliagitavit.
1450 5003 1668 5073 Accitus
1703 5010 1879 5055 autem
1907 5002 2064 5073 abeo

500 5070 634 5139 fuit,
674 5070 966 5142 antequam
1012 5074 1149 5128 idem
1202 5070 1379 5125 Bruno
1428 5070 1860 5144 archiepiscopus
1906 5070 2064 5124 Colo-

2172 1765 2435 1836 adipisci;
2478 1767 2666 1821 abesse
2700 1765 2843 1821 enim
2888 1766 3161 1822 tenaciam
3195 1768 3559 1823 remotissime
3601 1769 3757 1824 vobis

2170 1856 2383 1920 audivi,
2414 1871 2536 1910 cum
2564 1863 2619 1911 et
2656 1854 2835 1911 adsint
2868 1857 3130 1913 decentia:
3171 1873 3354 1914 mores
3381 1859 3457 1913 illi
3486 1900 3501 1925 ,
3530 1873 3671 1929 quos
3698 1858 3753 1914 in

2169 1946 2350 2003 smculi
2391 1945 2548 2015 hujus
2573 1947 2829 2004 divitibus
2863 1946 3119 2004 divinitas
3145 1949 3339 2004 merito
3383 1964 3602 2019 semper
3634 1964 3753 2003 am-

2168 2039 2320 2096 bivit.
2353 2037 2578 2093 Remota
2609 2037 2772 2109 igitur
2815 2035 3152 2104 diﬁicultate,
3183 2038 3397 2094 utimini
3441 2039 3630 2109 (1275)
3661 2054 3753 2110 po-

2172 2138 2387 2197 testate,
2423 2129 2656 2185 scientes
2684 2143 2771 2184 me
2809 2128 2915 2184 hoc
2942 2130 3214 2185 inhianter
3240 2132 3467 2187 ambire.
3503 2131 3751 2203 Pmsaga

2169 2220 2312 2275 enim
2334 2235 2486 2275 mens
2502 2219 2655 2290 quasi
2678 2219 2922 2275 divinare
2943 2220 3173 2287 videtur,
3203 2236 3376 2276 meam
3396 2237 3495 2292 per
3515 2232 3751 2278 vestram

2169 2311 2542 2368 claritudinem
2566 2311 2908 2365 relevandam
2927 2311 3330 2367 destitutionem
3356 2330 3369 2366 :
3396 2321 3610 2368 tantum
3633 2329 3754 2370 con-

2169 2402 2383 2475 dignam
2423 2417 2826 2474 congruamque
2869 2411 3052 2459 vestro
3097 2404 3391 2459 dominatui
3435 2405 3752 2475 impendere

2166 2494 2375 2549 valeam
2415 2495 2753 2558 servitutem,
2782 2492 2954 2547 fidelis
2981 2493 3047 2549 ad
3085 2501 3323 2549 vestrum
3354 2495 3522 2550 decus
3568 2493 3751 2566 (1276)

2167 2587 2332 2643 vestri
2372 2602 2468 2657 per
2508 2586 2688 2642 omnia
2730 2584 3051 2652 clientulus,
3094 2586 3615 2655 commendatorque
3657 2601 3753 2656 per

2169 2689 2361 2736 cuncta
2392 2677 2702 2733 ﬁdissimus.
2735 2676 2897 2745 Cujus
2918 2685 2974 2731 et
2993 2686 3196 2748 optato,
3220 2685 3518 2746 nostroque
3554 2693 3747 2747 preca-

2168 2785 2291 2824 mur
2313 2770 2589 2840 contingat
2609 2776 2822 2838 rogatu,
2838 2776 2898 2821 ut
2914 2767 3008 2838 qui
3030 2766 3327 2822 eumorl‘am
3352 2766 3536 2839 (1277)
3556 2776 3751 2822 vestra:

2169 2861 2429 2917 decentia;
2468 2859 2701 2915 indolem
2745 2859 2910 2931 regali
2945 2860 3483 2940 concessitprgsapia
3526 2859 3748 2928 pollere,
3796 2882 3797 2885 η

2167 2964 2232 3005 eo
2264 2964 2432 3012 usque
2481 2949 2730 3020 dignetur
2756 2956 2812 3003 et
2842 2949 3162 3019 provehere,
3196 2958 3257 3003 ut
3277 2959 3329 3003 et
3355 2948 3539 3019 (1278)
3568 2949 3622 3003 in
3651 2948 3748 3003 ho-

2092 3032 2137 3095 C
2167 3039 2340 3095 dicrni
2384 3037 2641 3108 temporis
2680 3036 2825 3092 clero
2854 3052 2961 3092 non
2990 3038 3170 3092 minus
3217 3038 3325 3091 sint
3365 3038 3522 3091 vobis
3567 3036 3749 3092 omnia

2162 3130 2374 3201 penitus
2403 3126 2578 3194 infra,
2607 3136 2662 3184 et
2690 3128 2744 3184 in
2775 3128 2954 3184 futuro
2982 3129 3057 3185 nil
3094 3130 3236 3184 inter
3273 3144 3367 3185 eos
3397 3129 3629 3184 inveniri
3658 3144 3751 3184 va-

2161 3221 2267 3278 leat
2293 3238 2474 3293 supra.
2505 3220 2757 3278 Carmina
2787 3223 2909 3278 istic
2939 3222 3226 3288 subnexui,
3258 3230 3317 3276 ut
3342 3222 3565 3292 quidam
3594 3237 3743 3278 asso-

2161 3335 2407 3390 eamdem
2442 3335 2692 3403 repetivit
2733 3334 2906 3390 Lucas
2932 3335 3214 3391 Acherius.
3246 3335 3423 3404 Ipsam
3469 3350 3597 3390 cum
3628 3336 3743 3393 lau-

2162 3406 2287 3460 dato
2326 3421 2427 3459 ms.
2463 3404 3057 3475 Lobiensigdiligentius
3099 3406 3349 3461 collatam
3394 3407 3743 3475 accepimus.

2164 3491 2227 3528 ac
2257 3475 2449 3545 exinde
2477 3490 2670 3545 nomen
2701 3473 2963 3537 Brunbni,
2990 3475 3133 3545 quod
3164 3477 3217 3529 in
3246 3475 3405 3545 editis
3440 3473 3667 3541 deerat,
3693 3477 3747 3532 in

2163 3542 2319 3667 titublo
2345 3543 2728 3615 supplevimus,
2754 3555 2809 3599 et
2839 3545 2890 3598 in
2920 3542 3093 3615 prima
3121 3545 3359 3616 epistola:
3387 3544 3532 3600 linea
3561 3562 3747 3602 vocem

2163 3631 2252 3667 1)Το
2289 3624 2431 3667 ιιηιε.

2198 3624 2431 3667 τουιιηιε.

2160 3632 2431 3753 magis
2460 3681 2803 3753 Opusculum,
2847 3682 2902 3737 id
2942 3688 3025 3739 est
3064 3681 3232 3738 libros
3271 3682 3703 3753 Praeloquiorum
3728 3728 3744 3747 .

2162 3751 2298 3833 quas
2339 3751 2628 3833 Fulcuinus
2671 3767 2719 3809 c.
2747 3751 2818 3808 20
2840 3792 2857 3819 ,
2903 3754 2971 3807 ad
3001 3753 3305 3808 Brunouem
3341 3751 3479 3809 cuni
3513 3756 3745 3825 epistola

2164 3832 2360 3876 missos
2397 3832 2645 3876 testatur.

2236 3893 2418 3966 (1275)
2458 3890 2733 3966 Barbarus
2763 3906 2860 3960 pro
2891 3891 3218 3966 alienigena,
3255 3907 3349 3948 seu
3378 3893 3571 3966 aliena:
3610 3912 3744 3966 gen-

2165 3960 2236 4032 tis
2269 3973 2323 4015 et
2353 3960 2535 4030 ignoto
2569 3961 2830 4029 accipitur
2859 3982 2871 4015 ;
2903 3960 3085 4016 Bruno
3124 3964 3266 4016 enim
3302 3963 3522 4019 natione
3565 3960 3745 4032 saxo,

2165 4031 2453 4102 [latitet-ius
2467 4041 2660 4102 autem
2690 4032 2845 4102 Belga
2876 4040 3013 4085 erat.

2237 4099 2418 4168 (1274)
2459 4099 2756 4171 Subaudiri
2791 4099 3036 4171 videtur,
3087 4101 3132 4156 si
3190 4100 3316 4171 quid
3366 4101 3461 4156 iste
3510 4104 3746 4159 servulus

2166 4171 2333 4239 operis
2379 4180 2646 4223 exsecutor
2674 4169 2862 4244 valeat.
2904 4170 3075 4244 Rogat
3120 4169 3372 4244 nimirum
3397 4212 3416 4244 ,_
3445 4182 3504 4244 ut
3548 4189 3745 4244 cogno-

2167 4249 2284 4310 s_cat
2323 4247 2375 4293 et
2420 4249 2709 4307 suggerat,
2764 4240 2809 4293 si
2849 4239 3004 4310 quid
3031 4242 3081 4295 in
3120 4239 3233 4307 ejus
3279 4242 3503 4295 servitio
3551 4239 3743 4310 possit.

2170 4306 2419 4380 Forsitan
2444 4306 2580 4380 enim
2605 4310 2741 4361 inter
2767 4306 3375 4380 milliaprwstautiomm
3404 4312 3495 4380 qui
3526 4306 3577 4364 in
3610 4313 3747 4367 Bruo

2090 4388 2143 4447 Ῑ)
2170 4378 2325 4432 nonis
2362 4379 2584 4454 servitio
2623 4386 2778 4454 erant
2818 4378 3213 4454 (mu_ltos__enim
3255 4378 3747 4454 det-tos‘etgmagi-

2168 4459 2311 4522 stros
2339 4446 2536 4522 alebat)
2562 4457 2609 4502 et
2643 4448 2738 4522 ista
2767 4446 3000 4522 seruulus
3031 4449 3103 4518 (id
3145 4458 3226 4502 est
3254 4448 3563 4522 Ratherius)
3588 4446 3745 4506 sadm

2167 4517 2410 4571 obtinebit
2428 4515 2627 4587 locum.
2647 4515 2901 4587 _Obtinuit
2931 4515 3404 4587 autettt_pt'itnttm,
3435 4530 3495 4573 ut
3530 4515 3743 4576 Fulcui-

2168 4602 2269 4640 nus
2302 4586 2464 4639 tradit
2493 4599 2608 4654 cap.
2640 4585 2709 4639 22
2743 4603 2755 4638 :
2788 4587 3084 4640 Advocatur
3113 4585 3411 4651 Hatherius,
3442 4598 3491 4642 et
3519 4591 3745 4645 habetur

2166 4654 2581 4726 interpolatum:
2598 4655 2935 4726 philosophos
2960 4658 3095 4726 prim
3131 4673 3176 4708 ε.

2260 4724 2419 4794 1275)
2456 4724 2609 4794 {apud
2637 4725 2925 4794 Acherium
2956 4723 3208 4794 corrupte
3232 4723 3423 4779 ultimi.

2260 4729 2419 4791 1275)
2456 4729 2609 4792 Apud
2637 4729 2925 4778 Acherium
2956 4733 3208 4794 corrupte
3232 4729 3423 4779 ultimi.

2237 4729 2417 4863 (1276)
2458 4792 2628 4867 Voces
2667 4793 2837 4860 ﬁdelis
2872 4795 2947 4867 ad
2978 4804 3196 4848 vestrum
3225 4796 3410 4867 decus,
3453 4812 3589 4867 quas
3628 4800 3743 4852 vul-

2162 4866 2273 4986 gati
2320 4870 2500 4916 notata
2547 4862 2734 4916 lacuna
2780 4863 3106 4927 omiserunt,
3150 4862 3519 4934 supplevimds
3563 4885 3594 4922 e
3636 4886 3737 4924 ms.

2209 4932 2436 4986 obieusi.
2467 4934 2518 4986 in
2548 4947 2655 4986 uno
2683 4931 2855 4986 solum
2885 4948 2982 4986 nro
3010 4932 3180 4986 ﬁdelis
3210 4937 3278 4986 ad
3310 4934 3590 4986 legebatur
3619 4938 3737 4986 ﬁde-

2209 4932 2436 5006 obieusi,
2467 4934 2518 4986 in
2548 4947 2655 5001 quo
2683 4931 2855 4986 solum
2885 4948 2982 5006 pro
3008 4932 3180 5006 ﬁdelis
3210 4931 3278 5006 ad
3310 4934 3590 5006 legebatur
3614 4938 3740 5006 ﬁde-

2164 5002 2304 5055 litas.
2355 5001 2473 5054 Mox
2516 5016 2614 5070 pro
2651 5002 3039 5056 commendatur
3082 5001 3387 5071 legendum'
3410 5001 3657 5060 fortassis
3685 5017 3741 5062 et

2165 5071 2412 5144 prOprius
2435 5066 2820 5144 commendatus
2846 5112 2861 5135 ,
2890 5071 2943 5126 id
2971 5081 3050 5144 est
3075 5066 3164 5141 qui
3205 5088 3262 5126 se
3292 5066 3517 5140 alicujus
3557 5086 3740 5144 patro-
