4044 5348
243 357 349 414 633

1694 329 2070 390 EI’IS'IOI..I§.

3393 350 3498 406 σει

246 468 389 529 lent,
431 461 612 526 nulla;
650 474 753 514 non
785 473 904 515 sum
947 456 1124 520 enim,
1175 453 1303 508 mihi
1334 453 1536 508 credite
1561 495 1574 518 ,
1619 463 1816 524 poeta;
1850 465 1895 524 Α
1921 457 2010 526 qui
2055 464 2177 531 tunc
2223 451 2477 531 Romana:
2514 465 2740 531 praeerat
2759 456 2887 531 redi,
2908 455 3113 531 judicio
3143 459 3500 531 episcoporum

243 567 559 625 quanquam
609 566 708 606 nec
750 549 914 603 lateat
957 561 1040 600 me
1087 545 1306 616 poetria:
1349 545 1566 614 penitus
1622 544 1822 614 regula.

245 643 590 698 Dilfusiorem
631 653 862 708 namque
896 653 1014 691 sum
1051 650 1262 704 semper
1299 635 1578 702 amplexus
1624 649 1828 689 sermo-

245 748 395 799 nem,
420 730 767 786 obscuritatis
792 729 917 783 odio
943 725 1227 794 diiI‘ugiens
1251 725 1687 780 contractiorem.

245 933 607 1006 531-533
657 927 1222 1006 ΑυῃζΝιῃρ-ργ
1253 926 1453 1006 ruas
1505 926 1830 993 SEQUEN-

737 999 870 1056 TES
910 998 1335 1053 EPISTULAS.

315 1095 355 1148 I.
399 1095 537 1149 Tres
565 1101 852 1163 sequentes
889 1090 1129 1160 epistola:
1155 1091 1342 1163 eodem
1373 1091 1560 1163 ordine
1589 1089 1674 1163 hic
1701 1106 1826 1163 pro:

237 1165 511 1227 ferentur,
553 1160 658 1234 quo
688 1170 902 1217 exstant
941 1162 994 1234 in
1020 1175 1148 1234 Ams_.
1183 1160 1368 1234 codice
1415 1161 1663 1234 Lobiensi
1690 1202 1703 1222 ,
1727 1161 1829 1234 qui

245 1251 387 1290 unus
415 1248 510 1290 eas
537 1230 604 1289 ad
635 1248 732 1288 nos
759 1231 1073 1287 transmisit.
1108 1231 1184 1284 Ex
1216 1231 1328 1298 ipso
1359 1232 1501 1285 enim
1534 1233 1690 1285 edita:
1719 1230 1829 1283 fue-

246 1314 416 1367 runt,
472 1305 678 1375 quinta
710 1312 778 1375 et_
816 1303 1043 1373 septima
1095 1299 1831 1375 a_Joanne_Cliapeauvillio

243 1369 613 1445 primum-[L
659 1374 688 1445 I_
736 1369 1069 1445 Qesn—Aponi.
1122 1369 1444 1445 Tangam],
1497 1369 1556 1425 et
1595 1372 1718 1425 dein
1763 1372 1830 1425 ab

245 1440 486 1499 helierio
536 1440 620 1515 [t.
671 1443 689 1497 I
740 1440 933 1511 Spicil.
977 1457 1096 1495 nov.
1149 1440 1341 1563 editJ,
1388 1440 1544 1496 sexta
1609 1456 1736 1494 vero
1799 1455 1829 1493 a

246 1513 353 1563 PP.
381 1515 622 1563 Martene
661 1522 716 1563 et
741 1512 988 1563 Dnrando
1013 1509 1076 1563 lt.
1103 1509 1173 1563 IX
1205 1510 1276 1563 Co
1304 1511 1419 1563 lect.
1446 1521 1543 1563 vet.
1583 1508 1826 1563 Scriul.l.

246 1513 353 1568 PP.
381 1508 622 1568 Marténe
661 1522 716 1568 et
741 1508 988 1566 D'nrando
1013 1509 1076 1580 [ι.
1103 1509 1173 1564 IX
1205 1508 1419 1564 Collect.
1446 1521 1543 1565 vet.
1583 1508 1826 1633 δενὶἴιῴ

246 1584 446 1633 ()uinta
481 1598 640 1633 norro
673 1581 899 1633 enistola
931 1581 1156 1633 subinde
1187 1580 1390 1633 inserta
1419 1581 1596 1633 fuerat
1630 1597 1660 1633 a
1729 1581 1826 1633 ‘ul-

241 1584 446 1650 Quinta
481 1598 640 1653 porro
673 1581 899 1653 cpistola
931 1581 1156 1653 subinde
1187 1580 1390 1653 inserta
1419 1581 1596 1653 fuerat
1630 1597 1660 1634 a
1699 1580 1827 1653 Ful-

243 1655 409 1708 cuino
448 1650 631 1708 Gestis
660 1650 911 1708 abbatum
951 1651 1293 1706 Lobiensium
1331 1666 1448 1719 cap.
1485 1652 1582 1715 I9;
1625 1662 1679 1704 at
1715 1650 1830 1717 ejus

245 1731 461 1778 tantum
495 1724 705 1777 initium
743 1723 795 1776 in
831 1721 1091 1776 Lobiensi
1123 1721 1369 1774 Fulcnini
1410 1722 1596 1776 codice
1640 1721 1830 1774 inven-

247 1802 395 1859 tum,
447 1795 522 1847 uti
559 1794 698 1848 etin
745 1792 978 1862 vulgatis
1009 1791 1441 1862 Gestislegitur.
1487 1790 1596 1845 llas
1641 1806 1829 1844 omnes

247 1877 357 1918 uno
399 1873 671 1933 tempore,
717 1859 1014 1933 eodemque
1057 1859 1556 1931 consilio'scriptas
1600 1863 1831 1933 suadent

243 1935 476 1998 similes,
504 1931 623 2001 qua:
664 1935 718 1986 in
742 1931 994 1986 omnibus
1018 1933 1364 1985 continentur
1393 1932 1691 2001 sententiae.
1731 1931 1831 1983 Ita-

246 2004 457 2057 tberius
486 2000 629 2057 enim
673 2018 731 2057 se
761 2003 829 2056 ab
863 2002 1174 2071 episcopatu
1222 2001 1514 2056 Veronensi
1559 2000 1787 2069 ejectum
1813 2039 1825 2061 ,

247 2073 522 2143 aliumque
551 2075 605 2128 in
636 2088 789 2127 suam
829 2075 1010 2126 sedem
1042 2073 1339 2143 intrusum,
1377 2087 1434 2125 se
1471 2073 1630 2125 rebus
1659 2072 1829 2124 omni-

246 2143 350 2197 bus
376 2142 674 2207 desertum,
697 2158 761 2197 ac
790 2142 1101 2196 monasterii
1129 2142 1470 2196 solitudinem
1499 2143 1828 2212 cogitantem

245 2228 400 2282 :eque
431 2214 483 2266 in
518 2214 772 2268 omnibus
799 2213 1034 2282 praefert.
1077 2213 1122 2282 Α
1149 2227 1252 2280 qua
1286 2220 1462 2282 tamen
1503 2214 1827 2282 cogitatione.

247 2281 620 2337 se’abductum
664 2281 867 2352 indicat
893 2281 1269 2336 nonnullorum
1301 2281 1607 2352 obloquiis’,
1636 2283 1832 2352 Quibus

245 2354 351 2406 nisi
383 2355 731 2423 responderet
757 2353 806 2406 in
828 2351 1033 2420 judicio
1063 2353 1355 2416 canonico,
1383 2351 1705 2407 criminosus
1741 2361 1833 2404 aut

246 2423 409 2492 fugax
437 2421 793 2490 judicaretur.
836 2423 969 2476 Hinc
996 2423 1238 2491 deposito
1267 2423 1491 2478 consilio
1525 2423 1832 2477 monasticae

246 2491 552 2547 solitudinis
583 2493 886 2562 repetenda:
917 2494 1240 2547 canonicum
1268 2491 1529 2560 judicium
1561 2493 1829 2563 postulat,

245 2572 362 2616 tum
389 2564 442 2616 in
464 2563 690 2633 epistola
718 2564 906 2633 quinta
933 2563 1002 2616 ad
1033 2565 1358 2632 pontilicem,
1387 2574 1496 2616 tum
1525 2564 1576 2616 in
1604 2565 1830 2631 septima

245 2635 316 2687 ad
347 2634 653 2702 episcopos,
682 2644 740 2687 ιιι
771 2635 820 2687 in
848 2647 915 2686 eo
960 2635 1240 2688 decidatur
1269 2650 1395 2687 num
1429 2635 1541 2702 ipse.
1569 2651 1635 2687 an
1668 2650 1832 2687 t—Bllttl-

244 2702 332 2775 Ius
357 2706 475 2775 ejus
505 2703 774 2775 legitimus
808 2704 1128 2758 Veronensis
1152 2705 1437 2773 episcopus
1467 2704 1566 2768 sit;
1601 2720 1831 2771 cumque

244 2773 845 2844 Itaniamnn'judicium
886 2775 1186 2842 expeditius
1217 2777 1454 2828 l'uturum
1491 2775 1727 2838 videret,
1779 2775 1829 2826 in

242 2845 475 2912 epistola
503 2856 654 2898 sexta
694 2845 760 2897 ad
790 2859 978 2897 omnes
1007 2845 1190 2897 lidelcs
1215 2844 1645 2898 Christianorum
1673 2860 1828 2914 opem

233 2915 522 2986 efﬂagitat,
549 2925 607 2968 ut
634 2917 738 2968 iter
765 2914 985 2967 Romam
1017 2916 1280 2986 conﬁcere
1303 2917 1489 2984 possit.
1519 2916 1575 2968 In
1607 2915 1830 2969 Germa-

243 2987 334 3038 nia
366 2985 389 3045 ,“
427 3002 534 3054 quo
580 2989 698 3039 sese
738 2995 1051 3053 receperat,
1091 2985 1199 3055 bas
1246 2986 1500 3054 epistolas
1547 2987 1829 3055 scripsisse

242 3056 502 3126 colligere
530 3055 712 3110 licebit
741 3070 807 3109 ex
840 3064 950 3107 not.
983 3054 1116 3108 1557
1144 3055 1209 3107 ad
1245 3057 1400 3124 epist.
1436 3071 1510 3109 vt.

318 3125 398 3196 Il.’
421 3127 538 3192 Quo
564 3135 744 3196 autem
775 3136 1014 3196 tempore
1053 3140 1144 3196 seu
1182 3128 1568 3196 annoscriptaa
1605 3125 1824 3191 fuerint,

240 3195 617 3266 diIIicultatein
648 3195 868 3249 facessit
902 3195 1127 3266 epistola
1167 3211 1198 3246 v
1226 3196 1293 3248 ad
1331 3194 1591 3251 Joannem
1614 3201 1828 3266 por-tili-

237 3281 389 3332 cem,
416 3265 612 3336 quatit:
643 3265 1218 3336 margineAclierianai
1247 3267 1498 3321 editionis
1524 3265 1685 3320 missa
1721 3277 1828 3319 tra-

237 3337 394 3391 ditur
433 3333 504 3390 ad
539 3333 800 3389 Joannem
834 3335 965 3388 XIII.
1006 3334 1061 3388 Id
1109 3351 1235 3390 vero
1285 3337 1426 3388 nulla
1469 3337 1678 3390 ratione
1723 3338 1826 3390 diei

239 3416 445 3488 potest,
472 3422 598 3488 cum
621 3405 1062 3488 Ratberiumsub
1088 3405 1302 3488 Joanne
1311 3405 1410 3486 .XII
1439 3406 1828 3488 suaenEeclesiiu

234 3475 354 3546 jam
391 3478 708 3546 restitutum
733 3477 901 3531 certis
929 3476 1265 3530 documentis
1293 3476 1508 3546 liqueat.
1541 3475 1828 3546 Enimvero

239 3544 361 3615 ipse
398 3549 561 3602 etiam
592 3549 654 3616 in,
684 3545 967 3600 Itium-ario
998 3546 1277 3600 lucubrato
1302 3544 1510 3601 Joanne
1549 3545 1658 3600 XIII
1698 3563 1828 3616 pon-

229 3620 412 3682 -tiﬁce,
431 3632 598 3671 num.
630 3615 685 3681 4,
711 3631 769 3670 se
799 3631 908 3669 sua:
933 3616 1045 3670 sedi
1076 3617 1342 3670 redditum
1376 3618 1538 3670 tradit
1572 3615 1827 3685 prtccepto

238 3689 552 3755 apostolici,
594 3687 685 3757 qui
729 3697 852 3740 tunc
892 3685 1143 3740 Romana:
1171 3697 1391 3755 pra'erul
1432 3687 1577 3751 sedi,-
1610 3687 1696 3738 ubi
1736 3687 1829 3739 ad-

238 3758 434 3812 verbio
463 3767 586 3810 tunc
615 3771 738 3809 eum
775 3757 1108 3825 pontilicem,
1141 3772 1248 3824 quo
1283 3759 1623 3825 pnccipiente
1657 3758 1831 3810 fuerat

238 3825 689 3893 restitutum-jam
714 3827 821 3880 vita
847 3827 1089 3879 l'unctum
1119 3829 1403 3896 signiﬁcat.
1431 3828 1504 3881 De
1523 3827 1734 3881 Joanne
1761 3825 1826 3878 XI

236 3899 473 3969 cogitari
514 3898 728 3969 nequit,
755 3912 878 3950 cum
915 3897 967 3949 in
1003 3897 1114 3964 ipsa
1139 3897 1376 3969 epistola
1403 3897 1654 3969 nonnulla
1693 3897 1829 3948 rcl'c-

241 3966 461 4036 rantur,
507 3983 626 4036 qua:
665 3967 733 4020 ad
772 3982 970 4036 annum
1013 3968 1281 4035 pertinent
1317 3966 1450 4029 941,
1499 3968 1666 4020 multo
1710 3974 1828 4035 post

237 4035 472 4092 Joannis
524 4035 595 4090 XI
648 4044 898 4090 mortem.
953 4035 1088 4106 Ilinc
1141 4037 1379 4104 epistola:
1425 4037 1826 4106 inscriptionem

235 4107 444 4163 Joauni
492 4107 582 4161 XII
619 4106 908 4161 convenire
948 4105 1294 4160 dubitandum
1341 4121 1445 4160 non
1484 4105 1602 4171 est;
1646 4118 1697 4159 et
1737 4107 1826 4158 alii

243 4179 466 4247 quidem
530 4179 774 4232 eamdem
833 4177 1115 4244 epistolam
1175 4177 1582 4230 adscribendam
1639 4185 1828 4245 putant

237 4264 391 4302 anno
421 4249 640 4302 circiter
673 4247 809 4310 956,
854 4261 960 4314 quo
990 4247 1078 4300 ille
1128 4249 1496 4314 poutiticatum
1539 4249 1686 4312 iniit;
1737 4247 1824 4299 alii

243 4334 376 4373 vero
404 4334 549 4372 anno
575 4317 675 4374 961
726 4326 819 4370 aut
847 4317 971 4379 962,
999 4317 1160 4386 paulo
1195 4328 1481 4386 antequam
1539 4317 1826 4370 Ratherius

242 4403 357 4444 sua:
383 4389 499 4442 sedi
529 4395 926 4443 restitueretur.
957 4389 1054 4453 Qui
1085 4404 1202 4441 eam
1233 4391 1504 4456 assignant
1533 4403 1675 4441 anno
1723 4389 1819 4442 96I

243 4460 326 4513 vel
360 4458 489 4524 962,
521 4459 795 4527 corrigere
824 4468 1088 4524 coguntur
1133 4457 1298 4525 ipsius
1339 4458 1580 4526 epistolie
1621 4467 1822 4511 textum

1691 1512 1700 1521 ο

1930 525 2254 596 synodaliter
2283 525 2574 602 restitutum
2603 528 2787 602 tradit.
2814 525 2921 602 ’Δι’
2947 525 3225 602 recitatum
3263 525 3502 602 epistolae

1934 606 2156 668 textum
2185 597 2392 668 nonde
2419 597 2690 668 secundo,
2735 598 2826 652 sed
2863 598 2926 652 de
2962 600 3134 668 primo
3169 597 3382 657 Ottonis
3420 605 3503 657 in-

1931 681 2118 736 gressu
2145 666 2198 736 in
2227 665 2430 736 Italiam
2460 683 2601 719 anno
2623 666 2718 720 951
2761 665 3128 736 accipiendum
3154 685 3304 734 esse,
3334 673 3500 728 lilium

1933 734 2112 790 autem
2153 734 2387 797 Ottonis,
2415 751 2642 804 quocum
2681 735 2852 791 adfuit
2879 734 3198 806 Ilatlierius,
3239 759 3342 796 non
3383 759 3504 798 esse

1931 806 2181 862 Ottonem
2229 808 2554 876 secundum,
2597 808 2690 861 sed
2734 806 3024 862 Lnitulfum
3075 811 3303 876 ducem,
3351 816 3505 868 nobis

1931 877 2414 952 certissimumest.
2444 875 2500 928 In
2526 877 2663 952 hanc
2690 893 2800 952 rem
2827 880 3182 952 expendenda
3207 891 3360 947 sunt,
3387 900 3507 952 qua:

1932 950 1986 1020 in
2013 945 2449 1020 eademepistnla
2499 945 3096 1020 statimsubjiciuntur.
3147 950 3249 1004 Sed
3283 945 3503 1020 impedi-

1930 1019 2036 1094 iiit,
2082 1016 2487 1094 quodunltcrum
2691 1018 2980 1094 institutum
3419 1039 3507 1076 rea:

1931 1088 2122 1161 invenit
2148 1127 2162 1148 ,
2218 1085 2431 1161 Milonis
2476 1086 2668 1161 scilicet
2714 1085 3255 1161 ηρροςιιιιιιιιᾷῖῖυῗ
3273 1085 3506 1161 ’ᾳιῖιιίειη

1933 1156 2424 1230 Manassesusedern
2472 1157 2789 1230 vendiderat.
2842 1159 2937 1230 Hic
2979 1161 3155 1230 agitur
3203 1164 3268 1216 de
3311 1156 3509 1217 Milone

1931 1228 2183 1297 episc0po
2210 1225 2954 1301 Miloniscomitisnepotulo,
2987 1225 3069 1282 citi
3100 1230 3370 1288 Manasses
3396 1235 3507 1301 epi-

1931 1295 2211 1365 scopatum
2252 1295 2584 1350 vendiderat.
2627 1296 2780 1350 IIune
2823 1309 2997 1353 autem
3041 1301 3284 1356 Milonem
3326 1295 3506 1356 sedem

1938 1369 2298 1421 Veronensem
2343 1366 2577 1420 tenuisse
2606 1383 2746 1420 anno
2781 1366 2877 1421 95I
2907 1411 2920 1430 ,
2951 1386 3013 1422 ex
3058 1372 3378 1426 documento
3409 1375 3512 1427 Ec-

1933 1436 2197 1508 clesia;
2233 1436 2512 1508 Stephani,
2534 1440 2691 1508 quod
2723 1437 2953 1493 Joannes
2994 1441 3221 1508 Baptista
3261 1443 3510 1497 Perottus

1932 1503 2360 1581 vidit_[_Catu!og.
2402 1503 2498 1574 Ep.
2533 1503 2824 1581 Verona",
2843 1523 2965 1578 pag.
2995 1503 3120 1581 bl],
3165 1515 3507 1568 manifestum

1931 1587 2033 1648 est.
2087 1576 2197 1648 Iloc
2231 1591 2422 1648 porro
2453 1592 2597 1629 anno
2644 1577 2740 1632 951
2795 1576 2940 1632 Οιιο“
2967 1576 3160 1635 πίοι
3205 1584 3346 1637 lilius
3396 1586 3510 1648 ejus

1930 1647 2199 1701 Lttitulfns
2228 1647 2280 1699 in
2312 1646 2518 1699 Italiam
2542 1657 2804 1702 venerunt
2835 1665 2848 1702 :
2880 1649 3004 1705 Otto
3033 1660 3209 1704 autem
3244 1646 3510 1708 secundus

1933 1733 2037 1772 non
2069 1717 2212 1769 venit
2248 1731 2388 1770 anno
2419 1716 2522 1770 962
2545 1757 2556 1777 ,
2591 1727 2648 1772 ιιι
2687 1718 2758 1772 illi
2792 1721 3138 1785 existimant,
3177 1725 3269 1774 sed
3305 1734 3510 1778 tanttnn

1934 1803 2074 1862 anno
2105 1788 2242 1862 967,
2275 1802 2398 1862 cum
2439 1787 2645 1862 jamdiu
2695 1791 3138 1862 ante_llatlterius
3175 1793 3510 1862 episcopatui

1938 1858 2230 1912 Veronensi
2253 1856 2457 1929 fuisset
2485 1857 2781 1914 restitutus.
2823 1860 3006 1929 Neque
3035 1856 3244 1916 Ottonis
3290 1856 3508 1918 secundi

1934 1929 2219 1982 adventum
2249 1928 2300 1980 in
2346 1927 2550 1980 Italiam
2580 1943 2721 1982 anno
2761 1929 2864 1984 902
2899 1927 3148 1984 a‘strnnnt
3190 1935 3510 1988 documenta

1933 2000 2056 2052 anni
2087 1997 2350 2068 ejusdem,
2377 1998 2570 2066 quibus
2597 1997 2808 2053 Ottonis
2832 2002 3189 2068 imperatoris,
3220 2016 3273 2057 et
3299 2005 3511 2059 Ottonis

1933 2069 2048 2142 ejus
2087 2069 2176 2142 li_Iii
2207 2069 2258 2120 in
2286 2067 2434 2120 Italia
2477 2069 2615 2142 regis
2638 2084 2810 2124 annus
2852 2067 3056 2138 primus
3085 2074 3344 2142 signatur.
3375 2077 3510 2127 (lum

1933 2141 2076 2194 enim
2105 2139 2228 2193 Otto
2259 2148 2411 2205 pater
2437 2139 2534 2190 sub
2567 2149 2880 2194 autumnum
2919 2144 3041 2194 anni
3080 2139 3175 2197 96]
3216 2145 3509 2198 secundum

1935 2211 2038 2262 iter
2073 2211 2124 2262 in
2165 2208 2371 2262 Italiam
2409 2209 2677 2283 suscepit,
2716 2209 3175 2283 Ottoneurlilium
3227 2215 3508 2283 puerulum

1933 2295 2086 2353 suum
2116 2295 2296 2353 secum
2340 2293 2443 2332 non
2476 2279 2664 2353 duxit,
2686 2281 2777 2333 sed
2805 2280 3070 2336 Gullielmi
3119 2279 3507 2353 arcliiepiscopi

1934 2349 2226 2424 Moguntini
2255 2365 2397 2424 cura:
2423 2349 2720 2424 commisit,
2754 2361 2810 2424 ut
2855 2353 3194 2406 continuator
3219 2349 3512 2424 Reginonis

1931 2430 1986 2473 et
2012 2420 2278 2473 annalista
2311 2420 2453 2473 Saxo
2490 2420 2724 2473 tradunt.
2767 2421 2839 2474 Ea
2887 2432 3065 2476 autem
3099 2420 3414 2478 documenta
3458 2428 3509 2478 id

1933 2507 2096 2543 unum
2127 2491 2384 2560 probant,
2418 2490 2665 2544 Ottonem
2699 2500 2933 2557 patrem,
2967 2509 3086 2546 eum
3134 2511 3272 2548 anno
3311 2497 3414 2550 96:!
3444 2499 3508 2548 ad

1933 2560 2214 2632 imperium
2236 2562 2498 2632 ascendit,
2523 2560 2764 2632 effecisse
2787 2571 2842 2615 ιιι
2865 2563 3002 2615 filius
3020 2564 3164 2628 Otto,
3187 2582 3345 2632 quem
3370 2584 3512 2620 anno

1935 2631 2254 2702 praecedenti
2291 2630 2595 2702 Germaniie
2643 2646 2820 2700 regem
2855 2635 3158 2702 eligendum
3197 2630 3509 2698 curaverat.

1932 2701 2097 2755 Italia:
2131 2717 2344 2772 quoque
2386 2717 2477 2754 rex
2500 2741 2512 2763 ,
2559 2701 2682 2753 licet
2717 2701 2950 2770 absens,
2979 2704 3420 2772 proclamaretur.
3454 2708 3509 2761 Si

1933 2773 2095 2840 igitur
2136 2771 2262 2824 illml
2286 2771 2548 2842 epistola:
2595 2773 2954 2824 testimonium
2981 2771 3064 2827 ide
3097 2777 3270 2842 primo
3299 2776 3513 2832 Ottonis

1932 2843 2159 2894 adventu
2200 2842 2251 2894 in
2284 2841 2520 2903 Italiam,
2551 2850 2606 2894 et
2647 2843 2711 2896 de
2746 2843 2856 2895 lilio
2899 2844 3014 2912 ejus
3052 2841 3290 2899 Luitulfo
3321 2849 3514 2902 intelli-

1932 2913 2162 2989 gendum
2193 2922 2306 2976 est;
2341 2913 2622 2989 nillil‘liiuc
2648 2929 2742 2989 nos
2765 2914 2903 2989 cogit
2934 2931 3048 2989 eam
3079 2917 3358 2983 epistolam
3391 2920 3513 2989 reji-

1931 2999 2056 3058 cere
2088 2985 2138 3036 itt
2171 2983 2522 3058 anmtnrflliﬂ.
2569 2985 2908 3058 Equidentin
2937 2985 3122 3058 eadem
3155 2988 3376 3058 cpistola
3417 2983 3511 3045 eo-

1932 3055 2051 3106 dem
2081 3070 2229 3106 num.
2258 3056 2290 3108 8
2318 3054 2584 3117 subditur,
2621 3055 2959 3116 Itatlieriuin,
2993 3057 3114 3110 licet
3143 3054 3203 3111 ea
3227 3062 3513 3115 occasione

1933 3124 2168 3198 venisset
2228 3125 2279 3177 iu
2334 3124 2538 3177 Italiam
2594 3135 2652 3178 ut
2702 3127 3066 3198 episcopatum
3125 3144 3511 3198 recuperaret,

1856 3176 1898 3235 (ἶ
1934 3196 2323 3266 restitutionem
2367 3204 2542 3266 tamen
2575 3211 2680 3266 non
2719 3176 3052 3260 obtinuisse,
3093 3202 3183 3250 sed
3215 3176 3389 3266 potius
3413 3176 3512 3256 ἷιοῖ

1932 3265 2110 3318 Iutisse
2142 3268 2331 3318 cedere
2364 3265 2521 3334 regia:
2554 3265 2821 3332 tnajestati
2856 3283 2867 3318 :
2899 3284 3018 3333 qua:
3049 3284 3150 3321 non
3185 3265 3512 3326 conveniunt

1929 3335 2178 3387 adventui
2223 3334 2432 3389 Ottonis
2473 3338 2709 3389 secundo
2737 3376 2770 3414 ,_
2799 3352 2905 3404 quo
2944 3355 3000 3390 re
3047 3339 3158 3405 ipsa
3202 3340 3302 3394 fuit
3351 3346 3510 3398 resti-

1930 3415 2093 3458 tutus.

2104 3475 2406 3548 Cum-vero
2432 3490 2575 3529 anno
2741 3489 2844 3528 non
2874 3492 3057 3546 congri
3083 3489 3130 3531 at
3162 3481 3400 3548 epistolae
3428 3483 3512 3535 in-

1929 3546 2153 3614 scriptio
2199 3545 2262 3596 ail
2304 3544 2565 3599 Joannem
2613 3544 2721 3604 XII.
2756 3548 2845 3614 qui
2897 3549 2960 3600 ail
2988 3544 3292 3602 'Iloman'am
3327 3553 3507 3605 sedem

1929 3627 2208 3684 promotus
2255 3614 2354 3668 fuit
2403 3631 2546 3667 anno
2581 3624 2786 3668 tantum
2815 3616 2952 3680 956;
2989 3618 3090 3672 lioc
3137 3630 3314 3672 autem
3365 3640 3508 3676 anno

1929 3685 2196 3738 Iuiitulfus
2227 3686 2442 3740 Ottonis
2485 3687 2624 3738 filius
2663 3685 2856 3738 iterum
2887 3691 3093 3742 venerit
3122 3690 3170 3741 in
3194 3690 3424 3754 Italiam,
3453 3705 3508 3746 ut

1929 3755 2400 3829 Berengariunrll
2435 3771 2518 3829 _ex
2569 3755 2750 3829 Italico
2795 3771 2962 3829 regno
3009 3760 3303 3829 evpclleret
3354 3780 3365 3814 ε
3417 3765 3507 3817 alii

1932 3837 2214 3899 recitatum
2256 3826 2899 3899 epistola:testimonium
2933 3843 3036 3881 non
3085 3826 3150 3884 de
3185 3832 3383 3899 primo,
3413 3837 3507 3888 sed

1929 3899 1994 3967 de
2021 3898 2120 3950 hoc
2148 3897 2314 3949 altero
2350 3895 2566 3951 Luitnlli
2593 3896 2825 3967 adventu
2856 3895 3299 3967 interpretantur,
3333 3904 3404 3956 ita
3449 3914 3508 3958 ut

1930 3966 2222 4020 Ilatherius
2259 3983 2288 4020 e
2331 3967 2642 4020 Leodicensi
2689 3966 2815 4020 sede
2855 3966 3060 4035 pulsus,
3110 3988 3250 4025 anno
3299 3983 3507 4028 tantum

1927 4038 2033 4090 956
2076 4052 2177 4088 una
2219 4052 2341 4089 cum
2381 4051 2446 4090 eo
2486 4036 2702 4091 Ottonis
2744 4036 2852 4090 ﬁlio
2885 4039 2934 4090 iu
2970 4039 3176 4094 Italiam
3206 4041 3503 4098 advenerit.

1931 4107 2042 4161 Iloc
2089 4106 2328 4180 Ilatlierii
2362 4109 2480 4180 _iter
2511 4109 2562 4161 in
2593 4106 2819 4180 Italiam?
2847 4117 2966 4176 post
2994 4109 3108 4177 ejus
3135 4113 3506 4180 expulsionem

1926 4193 1993 4231 ex
2019 4178 2328 4246 episcopatu
2360 4176 2676 4232 Leodicensi
2711 4179 2922 4246 probari
2939 4176 3249 4235 existimant
3275 4199 3340 4237 ex
3375 4184 3502 4238 Ful-

1928 4249 2110 4310 cuino,
2141 4249 2229 4316 qui
2266 4262 2383 4316 cap.
2421 4265 2544 4301 xxiv
2569 4249 2645 4300 ait
2678 4265 2690 4300 :
2724 4247 2926 4302 Exarto
2959 4251 3012 4302 iu
3040 4253 3139 4304 hac
3173 4255 3506 4309 destitutione

1928 4335 2023 4371 sua
2059 4319 2283 4387 (scilicet
2298 4328 2432 4439 rost
2468 4334 2588 4372 eam
2615 4319 3003 4387 expulsioncm)
3044 4321 3319 4376 [tollit-rius
3339 4325 3505 4393 ferme

1929 4389 2248 4439 biennio.....
2332 4389 2511 4439 talium
2557 4391 2844 4439 revertitur.
2898 4389 2953 4439 In
2981 4389 3273 4439 Verum-nsi
3323 4405 3502 4439 :mlmn

1929 4389 2248 4441 biennio.....
2298 4389 2511 4440 Italiam
2557 4391 2844 4441 revertitur.
2898 4389 3273 4447 InVeront-nsi
3323 4389 3502 4448 autem

1929 4462 2055 4534 sede
2104 4457 2558 4534 IItVCIIIO‘MlIOIK:
2587 4459 2861 4534 episcopo,
2894 4460 3007 4534 qui,
3037 4477 3104 4514 ne
3151 4462 3366 4516 Luitnlli
3401 4479 3504 4534 0pc

244 4544 395 4582 num.
428 4530 480 4592 1,
512 4530 600 4583 ubi
627 4538 814 4582 auctor
840 4541 899 4579 se
923 4528 1257 4600 calamitates
1283 4544 1497 4596 passum
1533 4529 1826 4600 proditiper
1851 4541 1902 4600 D
1931 4529 2167 4600 Itatlierii
2216 4527 2480 4600 restitutio
2529 4529 2700 4600 fieret,
2732 4527 3112 4600 impedimento
3150 4545 3294 4597 erat;
3341 4527 3505 4587 Joan-

243 4616 413 4652 annos
427 4600 548 4668 jam
578 4600 780 4668 viginti,
809 4614 873 4668 ac
901 4599 1111 4667 triginta
1137 4599 1416 4667 legendum
1445 4607 1682 4651 censent.
1712 4599 1823 4651 Nisi

244 4685 377 4724 vero
409 4667 611 4740 aliquid
633 4667 1078 4740 aliundecogat,
1118 4670 1384 4740 vulgatam
1423 4667 1707 4722 lectionem
1755 4670 1826 4720 vi-

245 4741 409 4808 ginti,
442 4737 561 4810 qua:
589 4742 719 4794 item
759 4747 843 4791 est
871 4737 1030 4793 lectio
1066 4737 1264 4792 codicis
1285 4778 1298 4803 ,
1339 4740 1686 4792 deserendam
1721 4754 1825 4792 non

247 4813 538 4865 credimus.

317 4881 400 4935 III.
443 4880 752 4936 Obtrudunt
793 4877 880 4932 illa
917 4878 1155 4950 cpistola:
1181 4889 1340 4950 verba
1375 4895 1521 4932 num.
1547 4878 1580 4932 8
1613 4897 1622 4930 :
1657 4877 1827 4950 Inter-

240 4951 380 5020 jecto
433 4951 617 5006 dehinc
647 4960 906 5020 tempore,
937 4966 1051 5002 cum
1080 4949 1483 5020 gloriosissimus
1525 4959 1676 5018 atque
1703 4949 1828 5020 piis-

249 5017 437 5082 simus,
469 5035 754 5090 cunctaque
788 5017 1217 5090 celebratissimus
1247 5018 1366 5090 orbe
1394 5035 1482 5070 rex
1510 5017 1682 5090 noster
1717 5017 1826 5069 Ita-

250 5094 374 5144 liam
407 5085 702 5150 introisset,
738 5085 887 5156 adfui
928 5105 1044 5142 cum
1074 5090 1184 5158 ejus
1212 5088 1502 5140 clarissimo
1536 5088 1677 5154 lilio,
1709 5098 1824 5158 ten-

251 5171 395 5226 tans,
428 5163 472 5214 si
504 5161 721 5214 daretur
757 5160 914 5226 optio,
951 5169 1004 5211 ut
1044 5157 1155 5212 meo
1186 5158 1486 5211 restituerer
1521 5160 1652 5210 loco.
1703 5157 1825 5210 ΗΜ)

249 5239 433 5285 autem
478 5230 548 5284 illi
583 5228 926 5296 intelligenda
957 5229 1269 5284 existimant
1306 5229 1371 5280 de
1410 5230 1644 5282 secundo
1674 5226 1824 5282 Otto-

253 5303 331 5348 ιεέ
366 5303 383 5348 ll
421 5301 644 5348 adventu
677 5301 730 5348 in
770 5298 972 5348 Italiam
1007 5316 1146 5348 anno
1181 5297 1283 5348 961
1313 5311 1327 5348 :
1359 5307 1653 5348 uutantuue
1684 5313 1823 5348 anno

1931 4600 2016 4652 nis
2050 4597 2140 4650 XII
2170 4613 2357 4651 recens
2377 4599 2541 4668 electi
2575 4596 2836 4665 judicium
2867 4615 2989 4652 eum
3023 4596 3334 4668 implorasSe
3371 4619 3500 4656 cen-

1931 4678 2050 4723 sent
2076 4670 2174 4721 liac
2200 4667 2444 4740 epistola,
2467 4684 2626 4738 quam
2644 4669 2843 4740 idcirco
2866 4681 2978 4736 post
3003 4667 3167 4724 (niues
3184 4672 3298 4738 jam
3323 4674 3503 4740 viginti

1932 4753 2150 4792 suarum
2172 4738 2535 4791 calamitatum
2553 4740 2790 4806 (sumpto
2818 4739 2971 4793 initio
2990 4756 3017 4792 a
3040 4742 3350 4808 captivitate
3372 4738 3497 4797 anni

1930 4808 2054 4874 955)
2079 4809 2330 4875 scriptam
2354 4809 2705 4861 arbitrantur.

2007 4879 2068 4932 ι’.
2094 4877 2227 4930 IIuic
2270 4892 2397 4930 vero
2428 4880 2706 4932 sententia:
2749 4878 2997 4932 assentiri
3049 4894 3150 4932 nou
3193 4894 3501 4946 possumus.

1934 4948 2118 5019 Neque
2148 4949 2288 5000 enim
2333 4947 2622 5019 ltatherius
2658 4949 2708 5002 in
2761 4949 3032 5019 descripto
3077 4949 3313 5019 epistolae
3355 4957 3507 5007 testi-

1935 5017 2116 5074 monio
2141 5033 2198 5070 se
2225 5017 2520 5086 profectum
2553 5019 2628 5070 ait
2659 5019 2712 5071 in
2740 5017 2944 5086 Italiam
2991 5032 3108 5071 cum
3152 5018 3365 5073 Ottonis
3397 5025 3510 5082 lilio

1937 5101 2162 5164 tantum,
2195 5085 2284 5141 sed
2309 5104 2431 5140 cum
2458 5105 2545 5141 rex
2579 5101 2755 5142 uoster
2799 5085 3018 5164 Italiam
3045 5087 3326 5164 introisset,
3355 5095 3513 5164 adfui

1931 5157 2195 5226 cam/ilio,
2226 5168 2354 5222 etc.,
2388 5174 2486 5210 nec
2510 5174 2567 5210 se
2611 5173 2640 5208 a
2666 5159 3038 5226 recuperando
3063 5155 3369 5225 episCOpatu
3404 5155 3503 5219 iin.

1932 5223 2167 5300 peditum
2196 5227 2448 5300 allii-mat,
2477 5229 2599 5296 quia
2634 5228 2774 5300 idem
2800 5223 3093 5300 liliuslsed
3123 5223 3257 5290 quia
3279 5229 3391 5296 ipse
3418 5251 3514 5292 rex

1931 5292 2151 5348 alterum
2193 5298 2302 5348 illic
2348 5292 2638 5348 institutum
2689 5292 2899 5348 invenit.
2950 5295 3219 5348 Venerunt
3263 5292 3394 5348 ergo
3460 5308 3512 5348 in
