4044 5348
307 291 414 349 657

1777 288 2158 348 l-IPiS'I'OLAS.

3493 297 3596 353 658

308 409 575 464 adversus
601 410 892 465 Eeclesiam
923 425 1024 464 non
1050 410 1240 465 sinatis
1270 409 1484 478 (Matth.
1531 424 1642 469 xvt,
1700 407 1805 474 18),
1846 408 1896 459 in
1933 419 1973 470 Α
2007 423 2132 469 xxv,
2167 406 2249 476 ll)
2284 407 2356 460 ita
2386 422 2485 478 ego
2508 406 2688 477 (1285)
2719 407 3054 479 appellabam
3075 407 3372 464 Romanam
3390 409 3598 465 sedem.

306 509 574 569 quantum
609 503 814 556 scilicet
854 502 1033 565 reniti,
1092 518 1212 555 cum
1245 500 1335 555 Dei
1373 501 1644 570 ipsiusque
1699 498 1902 566 adjuto-

308 594 416 657 rio,
443 594 692 648 valeatis.
728 594 877 660 Quod
913 596 954 648 si
1006 595 1072 647 de
1103 609 1328 662 persona
1363 593 1758 663 conquerentis,
1811 606 1902 645 vo-

307 683 612 746 cil‘erantis,
644 693 698 737 ct
729 700 836 752 prce.
863 685 1108 753 angustia
1134 684 1418 736 clamantis
1442 681 1746 749 requiritis;
1778 697 1900 750 ego,

306 791 409 846 ego
435 791 578 838 sum,
610 775 843 838 domine,
875 774 1210 829 miserrimus
1237 774 1345 836 ille,
1371 774 1460 844 qui
1505 773 1902 826 Veronensibus

306 867 471 921 datus
498 867 810 936 episcopus,
840 867 978 934 ipso,
1015 877 1071 919 ut
1097 867 1170 920 ita
1202 882 1372 935 neque
1422 867 1653 920 absurde
1693 866 1899 933 loquar,

304 958 395 1012 die
418 958 722 1011 destinatus
744 973 884 1021 sum,
913 973 1073 1025 qnam
1103 959 1187 1011 bic
1217 958 1456 1026 deploro,
1488 958 1791 1025 perditioni.
1846 957 1899 1010 lu

302 1054 463 1117 cujus
498 1049 876 1119 persecutione
913 1049 985 1102 ita
1015 1053 1193 1103 omnis
1223 1065 1361 1118 pene
1411 1050 1562 1117 (ιιιηεί
1596 1049 1903 1117 conjuravit

303 1140 562 1203 mundus,
611 1149 669 1194 ut
710 1141 1034 1201 miserrimo,
1085 1141 1436 1211 omniumque
1475 1142 1637 1194 etiam
1672 1159 1902 1196 consan-

301 1233 628 1302 guineorum
653 1231 855 1286 auxilio
879 1232 1296 1286 destitutissimo
1329 1235 1457 1288 mibi
1505 1237 1677 1286 visum
1717 1233 1901 1302 saepis-

301 1323 441 1377 sime
463 1324 558 1384 sit,
599 1323 741 1392 qnod
781 1321 957 1376 nullus
1007 1322 1172 1376 fuerit
1223 1333 1329 1376 tam
1357 1324 1670 1394 justus,qni
1714 1325 1764 1376 in
1817 1341 1901 1378 me

300 1433 408 1472 non
441 1418 717 1473 exstiterit
742 1417 1144 1488 iniquissimus;
1190 1425 1296 1469 tam
1332 1416 1640 1478 munilicus,
1669 1419 1758 1486 qui
1793 1433 1896 1471 non

299 1509 717 1574 tenacissimas;
780 1517 886 1562 tam
924 1510 1064 1578 pius,
1098 1507 1189 1576 qui
1245 1522 1350 1560 nou
1393 1507 1628 1560 crudelis
1672 1507 1896 1576 (1281);

302 1607 416 1652 tam
456 1597 671 1652 caeteris
721 1613 818 1666 per
849 1597 1210 1651 humilitatem
1241 1596 1564 1660 submissus,
1620 1597 1710 1666 qui
1767 1598 1896 1650 mibi

299 1704 411 1742 non
458 1687 597 1742 alter
631 1687 778 1741 visus
830 1689 894 1741 sit
934 1687 1301 1756 'l‘arquiuius;
1344 1696 1452 1740 tam
1482 1703 1672 1751 verax,
1723 1688 1814 1758 qui
1844 1688 1895 1741 in

2011 499 2228 562 Verum,
2260 508 2316 551 ut
2340 500 2565 553 strictim
2602 509 2741 554 taeta
2764 499 3072 565 dilucidem,
3097 511 3150 556 et
3176 515 3282 570 quo
3307 500 3460 556 valeo
3483 517 3603 556 sur-

2004 589 2264 652 cinctius;
2298 588 2531 659 Notgero
2570 590 2759 644 fausta:
2785 593 3176 646 recordationis
3206 593 3458 663 episcopo
3491 612 3596 647 me-

2006 681 2160 743 liora,
2192 690 2247 733 ut
2280 699 2478 746 remur,
2514 692 2748 750 petente,
2782 685 2964 736 datum
3002 686 3333 753 episcopium
3358 694 3442 740 est
3477 700 3600 740 meo
3635 723 3638 730 ι

2005 767 2222 822 domino
2246 769 2518 835 Hilduiuo,
2543 773 2663 842 jure
2695 775 3044 841 stipendiario
3091 774 3297 843 (1286),
3331 775 3603 844 promisso

2005 858 2148 926 regis
2187 860 2262 926 (id
2283 871 2355 913 est
2389 860 2626 931 llugonis
2665 864 2804 932 regis
2835 863 3152 934 ltalize),qui
3193 879 3280 917 me
3326 873 3453 918 tunc
3508 879 3604 934 op-

2004 951 2147 1018 pido,
2187 961 2242 1004 nt
2265 953 2604 1018 credebatur,
2630 955 2911 1025 diligebat,
2939 967 3209 1015 manente.
3236 958 3380 1027 quod
3413 957 3500 1011 ubi
3537 958 3598 1011 il-
3641 943 3656 958 I

2004 1042 2112 1096 lum
2143 1043 2304 1098 altius
2327 1047 2674 1114 promoveudi
2703 1048 2849 1101 locus
2877 1058 3179 1120 emergeret
3202 1089 3218 1114 ,
3243 1065 3343 1117 ego
3365 1052 3598 1118 petenti-

2005 1137 2104 1190 bus
2125 1137 2597 1208 darerepiscopns.
2619 1140 3286 1196 [11111101112310“(31110111111
3310 1143 3594 1215 eo(l287),

2005 1237 2062 1280 ιιι
2096 1243 2213 1281 sese
2245 1229 2571 1284 instabilitas
2599 1231 2880 1285 mundana:
2913 1249 3054 1302 saepe
3084 1233 3324 1286 centinet
3351 1233 3597 1288 volubili-

2006 1319 2148 1380 tatis,
2182 1319 2336 1387 longe
2363 1320 2520 1372 aliter
2547 1331 2708 1390 atque
2760 1324 3082 1389 promiserat
3107 1327 3222 1395 regi
3251 1327 3468 1396 placuit,
3501 1345 3596 1382 cu-

2004 1409 2167 1478 pienti
2197 1411 2394 1478 potius,
2425 1420 2480 1464 ut
2509 1411 2652 1465 fama
2677 1423 2817 1477 erat,
2848 1430 3011 1468 umtm
3065 1432 3094 1469 e
3140 1419 3310 1473 tribus
3344 1419 3594 1491 [subaudi

2004 1502 2377 1573 intronizzn'e),
2395 1512 2484 1556 aut
2508 1506 2792 1572 quemdam
2816 1507 3164 1575 Aquilonum,
3189 1523 3279 1564 aut
3305 1514 3593 1580 quemdam

2001 1592 2365 1655 Garalridum,
2393 1604 2485 1648 aut
2511 1595 2808 1650 Manassem
2828 1597 3195 1653 Arelatensem
3227 1602 3588 1672 archiepisco—

2002 1701 2148 1754 pum,
2175 1696 2361 1739 contra
2399 1687 2489 1754 jus
2537 1688 2660 1742 licet
2695 1704 2963 1744 canonum
2998 1692 3200 1760 (1288).

296 1779 572 1849 promisso
598 1779 683 1833 vel
717 1779 882 1833 ullum
910 1778 1154 1832 veritatis
1181 1779 1400 1832 verbum
1433 1778 1563 1832 mibi
1615 1779 1796 1832 dicere
1819 1780 1888 1833 sit
1926 1776 1968 1835 Β
2065 1776 2120 1829 4.
2149 1776 2293 1830 Inter
2317 1778 2579 1846 agendum
2609 1789 2850 1832 revertor
2877 1798 2904 1832 a
2939 1781 3180 1834 Romana
3205 1784 3591 1852 sede,peracta

299 1872 578 1940 dignatus,
607 1887 635 1924 a
660 1885 870 1926 summo
919 1871 1124 1925 scilicet
1149 1870 1445 1925 nobilitatis
1487 1885 1658 1940 usque
1711 1871 1777 1924 ad
1817 1873 1896 1924 in-

300 1960 492 2014 ﬁmum
523 1963 822 2016 servitutis.

370 2053 426 2106 2.
458 2053 611 2120 Quod
652 2053 696 2107 si
726 2055 921 2124 aliquis
949 2055 1123 2125 excipi
1151 2055 1311 2120 valet,
1368 2053 1707 2123 excipiantur
1739 2054 1902 2126 538

299 2146 774 2214 (1282)Germani,
803 2162 868 2200 ac
896 2147 1234 2202 solummodo
1269 2157 1325 2201 et
1355 2146 1694 2208 dillieillime,
1731 2149 1900 2201 almu-

300 2240 464 2293 dante
497 2237 746 2292 videlicet
780 2238 1085 2307 iniquitate,
1119 2250 1173 2293 et
1201 2236 1588 2308 refrigeseente
1633 2238 1902 2293 ebaritate

299 2327 518 2396 (Matth.
570 2345 716 2392 xxtv,
769 2330 878 2397 12),
930 2329 1202 2401 episcopi;
1237 2330 1362 2399 qui,
1415 2338 1473 2382 ut
1511 2345 1659 2392 reor,
1698 2331 1741 2384 si
1774 2332 1900 2399 quid

298 2419 572 2474 commodi
605 2420 735 2474 milii
769 2421 1144 2486 contulerunt,
1169 2431 1314 2475 metu
1351 2421 1492 2476 illius
1517 2421 1568 2474 itt
1612 2421 1900 2475 decretali-

294 2512 400 2566 bus
425 2511 715 2566 Alexandri
745 2528 896 2582 papte
922 2521 1148 2582 egerunt
1179 2513 1351 2581 (epist.
1380 2512 1464 2581 ιι),
1514 2513 1603 2582 qui
1631 2513 1702 2565 ait
1731 2531 1742 2566 :
1767 2511 1898 2579 Qui-

297 2618 515 2671 cunque
545 2618 610 2656 ex
646 2612 825 2656 vestro
863 2603 1092 2673 collegio
1141 2602 1326 2668 fuerit,
1355 2614 1408 2656 et
1443 2604 1511 2658 ab
1558 2604 1761 2658 auxilio
1811 2619 1876 2657 eo

294 2709 417 2748 rum
446 2695 843 2764 episcoporum,
880 2696 1065 2765 utique
1091 2705 1144 2750 et
1168 2696 1569 2760 destitutorum,
1599 2712 1657 2750 se
1686 2698 1902 2752 subtra-

296 2788 465 2851 xerit,
499 2803 606 2842 non
636 2792 910 2853 sacerdos,
944 2789 1035 2842 sed
1067 2789 1450 2843 sebismatieus
1472 2789 1826 2858 judicabitur.

361 2881 418 2935 5.
443 2880 556 2950 Ego
571 2896 712 2943 sum,
735 2880 972 2944 domine,
996 2896 1116 2949 ego,
1139 2895 1298 2949 quem
1323 2880 1528 2933 Graecia
1553 2880 1782 2944 Orienti,
1810 2881 1901 2934 lli-

290 2975 481 3041 spania
505 2971 651 3024 valet
680 2972 930 3026 nuntiare
950 2971 1251 3036 Occidenti,
1280 2988 1340 3026 se
1366 2972 1563 3026 vidisse
1594 2972 1776 3042 (1285)
1808 2982 1901 3027 aut

291 3063 498 3132 pallere
528 3062 770 3124 tristitia,
810 3069 898 3115 aut
957 3063 1153 3116 rubere
1195 3077 1307 3131 prce
1337 3063 1692 3126 verecundia;
1731 3079 1893 3132 quem

2004 1867 2293 1934 legatione,
2327 1869 2506 1920 ferens
2557 1869 2896 1939 privilegium
2952 1872 3135 1940 (1:289)
3169 1887 3264 1940 pro
3300 1872 3410 1940 jam
3445 1875 3590 1927 dicto

2003 1961 2226 2013 domino
2261 1977 2381 2014 meo
2410 1971 2613 2023 actum,
2647 1978 2766 2013 cum
2814 1963 3256 2034 arcltiepiscopali
3293 1965 3473 2035 pallio.
3501 1967 3592 2018 Al-

2004 2051 2122 2104 latze
2145 2068 2267 2105 cum
2298 2053 2380 2104 bis
2411 2062 2536 2106 sunt
2571 2063 2620 2106 et
2652 2055 2846 2107 litterm
2873 2053 3074 2108 domini
3113 2073 3261 2126 [ιτψίιε
3293 2067 3419 2111 tunc
3446 2068 3587 2111 tem-

2004 2143 2150 2212 poris
2178 2141 2404 2196 Joannis
2431 2144 2678 2213 gloriosae
2702 2144 2897 2198 indolis
2923 2147 3128 2216 (1290),
3162 2149 3358 2215 quibus
3410 2153 3588 2204 conti-

2003 2235 2271 2289 nebantur
2302 2251 2489 2305 preces
2519 2236 2791 2302 ejusdem,
2823 2237 2986 2308 539
3036 2242 3304 2309 totiusque
3334 2241 3590 2298 Romanae

2002 2325 2276 2387 Ecclesiae,
2304 2325 2378 2378 uti
2403 2340 2501 2393 ego
2527 2323 2928 2380 Veronensibus
2950 2328 3111 2381 darer
3134 2331 3436 2400 episcopus.
3472 2332 3588 2386 Dis-

2001 2417 2310 2486 plicuitboc
2340 2434 2445 2473 non
2475 2434 2663 2488 parum
2697 2420 2808 2488 regi
2855 2422 3126 2474 contraria
3176 2423 3451 2488 molienti;
3495 2426 3588 2478 sed

2001 2509 2230 2566 obtinuit
2252 2511 2560 2582 deprecatio
2585 2513 2904 2580 apostolica,
2929 2513 3160 2568 instante
3185 2517 3444 2586 rogando,
3470 2534 3589 2570 meo

1993 2600 2105 2669 jam
2162 2603 2326 2667 dicto,
2360 2619 2481 2656 cum
2515 2604 2840 2674 primoribus
2873 2605 3022 2674 regni
3051 2646 3064 2667 ,
3099 2607 3317 2661 domino
3368 2605 3587 2678 (scilicet

2001 2694 2299 2766 llilduino].
2349 2696 2458 2764 Ego
2494 2697 2784 2750 semivivus
2838 2713 2973 2766 pene
3011 2699 3259 2767 jacebam
3315 2700 3584 2753 inﬁrmus.

2001 2785 2325 2840 Persuasum
2349 2796 2431 2840 est
2477 2787 2609 2856 regi,
2662 2797 2811 2855 puto,
2844 2804 2872 2839 a
2906 2803 2990 2841 me
3038 2788 3384 2857 diligentibus
3406 2831 3419 2853 ,
3447 2791 3588 2857 quod

2001 2893 2106 2931 non
2129 2879 2441 2934 evaderem.
2474 2877 2584 2931 llac
2612 2893 2704 2947 spe
2736 2879 2999 2948 pellectus
3027 2881 3322 2945 consensit,
3368 2882 3586 2936 satisfa-

2002 2983 2124 3023 cere
2146 2970 2384 3038 gestiens
2412 2979 2517 3022 tam
2549 2969 2770 3024 domino
2797 2985 2968 3039 papa),
2999 2987 3161 3040 quam
3189 2973 3424 3034 cauet-is,
3453 2988 3588 3040 quos

2002 3058 2395 3115 inconveniens
2410 3060 2694 3115 videbatur
2713 3060 2984 3116 offendere
3000 3073 3267 3133 rogantes.
3286 3064 3437 3118 Evasi
3463 3063 3588 3137 [sci-

286 3151 403 3220 jam
425 3153 626 3222 ubique
649 3152 845 3217 videri,
872 3162 1033 3222 atque
1059 3153 1127 3206 ab
1161 3153 1412 3207 omnilms
1443 3169 1767 3224 gyrovagum
1795 3170 1896 3224 pu-
1921 3125 1966 3189 C
2001 3148 2119 3203 licet
2144 3165 2174 3204 e
2205 3149 2442 3221 morbo],
2470 3151 2755 3205 ordinatus
2780 3167 2899 3206 sum
2928 3125 3425 3223 €88.vll‘allsslltllls
3458 3125 3548 3210 red

289 3248 382 3302 det
410 3247 614 3302 vocari.
645 3245 872 3300 Miretur
897 3245 1041 3316 quis,
1070 3247 1342 3316 quomodo
1369 3247 1512 3316 quod
1545 3248 1754 3302 cunctis
1778 3264 1898 3319 erat

285 3338 584 3398 canticum,
620 3346 802 3393 vestro
830 3337 1153 3406 apostolatui
1181 3338 1428 3407 quiverat
1453 3337 1566 3393 fore
1592 3339 1775 3409 (1284)
1807 3354 1898 3395 ce-

287 3433 484 3486 latum.
531 3431 646 3486 lloc
683 3431 749 3486 ad
778 3446 910 3485 mere
953 3446 1188 3500 quoque,
1247 3432 1484 3501 peccatis
1538 3432 1889 3498 merentibus,

289 3525 659 3580 damnationis
710 3523 1006 3587 cumulum,
1052 3525 1192 3594 quod
1225 3539 1326 3579 nec
1352 3523 1491 3594 apud
1540 3535 1771 3579 vestram
1800 3540 1890 3579 sa-

288 3617 660 3670 cratissimam
687 3616 896 3676 sedem,
945 3630 1121 3683 neque
1151 3616 1290 3684 apud
1325 3614 1558 3683 aliquem
1589 3617 1892 3685 principum

286 3705 373 3758 vel
404 3713 709 3776 potentum,
743 3705 1154 3759 intercessorem
1179 3705 1420 3759 invenire
1445 3721 1718 3775 nunquam
1748 3707 1891 3762 valui

288 3797 480 3851 ullum.
519 3797 591 3852 Ut
639 3805 818 3852 autem
866 3799 1136 3867 quondam
1176 3797 1376 3852 Paulus
1421 3798 1688 3853 Ctesarem
1746 3801 1884 3871 (Act.

362 3907 550 3978 (1281)
585 3907 758 3962 Verba
795 3910 884 3976 qui
946 3926 1046 3962 non
1084 3909 1347 3971 crudelis;
1396 3919 1504 3961 tant
1554 3911 1755 3963 cwteris
1795 3929 1888 3978 per

291 3979 638 4030 humilitatem
668 3979 954 4032 submissus
985 3980 1036 4031 in
1061 3980 1294 4047 vulgatis
1323 3980 1548 4039 omissa,
1590 3996 1655 4032 ex
1699 3983 1885 4036 codice

289 4048 544 4102 Lobiensi
585 4049 934 4102 iuseruimus.
967 4049 1094 4102 l’ost
1122 4050 1378 4101 nonnulla
1401 4066 1465 4102 ex
1498 4050 1687 4102 eodem
1718 4068 1816 4104 ms.
1852 4071 1882 4106 α

286 4135 494 4172 summa
523 4119 862 4186 scripsimus,
893 4121 980 4172 ubi
1016 4119 1292 4186 legebatur
1324 4121 1376 4173 in
1418 4120 1578 4174 editis
1601 4137 1627 4172 e
1657 4137 1879 4176 summa.

360 4188 546 4257 (1282)
578 4189 708 4242 Post
751 4189 978 4244 alteram
1024 4206 1053 4242 e
1093 4189 1387 4243 Veronensi
1445 4191 1572 4244 sede
1612 4191 1880 4258 expulsio-

286 4275 411 4312 nem
445 4259 740 4330 Ratberius
787 4261 988 4314 sesein
1035 4259 1388 4330 Germaniam
1423 4262 1642 4327 recepit,
1700 4262 1880 4330 ibique

288 4330 360 4383 ab
388 4329 657 4452 episcopis
687 4329 972 4384 Germanis
999 4329 1197 4397 aliquid
1219 4332 1338 4398 opis
1364 4331 1616 4384 obtinuit.

357 4401 434 4452 (1“
453 4401 544 4452 85)
610 4400 663 4452 In
728 4401 894 4452 nriori
953 4401 1186 4452 editione
1239 4401 1455 4452 Aeberii
1517 4402 1607 4452 sed

357 4400 544 4469 (1283)
610 4400 663 4452 Ιιι
728 4401 894 4468 priori
953 4401 1186 4453 editione
1239 4401 1455 4454 Aeberii
1517 4402 1607 4454 sed
1669 4402 1872 4456 vidisse.

285 4470 650 4554 Emendatum
685 4469 863 4551 fuitin
901 4471 1643 4554 securum,quemadmodum
1677 4471 1730 4524 itt
1768 4489 1873 4554 .co-
1910 4497 1955 4554 υ

284 4542 402 4612 dice
434 4540 650 4610 legitur,
681 4549 735 4594 et
761 4543 812 4595 in
851 4540 1084 4612 editione
1115 4541 1528 4609 Gbapeauvillii,
1557 4557 1676 4612 quze
1702 4542 1874 4598 solum

282 4611 482 4663 omittit
518 4620 611 4662 aut
652 4620 778 4664 ante
800 4611 1013 4680 patiere.

354 4680 543 4751 (1284)
576 4680 683 4752 Pro
715 4681 846 4747 fore,
878 4681 1020 4752 quod
1054 4681 1105 4733 in
1138 4697 1239 4733 ms.
1269 4681 1520 4745 habetur,
1557 4683 1608 4736 in
1646 4683 1878 4752 vulgatis

223 4765 232 4772 '
282 4749 633 4805 emendatum
660 4749 761 4804 fuit
791 4767 918 4804 esse.
951 4750 1149 4804 Verum
1181 4752 1292 4819 fore
1339 4767 1434 4818 pro
1463 4770 1571 4805 esse
1599 4749 1878 4821 apnd'lta-

282 4824 520 4903 theriam
553 4830 610 4875 et
633 4821 769 4876 alios
803 4821 994 4874 media:
1015 4823 1194 4876 (etatis
1225 4823 1518 4890 scriptores
1567 4823 1880 4892 frequenter

281 4907 549 4944 ιιινοιιιοδ.

349 4962 542 5030 (1285)
583 4961 638 5014 In
673 4961 790 5030 ipso
819 4977 1042 5016 carcere
1083 4961 1354 5016 Ticinensi
1389 4963 1631 5017 scribens
1673 4963 1871 5019 Prmlo-

277 5031 532 5098 quiornm
587 5031 783 5084 librmn
815 5043 1087 5101 quartum,
1131 5033 1389 5086 Romamn
1429 5034 1730 5100 prtesertim
1781 5051 1871 5090 se-

276 5103 359 5155 dis
383 5102 654 5175 judicinm
682 5104 1085 5175 expetiitnnm.
1111 5104 1166 5156 4.
1194 5103 1250 5175 1n
1283 5104 1509 5175 epistola
1541 5119 1757 5175 quoque
1787 5122 1875 5160 se-

275 5172 463 5238 quenti
494 5172 733 5225 lidelium
789 5172 1084 5226 subsidium
1113 5172 1425 5242 imploravit
1477 5172 1575 5242 pro
1627 5172 1874 5233 Remane

274 5243 499 5304 itinere,
523 5243 666 5310 quod
694 5242 832 5296 inire
855 5242 1232 5307 meditabatur,
1260 5251 1314 5293 ιιι
1337 5257 1364 5298 ο
1389 5258 1602 5298 sumruo
1617 5245 1874 5314 pontiﬁce

1999 3239 2146 3292 ditur
2177 3239 2299 3306 ille;
2329 3240 2532 3308 juravit
2561 3256 2655 3310 per
2683 3241 2851 3296 Deum
2877 3243 3000 3312 (nec
3031 3253 3113 3297 est
3135 3247 3412 3318 mentitus)
3437 3250 3580 3316 quod

1999 3328 2189 3384 diebus
2217 3330 2340 3383 vita:
2371 3346 2481 3384 sua:
2515 3331 2580 3384 de
2604 3330 2717 3400 ipsa
2743 3332 3083 3386 ordinatione
3107 3349 3209 3388 non
3238 3350 3411 3391 essem
3439 3339 3583 3406 gavi-

1997 3432 2178 3474 surus.
2212 3419 2502 3488 Misitergo
2544 3421 2593 3473 in
2622 3419 2876 3490 pitaciolo
2904 3421 3086 3492 (1291)
3133 3431 3338 3477 certam
3369 3430 3584 3494 quanti-

1998 3523 2163 3567 tatem
2192 3513 2462 3582 stipendii,
2498 3513 2638 3581 quod
2667 3521 2904 3567 tenerem
2937 3513 3002 3566 de
3032 3513 3192 3567 rebus
3213 3515 3488 3581 ecclesize;
3515 3517 3579 3570 de

1996 3603 2206 3658 caneris
2225 3603 2445 3669 exigens
2468 3601 2870 3669 jusjurandum,
2903 3610 2961 3656 ut
2991 3603 3180 3658 diebus
3205 3603 3347 3658 illius
3377 3605 3579 3674 liliique

1995 3697 2076 3751 sui
2105 3695 2334 3764 amplius
2364 3712 2468 3749 non
2504 3696 2856 3764 requirerem.
2891 3695 3004 3766 Ego
3039 3695 3342 3767 intelligens
3369 3709 3569 3769 quanta

1992 3787 2297 3844 absurditas
2327 3787 2428 3840 hoc
2472 3795 2915 3856 consequeretur,
2966 3802 3073 3842 non
3117 3789 3386 3844 consensi.
3439 3790 3578 3859 Quld

1991 3905 2196 3967 sedem,
2223 3919 2344 3957 eum
2374 3901 2604 3970 primmn
2640 3909 2878 3963 vacaret,
2920 3910 3350 3970 promoveretur.

2063 3977 2244 4047 (I287)
2281 3974 2581 4047 rllilduinus
2613 3987 2639 4023 a
2694 3973 2820 4025 sede
2854 3972 3148 4047 Veronensi
3199 3973 3264 4024 ad
3316 3973 3568 4047 mediola-

1988 4043 2208 4102 nensem
2230 4043 2469 4114 llugone
2493 4051 2712 4114 curante
2751 4052 3036 4114 provectus
3067 4043 3187 4105 fuit,
3215 4059 3356 4096 anno
3375 4044 3497 4114 951.

2059 4118 2240 4189 (1288)
2278 4112 2354 4169 lla
2384 4117 2548 4168 co'fex
2581 4112 2879 4189 L‘obicnsis.
2920 4112 3126 4189 Vulgati
3152 4116 3282 4166 citra
3304 4115 3414 4189 jus.
3450 4113 3574 4189 ngc

1985 4183 2162 4242 autem
2194 4183 2353 4240 verba
2397 4195 2576 4239 contra
2601 4184 2694 4252 jus
2724 4199 2981 4236 canonum
3029 4183 3327 4238 Manassem
3385 4186 3573 4238 Arela—

1986 4270 2190 4314 tensem
2221 4256 2687 4324 archiepiscopunt
2722 4254 3036 4322 respiciunt,
3070 4255 3161 4324 qui
3195 4255 3238 4308 si
3295 4270 3399 4308 una
3447 4271 3570 4312 cum

1983 4329 2286 4383 Arelatensi
2325 4328 2453 4380 sede
2510 4324 2871 4377 Veronensem
2921 4339 3135 4394 quoque
3187 4325 3482 4391 obtineret,
3512 4337 3566 4380 ut

1983 4412 2165 4470 postea
2199 4399 2629 4470 accidit,_contra
2653 4395 2874 4470 dcerem
2899 4409 3164 4448 canonmn
3191 4396 3361 4470 lieret.

2055 4470 2240 4540 (1289)
2270 4467 2626 4540 I’rivilegiuut,
2651 4464 2702 4540 id
2721 4474 2802 4517 est
2827 4463 3082 4518 Romanae
3112 4468 3257 4540 sedis
3279 4466 3567 4540 conﬁrma-

1986 4533 2231 4601 tionem,'
2261 4554 2421 4607 quam
2472 4533 2896 4607 illetliolanenses
2946 4539 3251 4606 pnesertim
3301 4537 3539 4606 arebiepi
3589 4561 3596 4592 ι

1983 4611 2129 4680 scopi
2160 4603 2412 4680 una:cutn
2443 4605 2604 4680 pallio
2632 4603 2898 4680 debebant
2926 4603 3189 4680 obtinere.

2056 4673 2237 4750 (1:190)
2270 4673 2484 4750 Scilicet
2517 4673 2864 4750 Joannisﬂm,
2895 4677 2988 4750 qui
3016 4678 3081 4750 ad
3106 4675 3456 4750 apostolicam
3483 4692 3570 4734 se-

1985 4745 2106 4806 dem
2136 4745 2379 4802 ascendit
2415 4762 2556 4800 anno
2578 4745 2702 4797 951.
2731 4745 2862 4798 Cum
2895 4747 3007 4810 bic,
3040 4747 3163 4799 licet
3195 4746 3304 4798 vita
3329 4745 3566 4807 functus,

1985 4839 2013 4876 a
2039 4819 2296 4875 Ratherio
2327 4836 2461 4887 paptt
2491 4815 2730 4887 gloriosa:
2771 4815 2962 4887 indolis
2985 4825 3237 4887 vocetur;
3283 4829 3568 4885 perperam

1986 4909 2015 4946 a
2040 4891 2309 4945 nonnullis
2328 4885 2502 4941 veluti
2523 4885 2969 4956 pst-.udopontilex
3001 4895 3093 4940 aut
3120 4885 3361 4956 intrusus
3418 4897 3571 4941 nota-

1988 4973 2075 5018 tur
2103 4969 2290 5016 contra
2344 4955 2560 5012 sensum
2593 4955 2864 5016 Ιςριιιυςὶίυ,
2901 4971 3022 5028 quae
3068 4970 3189 5008 eum
3225 4955 3368 5011 inter
3399 4955 3575 5028 legiti-

1983 5051 2098 5089 mos
2134 5033 2277 5085 Petri
2309 5042 2652 5082 SllC-Ct‘SSOI‘CS
2692 5025 2982 5078 recensuit.

2054 5101 2529 5175 (|29|)__Pitac_iunt
2547 5112 2652 5175 seu
2678 5096 2950 5175 pittacium
2977 5095 3298 5175 dicebantur
3341 5100 3578 5175 seltedu-

1981 5164 2067 5239 ite,
2091 5191 2186 5228 seu
2220 5164 2383 5224 libelli
2411 5169 2708 5239 breviores,
2748 5165 3030 5239 inquibus
3076 5164 3300 5239 aliquid
3335 5171 3582 5225 ascribe_

1981 5230 2156 5303 batur.
2191 5241 2244 5294 In
2278 5243 2376 5294 boc
2399 5248 2575 5292 autem
2597 5230 2844 5322 pitaciolo
2894 5236 3044 5315 llngo
3071 5230 3387 5322 declarabat
3414 5255 3580 5322 qua-ru
