4044 5348
515 250 621 309 659
664 316 673 323 δ

1465 258 1801 320 ΗΑῚῚῘΕΗΙΙ
1832 263 2044 321 EPlSC.
2088 263 2336 321 VERON.
2378 265 2529 322 OPP.
2570 267 2750 344 PARS
2785 270 2849 325 ll.

3682 279 3782 334 600

516 366 724 437 magis?
778 367 1039 427 Adhibuit
1084 372 1319 444 undique
1356 386 1736 446 persecutores
1761 387 1816 432 et
1845 379 2098 433 adversa-
2130 386 2177 443 Α
2206 392 2322 443 sus,
2359 376 2730 451 Vcronamqne
2761 383 3072 453 perductus,
3106 392 3158 440 et
3194 400 3224 440 a
3256 383 3448 442 Milone
3474 386 3604 444 dolo
3631 404 3780 446 rece-

515 458 646 524 ri'os,
676 461 766 528 qui
806 470 900 516 aut
922 462 1260 521 deterrerent
1290 482 1395 532 me,
1422 476 1483 522 ut
1515 466 1828 538 eﬂ'ngerem,
1856 478 1947 523 aut
1979 469 2101 524 irri-

516 557 720 618 tarent,
742 561 801 607 ut
826 553 883 608 in
915 553 1064 610 illum
1104 558 1444 625 oxcederem,
1475 567 1531 614 et
1582 569 1641 614 ιιι
1686 560 1983 631 expellendi
2016 576 2102 615 me

516 640 785 699 inveniret
825 645 1185 702 occasionem.
1218 646 1420 704 Nactus
1452 660 1537 705 est
1564 649 1779 722 0292);
1822 652 1966 722 cepit
1990 666 2098 716 me,

514 735 741 790 retrusit
768 735 823 790 in
850 738 1149 792 custodiam
1209 740 1261 794 in
1292 740 1526 811 quadam
1577 742 1755 813 Papiae
1797 744 2101 813 turricula;

512 842 622 882 non
663 828 785 885 dico
826 831 945 886 sine
997 833 1100 887 mei
1157 834 1334 905 culpa,
1384 837 1475 908 qui
1524 838 1669 896 enim
1724 839 1906 911 (1295)
1960 841 2099 897 inter

510 918 642 973 talia
666 920 857 977 saltem
886 923 939 977 in
966 927 1135 979 verbo
1182 942 1287 981 non
1318 926 1558 992 oli'endit,
1601 929 1687 985 hic
1716 930 1987 1000 perfectus
2014 942 2098 989 est

509 1011 595 1065 vir
622 1013 762 1083 (Jac.
794 1029 877 1078 ιιι,
914 1015 1003 1087 2);
1034 1020 1126 1073 sed
1180 1028 1367 1074 contra
1416 1021 1585 1092 legem
1627 1023 1698 1077 ita
1730 1025 1845 1080 haec
1874 1029 2004 1097 egit,
2042 1036 2097 1081 et

510 1102 629 1158 sine
655 1106 950 1162 audientia.
980 1110 1131 1163 Dicat
1163 1111 1247 1165 hic
1278 1112 1508 1183 quisque
1536 1116 1679 1183 quod
1714 1116 1885 1184 volet;
1921 1127 2087 1176 teme-

506 1196 670 1253 rariis
694 1198 837 1252 enim
866 1199 1106 1269 judiciis,
1137 1201 1292 1271 juxta
1326 1205 1686 1277 Augustinum
1713 1208 1890 1280 (serm.
1916 1212 2005 1277 46,
2034 1229 2085 1267 ιι.

505 1286 619 1359 27),
656 1289 812 1360 plena
837 1304 960 1347 sunt
983 1296 1185 1349 omnia.
1213 1296 1491 1353 Conﬁteor
1521 1313 1648 1355 vero
1687 1316 1753 1356 ex
1790 1319 1899 1374 quo
1928 1303 2093 1378 540

505 1393 629 1433 eum
657 1382 908 1451 primitus
937 1386 1067 1449 vidi,
1101 1402 1270 1455 usque
1295 1387 1421 1442 dum
1450 1389 1720 1446 hominem
1749 1396 1922 1460 exuit,
1950 1412 2093 1451 sem—

502 1484 603 1539 per
628 1485 713 1526 me
737 1471 1025 1529 Theodosii
1056 1475 1365 1531 felicitatem
1390 1478 1735 1549 imperatoris
1757 1484 1828 1539 illi
1852 1496 2088 1555 optasse,

502 1570 561 1616 et
578 1563 757 1619 adhuc
777 1564 896 1633 ejus
927 1567 1303 1624 recordatione
1332 1585 1418 1625 me
1446 1573 1686 1639 graviter
1708 1574 1843 1630 allici
1876 1577 2085 1634 dolore.

573 1658 625 1712 5.
658 1660 877 1716 Duobus
907 1664 1064 1717 annis
1106 1675 1161 1718 et
1185 1666 1432 1732 ditnidio,
1467 1669 1569 1723 nisi
1603 1669 1738 1724 fallit
1767 1676 2089 1741 recordatio,

2203 480 2329 540 ptns
2358 471 2564 541 (1500),
2600 482 2661 528 ιιι
2687 474 2894 530 scilicet
2924 475 3222 532 Manassem
3244 477 3554 547 expelleret,
3583 494 3783 551 nepte-

2202 561 2428 616 nitentia
2457 563 2653 619 ductus
2675 562 2909 633 juvaret,
2941 582 3100 637 quem
3142 567 3457 637 plurimum,
3501 578 3565 625 ut
3588 569 3780 637 fertur,

2202 660 2463 708 nocuerat
2493 654 2818 710 avunculum
2845 670 3044 728 regem.

2272 744 2325 799 6.
2350 746 2503 814 Quod
2548 749 2866 820 martyrium
2897 752 3149 807 versutiis
3174 749 3418 820 ejusdem
3441 751 3661 807 Milonis
3688 768 3792 825 per

2199 835 2476 890 biennium
2531 839 2869 907 pertulerim,
2921 851 3160 912 satagam
3225 842 3269 897 si
3324 841 3556 909 referre,
3609 843 3783 901 histov

2201 927 2336 985 riam
2387 928 2604 996 putetis.
2638 929 2916 986 Summam
2948 934 3320 989 tantummodo
3364 942 3422 988 ut
3464 934 3788 991 brevissime

2199 1021 2654 1089 comprehendam
2682 1063 2697 1086 ,
2766 1038 2959 1078 omnes
3009 1024 3238 1080 clericos
3263 1064 3281 1092 ,
3323 1025 3525 1081 milites
3550 1065 3567 1090 ,
3623 1025 3786 1099 551

2198 1110 2417 1167 colonos
2452 1152 2467 1175 ,
2517 1121 2574 1167 et
2622 1113 2857 1171 fatnulos
2896 1114 3080 1188 (1501)
3128 1116 3248 1187 ipso
3310 1127 3501 1173 contra
3542 1133 3632 1173 me
3685 1134 3788 1189 pa-

2199 1203 2535 1269 trocinante,
2594 1221 2701 1261 non
2778 1207 3042 1278 synodum
3103 1223 3305 1279 agere,
3370 1224 3477 1264 non
3531 1209 3790 1280 {capitulo

2193 1294 2515 1351 clericorum
2564 1298 2868 1376 interesse,
2927 1315 3033 1355 non
3096 1300 3332 1371 aliquid,
3379 1301 3527 1371 quod
3599 1316 3788 1358 emen-

2193 1386 2426 1441 dandum
2454 1397 2627 1453 esset,
2658 1390 2921 1445 audebam
2951 1390 3288 1447 solummodo
3318 1406 3791 1461 commemorare,

2192 1487 2429 1533 statuere
2456 1479 2750 1548 quidlibet,
2776 1480 2859 1535 vel
2891 1482 3218 1549 destituere,
3249 1497 3514 1552 nusquam
3547 1483 3789 1554 aliquid,

2193 1570 2337 1638 quod
2390 1572 2532 1625 scire
2581 1571 2776 1637 vellet,
2829 1571 2976 1642 loqui
3015 1581 3296 1643 poteram,
3326 1574 3473 1644 quod
3516 1590 3628 1631 non
3654 1590 3789 1631 con-

2193 1665 2345 1718 tinuo
2400 1664 2598 1727 sciret;
2659 1674 3005 1720 sacramento
3055 1664 3200 1721 enim
3260 1666 3329 1721 ab
3381 1666 3638 1722 omnibus
3689 1666 3791 1734 id,

501 1751 740 1821 priorem
783 1754 979 1821 pertuli
1037 1757 1465 1824 persecutionem
1514 1760 1722 1831 (1994),
1779 1772 1833 1818 et
1867 1767 2089 1822 totidem
2121 1757 2166 1816 Β
2196 1756 2391 1817 credO.
2438 1763 2760 1811 extorserat.
2812 1755 2880 1810 Et
2928 1768 3051 1812 cum
3094 1770 3287 1813 omnes
3336 1757 3420 1813 sui
3464 1773 3656 1814 coram
3693 1758 3789 1814 illo

499 1843 780 1899 rarcerale
831 1846 1191 1914 supplicium:
1226 1849 1351 1903 hinc
1396 1851 1625 1905 emissus
1674 1855 1813 1909 subii
1863 1858 2085 1914 totidem

492 1948 718 2003 quoque
752 1936 1001 1990 exsilium
1031 1936 1233 2006 (1295).
1268 1937 1373 1994 Sed
1398 1955 1517 1994 cum
1543 1957 1640 2010 per
1663 1943 1754 1999 Dei
1778 1946 2089 2004 misericor-

498 2026 640 2080 diam
658 2043 757 2097 ego
777 2029 993 2097 quidem
1021 2045 1084 2084 eo
1107 2031 1276 2085 invito
1302 2028 1520 2088 fuissem
1546 2034 1823 2103 liberatus,
1850 2039 1935 2093 ille
1958 2056 2088 2097 vero

496 2131 597 2187 per
625 2118 718 2173 Dei
744 2118 1008 2187 justitiam
1066 2124 1324 2193 regnandi
1381 2125 1586 2182 honore
1631 2129 1908 2198 privatus,
1946 2133 2084 2189 sedit

499 2209 681 2264 animo
711 2210 861 2266 illum
894 2212 1044 2268 adire
1072 2213 1276 2283 (19.96),
1303 2217 1528 2287 ejusque
1558 2220 1919 2278 calamitatem
1968 2239 2086 2281 om-

497 2298 659 2355 nibus
682 2300 874 2356 diebus
905 2304 1167 2373 obsequio
1198 2306 1358 2362 solari
1390 2326 1402 2362 :
1434 2324 1558 2363 nam
1592 2324 1694 2366 nec
1721 2312 1968 2370 defuerat
1989 2318 2081 2387 qui

494 2390 773 2447 intimaret
803 2393 968 2464 (sero
1017 2396 1163 2463 licet,
1196 2406 1256 2452 ut
1310 2398 1508 2466 timeo,
1543 2399 1793 2470 quodque
1841 2405 1983 2462 Deus
2014 2408 2083 2464 ab

494 2482 589 2539 illo
619 2494 830 2541 avertat
857 2488 1091 2559 postulo)
1120 2491 1262 2559 quod
1308 2492 1579 2561 paenitens
1624 2509 1765 2565 saepe
1815 2508 2081 2567 optasset,

493 2583 553 2630 ut
578 2576 734 2632 daret
765 2578 926 2640 Deus,
956 2581 1099 2649 quod
1130 2583 1195 2635 ad
1218 2597 1341 2637 eum
1384 2585 1649 2651 venirem,
1702 2594 1756 2643 et
1781 2588 1826 2643 si
1857 2590 2079 2658 valeret,

491 2669 888 2725 restitutionem
926 2672 1057 2726 mihi
1084 2672 1438 2743 impetraret:
1472 2676 1553 2731 sin
1600 2677 1756 2743 alias,
1802 2680 1955 2735 daret
1984 2698 2080 2752 pe-

489 2759 666 2814 cuniae
697 2767 930 2827 tantum,
959 2771 1021 2817 ut
1069 2763 1299 2834 amplius
1336 2779 1441 2820 non
1490 2782 1723 2839 egerem.
1767 2769 2079 2840 Veniebam,

491 2853 908 2924 comprehendit
937 2871 1023 2911 me
1050 2856 1409 2929 Berengarius
1443 2858 1487 2929 (l
1502 2861 1626 2930 2‘97)
1660 2861 1915 2919 instinctu
1963 2865 2077 2921 Ma-

491 2946 672 3001 nassis
709 2946 1041 3002 sanctissimi
1084 2947 1473 3020 archiepiscopi
1507 2951 1709 3019 (1298),
1743 2963 1800 3007 ut
1827 2955 1917 3025 qui
1954 2954 2079 3023 jnre

491 3037 667 3093 locum
719 3037 959 3093 obtineat
1007 3039 1298 3096 Ambrosii.
1352 3041 1547 3096 Tribus
1594 3042 1787 3098 iterum
1814 3046 1996 3116 “9.99)
2026 3056 2079 3104 et

2190 1845 2323 1900 mihi
2374 1845 2766 1913 detraherent,
2818 1846 2910 1903 ille
2966 1847 3115 1903 solus
3160 1856 3350 1904 contra
3403 1864 3599 1906 omnes
3626 1850 3789 1920 quasi

2189 1950 2288 2003 pro
2325 1950 2411 1990 me
2444 1934 2712 2001 faciebat,
2756 1945 2816 1991 ut
2852 1937 3061 1994 scilicet
3085 1938 3359 2009 provocati
3392 1939 3660 2010 ampliora
3692 1940 3788 1995 de-

2188 2025 2430 2095 rogando
2471 2024 2767 2093 referrent,
2802 2027 2877 2082 ita
2906 2035 2965 2083 ut
2998 2028 3231 2088 alterum
3276 2029 3502 2086 credere
3548 2030 3788 2100 possetis

2187 2118 2530 2188 Antipatrum
2562 2117 2794 2174 Herodis
2820 2120 2971 2191 impii
3000 2120 3168 2176 lilium
3200 2138 3214 2175 :
3247 2137 3371 2177 nam
3393 2121 3522 2178 boni
3554 2121 3648 2195 [ιζ.
3672 2137 3789 2178 non

2188 2209 2333 2263 enim
2384 2208 2530 2273 boni,
2575 2208 2709 2282 etc.]
2758 2209 2963 2281 aliquid
3023 2211 3221 2268 malive
3268 2226 3451 2284 agere,
3489 2213 3788 2284 potestatis

2186 2300 2269 2356 vel
2312 2300 2544 2357 licentire
2589 2310 2713 2358 erat
2747 2317 2904 2358 mete.
2959 2301 3199 2375 ldipsum
3243 2304 3407 2360 etiam
3456 2305 3607 2376 quod
3662 2307 3789 2377 ipso

2188 2393 2490 2462 imperante
2524 2392 2748 2465 agebam
2777 2392 2939 2466 [ιιιιιθ.
2958 2393 3114 2460 male,
3136 2394 3371 2468 aiebam]
3395 2395 3599 2467 (neque
3632 2395 3786 2452 enim

2184 2483 2461 2540 contraire
2509 2483 2625 2554 ejus
2652 2486 2936 2555 praeceptis
2961 2486 3251 2559 audebam)
3288 2489 3537 2545 vertebat
3568 2489 3626 2544 in
3658 2488 3785 2546 cul-

2185 2591 2343 2647 pam,
2394 2577 2721 2633 clericorum
2766 2578 2979 2635 occulte
3026 2588 3247 2635 struens
3293 2589 3485 2636 contra
3534 2595 3628 2637 me
3683 2596 3783 2637 ca-

2186 2667 2476 2733 lumniam,
2511 2667 2644 2722 mihi
2672 2683 2803 2725 vero
2846 2668 2915 2723 de
2962 2668 3045 2725 eis
3072 2670 3396 2741 promittens
3425 2670 3618 2728 dolose
3646 2672 3783 2728 satis

2172 2758 2504 2814 vindictam.
2556 2758 2673 2815 Hoc
2716 2760 2850 2816 adeo
2896 2762 3200 2831 processit,
3247 2769 3308 2817 ut
3362 2762 3603 2832 quadam
3652 2765 3781 2831 die,

2184 2850 2311 2904 dum
2355 2850 2577 2906 ordines
2620 2851 3019 2908 ecclesiasticos
3070 2868 3286 2924 agerem
3340 2853 3546 2926 (1502),
3594 2854 3783 2910 archi-

2183 2942 2444 2996 diaconus
2491 2958 2613 2997 cum
2658 2943 2805 2997 onini
2870 2943 3018 2998 clero
3075 2943 3297 3010 exiens,
3356 2960 3445 3000 me
3493 2943 3673 3000 solum
3720 2945 3777 3001 in

2185 3031 2411 3086 ecclesia
2448 3031 2806 3102 relinqueret,
2836 3041 2891 3087 et
2921 3033 3150 3088 alteram
3174 3033 3275 3089 sibi
3316 3042 3508 3090 contra
3538 3050 3630 3091 me
3658 3036 3775 3090 vin-

500 3130 657 3187 :cmis
680 3131 955 3187 mensibus
980 3132 1078 3187 sub
1098 3133 1339 3187 custodia
1364 3141 1603 3189 retentus
1620 3174 1634 3200 ,
1661 3135 1891 3207 indeque
1914 3140 2078 3196 emis-

2188 3126 2405 3184 dicaret.
2453 3126 2548 3193 Et,
2588 3141 2625 3183 o
2680 3129 2960 3196 tempora!
3011 3144 3046 3183 ο
3074 3129 3308 3185 'mores!
3357 3143 3393 3185 o
3438 3127 3578 3202 legis
3608 3144 3779 3186 cano-

560 3265 745 3336 (l29‘2)
780 3264 1007 3336 Quando
1044 3262 1332 3319 Ralberius
1361 3281 1463 3319 una
1489 3280 1610 3320 cum
1653 3265 1846 3322 Milone
1877 3272 2078 3326 comite

486 3333 783 3408 Arnoldnm
832 3333 1612 3408 BajoariteudncenrVeronae
1664 3340 1894 3408 recepit,
1949 3349 2078 3397 tunc

486 3408 640 3477 litigo
669 3407 787 3478 ejus
839 3406 1139 3478 expellendi
1183 3405 1524 3461 occasionem
1556 3405 1803 3478 sumpsit.
1836 3410 2077 3467 Arnoldo

485 3475 632 3534 enini
663 3475 987 3549 excluso,’et
1022 3475 1253 3549 Verona;
1276 3487 1614 3549 recuperata,
1642 3475 1954 3549 episcopum
1985 3499 2076 3539 ves

484 3550 581 3605 luti
605 3548 858 3604 rebellem
890 3548 1162 3617 captivum
1190 3546 1384 3601 adduci
1435 3546 1596 3615 jussit
1624 3546 1690 3602 in'
1733 3546 1923 3607 turrim
1976 3553 2074 3608 Pa-

484 3621 749 3693 pienscm,
775 3635 895 3693 quae
949 3628 1067 3693 poﬂst
1096 3617 1351 3693 nonnulla
1402 3618 1658 3693 Wnllrerti
1682 3622 1941 3693 turgt-ala
1980 3639 2075 3693 ap—

483 3687 740 3761 pellatur,
776 3687 915 3744 forte
941 3687 970 3742 ἐι
994 3687 1275 3761 walberto
1302 3688 1510 3757 potenti
1539 3688 1727 3757 judice
1773 3687 2073 3756 Ticiuensi,

487 3759 579 3831 qui
611 3776 738 3816 cum
766 3761 1027 3815 adversus
1045 3759 1330 3833 l'lugnnem
1366 3761 1768 3833 conspirasset,
1796 3774 1987 3833 captus
2019 3773 2075 3819 et

484 3828 662 3900 capite
716 3840 997 3886 truncatus
1038 3828 1157 3895 fuit,
1180 3828 1532 3899 Liutprando'
1546 3839 1682 3885 teste
1712 3830 1803 3886 lib.
1838 3828 1897 3887 Iit
1930 3834 2068 3890 Hist.

485 3917 605 3959 Cat).
637 3902 704 3955 10
727 3911 783 3956 et
809 3903 893 3956 H.

551 3917 941 4043 ?l219%ftV’e:ba
987 3974 1079 4042 qui
1102 3972 1440 4043 cnim'usqne
1468 3971 1533 4026 ad
1580 3972 1838 4043 perfectus
1885 3983 1960 4031 est
1995 3976 2074 4029 vir

484 4045 537 4117 in
565 4042 875 4117 Acheriana
919 4043 1159 4098 editione
1207 4042 1407 4117 omissa
1455 4042 1819 4117 supplevimns
1865 4058 1932 4105 ex
1960 4060 2063 4117 ms.

484 4112 737 4169 Lobiensi
773 4131 784 4165 :
819 4127 882 4166 ex
917 4128 1023 4182 quo
1048 4129 1167 4168 mox
1201 4111 1517 4181 scripsimus
1548 4111 1727 4166 contra‘
1767 4111 1953 4183 legem,
1980 4116 2070 4170 ubi

482 4183 749 4239 Acherius
774 4183 938 4237 habet
958 4186 1090 4237 citra
1127 4184 1309 4252 legem.

556 4251 741 4324 (1294)
770 4251 1011 4309 Priorem
1053 4251 1484 4324 persecutionem
1538 4261 1694 4308 vocat
1740 4252 1910 4319 illam,
1963 4269 2071 4324 qua

483 4322 739 4379 abinitio
768 4324 851 4395 sui
882 4322 1226 4394 episcopatus
1254 4322 1427 4393 Hngo,
1460 4332 1531 4395 ut
1554 4323 1800 4395 superius
1827 4322 2066 4395 scripsit,

482 4395 719 4450 adhibuit
744 4394 1350 4466 undiquepersecutores
1384 4403 1432 4446 et
1464 4394 1810 4458 adversarios,
1842 4394 1955 4466 qui
1976 4407 2067 4449 aut

482 4466 798 4521 deterrerent
822 4463 920 4528 me,
937 4463 1317 4535 nte/fugerem,
1342 4472 1431 4517 aut
1453 4465 1736 4528 irritarent,
1762 4474 1817 4517 ut
1837 4463 1891 4518 in
1916 4464 2068 4520 illum

479 4536 801 4607 excederent,
826 4544 965 4607 etalt
993 4535 1281 4607 expellendi
1336 4551 1415 4588 me
1440 4534 1688 4607 inveniret
1718 4536 2065 4607 occasionem.

479 4603 1317 4733 f“(12951Exsilinm'scilicet,
1368 4618 1476 4675 quo
1524 4603 1749 4661 Comum
1798 4606 2077 4676 relegatus

503 4688 604 4733 uit.

503 4681 604 4735 'uit.

553 4750 737 4823 (1296)
775 4751 1052 4823 Hugonem
1104 4748 1255 4823 adire
1296 4744 1473 4823 voluit
1517 4743 1810 4823 Ratherins
1853 4744 2065 4823 jam_ab

478 4813 675 4883 exsilio
704 4813 993 4887 liberfnon
1018 4836 1138 4874 cum
1166 4818 1355 4881 Como,
1388 4815 1474 4887 ltiti
1529 4813 1683 4887 83$“!
1715 4814 1835 4879 Γιιίι.
1859 4831 1925 4871 θο
1974 4819 2063 4870 in-

479 4891 591 4967 vito
615 4884 972 4967 aufugit'snb
1024 4891 1186 4967 linem
1229 4889 1352 4942 anni
1381 4885 1623 4967 959,.v_cl
1654 4884 1898 4967 ineunte
1920 4901 2062 4967 anno

477 4960 604 5028 910,
630 4964 722 5019 sed
745 4955 879 5019 cum.
904 4964 1043 5018 idem
1075 4961 1228 5029 Hugo
1268 4955 1527 5029 regnandi
1570 4956 1773 5011 honore
1821 4956 2064 5025 privatus

480 5029 580 5086 fuit
607 5050 748 5086 anno
771 5034 895 5086 945.

535 5034 580 5089 it
607 5050 748 5089 anno
771 5034 895 5089 045.

551 5104 734 5175 (4297)
763 5105 896 5160 Cum
927 5102 1231 5159 Ratherius
1246 5099 1673 5175 comprehensus
1704 5095 1924 5175 fuerit_a
1956 5096 2059 5175 De-

478 5164 729 5222 tentmrin'
757 5174 1073 5222 annretziap.
1102 5164 1435 5222 marchimte.
1460 5169 1552 5222 ani
1584 5167 1684 5222 sub
1710 5180 1831 5222 rege
1861 5164 2057 5219 Lollia-

2095 4493 2146 4554 D

2181 3260 2401 3316 excluso
2427 3260 2600 3317 eidem
2627 3262 2868 3318 ecclesize
2900 3263 3298 3319 restitueretur.

2253 3331 2434 3401 (1298)
2461 3332 2670 3388 Ironice
2709 3335 3096 3405 sanctissimum
3135 3334 3585 3405 archiepiscopum
3613 3343 3777 3392 vocat

2181 3401 2591 3474 Manassetnpet
2614 3414 2661 3456 et
2699 3405 2789 3474 qui
2811 3404 2933 3472 jure
2979 3404 3149 3458 locum
3207 3401 3433 3459 obtineat
3459 3401 3768 3471 'Ambrosii,

2179 3474 2377 3543 quippe
2403 3474 2492 3542 qui
2515 3473 2967 3528 Mediolanensem
2988 3475 3171 3529 sedem
3196 3475 3522 3543 Berengario
3539 3486 3770 3531 curante

2179 3531 2584 3617 obtinuit-anno
2614 3544 2718 3599 948
2741 3562 2754 3609 ;
2780 3555 2857 3609 et,
2889 3546 3014 3599 dum
3052 3544 3344 3601 Ratherius
3368 3531 3492 3601 haec
3520 3548 3769 3617 scripsit,

2178 3615 2354 3667 adhuc
2377 3613 2675 3669 obtinebat.

2250 3684 2433 3754 (1299)
2464 3684 2793 3738 Advertaium
2823 3685 3011 3743 iterum
3035 3700 3100 3739 ex
3137 3700 3241 3740 ms.
3271 3684 3549 3754 Lobiensi,
3578 3695 3638 3743 et
3658 3687 3767 3742 edi-

2180 3754 2325 3808 tione
2346 3754 2731 3823 Chapeauvillii
2755 3755 3078 3815 addidimus.
3110 3755 3310 3810 Iterum
3337 3765 3519 3811 autem
3550 3759 3649 3811 sub
3671 3775 3765 3813 cu-

2176 3824 2345 3898 stodia
2377 3835 2604 3877 retentus
2630 3824 3003 3898 dicitur,_quia
3034 3826 3185 3898 prius
3213 3826 3275 3898 in
3325 3826 3461 3881 turri
3505 3827 3765 3898 Papiensi

2176 3894 2311 3948 duos
2339 3910 2511 3965 annos
2531 3910 2659 3965 cum,
2672 3894 2910 3965 dimidio
2938 3893 3183 3965 captivus
3204 3893 3326 3950 fuit.

2248 3964 2435 4038 (1500)
2469 3963 2567 4018 Hic
2597 3964 2722 4017 milo
2757 3963 2989 4038 Veronae
3006 3963 3373 4038 ‘come‘serat,
3401 3969 3494 4038 qui
3515 3968 3765 4024 Arnoldo

2173 4044 2363 4090 contra
2394 4034 2670 4103 Hngonem
2700 4034 2933 4105 primum
2966 4034 3141 4090 favit:
3164 4035 3311 4092 Licet
3353 4034 3482 4093 vero
3531 4039 3760 4093 subinde

2173 4120 2296 4161 cum
2354 4104 2577 4178 llugone
2622 4105 3001 4178 reconciliatus
3026 4148 3040 4171 ,
3078 4107 3350 4178 Veronam
3391 4110 3755 4175 gubernaret;

2173 4174 2510 4247 cumtamen
2562 4183 2767 4247 postea
2804 4174 3024 4230 favisset
3074 4174 3425 4247 Berengario,
3458 4180 3756 4243 metuebat,

2174 4261 2245 4301 ne
2272 4244 2579 4317 Manasses,"
2607 4246 2699 4317 qui
2724 4244 3091 4301 Veronensem
3112 4244 3482 4317 episcopatum
3522 4264 3756 4317 occupa-

2172 4317 2287 4382 bat,
2306 4325 2373 4394 .et
2400 4315 2722 4394 Berengario
2761 4316 2965 4394 pariter
2990 4317 3199 4394 favens,
3230 4315 3439 4388 llngoni
3470 4315 3755 4382 nocuerat,

2171 4386 2492 4459 paenitentia
2532 4386 2725 4441 ductus
2759 4386 2976 4459 jnvaret
2997 4387 3245 4459 eumdem
3279 4386 3460 4459 regem
3513 4404 3756 4444 avtmcn-

2175 4457 2282 4528 lum
2307 4471 2485 4522 suum,
2512 4471 2542 4511 a
2572 4471 2680 4528 quo
2727 4456 2783 4528 si_
2800 4456 3062 4528 Manassis
3107 4472 3210 4528 ope
3246 4456 3666 4526 recuperaretur
3688 4461 3755 4514 in

2171 4527 2324 4583 Italia
2349 4526 2599 4598 regnum,
2634 4526 2747 4596 ipse
2767 4526 2894 4598 Milo
2920 4526 3303 4598 detrimentum
3330 4540 3573 4598 caperet.

2243 4595 2428 4670 (1501)
2455 4595 2746 4670 Ratherius
2766 4597 2859 4652 lib.
2893 4612 2951 4650 ιιι
3002 4595 3423 4670 [’rmloqniorum
3464 4614 3615 4670 ιιιιιιι.
3658 4599 3753 4664 22,

2168 4666 2492 4722 laboramus
2534 4667 2720 4738 liberos
2758 4677 2804 4721 et
2830 4683 3027 4733 servos,
3049 4677 3107 4738 ret
3145 4666 3332 4725 milites
3376 4669 3522 4738 regni
3570 4680 3753 4736 vocat,

2167 4753 2304 4809 quos
2339 4737 2683 4809 lticnappellat
2710 4738 2932 4809 milites,
2974 4737 3197 4809 colonos
3222 4747 3270 4791 et
3318 4737 3568 4807 fantulos.
3603 4738 3751 4799 Hili-

2167 4806 2243 4862 te:
2295 4806 2667 4876 intelliguntur
2713 4807 2937 4863 nobiles.
2990 4806 3119 4861 Vide
3166 4806 3363 4863 ibidem
3407 4817 3519 4864 not.
3561 4809 3751 4863 Coloni

2165 4888 2324 4933 erant
2355 4878 2538 4933 rustici
2566 4878 2712 4949 agris
2746 4877 2988 4949 colendis
3015 4877 3238 4944 addicti,
3269 4878 3362 4949 sed
3394 4894 3499 4949 non
3525 4880 3750 4949 proprie

2165 4949 2331 5013 servi,
2359 4948 2437 5002 uti
2467 4946 2624 5001 erant
2647 4946 2855 5018 famuli.
2881 4947 3010 5014 Quae
3046 4963 3205 5016 porro
3243 4948 3412 5013 addit,
3437 4946 3552 5002 Nec
3589 4946 3746 5018 syno-

2163 5020 2288 5072 dum
2318 5035 2489 5087 agere,
2519 5034 2612 5071 nec
2649 5015 2895 5086 capitulis
2938 5015 3244 5087 clericorum
3291 5019 3537 5072 interesse
3583 5015 3750 5072 audc-

2164 5092 2303 5160 oam,
2333 5090 2404 5160 de
2426 5089 2491 5143 iis
2521 5088 2740 5160 synodis
2761 5095 2815 5160 et
2837 5086 3423 5160 capitulisaccipienda
3445 5098 3597 5160 sunt,
3621 5104 3746 5157 qua:

2162 5159 2216 5213 in
2244 5156 2646 5213 visitationibns
2673 5156 3023 5212 ecclesiarum
3053 5157 3351 5212 diteceseos
3372 5156 3742 5222 habebantur,
