4044 5348
306 257 408 312 661

305 373 442 424 nica:
493 368 704 439 publica
749 369 1082 437 conjuratio!
1139 384 1210 435 o,

304 461 534 513 minatio
568 459 949 514 desolationisl
991 473 1024 514 ο
1069 461 1290 513 verbum
1337 459 1533 514 factum
1577 462 1627 515 in
1687 462 1886 526 Israel,

301 551 450 617 quod
479 550 784 618 quicunque
807 549 1038 603 audierit
1063 550 1296 604 tinniant
1321 554 1511 606 merito
1535 553 1704 606 amba:
1732 568 1891 607 aures

301 640 449 707 ejus!
478 640 611 710 (Jer.
645 656 754 703 xu,
787 641 866 708 5.)
892 641 1226 695 Arelatensis
1267 643 1734 711 archiepiscopus,
1768 650 1886 696 ten-

299 732 438 784 dens
470 730 691 784 insidias
719 731 1014 786 Veroneusi
1059 732 1344 802 episcopo,
1397 735 1733 788 consecravit
1778 734 1889 802 epi-

298 835 528 887 scopum
575 821 860 889 quemdam
909 837 1018 876 sute
1054 824 1306 878 dicecesis
1353 824 1405 878 in
1455 824 1609 878 titulo
1640 823 1890 877 Ecclesia:

298 907 652 964 Veronensis.
707 911 836 978 Quis
876 928 980 966 non
1026 914 1295 968 miretur?
1341 916 1462 986 quis
1491 930 1594 968 non
1641 916 1892 984 obstupe-

295 997 461 1049 scat?
510 997 609 1053 Ubi
648 1000 789 1053 enim
840 999 965 1054 fas?
994 1001 1080 1056 ubi
1110 1003 1241 1056 lex?
1281 1005 1368 1058 ubi
1405 1004 1702 1057 ‘s:eeularis
1747 1001 1891 1073 [sub-

293 1088 431 1140 audi
477 1088 586 1158 lex)
637 1093 945 1160 unucuique
991 1094 1283 1160 provincia:
1329 1105 1525 1149 certos.
1549 1096 1886 1148 distribuens

296 1179 794 1238 inconvertibiliter
850 1187 1087 1241 limites?
1134 1189 1221 1241 ubi
1281 1189 1644 1242 consideratio
1697 1199 1890 1242 cuncta

292 1274 621 1327 cernentis?
669 1275 754 1328 ubi
786 1293 798 1328 :
831 1275 952 1330 Non
985 1279 1384 1348 transgredieris
1431 1281 1710 1343 terminos,
1762 1296 1890 1348 quos

292 1365 681 1419 constituerunt
709 1368 798 1420 tibi
847 1380 1018 1436 patres
1065 1371 1183 1424 tui?
1216 1369 1397 1439 (Prov.
1434 1388 1544 1424 xm
1573 1413 1586 1435 ,
1614 1371 1728 1443 23.)
1775 1373 1890 1426 Non

292 1452 611 1524 intelligunt
668 1458 733 1509 ad
782 1459 883 1513 hoc
933 1461 1237 1529 pertinere,
1290 1463 1380 1531 qui
1435 1463 1681 1516 nesciunt
1728 1479 1888 1532 quam

292 1547 457 1616 longe
510 1548 722 1602 Verona
771 1552 838 1604 ab
867 1552 1170 1606 Arelatensi
1215 1554 1354 1607 absit
1392 1556 1585 1623 patria.
1638 1554 1734 1609 Ubi
1773 1563 1891 1608 erat

291 1637 444 1705 quod
489 1639 573 1692 lex
611 1641 689 1694 ait
737 1640 1013 1710 (CALLIST.
1055 1661 1134 1712 ep.
1171 1660 1229 1707 ιι,
1262 1645 1352 1711 *24)
1388 1644 1486 1698 :Si
1533 1645 1654 1714 quis
1691 1654 1890 1699 metro-

1767 261 2148 318 l'Ll‘iSTOLA‘Z.

1268 380 1326 425 ut
1381 373 1452 426 ita
1503 373 1712 436 dicam,
1765 375 1890 426 :lbO-
1923 386 1966 438 Α
1997 377 2122 428 dum
2172 375 2238 428 ad
2285 370 2697 441 vespertina‘em
2731 369 3138 440 persolvendam
3183 382 3459 437 pergerem
3488 384 3579 438 sy.

3471 257 3574 311 662

1994 464 2208 527 naxim,
2239 463 2410 516 adfuit
2459 463 2654 515 missus
2705 461 2907 514 domini
2965 459 3107 530 regis
3157 459 3400 513 Lotharii
3437 475 3577 528 pra:-

1990 554 2238 622 cipientis
2263 595 2277 616 ,
2317 562 2375 607 ut
2422 553 2555 606 urbe
2585 552 2854 607 decedens
2902 551 3086 604 darem
3121 549 3296 603 locum
3330 548 3578 604 Manasse

1991 644 2172 697 sedem
2225 658 2398 696 meam
2453 641 2770 702 invadendi,
2825 639 3085 708 adjiciens
3135 637 3360 693 amicale
3398 637 3578 710 [idest

1991 733 2296 804 amicabilc)
2335 734 2465 788 satis
2506 733 2823 796 consilium,
2858 731 3050 786 melius
3091 731 3299 786 scilicet
3338 746 3488 796 esse,
3521 738 3580 786 ut.

1990 825 2331 886 secederem,
2371 840 2532 892 quam
2581 823 2789 878 Milonis
2827 823 2951 878 dolo
2993 832 3086 878 aut
3132 821 3578 888 exmetnbrarer,

1991 925 2084 968 aut
2120 915 2492 979 iuterficerer,
2542 923 2634 968 aut
2677 914 2839 984 (quod
2883 914 3054 969 levius
3110 914 3193 968 his
3242 913 3439 976 multo,
3483 913 3578 967 sed

1991 1005 2372 1075 gravissimum
2418 1005 2548 1058 mihi
2608 1015 2752 1059 esset
2800 1004 3060 1076 futurum)
3114 1006 3576 1073 comprehensus.

1991 1110 2098 1164 quo
2143 1095 2362 1148 minime
2426 1095 2615 1148 vellem
2664 1096 2983 1150 abducet-er.
3044 1094 3430 1150 Calamitosum
3489 1094 3579 1148 hic

1992 1201 2281 1250 accusare,
2323 1201 2446 1239 cum
2480 1201 2724 1254 possem,
2760 1186 2939 1241 devito
2981 1185 3213 1255 aliquem
3246 1183 3430 1255 (1506)
3457 1224 3471 1248 ,
3508 1198 3577 1237 ne

1993 1279 2240 1348 adjiciam
2290 1295 2450 1348 super
2492 1280 2774 1333 vulnerum
2815 1278 2931 1348 ejus
2970 1279 3218 1349 aliquod,
3270 1277 3412 1347 quod
3457 1291 3577 1345 pro.

1993 1372 2158 1439 pheta
2186 1371 2567 1440 conquerendo
2609 1370 2891 1437 prohibet,
2917 1369 3157 1424 dolorem
3184 1367 3356 1440 (l’sal.
3387 1383 3575 1430 vam,

1991 1463 2104 1532 ‘27).
2149 1463 2286 1528 Quid
2329 1461 2536 1531 plura?
2589 1461 2710 1516 Feci
2751 1461 2934 1530 jussus
2998 1463 3139 1530 quod
3190 1470 3346 1514 antea
3410 1459 3579 1513 liben-

1994 1555 2202 1608 tissime
2245 1553 2493 1607 fecissem
2540 1552 2806 1619 iujussus,
2855 1552 2958 1605 nisi
3005 1551 3407 1613 interdixisset,
3435 1550 3578 1618 quod

1994 1644 2070 1697 ait
2105 1645 2156 1696 in
2189 1643 2480 1713 Evangelio
2520 1643 2584 1696 de
2629 1642 2964 1696 mercenario
3017 1641 3273 1695 Dominus
3310 1639 3490 1707 (Joan.
3519 1653 3574 1699 ι.

288 1728 598 1796 politanus,
660 1731 760 1784 nisi
808 1733 948 1801 quod
1006 1735 1073 1787 ad
1128 1751 1278 1789 suam
1331 1736 1672 1790 solummodo
1705 1736 1886 1806 (1505)
1923 1737 2105 1805 13-12);
2149 1737 2241 1791 sed
2284 1753 2387 1790 non
2431 1737 2574 1806 potui
2616 1750 2776 1806 agere
2817 1736 3052 1804 impune.
3100 1735 3233 1804 Lupi
3279 1733 3353 1786 illi
3397 1732 3579 1801 (1507)

287 1819 536 1885 pertinet
581 1822 924 1888 parochiam,
973 1840 1133 1894 agere
1185 1828 1508 1890 tentaverit,
1563 1829 1761 1896 gradus
1807 1829 1889 1882 sui

290 1909 543 1979 periculo
566 1912 908 1980 subjacebit?
941 1917 1005 1970 Et
1026 1917 1112 1970 ubi
1146 1920 1558 1974 archidiaconus
1589 1919 1679 1991 [[2,
1718 1921 1892 1976 archi-

288 2000 608 2074 episcopus]
633 2018 789 2057 suum
838 2005 1113 2073 praifixum
1144 2010 1444 2062 canonibus
1466 2025 1570 2063 non
1601 2010 1885 2074 excedens,

291 2099 480 2144 teneat
505 2107 627 2145 cum
657 2093 960 2148 humilitate
1012 2096 1232 2152 locum?
1264 2117 1281 2148 ι
1314 2097 1474 2170 542
1525 2099 1628 2154 Sed
1680 2099 1794 2155 bare
1821 2101 1889 2156 ad

289 2180 415 2235 illos
443 2223 457 2245 ,
502 2183 594 2253 qui
643 2185 800 2240 unius
839 2188 985 2242 sedis
1015 2199 1140 2244 sunt
1181 2192 1594 2262 archiepiscopi.
1631 2192 1728 2248 Cui
1760 2209 1890 2249 vero

292 2287 544 2342 qumque
590 2273 772 2346 (1504)
811 2277 938 2332 licet
981 2280 1273 2350 episc0piis
1327 2297 1595 2350 praeesse,
1649 2285 1890 2354 nullique

286 2361 554 2431 prodesse
585 2405 597 2426 ,
658 2366 784 2433 quid
836 2369 1038 2436 poterit
1090 2385 1194 2424 non
1247 2371 1456 2426 licere?
1501 2373 1703 2426 llorum
1759 2389 1888 2430 vero

286 2453 538 2507 omnium
583 2470 704 2509 cum
759 2457 1005 2512 incentor
1055 2459 1181 2514 Milo
1225 2471 1371 2517 esset
1412 2473 1468 2517 et
1529 2475 1722 2519 auctor
1784 2468 1887 2521 mei

288 2552 479 2598 tamen
506 2555 561 2599 et
591 2546 759 2600 videri
789 2557 842 2602 et
867 2549 973 2604 dici
1005 2553 1270 2607 ambiebat
1301 2555 1597 2612 advocatus
1640 2565 1694 2611 et
1723 2567 1884 2613 tutor.

286 2633 484 2704 Itaque
547 2638 894 2707 callitlissime
955 2658 1039 2697 Ine
1093 2643 1412 2716 afﬂigebat,
1464 2658 1524 2701 ut
1575 2650 1888 2707 rarissimus

286 2735 444 2782 esset
500 2730 552 2782 in
604 2746 798 2799 regno,
849 2736 938 2802 qui
991 2753 1096 2791 non
1146 2740 1444 2794 aestimaret
1497 2729 1887 2798 amicissimum

288 2830 418 2870 eum
449 2834 574 2873 esse
604 2821 733 2875 mihi
756 2825 997 2879 omnino.
1030 2827 1141 2898 Ego
1173 2843 1301 2883 vero
1331 2831 1495 2884 miser
1519 2847 1666 2886 eram
1695 2834 1886 2890 diebus

285 2908 655 2980 noctibusque
690 2913 762 2966 ita
793 2916 1070 2973 confectus
1095 2929 1149 2974 et
1175 2922 1400 2984 anxius,
1443 2931 1500 2975 ut
1539 2923 1762 2978 maderet
1800 2941 1886 2982 me

283 2997 417 3051 vita:
447 3014 610 3065 mena,
639 3010 694 3054 et
733 3004 947 3063 mallem
1001 3009 1050 3061 in
1100 3009 1364 3064 Walhcrti
1390 3053 1405 3077 ,
1461 3022 1518 3064 ut
1564 3015 1837 3082 quondam
1865 3059 1880 3081 ,

1993 1844 2207 1900 gregem
2258 1846 2363 1884 non
2410 1828 2724 1897 quaerebant
2772 1829 3025 1882 invadere
3054 1867 3068 1889 .
3118 1828 3212 1881 sed
3264 1836 3576 1896 pastorem;

1990 1932 2408 1991 persecutusque
2474 1923 2525 1975 iu
2569 1936 2673 1975 una
2717 1921 2938 1976 civitate
2978 1961 2991 1981 ,
3047 1919 3234 1991 fugere
3301 1919 3583 1974 venialiter

1990 2012 2139 2081 potui
2184 2012 2236 2065 in
2283 2011 2465 2065 aliam.

2062 2103 2114 2156 8.
2157 2101 2448 2170 luterjecto
2470 2101 2665 2154 dehinc
2693 2109 2968 2170 tempore,
3000 2114 3120 2154 cum
3156 2097 3583 2168 gloriosissimus

1991 2201 2152 2262 atque
2176 2192 2452 2262 piissimus
2471 2232 2483 2252 ,
2511 2199 2818 2260 cunctoque
2844 2190 3305 2245 celebratissimus
3326 2189 3458 2243 orbe
3485 2202 3576 2241 rex

1990 2293 2174 2337 noster
2225 2281 2404 2354 (1508)
2465 2281 2674 2335 Italiam
2722 2281 3038 2343 introisset;
3093 2278 3238 2333 adfui
3291 2295 3414 2333 cum
3465 2276 3581 2346 ejus

1989 2375 2292 2430 clarissimo
2334 2374 2473 2437 lilio;
2521 2382 2733 2426 tentaus
2777 2373 2822 2427 si
2876 2372 3098 2426 daretur
3138 2371 3319 2440 Optio,
3367 2379 3425 2423 ut
3455 2385 3577 2423 meo

1991 2466 2306 2519 restituerer
2344 2463 2479 2518 loco.
2522 2461 2626 2516 Sed
2673 2461 2983 2532 impedivit,
3027 2460 3169 2530 quod
3215 2459 3443 2514 alterum
3474 2458 3582 2512 illic

1988 2557 2292 2611 institutum
2357 2571 2447 2610 rex
2509 2554 2745 2617 invenit,
2815 2553 3030 2609 Milonis
3088 2551 3295 2608 scilicet
3353 2561 3582 2620 nepotu-

1988 2651 2095 2704 lum
2111 2649 2294 2718 (1509)
2313 2665 2326 2712 ;
2348 2663 2414 2702 ne
2430 2646 2640 2700 diflicile
2656 2646 2725 2699 sit
2741 2646 3069 2715 conjectare,
3085 2645 3304 2713 cujusce
3321 2645 3396 2698 rei
3415 2659 3581 2698 causa

1988 2736 2106 2810 [al.,
2134 2735 2327 2808 gratia]
2357 2746 2500 2790 tanta
2531 2736 2658 2788 mihi
2696 2735 2938 2789 intulerit
2963 2735 3120 2789 mala.
3149 2734 3246 2789 Cui
3275 2733 3434 2804 543
3467 2734 3582 2802 qui-

1984 2829 2105 2883 dem
2147 2828 2426 2882 Manasses
2467 2827 2649 2882 sedem
2700 2826 3013 2880 vendiderat
3054 2825 3273 2896 (1510);
3320 2826 3414 2880 sed
3459 2822 3578 2878 fau-

1987 2927 2131 2974 tores
2169 2917 2473 2989 hujusmodi
2515 2916 2871 2972 ordinationis
2898 2916 3169 2972 licentiam
3214 2930 3273 2970 se
3305 2916 3580 2985 accepisse

1985 3010 2288 3080 gloriantur
2308 3011 2376 3064 ab
2401 3008 2701 3079 apostolatu
2729 3017 2922 3063 vestra:
2945 3009 3328 3064 dominationis
3367 3007 3572 3079 (1511).

285 3089 595 3156 turricula,
655 3111 816 3163 quam
873 3099 1061 3154 sedere
1122 3101 1175 3154 in
1224 3101 1517 3158 Veronensi
1573 3106 1831 3159 cathedra
1864 3148 1877 3172 ,
1909 3094 1952 3155 C
1985 3102 2189 3157 Cedere
2213 3103 2499 3172 igiturtam
2525 3102 2835 3172 apostolicm
2853 3102 3578 3172 vestrmauctoritati,quam

283 3187 502 3236 esurire
557 3181 744 3256 (1505)
802 3188 900 3242 sub
945 3189 1213 3260 llugone,
1277 3207 1438 3261 quam
1493 3195 1700 3263 epulari
1757 3210 1881 3250 cum

283 3269 508 3326 Milone.

357 3362 414 3414 7.
460 3362 686 3420 Biennio
720 3375 774 3422 et
824 3370 923 3425 hoc
956 3372 1182 3427 tolerato
1203 3413 1218 3438 ,
1251 3375 1574 3443 gravissimo
1605 3377 1843 3432 omnium
1865 3418 1878 3442 ,

282 3467 424 3522 quas
477 3464 669 3521 antea,
718 3468 771 3511 et
816 3469 936 3528 post
982 3462 1209 3530 pertuli,
1257 3465 1598 3519 miseriarum
1629 3481 1879 3532 carcere,

356 3629 546 3710 (l503)
607 3630 686 3684 Ita
718 3634 897 3710 codex
944 3635 1284 3710 ﬂebit-usis,
1334 3639 1658 3710 concinente
1717 3640 1880 3710 etiam

284 3698 536 3821 lectione
562 3704 1006 3772 pseudoepistolte
1049 3698 1279 3762 Callisti.
1316 3709 1580 3763 Acherius
1627 3709 1882 3780 quodam-

284 3785 368 3821 mo
411 3786 463 3820 ο.

284 3785 463 3821 πιοαο.

354 3839 552 3920 (1501)
597 3840 1014 3920 llicManasses
1055 3849 1469 3920 perstringitur,
1523 3851 1615 3918 qui
1644 3852 1883 3920 quinque

282 3913 637 3986 episcopatus
677 3913 1017 3986 ol)_tinuerat,
1046 3913 1418 3973 ArelatenSem
1441 3961 1456 3984 ,
1490 3913 1878 3986 Vérmfenscin,

285 3979 640 4033 Mantuanum
665 4024 679 4044 ,
730 3981 1104 4039 Tridentinum
1128 4028 1142 4050 ,
1175 4003 1238 4042 ae
1269 3979 1482 4042 tandem
1516 3979 1881 4045 Mcdiolanen;

282 4065 437 4132 sem,
489 4060 546 4132 ut
592 4065 656 4132 ex
713 4052 1043 4132 Liutprando
1078 4057 1340 4132 colligere
1395 4058 1539 4114 licet.
1585 4063 1718 4114 (lum
1755 4077 1883 4116 vero

285 4123 739 4200 hiC_iIllllC€lUl‘,_
777 4123 900 4179 eum
951 4127 1194 4200 pluribus
1218 4123 1555 4200 'episc0piis,
1610 4131 1737 4185 dum
1769 4133 1882 4187 haec

284 4188 583 4270 liatherius
613 4188 1129 4270 scriberet,_adhuc
1180 4188 1436 4270 praiesse,
1488 4188 1722 4268 nullique
1763 4220 1883 4270 pro-

283 4259 479 4340 desse;
548 4259 1043 4340 conveniunt‘btec
1100 4259 1316 4337 quidem
1370 4259 1512 4324 anno
1565 4259 1668 4325 95:2
1703 4312 1715 4330 .
1763 4259 1882 4340 'quo

285 4328 605 4408 Manasses,
666 4332 956 4391 Veronensi
1012 4328 1135 4392 licei
1179 4341 1488 4408 episcopatu
1546 4328 1724 4394 Miloni
1786 4328 1882 4394 an-
1929 4365 1937 4374 -

286 4407 368 4451 tea
429 4404 687 4478 vendito,
735 4416 967 4472 quatuor
1029 4408 1161 4463 alios
1213 4404 1557 4478 episcopatus
1609 4413 1872 4477 tenebat;

286 4455 687 4546 posterioribus
710 4455 838 4530 vet'o
891 4478 1045 4531 annis
1089 4455 1192 4533 non
1773 4455 1877 4535 an:
1908 4455 1955 4511 θ

285 4553 355 4593 uo
565 4546 1067 4623 archiepiscopalui
1118 4542 1770 4623 Medi_olancnsi_sponte,
1805 4553 1879 4606 si-

284 4623 352 4690 ve
397 4617 606 4690 invitus
658 4617 893 4690 cedens,
947 4634 1010 4672 ac
1056 4620 1108 4673 in
1167 4620 1368 4676 Gallias
1407 4617 1718 4690 profectus,
1763 4623 1876 4676 sola

284 4680 588 4802 {Aurelatensi
639 4685 766 4740 sede
829 4688 896 4742 ad
945 4700 1174 4745 mortem
1230 4680 1425 4762 usque'
1443 4694 1642 4762 potitus
1693 4680 1876 4747 videa-

347 4766 392 4804 r.

316 4890 327 4900 θ
357 4822 541 4902 (1505)
579 4823 800 4902 Esurire
822 4869 835 4892 ,
872 4828 1076 4902 inquit,
1105 4830 1199 4883 sub
1232 4829 1482 4902 Hugone,
1511 4835 1635 4902 quia
1663 4833 1718 4887 in
1759 4840 1874 4887 tur~

286 4891 453 4969 ricula
501 4891 770 4962 Valberti,
815 4891 916 4969 seu
948 4891 1268 4964 'Tieinensi,
1316 4891 1369 4954 in
1410 4891 1781 4969 qua'biennio
1817 4913 1871 4957 et

287 4962 514 5033 amplius
538 4975 776 5022 retentus
804 4968 926 5033 fuit,
955 4969 1094 5024 inter
1121 4962 1314 5025 multas
1344 4962 1679 5028 calamitates
1705 4974 1877 5030 etiam.

286 5030 515 5116 fam-enin
525 5036 716 5116 pertuli
727 5048 762 5092 t.

1984 3191 2126 3246 illius
2170 3191 2332 3259 regali
2375 3190 2672 3256 ntajeslati,
2715 3207 2875 3260 quam
2915 3192 3310 3262 reprehendere
3353 3192 3397 3246 si
3445 3192 3579 3262 quid

1982 3281 2389 3344 decrevissetis,
2440 3282 2607 3335 tutius
2637 3281 2749 3336 fore
2795 3281 3020 3336 credens
3041 3322 3054 3346 ,
3098 3290 3396 3336 statueram
3416 3322 3430 3346 ,
3459 3297 3576 3336 car-

1983 3372 2197 3424 ceribus
2241 3379 2292 3424 ct
2321 3370 2527 3425 exsiliis
2556 3387 2649 3438 per
2680 3371 2770 3425 Dei
2799 3372 3224 3428 misericordiam
3253 3381 3535 3440 exemptus
3556 3413 3569 3434 ,

1983 3470 2036 3515 et
2071 3461 2122 3514 in
2150 3461 2484 3514 latitudinem
2533 3461 2713 3532 (1512)
2759 3461 2908 3516 liberi
2957 3462 3167 3517 arbitrii
3200 3462 3461 3527 eductus,
3494 3477 3578 3518 so-

1984 3654 2075 3691 sns
2106 3637 2321 3700 fuerat,
2371 3653 2434 3689 ac
2468 3646 2727 3706 praeterea
2759 3639 2918 3692 etiam
2963 3638 3052 3694 ille
3096 3639 3374 3704 fortassis,
3406 3653 3569 3707 quem

1985 3708 2256 3779 Manasses
2305 3709 2622 3761 consecravit
2664 3709 2960 3779 episcopum
3015 3711 3069 3763 in
3123 3710 3276 3763 titulo
3325 3709 3576 3763 Ecclesia:

1997 3777 2325 3831 Veronensis.

2057 3848 2240 3918 (1508)
2283 3849 2410 3904 Otto
2448 3864 2544 3903 rex
2592 3849 2856 3902 innuitur.
2891 3848 3121 3904 Verbum
3159 3850 3419 3904 introisset
3461 3850 3572 3919 pri-

1983 3936 2129 3972 mum
2183 3919 2300 3987 ejus
2332 3921 2630 3989 ingressum
2681 3920 2730 3972 in
2772 3920 2978 3976 Italiam
3031 3921 3331 3988 significat,
3373 3923 3462 3990 qui
3495 3921 3577 3975 in-

1982 3990 2114 4042 cidit
2167 3990 2218 4042 in
2275 4006 2474 4043 annum
2531 3990 2678 4052 95l;
2744 4006 2806 4042 ac
2851 3991 3073 4059 proinde
3121 3991 3258 4044 filius
3314 3990 3570 4053 Ottonis,

1983 4073 2214 4126 quocum
2266 4059 2557 4113 Ratherius
2607 4060 2659 4112 in
2713 4059 2860 4114 ltalia
2909 4061 3097 4120 adfuit,
3155 4077 3258 4114 non
3313 4070 3396 4114 est
3449 4059 3575 4115 Otto

1981 4129 2021 4182 lt
2043 4171 2055 4192 ,
2088 4131 2178 4181 sed
2205 4129 2502 4193 Luitull‘us,
2535 4139 2586 4183 ut
2622 4131 2673 4183 in
2707 4132 2982 4200 praunissa
3010 4131 3391 4186 Admonitione
3415 4132 3574 4185 latius

1984 4200 2348 4269 proln'tvimus.

2055 4269 2235 4338 (1509)
2280 4270 2326 4324 Is
2381 4269 2636 4342 cistrMilo
2693 4271 2906 4324 comitis
2964 4271 3174 4324 Milonis
3223 4287 3430 4342 nepos,
3479 4271 3576 4340 qui

1983 4355 2124 4392 anno
2155 4342 2368 4407 quidem
2402 4341 2494 4393 931
2535 4341 2905 4408 episcopatum
2939 4342 3298 4396 Veronensein
3331 4342 3570 4403 tenebat,

1984 4419 2041 4462 ut
2084 4425 2148 4462 ex
2199 4409 2541 4480 documentis
2566 4426 2593 4461 a
2623 4410 2828 4464 Joanne
2871 4411 3108 4480 Baptista
3143 4413 3359 4466 Peretto
3392 4412 3570 4465 allatis

1982 4481 2258 4532 discimus.
2315 4479 2631 4546 Nepotulum
2684 4491 2862 4535 autem
2905 4479 3026 4536 eum
3067 4492 3255 4536 auctor
3301 4482 3569 4550 appellat,

1981 4551 2105 4619 quia
2130 4560 2244 4603 erat
2276 4550 2713 4603 adolescentulus
2743 4566 3003 4605 annorum
3029 4553 3250 4606 circiter
3286 4553 3377 4612 l8;
3408 4560 3568 4604 natus

1979 4621 2122 4673 enim
2157 4619 2330 4673 fuerat
2350 4662 2378 4690 ,ί
2399 4630 2680 4688 postquam
2709 4620 2998 4676 [talin-rius
3030 4623 3249 4676 Vertitur
3274 4625 3566 4690 episcopus

1980 4700 2328 4745 consecratus
2359 4689 2490 4755 fuit,
2527 4692 2603 4745 uti
2643 4704 2708 4744 ev
2747 4692 2907 4760 epist.
2953 4708 3045 4747 vni
3075 4693 3140 4745 ad
3181 4692 3430 4744 eumdem
3467 4689 3565 4743 Mi-

1979 4760 2154 4814 lonem
2205 4761 2392 4830 liquet.

1979 4917 2010 4957 ο
2055 4828 2511 4956 (ἐ51ογ1ι11ρ8ιιιιι
2549 4831 2710 4886 tradit
2751 4833 2914 4886 etiam
2957 4829 3321 4901 Lintprandus
3359 4828 3455 4884 lib.
3494 4847 3564 4898 tv,

2051 4969 2233 5052 (1511)
2275 4970 2416 5053 Haec
2446 4972 2686 5053 {Agapcto
2735 4971 2775 5026 ll
2803 5014 2818 5036 ,
2876 4987 3000 5053 non“
3034 4982 3214 5053 autem
3235 4966 3442 5053 _Joau_ni
3473 4972 3570 5026 Xll

1978 5037 2268 5099 convenire
2298 5042 2347 5096 in
2389 5037 2769 5116 Atltnoititione
2798 5041 3152 5116 ostendimus.
3187 5037 3426 5116 gremia
3447 5058 3581 5115 por-
