4044 5348
543 168 649 225 063

1476 162 1801 225 RATIIEBII
1843 168 2055 224 EPlSG.
2100 164 2353 224 VEIlON.
2394 163 2542 221 OPP.
2582 161 2761 222 PARS
2800 164 2863 221 ll.

3700 162 3801 221 θα

543 286 825 341 litudinem
848 285 1159 341 monasterii
1183 294 1395 355 petere,
1427 297 1481 341 et
1501 287 1569 341 ibi
1596 296 1911 357 exspectare
1935 287 2125 351 Deum,
2155 289 2201 347 Α
2231 296 2381 339 more
2428 283 2597 355 ignis,
2641 284 2732 354 qui
2778 283 3021 339 modicas
3059 264 3374 339 delambens
3414 283 3632 352 paleas,
3679 283 3802 339 dum

543 378 635 448 qui
677 376 885 432 salvum
928 392 1014 432 me
1045 376 1247 432 faceret
1284 394 1313 432 a
1341 378 1780 448 pusillanimitate
1821 379 2042 449 spiritus
2069 386 2124 431 et

546 476 867 537 tempestate
912 468 1351 538 persequentium
1401 467 1572 540 (Psal.
1626 486 1732 535 uv,
1772 470 1852 540 9),
1908 483 2125 524 causas-

544 573 650 629 que
688 558 1021 627 expulsionis
1066 573 1199 615 mea:
1227 575 1256 613 a
1288 561 1605 629 memctipso
1646 559 1957 630 pernitendo
2008 558 2124 613 exi-

545 663 706 718 gere,
748 664 940 718 meque
962 649 1107 719 ipse,
1136 659 1194 704 ut
1227 667 1331 705 non
1351 648 1659 718 judicarer,
1681 650 1952 720 judicare,
1980 651 2122 719 quod

543 740 889 806 statuissetis,
920 757 948 794 a
974 741 1084 796 Deo
1113 740 1391 796 decretum
1417 743 1640 797 credere
1669 759 1683 795 :
1714 756 1958 796 summus
1978 740 2122 794 enim

544 832 784 901 pontifex
823 850 852 887 a
900 835 1115 889 nemine
1154 835 1311 890 debet
1355 836 1706 904 reprehendi,
1758 844 1813 889 et
1856 850 1950 889 cor
1980 836 2125 903 regis

543 924 600 978 in
642 939 807 978 manu
857 924 950 979 Dei
992 925 1171 996 (Prov.
1223 944 1349 994 xxi,
1390 928 1463 992 1).
1507 926 1636 995 Qua:
1683 927 1788 982 duo
1836 935 2124 993 utrumque

546 1017 1065 1082 commonefaciam,
1120 1020 1316 1085 credo,
1356 1019 1504 1074 illum
1553 1019 1630 1091 [id
1653 1029 1728 1073 est
1768 1015 2119 1089 pontiﬁcem].

546 1123 614 1163 ne
649 1110 1084 1178 reprehendenda
1126 1122 1279 1183 agat;
1334 1113 1493 1167 istum
1547 1112 1622 1185 [id
1659 1123 1732 1167 est
1776 1109 2012 1181 regem],
2056 1124 2123 1164 ne

544 1216 641 1256 cor
682 1216 839 1255 suum
870 1217 899 1254 a
935 1218 1095 1257 manu
1146 1203 1267 1265 Dei,
1326 1204 1379 1258 id
1422 1212 1537 1265 est,
1578 1219 1606 1257 a
1651 1202 2015 1272 gubernacula
2053 1200 2121 1270 (si

546 1308 640 1348 rex
680 1290 805 1362 jure
850 1292 1001 1347 malit
1028 1309 1178 1357 esse,
1224 1309 1383 1363 quam
1429 1293 1634 1366 vocari)
1678 1295 1730 1348 in
1778 1293 2124 1363 disponendis

546 1381 697 1451 regni
748 1383 1068 1437 necessariis
1117 1382 1348 1437 auferat.
1398 1382 1639 1438 Vestram
1686 1384 1847 1438 credo
1888 1382 2124 1451 paterni-

548 1483 714 1531 tatem
761 1490 934 1544 neque
983 1475 1247 1538 voluisse,
1295 1491 1466 1547 neque
1505 1491 1692 1531 ausam
1740 1476 1904 1531 fuisse
1933 1484 2121 1530 contra

541 1565 716 1635 legem
765 1566 1080 1620 canonicam
1122 1566 1280 1621 alicui
1330 1566 1590 1637 quidlibet
1633 1567 1825 1635 agendi
1875 1566 2009 1619 dare
2062 1564 2124 1617 li-

2226 389 2323 443 per
2349 375 2613 430 incuriam
2639 390 2746 431 non
2778 373 3143 447 exstinguitur
3162 415 3178 438 ,
3211 374 3485 430 comburit
3511 388 3656 445 saepe
3682 373 3808 427 civi.

2228 477 2367 524 tates
2417 469 2704 541 maximas)
2737 488 2750 523 :
2788 485 3099 541 praecavens
3133 469 3330 535 eti‘am,
3369 486 3441 525 ne
3468 470 3627 540 juxta
3666 468 3807 523 illius

2225 563 2280 618 in
2338 563 2697 617 decretalibus
2752 564 2989 628 dictum,
3040 562 3132 634 qui
3170 563 3247 618 ait
3284 580 3300 618 :
3341 560 3692 630 Manifestum
3733 569 3808 614 ut

2225 653 2461 721 conﬁteri
2500 654 2655 707 iilum
2706 654 2772 709 de
2819 654 3073 720 crimine,
3123 656 3214 724 qui
3258 654 3509 708 canonice
3557 662 3808 719 vocatus,

2218 743 2479 813 judicium
2514 747 2862 818 subterfugit;
2890 747 3129 802 testimer
3166 760 3273 801 non
3301 756 3530 800 vocatus
3557 743 3808 818 quidem,

2224 833 2319 887 sed
2373 814 2700 903 provocatus
2726 814 2767 902 ,⁷
2789 837 3053 907 judicium
3113 850 3199 891 me
3253 835 3390 890 velle
3443 814 3813 890 delitescendia

2225 920 2490 993 etl‘ugere;
2523 927 2592 979 ad
2635 927 2797 995 pedes
2828 927 3162 997 apostolatus
3191 928 3355 983 vestri
3386 944 3473 983 me
3500 939 3813 999 prosterno,

2226 1023 2280 1068 ct
2317 1015 2439 1084 quis
2482 1031 2514 1072 e
2562 1018 2717 1072 nobis
2764 1018 2992 1086 duobus,
3041 1035 3162 1075 cum
3212 1036 3319 1074 una
3367 1021 3616 1076 ecclesiae
3657 1021 3811 1076 sedes

2225 1108 2360 1163 duos
2401 1126 2506 1163 non
2551 1110 2800 1165 admittat
2845 1112 3124 1175 sedentes,
3160 1112 3445 1181 episc0pus
3485 1114 3591 1178 sit,
3625 1112 3815 1167 audire

2226 1202 2405 1269 cupio.
2453 1201 2510 1256 Si
2562 1215 2695 1273 ego‘,
2754 1202 3080 1259 Veronensis
3132 1219 3305 1275 ergo:
3337 1205 3383 1258 si
3425 1204 3543 1270 ille,
3576 1204 3814 1274 repulsis

2225 1308 2343 1347 mea
2391 1308 2498 1348 non
2549 1294 2745 1348 furtiva
2790 1309 2911 1350 esse
2942 1296 3130 1362 debet,
3183 1296 3275 1350 sed
3326 1296 3575 1366 publica,
3628 1311 3697 1351 ne
3743 1297 3815 1351 ob

2225 1382 2417 1437 falsum
2467 1386 2753 1440 contrariae
2788 1386 3112 1456 suspicionis
3141 1402 3444 1452 rumorem,
3476 1396 3671 1443 contra
3717 1402 3818 1444 vos

2227 1473 2408 1544 (1516)
2446 1474 2642 1530 clamet
2689 1477 2930 1532 ecclesia:
2978 1487 3152 1544 terra,
3184 1487 3238 1533 et
3261 1479 3399 1533 sulci
3450 1479 3626 1550 (juxta
3675 1479 3815 1534 Gre-

2225 1566 2455 1635 gorium)
2503 1566 2618 1637 ejus
2650 1582 2771 1622 cum
2801 1584 2884 1623 ea.
2939 1569 3116 1624 Adimi
3153 1584 3366 1639 quoque
3415 1570 3674 1639 episcopo
3701 1570 3813 1638 cpio

544 1658 774 1711 centiam
799 1671 814 1711 :
839 1658 987 1713 illum
1014 1674 1117 1713 nou
1142 1658 1245 1712 alia
1269 1660 1591 1713 necessitate
1615 1672 1835 1727 regnum
1864 1656 2119 1710 ambiisse
2151 1662 2193 1721 Β
2223 1665 2501 1725 scopatum
2523 1697 2537 1720 ,
2569 1668 2860 1727 antequam
2902 1674 3082 1714 causa:
3134 1658 3252 1727 ejus
3294 1660 3475 1716 exitus
3517 1670 3815 1731 appareat,

542 1747 819 1814 Italicum,
853 1749 957 1804 nisi
999 1759 1057 1804 ut
1105 1749 1391 1804 distortum
1434 1764 1531 1820 per
1559 1750 1871 1806 multimoda
1912 1748 2120 1817 injusti-

545 1838 773 1905 tiarum,
824 1838 1125 1907 hujusmodi
1170 1840 1376 1896 scilicet
1416 1850 1473 1895 et
1517 1841 1742 1895 aliarum
1789 1838 2117 1895 irrectitudi-

543 1945 668 1982 num
720 1930 986 1984 volumina
1014 1971 1028 1996 ,
1084 1931 1151 1986 ad
1196 1933 1572 1988 rectitudinem
1619 1932 1939 1988 Christianae
1988 1932 2121 2003 legis

541 2029 810 2091 potestate
851 2023 1118 2093 imperiali
1164 2033 1380 2095 cogeret
1421 2039 1641 2095 regnum
1684 2024 1888 2096 (1515).

612 2113 667 2168 9.
708 2114 1062 2169 Decreveram
1109 2115 1302 2187 igitur,
1334 2128 1393 2172 ut
1418 2118 1597 2172 dicere
1637 2118 1796 2186 cmpi,
1846 2104 2121 2171 monasteé

542 2204 681 2260 rium
730 2206 802 2261 ita
845 2207 1125 2277 expeditus
1167 2216 1381 2277 petere;
1428 2209 1523 2263 sed
1569 2224 1784 2265 rursum
1833 2209 2118 2279 cogitans,

542 2296 596 2349 iu
630 2297 773 2366 quali
811 2300 1002 2354 ordine
1044 2300 1152 2355 illic
1178 2316 1392 2371 quoque
1420 2300 1672 2356 deberem
1701 2316 1821 2357 esse
1839 2342 1854 2368 ,
1882 2300 2119 2370 episcopi

541 2389 777 2453 scilicet,
826 2407 894 2446 an
930 2393 1257 2465 presbyteri,
1303 2411 1370 2449 an
1411 2395 1665 2459 alterius,
1696 2410 1764 2450 an
1810 2395 2007 2449 nullius
2033 2408 2122 2449 or—

542 2483 684 2537 dinis
726 2484 1018 2553 (dicturum
1067 2499 1152 2540 est
1198 2487 1339 2541 enim
1388 2486 1610 2542 forsitan
1659 2486 1853 2556 aliquis
1896 2500 2119 2550 eorum,

542 2573 633 2641 qui
680 2573 779 2627 sibi
827 2584 1141 2647 arrogantes
1197 2577 1371 2632 solent
1417 2577 1469 2634 in
1518 2577 1709 2641 corde,
1762 2577 1905 2632 velut
1956 2576 2121 2631 etiam

549 2660 641 2714 hic
680 2661 1026 2730 publicanus,
1052 2665 1254 2731 dicere,
1295 2666 1419 2735 quia
1464 2681 1567 2722 nec
1592 2681 1714 2721 cum
1755 2666 1912 2721 bonis
1939 2665 2122 2737 (1514)

550 2750 703 2807 laieis
746 2751 805 2805 in
848 2753 1091 2809 ecclesia:
1134 2755 1342 2825 publica
1389 2757 1751 2813 admittendus
1780 2772 1899 2813 sum
1943 2758 2126 2812 statio-

540 2858 614 2901 ne
646 2865 658 2900 :
687 2863 718 2901 e
772 2848 985 2902 diverso
1014 2847 1238 2904 forsitan
1272 2848 1406 2904 alius
1426 2889 1440 2914 ,
1472 2858 1622 2906 tanto
1644 2849 1889 2922 dignior,
1918 2850 2122 2920 inquit,

545 2946 749 3004 quanto
785 2935 993 3008 ﬂagello
1034 2938 1290 3011 attritior)
1319 2958 1329 2993 :
1357 2940 1625 3009 ﬂuctuans
1661 2943 1803 2997 inter
1848 2942 1965 2998 haec
2008 2943 2127 2998 ani-

2223 1753 2405 1798 utrum
2457 1745 2551 1800 ulli
2591 1745 2899 1801 Christiano
2943 1748 3112 1804 videri
3158 1747 3281 1817 jure
3328 1750 3530 1819 possit,
3566 1765 3598 1804 a
3633 1756 3817 1805 vestri

2206 1836 2549 1921 paternitate
2604 1838 2726 1893 volo
2775 1838 3021 1905 discere;
3075 1855 3197 1893 nam
3254 1841 3420 1895 miser
3449 1855 3552 1912 ego
3605 1851 3663 1896 et
3706 1842 3815 1896 im-

2221 1928 2583 1997 peritissimus
2627 1929 2792 1983 multa
2835 1930 2939 1985 mei
2988 1945 3152 1985 causa
3190 1932 3514 1999 perquirens
3566 1940 3621 1985 et
3678 1930 3817 1985 rele-

2221 2035 2354 2090 gens
2375 2061 2388 2086 ,
2419 2036 2682 2090 nusquam
2715 2022 2815 2076 hoc
2844 2022 2992 2091 potui
3022 2023 3283 2078 invenire.
3317 2020 3471 2089 Quod
3501 2022 3547 2077 si
3579 2022 3703 2077 talis
3735 2032 3818 2077 est

2221 2110 2409 2181 culpa,
2454 2112 2862 2168 convenientius
2890 2112 3139 2178 videtur,
3184 2119 3245 2167 ut
3292 2110 3624 2182 degradatus
3666 2111 3821 2182 prius

2220 2211 2407 2257 careat
2450 2201 2659 2270 ofﬁcio,
2706 2213 2829 2274 post
2887 2203 3197 2275 episcopio,
3242 2218 3310 2258 ne
3355 2218 3463 2258 non
3504 2201 3686 2271 juste,
3723 2203 3821 2260 sed

2223 2290 2444 2347 inimice
2487 2291 2737 2346 videatur
2763 2300 2970 2347 actum.

2295 2382 2382 2438 10.
2424 2381 2502 2439 Ne
2531 2383 2697 2454 igitur
2734 2383 3062 2441 criminosus
3106 2383 3294 2440 videar
3329 2382 3696 2449 criminatus,
3723 2391 3823 2437 aut

2224 2475 2384 2547 fugax
2442 2485 2765 2546 provocatus
2797 2517 2811 2542 ,
2859 2477 3193 2532 audientiam
3250 2491 3382 2548 rogo
3415 2517 3431 2543 ,
3482 2475 3819 2530 audientiam

2223 2569 2437 2641 ﬂagito,
2468 2572 2880 2642 invasoremque
2925 2570 3169 2627 ecclesiae
3214 2585 3351 2626 meae
3395 2584 3519 2625 cum
3574 2569 3696 2640 ipso
3726 2584 3823 2639 pa-

2225 2672 2431 2718 storum
2478 2662 2718 2719 omnium
2761 2671 2983 2734 pastore
3030 2662 3309 2718 audaciter
3353 2660 3529 2716 furem
3571 2660 3820 2717 vocitaus

2225 2761 2281 2808 et
2317 2752 2581 2810 latronem
2634 2753 2816 2826 (Joan.
2854 2770 2888 2808 x
2913 2794 2930 2821 ,
2965 2754 3039 2825 1),
3083 2753 3213 2824 quia
3258 2752 3474 2813 aliunde
3529 2750 3818 2817 ascendit,

2226 2864 2336 2905 non
2392 2864 2491 2920 per
2543 2849 2745 2904 ostium
2798 2847 3092 2913 introivit,
3142 2845 3380 2919 (etenim
3435 2845 3656 2901 vivente
3699 2843 3820 2899 viro

2228 2939 2431 3017 nubere
2458 2940 2613 2995 alteri
2653 2937 2837 3012 [1517]
2869 2954 2976 2994 non
3007 2938 3297 2995 dimittitur
3325 2936 3522 2992 mulier
3550 2936 3818 3006 legitime)

550 3042 703 3092 mus,
748 3028 833 3082 cui
881 3029 1059 3098 potius
1100 3045 1376 3085 assensum
1425 3033 1689 3101 praebeat,
1736 3033 1967 3104 ignorat.
2022 3032 2200 3095 Ve-C
2232 3030 2391 3103 55.5
2419 3046 2602 3086 coram
2648 3029 2951 3101 apostolatu
3000 3037 3197 3086 vestra:
3235 3028 3390 3084 sedis
3432 3028 3502 3082 ad
3538 3036 3820 3082 certamen

546 3121 824 3191 ridicoque
871 3130 1020 3190 post,
1065 3130 1120 3177 et
1163 3123 1266 3179 hoc
1320 3124 1594 3192 insperato
1635 3125 1796 3200 5M
1822 3127 2129 3198 percipiens

548 3208 754 3276 relatu,
799 3211 931 3265 mihi
974 3211 1041 3266 ab
1065 3213 1273 3268 aemulis
1303 3216 1545 3284 qumdam
1586 3216 1743 3285 objici
1765 3260 1779 3284 ,
1806 3235 1906 3289 pro
1931 3219 2129 3290 quibus

551 3317 657 3356 non
704 3302 791 3367 vi,
840 3302 933 3357 sed
971 3300 1127 3370 jure,
1172 3304 1471 3361 ministerio
1516 3309 1830 3364 sacerdotali
1862 3328 1948 3367 me
1976 3326 2126 3366 asse-

551 3402 674 3448 raut
723 3395 921 3465 privari
954 3409 968 3448 :
997 3411 1219 3461 verens,
1268 3412 1337 3452 ne
1381 3399 1497 3453 haec
1540 3400 1645 3454 mei
1695 3402 1869 3456 cessio
1912 3405 1994 3457 vel
2036 3421 2126 3473 pa-

548 3485 735 3540 tientia
755 3526 771 3549 ,
817 3485 1045 3556 alicujus
1076 3486 1328 3553 alterius,
1386 3491 1669 3559 praesentis
1698 3493 1904 3547 scilicet
1930 3504 2022 3549 aut
2052 3497 2128 3549 fu-

550 3577 694 3641 turi,
723 3575 815 3631 ﬁat
842 3577 1105 3647 depositio
1120 3595 1148 3633 a
1164 3579 1423 3649 dignitate
1448 3583 1663 3651 propria
1688 3582 1962 3654 (proclivis
1984 3587 2126 3641 enim

550 3683 766 3738 semper
810 3678 893 3723 est
935 3669 988 3723 in
1039 3671 1306 3727 deteriora
1365 3672 1563 3728 veteris
1616 3672 1745 3729 Adae
1794 3676 2123 3744 posteritas;

532 3758 808 3828 nulloque
830 3759 1097 3816 existente
1126 3762 1214 3829 qui
1243 3773 1479 3832 opponat
1501 3779 1561 3819 se
1601 3780 1816 3820 murum
1847 3781 1945 3835 pro
1969 3768 2129 3823 domo

548 3848 752 3912 Israel,
803 3858 952 3905 stans
997 3851 1048 3905 in
1098 3854 1339 3922 praelium
1400 3855 1452 3907 in
1506 3854 1593 3909 die
1644 3854 1855 3910 Domini
1910 3857 2126 3929 [Ezccln

554 3957 671 4004 xm,
712 3940 801 4013 5];
854 3944 1143 3997 verendum
1193 3953 1275 3998 est
1313 3944 1495 4016 [1515]
1546 3962 1610 3999 ne
1668 3961 1891 4015 serpens
1938 3964 2033 4017 per
2068 3949 2130 4003 li—

556 4033 787 4097 centiam
845 4032 1038 4089 vulnus
1089 4034 1142 4087 in
1201 4033 1439 4089 futurum
1496 4034 1664 4099 multo
1717 4034 1810 4105 llat
1857 4038 2127 4105 deterius,

574 4284 583 4293 .
625 4234 806 4305 (1513)
846 4232 979 4289 Vide
1008 4250 1073 4288 ne
1103 4249 1166 4288 ex
1199 4249 1329 4288 voce
1356 4233 1612 4305 imperiali
1640 4235 1915 4291 existimes
1934 4276 1949 4300 ,
1978 4235 2135 4291 Ottoo.

550 4303 673 4376 nem
723 4303 1032 4376 1,1quando
1082 4306 1192 4359 lucc
1240 4305 1439 4372 scripta
1485 4303 1737 4376 fuerunt,
1779 4320 1870 4360 seu
1914 4309 2130 4376 quando

553 4375 761 4447 Italiam
805 4375 1108 4447 ingressus,
1162 4376 1382 4429 Verona:
1436 4374 1743 4447 episcopum
1790 4374 1994 4431 invenit
2024 4378 2133 4433 Mi-

557 4445 770 4507 'onem,
819 4443 928 4514 ja'm
976 4446 1041 4498 ad
1096 4446 1375 4514 imperium
1435 4443 2019 4515 fuisse'assumptum;
2072 4464 2134 4504 ac

556 4515 785 4584 proinde
831 4518 970 4570 hanc
1008 4515 1320 4586 epistolam,
1362 4516 1542 4586 serius
1592 4516 1759 4571 multo
1806 4531 1968 4586 quam
2020 4533 2135 4574 cre-

556 4586 765 4661 dimus,
812 4594 1089 4661 exaratam
1133 4584 1325 4661 ἷιιίεςς.Δ
1362 4584 1643 4654 Nunquam
1673 4584 2139 4661 enimliatherius

562 4656 665 4710 hac
696 4656 748 4708 in
779 4655 999 4724 epistola
1025 4654 1285 4711 Ottonem'
1314 4654 1688 4722 imperatorem
1707 4696 1721 4717 ,
1753 4664 1845 4709 aut
1873 4657 2137 4711 Caesarem

561 4725 840 4791 nominat,
883 4735 938 4778 ut
985 4726 1034 4776 in
1082 4724 1203 4779 aliis
1244 4724 1495 4787 operibus
1532 4734 1652 4794 post
1688 4725 1898 4779 initium
1949 4727 2017 4779 ab
2063 4743 2129 4782 eo

557 4796 841 4861 imperium
882 4794 1094 4862 scriptis
1135 4801 1445 4847 constanter
1484 4796 1790 4849 nominasse
1832 4795 2128 4863 deprehen-

554 4865 734 4927 ditur;
782 4865 874 4920 sed
918 4876 1096 4933 regem
1143 4872 1348 4918 tantum
1401 4865 1451 4918 in
1492 4866 1678 4918 eadem
1730 4865 1981 4933 appellat.
2015 4866 2124 4921 Ad-

550 4933 808 5003 jectivum
850 4933 1103 5000 imperiali
1135 4934 1243 5002 regi
1277 4934 1437 4987 etiam
1477 4934 1767 4989 convenire
1799 4949 1956 5001 posse
1982 4945 2128 5002 patet

556 5002 626 5057 ex
680 5002 769 5054 lib.
816 5018 881 5056 Ill
927 5003 1340 5071 Przploquiurum
1418 5020 1563 5060 num.
1613 5003 1702 5067 22,
1761 5003 1848 5057 ubi
1899 5013 2126 5069 auctor,

557 5071 685 5142 licet
730 5087 909 5141 regem
968 5073 1368 5142 alloqueretur,
1437 5074 1559 5126 dum
1613 5071 1789 5129 nullus
1851 5084 1959 5129 tum
2011 5085 2131 5129 erat

559 5141 874 5213 imperatur.
922 5143 1022 5196 Aut
1069 5141 1177 5206 tui,
1226 5142 1771 5213 inquit,rimperialis
1808 5153 1928 5201 sunt
1967 5144 2130 5213 juris.

564 5210 731 5281 Recte
776 5221 951 5265 autem
993 5213 1208 5281 scripsit
1234 5212 1525 5266 Ratherius
1563 5212 1708 5281 illum
1746 5210 1997 5267 Ottonem
2032 5231 2135 5281 non

561 5279 668 5334 alia
730 5282 1027 5334 necessitate
1075 5279 1285 5348 regnum
1335 5281 1575 5334 ambiisse
1625 5279 1869 5336 Italicum
1921 5279 2137 5348 (quibits

2231 3123 2552 3178 canonicum
2597 3137 2865 3194 provoco,
2910 3136 2975 3177 eo
3023 3121 3218 3187 etiam,
3264 3119 3309 3175 si
3350 3128 3546 3175 vestrae
3575 3118 3821 3175 domina-

2231 3213 2360 3269 tioni
2392 3214 2597 3283 placet,
2640 3222 2858 3279 tenore,
2908 3220 2965 3266 ut
3012 3211 3124 3267 sive
3170 3225 3270 3281 pro
3308 3225 3426 3275 me,
3457 3210 3573 3265 sive
3603 3224 3703 3281 pro
3728 3207 3820 3264 illo

2230 3306 2312 3360 lex
2351 3305 2645 3361 obtinuerit
2691 3303 3055 3373 episcopium,
3092 3301 3178 3357 cui
3208 3301 3362 3356 vobis
3405 3300 3582 3354 visum
3622 3299 3819 3362 fuerit,

2232 3395 2483 3451 tribuatis
2533 3404 2738 3450 tantum
2798 3396 2850 3449 in
2910 3394 3137 3449 Domino
3187 3410 3201 3447 :
3252 3384 3485 3462 prteesse
3534 3392 3684 3446 enim
3732 3391 3819 3445 ul-

2231 3486 2399 3541 terius
2439 3500 2545 3541 non
2578 3484 2935 3554 concupisco,
2968 3483 3010 3537 si
3042 3482 3331 3553 prodesse,
3373 3489 3431 3534 ut
3460 3488 3655 3546 antea,
3688 3479 3818 3535 unlli

2229 3576 2403 3632 valeo.

2301 3689 2387 3743 11.
2429 3687 2726 3744 Oﬂ'enderit
2762 3703 2914 3753 sane,
2975 3687 3156 3754 timeo,
3223 3692 3421 3740 vestrae
3466 3683 3819 3754 paternitatis

2230 3781 2654 3836 sincerissimum
2674 3780 2936 3843 auditum,
2968 3778 3129 3848 paqu
3151 3792 3313 3848 quam
3335 3775 3517 3831 decuit
3546 3775 3818 3837 severior,

2229 3877 2284 3923 et
2317 3869 2471 3937 quasi
2513 3868 2779 3923 invectiva
2838 3868 2890 3922 in
2944 3866 3286 3921 adversarios
3325 3864 3539 3929 oratio;
3569 3863 3665 3919 sed
3694 3870 3819 3932 peto

2233 3959 2441 4014 veniam
2487 3958 2602 4013 dari
2658 3957 3026 4013 atllictissimze
3074 3952 3547 4027 pusillanimitati._
3587 3951 3728 4007 Nam
3771 3952 3818 4006 si

2232 4050 2605 4119 cornpatientis
2629 4060 2683 4105 et
2718 4064 2825 4104 non
2848 4047 3192 4119 dedignantis
3218 4061 3350 4118 erga
3382 4059 3562 4099 meam
3588 4043 3820 4099 utamini

2232 4228 2466 4299 comitiis
2508 4226 2836 4301 Augustanis
2862 4220 3627 4301 cederet_anno_95n2_;~unde
3655 4220 3819 4301 docu-

2232 4291 2659 4354 menta'exstant
2689 4298 2814 4350 anni
2856 4296 2954 4350 951
2995 4305 3049 4350 et
3092 4294 3324 4349 ineuntis
3365 4291 3501 4353 952,
3537 4292 3590 4345 in
3623 4292 3822 4359 quibus

2236 4370 2475 4440 ejusdem
2508 4366 2719 4440 Ottouis
2756 4366 3105 4440 regisannus
3139 4364 3190 4418 in
3224 4361 3381 4440 Italia
3404 4363 3613 4440 primus
3643 4362 3821 4440 signa-

2241 4431 2346 4495 tur.
2379 4438 2511 4492 Vide
2551 4437 2772 4493 Collert.
2811 4431 3089 4504 diplomat.
3139 4432 3382 4504 canonici
3428 4431 3495 4484 de
3544 4431 3819 4504 Dionysiis

2240 4527 2359 4582 pag.
2393 4508 2511 4570 117;
2544 4508 2722 4582 11§_et
2751 4500 3352 4582 1‘20,_a_chur_a_tgrituu
3379 4500 3576 4554 Annali
3602 4500 3819 4572 dfltalia

2242 4572 2706 4649 advannum951,
2739 4593 2861 4649 pag.
2886 4572 2994 4649 Δ575
3022 4584 3078 4629 et
3104 4574 3227 4649 377.

2312 4647 2494 4722 (1514)
2533 4648 2697 4722 apud
2730 4639 3021 4722 Alflierittm
3056 4645 3146 4714 qui
3191 4659 3280 4722 nec
3323 4656 3448 4722 cum
3489 4639 3663 4722 bonis.
3710 4639 3820 4695 No-

2242 4710 2495 4781 vis‘simus
2533 4710 2805 4786 Spicilegii
2847 4718 3022 4770 editor
3054 4710 3536 4786 etiien_tlavit_quod
3573 4727 3669 4763 nec
3702 4726 3815 4763 cum

2235 4792 2399 4844 bonis.
2447 4780 2785 4842 Prwtulimds
2834 4782 3219 4853 Chapeauvillii
3268 4780 3553 4835 lectionem
3584 4820 3601 4845 ,
3653 4796 3815 4849 quant

2233 4857 2513 4931 Lohiensis
2542 4859 2715 4931 codex
2755 4857 2993 4911 exhibet.
3185 4922 3207 4931 _
3266 4922 3278 4931 .
3302 4921 3314 4931 .
3423 4918 3436 4931 .

2256 4924 2263 4933 ’
2304 4929 2486 4995 (1515)
2526 4927 2837 4981 Addidimus
2864 4936 3027 4981 estex
3058 4940 3156 4979 ms.
3185 4922 3460 4995 Lobiensi.

2306 4988 2488 5070 (1316)
2528 4998 2666 5070 Editi
2720 5007 2901 5070 contra
2949 5012 3064 5070 nos.
3115 4991 3464 5070 gorreximus
3509 5003 3580 5044 ex
3627 4988 3811 5044 eodem

2243 5063 2553 5140 collice,'et
2585 5067 2705 5136 jure
2742 5067 2955 5140 quidem
2990 5081 3004 5130 ;
3046 5063 3248 5140 indicat
3290 5063 3497 5140 euim,_
3526 5074 3681 5140 suam
3715 5076 3819 5140 ,ιν-

2242 5130 2637 5211 pulsiouemab
2678 5130 3123 5211 episcopatu,_ut
3157 5133 3316 5211 juxta
3358 5138 3551 5211 esset,
3564 5130 3816 5211 debuisse

2241 5200 2361 5269 esse
2409 5200 2725 5277 publicam;
2757 5200 3355 5277 seu’publicojudicio
3401 5200 3753 5277 constitutam
3798 5216 3810 5248 :

2242 5280 2376 5334 alias
2411 5268 2656 5331 'Ecclcsia
2696 5268 3050 5348 reclamaret,
3090 5268 3412 5348 si'poutil'ex
3456 5269 3813 5348 repulsioneai
