4044 5348
271 335 380 397 66$

1707 349 2091 412 EPISTOLIE.

3440 365 3545 422 666

271 451 560 507 miseriam
611 453 824 546 aﬂ‘ectu,
881 458 1162 516 advertere
1211 459 1631 533 prudentissima
1670 464 1856 538 (1518)
1887 471 1934 527 Α
1963 469 2140 535 niens,
2192 471 2524 542 compulsus,
2584 474 2928 542 eharitatem,
2963 479 3134 535 sicubi
3173 490 3278 547 est,
3305 483 3544 553 requiro,

269 555 476 602 vestrae
522 544 741 616 pietatis
795 552 994 618 poterit
1031 554 1288 623 dignatio,
1335 571 1422 612 me
1461 555 1621 611 isthic
1657 557 1864 612 nullum

274 632 424 692 aliud
474 637 689 692 illorum
737 639 980 708 tetigisse
1035 644 1247 710 vitium,
1286 647 1387 702 nisi
1413 647 1557 716 quod
1589 648 1656 702 ad
1685 663 1863 702 meum

274 729 387 781 illis
448 725 768 785 famulatum
802 737 904 786 'cst
947 733 1351 790 detrimentum.
1407 736 1598 791 Testor
1652 753 1784 791 vero
1813 746 1868 792 et

272 823 687 888 promptissime
710 820 899 886 Deum,
923 825 1178 880 maluisse
1205 843 1289 882 me
1312 828 1494 898 (1519)
1520 829 1572 882 in
1598 845 1706 884 uno
1737 830 1867 884 Pro-

272 907 354 969 bi,
380 910 432 961 in
461 917 638 964 altero
667 927 846 968 mores
875 909 1170 983 Ambrosii,
1204 935 1364 989 quatn
1391 919 1590 989 aliquid
1622 921 1868 976 invenire

275 1000 425 1066 quod
450 1016 729 1070 carperent
759 1005 986 1070 sinistri,
1013 1023 1200 1062 eorum
1235 1011 1466 1064 maxime
1501 1026 1621 1080 qum
1649 1012 1865 1081 pertuli.

276 1083 508 1153 Verum,
541 1102 599 1144 ut
633 1092 683 1146 in
702 1092 1038 1164 breviloquio
1060 1099 1516 1168 comprehendam
1545 1101 1688 1169 quod
1715 1113 1862 1170 opto,

1967 561 2412 635 ingeminansque
2441 567 2758 635 clamorem,
2793 585 2968 626 meam
2997 580 3055 627 ut
3083 575 3336 644 respiciat
3363 575 3552 645 implo-

1967 667 2029 705 ro
2077 653 2466 711 calamitatem.
2523 657 2801 729 Nusquam
2851 663 2997 717 enim
3051 663 3231 734 aliqua
3286 665 3418 720 mihi
3459 667 3547 723 vel

1966 741 2183 812 hospitii
2214 746 2369 815 quies
2399 764 2415 814 ;
2447 765 2714 820 nusquam
2740 752 2957 822 aliquod
2989 753 3300 826 suﬁ‘ugium,
3335 757 3437 812 nisi
3462 757 3546 812 lo-

1967 845 2062 886 cus
2110 835 2562 904 misericordium,
2619 856 2804 895 eormn
2863 844 3048 913 utique
3072 846 3268 913 quibus
3303 847 3356 900 in
3384 846 3550 903 corde

1966 921 2205 991 loquitur
2243 927 2590 998 Evangelium
2639 949 2651 984 :
2696 929 2827 986 Cum
2873 933 3002 1002 facis
3026 937 3306 1005 prandium
3330 948 3420 991 aut
3443 955 3548 993 cm-

1967 1027 2110 1077 nam,
2143 1031 2266 1068 voca
2292 1034 2567 1088 pauperes,
2595 1031 2639 1074 et
2691 1022 2873 1077 beatus
2913 1027 3036 1090 eris,
3076 1029 3198 1097 quia
3229 1045 3332 1083 non
3360 1030 3551 1084 habent

1969 1103 2249 1158 retribuere
2274 1107 2407 1172 tibi;
2462 1110 2776 1164 retribuetur
2803 1115 2938 1167 enim
2975 1115 3069 1168 tibi
3088 1118 3142 1170 in
3173 1119 3552 1174 resurrectione

275 1187 376 1232 aut
411 1179 805 1237 Veronensium
849 1199 969 1240 esse
1020 1189 1331 1252 convincar,
1392 1198 1483 1243 aut
1529 1205 1867 1259 nequaquam
1959 1195 2228 1263 justorum
2261 1196 2411 1268 (Luc.
2447 1217 2553 1266 xtv,
2584 1202 2692 1273 12).
2729 1203 3074 1261 Metuendum
3110 1223 3326 1277 quoque
3371 1209 3552 1265 divitis

274 1270 567 1340 episcopus
597 1290 610 1337 ;
660 1275 1018 1331 universalem
1073 1278 1256 1350 (1520)
1291 1296 1522 1350 namque
1553 1297 1637 1336 me
1669 1297 1870 1351 praesu-

273 1361 384 1416 lem
415 1378 538 1419 esse
574 1381 676 1420 non
704 1369 1058 1437 consequitur
1094 1371 1383 1436 ullatenus,
1409 1383 1464 1427 et
1501 1375 1660 1428 taedet
1689 1390 1774 1427 me
1810 1373 1866 1428 in

275 1455 383 1508 hoc
409 1455 493 1508 vel
521 1471 727 1522 errare,
753 1458 837 1511 vel
865 1461 1084 1514 errandi
1108 1461 1228 1516 aliis
1254 1479 1448 1517 causas
1479 1463 1722 1531 praebere
1746 1463 1867 1516 diu-

277 1548 407 1599 tius.
438 1545 556 1602 Non
585 1550 894 1618 pontiﬁcem
924 1567 1134 1622 quoque
1161 1554 1484 1624 pontiﬁcalia
1515 1571 1865 1625 praesumere,

275 1637 466 1704 quanti
516 1637 586 1690 sit
643 1640 889 1710 periculi,
959 1649 1109 1695 tanto
1170 1644 1348 1697 minus
1396 1643 1544 1697 valeo
1597 1643 1867 1714 ignorare,

275 1738 487 1798 quanto
541 1731 877 1801 frequentius
928 1737 1122 1792 missas
1151 1736 1384 1807 aliquem
1436 1738 1695 1793 laieorum
1727 1738 1870 1793 cele-

1968 1285 2116 1338 avari
2167 1289 2494 1356 exemplum,
2547 1293 2639 1360 qui
2705 1309 2810 1348 non
2853 1296 3160 1364 advertens,
3191 1313 3286 1352 cur
3311 1297 3551 1355 Lazarus

1969 1383 2096 1429 ante
2119 1373 2342 1444 jannam
2372 1380 2491 1449 ejus
2515 1380 2704 1449 jacere
2731 1383 2893 1440 fuerit
2927 1389 3225 1455 permissus
3249 1389 3402 1458 (Luc.
3437 1405 3548 1456 xvt,

1968 1462 2091 1534 20);
2123 1467 2264 1520 unde
2295 1469 2588 1524 maximmn
2612 1480 2835 1542 captare
2861 1475 3031 1529 valuit
3067 1476 3435 1547 refrigerium,
3469 1479 3553 1533 in-

1970 1553 2548 1612 deﬁcuumaeeendere
2580 1559 2764 1615 infelix
2793 1578 2898 1618 non
2924 1567 3182 1633 prtecavit
3208 1567 3550 1636 incendium;

1971 1643 2125 1713 cujus
2155 1644 2378 1701 clamori
2402 1648 2528 1716 quia
2573 1650 2721 1720 pium
2752 1667 2858 1706 non
2889 1655 3136 1709 adhibuit
3171 1657 3434 1721 auditum,
3457 1671 3554 1711 ex-

1971 1747 2158 1804 pertus
2207 1749 2290 1792 est
2337 1739 2390 1794 in
2432 1743 2720 1813 semetipso
2762 1746 3110 1803 veraeissime
3150 1750 3354 1804 dictum
3399 1767 3412 1803 :
3449 1749 3556 1816 Qui

275 1820 440 1875 brare
506 1823 811 1880 nullatenus
872 1841 1198 1895 przesumere
1266 1831 1532 1899 perspicio
1600 1831 1866 1900 quotidie.
1903 1827 1942 1884 Β
1973 1829 2155 1879 avertit
2185 1846 2366 1882 aurem
2413 1849 2563 1885 suam
2597 1851 2627 1887 α
2659 1835 2888 1892 clamore
2919 1841 3188 1909 pauperis,
3217 1851 3265 1894 et
3299 1842 3407 1910 ipse
3439 1841 3555 1895 cla-

276 1913 466 1984 (1521)
513 1915 686 1970 Unum
741 1933 866 1972 vero
910 1934 940 1973 e
978 1921 1133 1976 nobis
1171 1923 1380 1976 duobus
1413 1923 1725 1992 episcopum
1759 1939 1866 1978 non

275 2018 425 2067 esse,
484 2019 607 2059 cum
655 2007 820 2061 etiam
874 2008 1164 2076 infantum,
1213 2012 1393 2081 siqua
1445 2013 1525 2066 eis
1549 2013 1708 2075 inest,
1737 2013 1871 2067 satis

277 2093 568 2148 evidenter
622 2096 798 2150 valeat
827 2101 1290 2168 comprehendere
1330 2101 1509 2165 ratio;
1543 2102 1666 2171 quis
1689 2112 1871 2156 autem

279 2192 527 2239 nostrum
579 2185 670 2248 sit,
711 2196 905 2242 vestrae
933 2190 1326 2258 pastoralitatis
1355 2192 1650 2246 decernere
1677 2191 1874 2248 debeat

278 2275 555 2345 provisio;
610 2277 814 2349 absque
840 2280 1076 2335 maximo
1106 2281 1295 2346 vestri,
1331 2281 1374 2335 si
1411 2283 1593 2336 dicere
1621 2281 1870 2347 audeam,

278 2367 527 2437 periculo
564 2371 1020 2440 (quandoquidem
1058 2373 1427 2428 controversia
1457 2373 1580 2427 inde
1624 2381 1742 2428 orta
1765 2371 1871 2443 est)

281 2457 650 2516 indiscussum
673 2461 976 2531 relinquere
997 2477 1100 2516 non
1131 2463 1324 2519 valetis
1345 2463 1586 2518 omnino.

752 2551 917 2625 54.6
949 2552 1291 2608 EPISTOLA
1322 2553 1409 2608 γι.

712 2662 779 2699 an
809 2660 979 2702 enses
1003 2663 1224 2703 FIDELES
1249 2647 1455 2719 (1522).

356 2735 500 2790 Idem
530 2736 1143 2802 miser,iufelicissimus
1173 2749 1229 2795 et
1267 2739 1700 2810 deeeptissimus,
1753 2755 1874 2809 pro-

285 2829 727 2900 missiloquorum
753 2831 937 2902 (1525)
965 2831 1151 2903 ﬁguris
1191 2833 1633 2905 etzenigmatibus
1670 2837 1872 2892 affatim

285 2922 544 2984 Satiatus,
561 2921 752 2992 bisque
765 2923 922 2978 [idem
940 2923 1165 2979 ulterius
1181 2925 1438 2982 adbibere
1459 2935 1515 2982 et
1527 2929 1877 2998 experientia:

287 3011 609 3082 magisterio
614 3011 728 3080 jam
755 3013 914 3068 nimis
942 3029 1066 3070 sero
1081 3015 1410 3086 prohibitus,
1429 3019 1680 3075 omnibus
1703 3020 1876 3091 legem

287 3101 492 3159 Christi
515 3104 743 3174 implere
765 3105 1090 3163 volentibus.

359 3194 414 3248 1.
458 3173 712 3250 Villicatu
759 3198 1002 3253 concessi
1054 3199 1399 3268 praesulatus,
1451 3201 1554 3257 hoc
1590 3213 1674 3257 est
1715 3201 1881 3258 Vero—
1907 3173 1953 3237 ο

290 3287 502 3353 nensis,
539 3288 808 3357 privatus,
860 3289 1235 3363 bonorumque
1267 3295 1508 3349 omnium
1539 3294 1880 3353 miserationi

289 3381 592 3450 expositus,
643 3381 830 3438 fodere
877 3392 936 3438 ut
973 3385 1081 3440 huc
1113 3401 1286 3456 usque
1317 3387 1554 3442 inaniter
1583 3388 1882 3446 laborando

289 3473 526 3543 amplius
555 3488 663 3528 non
691 3474 900 3540 valens,
935 3477 1387 3533 remunerationis
1409 3479 1637 3534 denario
1662 3494 1882 3549 carens,

290 3579 596 3634 expersque
649 3567 946 3622 omnimodi
981 3568 1242 3634 redditus,
1285 3567 1469 3640 (1524)
1500 3571 1642 3639 quod
1670 3585 1886 3641 semper

289 3656 508 3721 erubui,
541 3671 642 3711 seu
666 3657 876 3710 scilicet
900 3656 1167 3727 superbiae
1201 3667 1353 3724 nota,
1386 3673 1482 3723 seu
1513 3661 1887 3728 recuperatio-

292 3749 377 3803 nis
417 3750 616 3805 ﬁducia
668 3751 814 3820 (quia
844 3751 1027 3806 omnia
1079 3752 1403 3806 videbantur
1432 3752 1754 3820 tolerabilia,
1788 3769 1885 3825 spe

291 3839 670 3909 perfruitionis
709 3839 826 3908 ejus
855 3858 960 3897 una
989 3845 1202 3907 saltem,
1243 3843 1288 3898 si
1336 3845 1582 3910 daretur,
1625 3845 1712 3900 die
1736 3861 1885 3901 eom-

288 3933 544 4002 pensata)
581 3933 915 4001 mendicare,
966 3935 1186 3990 tertium
1218 3936 1363 4006 quod
1402 3952 1558 4007 agam
1593 3953 1697 3993 non
1735 3939 1885 3993 inve-

361 4109 547 4181 (1§18)
589 4109 666 4181 Ita
691 4110 830 4163 idem
857 4110 1046 4164 codex.
1064 4111 1351 4175 Aeherius,
1366 4113 1810 4181 prudentissimw.

363 4179 550 4255 (1519)
591 4180 938 4255 Comparatio
959 4181 1118 4255 Probi
1159 4179 1498 4255 imperatoris
1531 4183 1738 4254 llugoni
1768 4186 1884 4255 regi

290 4251 466 4318 magis
495 4251 747 4320 congruit
774 4291 788 4313 ,
831 4266 992 4321 quam
1030 4252 1210 4305 Miloni
1239 4251 1480 4321 isimpliei
1511 4251 1714 4308 comiti.
1747 4251 1885 4310 Cum

289 4334 422 4391 vero
471 4319 633 4389 supra
688 4319 938 4385 numfd,
973 4321 1246 4391 llngonem
1286 4319 1456 4377 levius
1481 4325 1881 4391 perstrinxerit,

290 4389 682 4466 professusque
708 4392 801 4454 sit,
822 4407 901 4466 se,
927 4409 990 4445 ea:
1011 4389 1111 4462 quo
1139 4409 1257 4466 eum
1282 4389 1524 4466 primitiis
1548 4395 1694 4458 vidit,
1725 4389 1884 4466 usque

292 4459 422 4513 dum
448 4459 714 4532 hominem
735 4463 901 4532 exuit,
928 4459 1127 4531 semper
1151 4459 1426 4517 Theodosii
1454 4463 1764 4532 felicitatem
1786 4459 1884 4518 im-

290 4530 665 4605 peratoris_il-li
691 4519 1204 4605 _o'pttzs.~te,_etiidhuc
1231 4534 1345 4600 ejus
1374 4519 1739 4605 recordatione
1762 4552 1884 4605 gra-
1918 4519 1964 4576 D

293 4600 426 4673 riter
481 4602 619 4670 aﬂici
664 4603 885 4673 dolore;
941 4602 1121 4655 Miloni
1173 4613 1353 4657 autem
1403 4603 1587 4657 comiti
1636 4600 1885 4673 graviora

292 4669 465 4741 multo
491 4669 810 4739 opposuerit
836 4690 848 4724 :
877 4689 1034 4727 voces
1061 4675 1111 4724 in
1136 4690 1238 4725 uno
1267 4675 1332 4726 de
1362 4673 1556 4727 Milone
1584 4669 1762 4741 potius
1791 4677 1889 4728 ad-

291 4740 398 4794 huc
456 4744 774 4808 superstite,
815 4759 976 4810 qtmm
1029 4743 1093 4795 de
1127 4742 1347 4809 llugone
1381 4740 1596 4810 jamdiu
1618 4746 1887 4798 exstincto

290 4812 625 4880 accipienda.-
673 4815 944 4866 videntur.
979 4813 1149 4867 Voces
1184 4821 1364 4866 autem
1395 4815 1447 4866 in
1483 4814 1650 4866 altero
1679 4816 1744 4867 ad
1770 4815 1885 4868 Ma—

289 4897 509 4935 nassem
544 4881 604 4935 S.
658 4883 930 4937 Ambrosii
973 4898 1340 4938 successorem
1388 4883 1701 4938 referendas
1753 4885 1886 4938 nihil

289 4953 514 5005 dubiant
542 4963 646 5006 est.
681 4954 808 5006 Post
841 4969 1010 5024 pauca
1045 4970 1308 5021 utrperem
1340 4954 1748 5008 emendavimus
1782 4969 1884 5023 ope

287 5024 650 5091 manuscripti
682 5024 986 5088 Lobieusis,
1015 5040 1135 5077 cum
1159 5025 1208 5077 in
1235 5040 1371 5077 nova
1398 5024 1672 5093 Spieilegii
1698 5025 1884 5079 editio-

290 5108 355 5146 ne
381 5094 648 5148 mendose
680 5094 952 5161 legeretur
981 5110 1237 5161 caperem,
1275 5094 1363 5148 ubi
1389 5103 1573 5148 tamen
1600 5095 1653 5147 in
1687 5096 1886 5150 erratis

285 5165 478 5218 eadem
515 5167 790 5218 correctio
816 5165 1095 5232 ingeritur.

1972 1917 2152 1980 ntabit,
2172 1928 2218 1970 et
2243 1936 2344 1972 non
2368 1923 2680 1977 exaudietur
2709 1923 2890 1995 (Prov.
2919 1945 3034 1993 χχι,
3061 1929 3169 2001 15).
3196 1930 3263 1984 Ει
3288 1931 3406 1984 ideo
3428 1931 3556 1985 dum

1973 2023 2127 2077 aquae
2157 2011 2324 2064 miser
2358 2023 2563 2081 guttam
2587 2025 2814 2084 peteret,
2851 2033 2955 2074 non
2991 2029 3075 2075 est
3097 2023 3406 2087 exauditus,
3430 2023 3557 2092 quia

1975 2114 2080 2153 non
2110 2101 2335 2156 dederat
2365 2120 2378 2167 ;
2405 2113 2460 2157 et
2485 2105 2535 2158 in
2580 2107 2681 2160 hoc
2711 2121 2950 2164 assertor
2979 2113 3050 2165 ita
3103 2112 3328 2183 loquens
3355 2114 3559 2169 veridi-

1973 2206 2072 2245 cns
2099 2207 2112 2243 :
2141 2191 2244 2257 Qui
2267 2193 2493 2248 declinat
2520 2213 2700 2250 aurem
2736 2215 2798 2252 ne
2839 2201 3022 2255 audiat
3042 2201 3226 2274 legem,
3253 2206 3419 2258 oratio
3445 2204 3561 2272 ejus

1975 2281 2072 2333 erit
2110 2282 2446 2336 exsecrabilis
2499 2281 2683 2354 (Prov.
2740 2303 2937 2353 xxviii,
2972 2290 3049 2360 9).
3077 2290 3186 2346 Lex
3227 2301 3407 2347 autem
3436 2309 3560 2348 cum

1975 2369 2142 2440 priori
2172 2371 2370 2428 saeculo
2401 2372 2586 2440 fuerit,
2609 2391 2673 2430 ea
2700 2377 2922 2433 cuilibet
2954 2379 3138 2450 (1525)
3162 2381 3321 2454 547
3351 2384 3562 2452 impen-

1976 2462 2106 2518 dere
2136 2463 2247 2530 alii,
2278 2479 2400 2533 qua:
2425 2465 2528 2520 sibi
2555 2466 2680 2535 quis
2734 2468 2897 2524 vellet
2923 2471 2991 2525 ab
3020 2471 3127 2525 alio
3155 2474 3396 2541 praestari
3427 2491 3442 2539 ;
3473 2489 3562 2530 se-

1976 2567 2150 2622 quens
2185 2569 2422 2625 quoque,
2448 2570 2516 2610 ne
2540 2555 2593 2610 in
2634 2556 2742 2612 ullo
2771 2560 3018 2614 naturale
3041 2560 3310 2617 inhiberet
3334 2565 3559 2632 bonum,

1977 2644 2050 2698 ita
2074 2644 2178 2699 lata
2208 2655 2295 2701 est
2320 2662 2417 2717 per
2443 2648 2768 2720 Decalogum
2809 2668 2822 2705 :
2850 2651 3050 2724 Diliges
3081 2653 3360 2710 Dominum
3387 2656 3555 2711 Deum

1976 2747 2123 2791 tuum
2141 2747 2324 2792 extoto
2340 2740 2681 2806 cordetuo,et
2696 2751 2881 2797 extota
2899 2747 3201 2812 animatua,
3239 2756 3287 2800 et
3315 2763 3380 2801 ea:
3421 2750 3564 2802 omni

1977 2840 2144 2884 mente
2163 2840 2275 2895 tua,
2298 2841 2345 2885 et
2357 2848 2420 2886 ex
2435 2833 2673 2888 omnibus
2688 2835 2884 2890 viribus
2901 2836 3025 2902 tuis,
3043 2849 3089 2892 et
3103 2839 3397 2908 proximum
3417 2847 3566 2893 luunt

1977 2919 2109 2975 sicut
2130 2923 2582 2992 teipsumUllatth.
2605 2941 2739 2989 ml,
2775 2925 3214 2993 37;Deut.vr,5;
3258 2927 3420 2982 Levit.
3449 2943 3564 2994 nx,

1980 3011 2089 3085 18).
2109 3012 2289 3067 Tertia
2313 3014 2412 3068 sub
2435 3015 2610 3086 gratia
2635 3015 2930 3072 scilicetita
2951 3035 2964 3071 :
2985 3017 3127 3072 Alter
3139 3017 3567 3090 alterius(inquit

1982 3122 2151 3176 usque
2172 3106 2356 3180 [1526]
2382 3109 2448 3162 ad
2471 3109 2689 3164 tertium
2711 3111 2908 3165 ccelum
2933 3110 3140 3183 raptus)
3162 3127 3322 3165 onera
3341 3121 3566 3181 portate,

1985 3209 2033 3256 et
2054 3203 2130 3255 sic
2150 3201 2502 3272 adimplebitis
2555 3202 2718 3274 legem
2740 3201 2935 3257 Christi
2971 3201 3114 3270 (Gal.
3142 3217 3220 3266 vr,
3251 3201 3330 3270 2),
3363 3199 3566 3255 Christi

1986 3292 2192 3361 utique,
2223 3291 2448 3347 Christi.
2470 3291 2607 3346 Nam
2637 3293 2752 3363 ipse
2779 3292 3138 3363 interroganti
3160 3291 3398 3355 cuidam,
3423 3289 3568 3360 quod

1985 3393 2132 3439 esset
2157 3384 2464 3440 mandatum
2501 3399 2752 3456 magnum
2782 3385 2836 3437 in
2865 3384 3004 3455 lege,
3032 3399 3154 3439 cum
3186 3383 3423 3454 primum
3455 3395 3568 3436 ma-

1988 3472 2194 3527 ximum
2241 3472 2613 3543 praemisisset,
2651 3472 2947 3528 secundum
3000 3472 3178 3528 simile
3225 3471 3570 3528 conﬁrmavit

1987 3578 2111 3618 esse
2143 3581 2155 3616 :
2191 3563 2281 3632 qui
2307 3571 2366 3616 ut
2413 3573 2468 3617 et
2494 3578 2621 3618 suos
2655 3577 2686 3616 a
2714 3563 2926 3618 caeteris
2955 3570 3261 3633 segregaret
3291 3578 3308 3616 :
3343 3559 3410 3614 In
3445 3561 3571 3628 hoc,

1988 3655 2086 3720 ait,
2129 3663 2436 3724 cognoscent
2480 3669 2676 3718 omnes,
2728 3654 2853 3722 quia
2913 3654 3014 3706 mei
3054 3654 3176 3706 estis
3227 3651 3496 3721 discipuli,
3521 3649 3570 3704 si

1987 3743 2318 3798 dilectionem
2343 3743 2632 3796 habueritis
2659 3743 2728 3795 ad
2751 3743 2969 3796 invicem
2995 3742 3176 3811 (Joan.
3202 3758 3323 3808 xm,
3345 3742 3459 3813 55).

2057 3837 2113 3891 2.
2155 3836 2330 3907 Diligo
2379 3837 2570 3900 Deum,
2616 3836 2798 3906 (1527)
2833 3839 2926 3891 sed
2977 3837 3350 3907 unusquisque
3376 3837 3453 3891 ait
3478 3851 3570 3892 re-

1987 3927 2242 3998 quisitus,
2266 3927 2533 3996 pessimus
2546 3927 2810 3992 omnium,
2834 3925 3000 3982 etiam
3023 3927 3253 3997 quilibet
3277 3937 3568 4022 tyrann'us;

1989 4126 2054 4167 ex
2087 4111 2200 4179 ipsa
2225 4109 2451 4179 cpistola
2479 4109 2611 4162 satis
2637 4108 2926 4180 colligitur.

2062 4181 2243 4252 (1525)
2284 4180 2464 4250 Vulg.,
2494 4179 3112 4252 promissis'loquiorum.
3142 4179 3358 4235 Codicis
3386 4180 3573 4252 lectio-

1990 4247 2112 4307 nem
2140 4247 2460 4319 recepimus.
2494 4247 2890 4320 Promissiloqui
2906 4250 3177 4314 dicuntur,
3195 4252 3285 4318 qui
3305 4251 3573 4320 promissa

1989 4323 2156 4376 meris
2195 4320 2374 4375 verbis
2427 4319 2700 4382 exhibent,
2755 4319 2914 4374 factis
2961 4329 3138 4373 autem
3196 4319 3402 4374 carent.
3444 4319 3576 4375 Post

1990 4409 2160 4462 pauca
2197 4407 2296 4461 pro
2326 4391 2574 4462 adhibere
2603 4389 2767 4462 (quod
2791 4390 3013 4462 verbum
3042 4406 3108 4444 ex
3139 4391 3330 4446 eodem
3359 4406 3458 4445 ms.
3492 4391 3576 4445 in-

1993 4459 2285 4529 seruimus)
2317 4461 2516 4530 vulgati
2550 4459 2820 4514 habebant
2849 4460 3120 4514 adhibens.

2065 4532 2246 4603 (1521)
2289 4529 2556 4603 (ἶοηέιιδιιθ
2607 4530 3006 4603 :dcompulsus
3039 4531 3337 4584 mendicare
3365 4571 3413 4603 ,A
3435 4529 3578 4603 quod

1991 4599 2193 4669 semper
2221 4599 2428 4665 erubui,
2457 4617 2549 4678 seu
2575 4599 2771 4652 scilicet
2801 4601 3057 4678 superbia:
3089 4611 3235 4678 nota,
3265 4616 3355 4652 seu
3377 4599 3577 4678 ﬁducia

1993 4671 2424 4738 recaperntionis,
2463 4670 2513 4723 id
2541 4678 2621 4723 est
2663 4671 3016 4737 recuperandi
3057 4671 3398 4738 episcopatus
3428 4669 3577 4738 (quia

1993 4743 2172 4796 omnia
2188 4741 2500 4794 videbantur
2527 4739 3203 4816 tolerabilia,compensata
3232 4754 3321 4804 spe
3347 4739 3579 4816 perfrui—

1993 4813 2150 4866 tionis
2181 4812 2294 4880 ejus
2323 4811 2508 4864 sultem
2537 4811 2621 4862 die
2654 4827 2782 4875 una,
2813 4812 2857 4861 si
2880 4809 3119 4880 daretur)
3152 4811 3473 4880 compulsus,
3498 4809 3580 4859 in-

1991 4899 2171 4954 quam,
2200 4877 2520 4955 mendicare,
2554 4895 2656 4932 non
2687 4880 2951 4933 inveniens
2990 4877 3199 4955 tertiani
3229 4877 3369 4942 quod
3403 4891 3585 4947 agant,

1996 4947 2048 5009 id
2106 4959 2188 5006 est
2236 4951 2454 5023 tertium
2487 4952 2626 5003 inter
2670 4957 2990 5023 proventum
3035 4947 3233 5023 laboris
3257 4985 3270 5007 ,
3305 4956 3360 4999 et
3394 4960 3589 5023 cense-

1994 5023 2267 5079 cntionem
2316 5013 2706 5092 episcopatus,
2768 5017 2978 5088 requiro
3035 5014 3347 5070 charitatem
3378 5057 3394 5083 ,
3425 5013 3593 5071 sicubi

2097 5135 2111 5149 .
2147 5103 2252 5145 εις.

1994 5103 2252 5232 εδιάὲἓὲ)
2294 5160 2492 5214 Vocem
2552 5155 2993 5234 cuilibet_c0dex
3042 5152 3434 5234 suppeditavit.
3491 5153 3603 5234 Lex
