4044 5348
511 377 613 433 667

1438 373 1767 429 RATHERH
1805 371 2015 429 EPISC.
2056 369 2306 426 VERON.
2345 369 2493 426 OPP.
2532 369 2708 427 PARS
2746 369 2807 425 ll.

3662 369 3760 426 668

510 513 660 559 nam,
711 491 845 562 prob
897 489 1084 543 dolor!
1142 487 1323 544 odium
1377 487 1450 542 ita
1505 502 1887 558 usquequaque
1930 486 2088 540 hodie
2118 489 2165 546 Α
2195 481 2440 535 advertat
2485 481 3063 550 piorumuniversitas,
3087 494 3248 550 quam
3284 480 3498 544 durum,
3531 495 3762 550 quamve

513 582 811 643 almndavit
865 579 1186 643 fraternum,
1243 586 1302 632 ut
1335 577 1535 631 nullum
1583 577 1869 648 gloriosius
1900 577 1951 630 in
1989 591 2088 630 sae-

513 677 638 732 culo
663 669 1054 743 genus(l328),
1084 684 1265 739 quam,
1295 669 1429 738 proh
1455 667 1640 722 nefas!
1673 668 2086 723 homicidarum.

518 767 679 823 Sede
717 765 932 820 diverso
971 761 1291 816 recumbens
1334 775 1496 829 super
1526 761 1698 830 ipsum
1727 760 2091 830 pr:ccipientis

517 863 710 924 pectus
745 870 757 905 :
799 851 859 906 Si
889 851 1027 921 quis,
1065 851 1161 912 ait,
1200 850 1390 903 dixerit
1429 853 1676 920 quoniam
1704 849 1865 920 diligo
1894 849 2089 914 Deum,

519 955 568 998 et
611 944 828 1009 fratrem
868 957 1022 994 suum
1065 941 1250 1004 oderit,
1285 940 1510 993 mendax
1533 949 1649 1003 est;
1699 943 1789 1011 qui
1825 941 2092 994 enimnon

519 1033 692 1099 diligit
741 1031 956 1098 fratrem
984 1046 1157 1091 suum,
1197 1046 1347 1099 quem
1387 1030 1559 1093 videt,
1619 1031 1786 1084 Deum
1813 1047 1963 1100 quem
1990 1047 2093 1084 non

521 1123 676 1184 videt,
705 1118 966 1188 quomodo
997 1127 1157 1186 potest
1184 1118 1398 1187 diligere
1429 1119 1454 1172 ?
1483 1118 1533 1188 (1
1561 1117 1720 1172 Joan.
1744 1136 1818 1184 tv,
1839 1119 1954 1188 20.)
1987 1119 2051 1172 Et
2077 1137 2089 1172 :

525 1211 708 1266 Omnis
746 1211 833 1281 qui
865 1211 971 1264 odit
1021 1210 1238 1279 fratrem
1266 1225 1416 1263 suum
1461 1210 1718 1263 homicida
1748 1220 1822 1264 est
1857 1209 1904 1281 (I
1930 1209 2090 1263 Joan.

522 1316 602 1363 ιιι,
638 1302 748 1370 15).
779 1301 844 1354 Et
877 1317 890 1353 :
935 1298 1095 1354 Scitis
1149 1299 1271 1368 quia
1311 1299 1476 1352 omnis
1516 1299 1778 1352 homicida
1805 1315 1904 1353 non
1943 1299 2095 1352 habet

483 1439 489 1445 .
522 1404 722 1462 partem
749 1392 802 1447 in
833 1407 990 1461 regno
1040 1389 1233 1444 Christi
1265 1398 1312 1444 et
1338 1389 1433 1444 Dei
1453 1390 1669 1460 (Ephes.
1694 1405 1748 1451 ν,
1777 1390 1853 1458 5).
1883 1388 2094 1453 Omnis,

525 1483 721 1552 inquit,
751 1482 950 1546 omnis,
981 1481 1030 1535 id
1065 1488 1148 1534 est
1174 1494 1274 1534 nec
1303 1480 1752 1548 quilibcteorum,
1777 1494 1911 1548 quos
1936 1478 2096 1548 paulo

523 1583 650 1628 ante
701 1573 971 1641 deploravi
1026 1571 1312 1626 infeliciter
1348 1570 1532 1640 (1329)
1587 1569 1965 1640 gloriosorum,
1998 1583 2096 1622 nec

526 1665 722 1732 aliquis
740 1679 866 1718 osor
906 1663 1154 1716 fratrum.
1199 1661 1435 1727 Nullum,
1472 1661 1608 1715 alius
1646 1661 1840 1729 inquit,
1870 1661 1992 1714 odio
2021 1659 2095 1731 [id

525 1764 601 1808 est
651 1755 774 1806 odio
831 1750 1026 1822 habeo]
1069 1750 1458 1805 Christianum.
1500 1750 1641 1818 Ergo
1665 1764 1851 1803 omnes
1880 1749 2092 1819 diligis;

2193 571 2376 642 (1551)
2425 572 2496 625 sit
2546 571 2928 635 rerecundum,
2979 571 3098 640 Opis
3131 583 3189 625 se
3226 569 3461 624 clamare
3502 569 3762 639 indigum,

2193 662 2281 730 qui
2304 662 2557 731 erogandi
2589 662 2825 729 suscepit
2864 659 3117 726 ofﬁcium,
3146 660 3236 730 qui
3268 675 3374 713 non
3414 659 3596 714 minus
3627 659 3765 712 inte-

2193 752 2508 821 rioriquam
2556 753 2810 807 exteriori
2860 752 3228 822 gemebundus
3256 751 3434 805 dicere
3485 749 3630 803 valet
3656 749 3769 802 ino-

2191 845 2279 914 pia
2316 863 2328 898 :
2362 843 2492 898 Tota
2515 845 2598 897 die
2623 844 2928 898 verecundia
2957 859 3069 896 mea
3110 853 3291 895 contra
3327 857 3407 895 me
3428 851 3501 894 est
3524 857 3543 905 ;
3570 851 3618 893 et
3648 855 3770 892 con-

2193 937 2332 1006 fusio
2377 935 2531 1006 faciei
2573 951 2699 989 mea:
2741 935 3002 1003 cooperuit
3045 950 3125 987 me
3167 930 3361 1005 (Psal.
3407 947 3576 996 XLIII,
3638 930 3769 999 16);

2194 1035 2248 1082 et
2293 1043 2413 1081 cum
2459 1025 2765 1080 similibus:
2802 1024 3048 1079 Miserere
3092 1025 3276 1086 nostri,
3327 1022 3569 1086 Domine,
3612 1022 3769 1074 mise-

2195 1133 2305 1170 rere
2345 1117 2530 1180 nostri,
2563 1117 2685 1186 quia
2716 1114 2937 1168 multant
2977 1114 3153 1182 repleti
3203 1130 3383 1167 sumus
3421 1112 3771 1182 despectione,

2193 1209 2316 1278 quia
2381 1208 2602 1261 multum
2661 1207 2851 1276 repleta
2921 1215 2996 1261 est
3052 1207 3228 1259 aninta
3297 1214 3514 1268 nostra,
3584 1218 3774 1271 oppro-

2198 1300 2366 1353 brium
2424 1299 2844 1364 abundantibus,
2903 1309 2951 1352 et
3005 1297 3262 1368 despectio
3312 1295 3548 1366 superbis
3596 1291 3772 1365 (Psal.

2195 1405 2360 1454 cxx",
2388 1389 2466 1458 5).

2267 1484 2321 1538 5.
2361 1481 2494 1537 Cum
2527 1489 2738 1536 constet
2771 1490 2949 1536 autem
3001 1481 3174 1536 nullos
3191 1481 3455 1550 pluribus,
3484 1495 3651 1550 quam
3680 1478 3773 1548 qui

2199 1572 2382 1645 (1532)
2400 1573 2550 1642 plura
2580 1573 2794 1637 habent,
2818 1589 2978 1643 parva
2997 1573 3291 1627 minoribus
3313 1571 3578 1634 suﬂicere;
3607 1572 3775 1625 mire-

2201 1672 2307 1728 tur,
2340 1677 2550 1725 vereor,
2583 1661 2807 1730 alicujus
2840 1661 3145 1730 prudentia,
3178 1661 3440 1729 superiori
3473 1661 3579 1714 mei
3610 1660 3780 1728 ipsius

2197 1749 2556 1820 professione,
2585 1750 2744 1804 domo
2774 1766 2859 1803 me
2888 1763 3102 1819 quoque
3136 1757 3355 1802 carente
3385 1751 3628 1819 propria,
3661 1763 3781 1816 quze

526 1843 661 1898 nihil.
682 1843 826 1896 enim
852 1851 934 1896 est
962 1841 1202 1895 tertium.
1227 1841 1292 1894 Et
1318 1841 1430 1894 haec
1446 1840 1630 1893 estilla
1645 1839 1904 1902 charitas,
1936 1853 2097 1907 quam
2130 1826 2175 1884 Β
2205 1841 2334 1895 mihi
2361 1843 2431 1896 sit
2451 1841 2788 1896 mendicandi
2819 1841 3113 1896 necessitas
3141 1849 3307 1895 tanta.
3339 1840 3416 1894 Ad
3447 1842 3592 1909 quod
3619 1841 3782 1895 satis-

523 1931 813 2000 Apostolus
861 1930 1078 2000 praefert
1127 1930 1289 1984 etiam
1345 1929 1625 1998 martyrio,
1665 1930 1819 1999 cujus
1846 1928 1970 1998 quia
1999 1942 2100 1996 ope

527 2020 874 2076 indicibiliter
895 2019 1079 2092 (1550)
1107 2019 1341 2090 indigeo,
1364 2019 1496 2073 nihil
1519 2018 1729 2074 dulcius
1756 2034 1917 2088 quam
1949 2018 2096 2084 illud,

528 2112 654 2166 dum
687 2112 903 2182 legitur,
927 2112 1127 2177 audio;
1170 2125 1467 2181 omnesque
1504 2121 1560 2165 ut
1590 2112 1730 2166 idem
1761 2118 1983 2182 agerent
2005 2126 2103 2178 op-

527 2209 702 2257 tarem
730 2203 950 2258 omnino
981 2221 993 2256 :
1025 2202 1131 2268 Qui
1173 2202 1411 2256 habuerit
1439 2203 1785 2256 substantiam
1813 2201 2021 2265 mundi,
2054 2212 2102 2256 et

527 2294 710 2348 viderit
727 2295 941 2363 fratrem
956 2311 1108 2347 suum
1127 2309 1328 2346 necesse
1351 2294 1560 2357 habere,
1591 2302 1638 2347 et
1666 2293 1910 2347 clauserit
1938 2295 2102 2347 visce-

530 2401 590 2438 ra
641 2404 734 2439 sua
783 2391 847 2440 ab
875 2403 958 2446 eo,
994 2384 1254 2455 quomodo
1303 2384 1532 2438 Charitas
1575 2384 1668 2437 Dei
1706 2392 1879 2437 manet
1919 2385 1970 2436 in
1993 2401 2052 2436 eo
2081 2385 2106 2437 Ρ

536 2473 588 2543 (1
616 2473 777 2527 Joan.
810 2489 890 2536 ιιι,
920 2474 1030 2544 17.)
1063 2474 1126 2527 Et
1150 2473 1274 2527 alibi
1309 2489 1322 2526 :
1352 2471 1531 2526 Filioli
1555 2473 1794 2535 mei,non
1822 2472 2105 2542 diligamus

529 2565 701 2624 verbo,
734 2581 895 2633 neque
929 2563 1126 2634 lingua,
1157 2564 1246 2617 sed
1273 2579 1424 2632 apere
1438 2573 1485 2618 et
1506 2566 1720 2618 veritate
1751 2563 1803 2619 (Ι
1828 2563 1989 2617 Joan.
2021 2579 2102 2628 ιιι,

533 2655 650 2724 18).
713 2655 778 2709 Et
825 2655 951 2708 illud
1006 2655 1408 2724 psalmographi
1455 2653 1717 2719 :Beatus,
1747 2657 1836 2725 qui
1865 2655 2106 2725 intelligit

547 2763 704 2816 super
732 2762 945 2816 egenum
991 2755 1037 2799 et
1061 2761 1340 2814 pauperem
1364 2744 1535 2816 (Psal.
1562 2762 1651 2812 xc,
1673 2747 1729 2817 2)
1757 2770 1773 2811 ;
1810 2747 1964 2816 cujus
1985 2762 2106 2801 cum

535 2838 905 2912 intelligentia:
964 2838 1128 2910 548
1185 2839 1401 2894 modum
1453 2856 1643 2896 novem
1701 2841 2107 2896 distinctionum

535 2928 729 2984 ﬁdibus
781 2931 1104 3000 descr'ptnm
1155 2946 1184 2983 a
1216 2931 1373 2985 beato
1425 2931 1647 3001 legerim
1686 2930 1966 2999 Gregorio,
1999 2948 2104 2986 non

534 3020 713 3074 minus
739 3020 1121 3076 consolationis
1146 3021 1316 3089 capio,
1349 3036 1472 3076 cum
1497 3021 1550 3074 in
1577 3021 1734 3076 dictis
1763 3029 2003 3091 augusta:
2027 3036 2109 3075 re-

536 3110 865 3165 cordationis
893 3110 1094 3164 Aurelii
1118 3110 1398 3179 Augustini
1423 3110 1682 3178 scriptum
1702 3108 1918 3164 invenio
1945 3127 1958 3162 :
1986 3108 2110 3164 0m-

2201 1931 2450 1986 faciendo
2466 1943 2521 1986 ut
2539 1933 2914 2004 respondeam,
2930 1933 3151 1999 sciatur,
3165 1948 3367 2002 quaeso,
3385 1934 3525 2002 quod
3543 1933 3776 2004 perdito,

2203 2023 2385 2093 (15Ἱ5)
2418 2031 2476 2076 ιιι
2532 2038 2616 2078 me
2658 2038 2781 2094 spes
2824 2021 3012 2078 fefellit
3061 2023 3437 2094 recuperandi,
3483 2023 3780 2094 episcopio,

2201 2112 2346 2167 volui
2387 2116 2732 2179 contendere,
2779 2115 2866 2168 ubi
2899 2123 3158 2184 perpetuo
3184 2114 3542 2184 quiescerem,
3576 2115 3780 2184 aliquo.

2206 2200 2310 2256 Sed
2357 2203 2701 2259 cumulantes
2749 2205 2848 2259 sibi
2905 2205 3086 2276 (1554)
3141 2205 3371 2275 litigcnae
3417 2206 3783 2260 contentionis

2204 2295 2642 2363 prudentissime,
2685 2306 2746 2351 ut
2771 2297 2855 2352 eis
2877 2298 3052 2352 visum
3080 2307 3182 2364 est,
3207 2296 3382 2352 aemuli
3410 2312 3631 2360 causas,
3661 2311 3784 2366 pro-

2204 2397 2532 2442 vocaverunt
2580 2403 2684 2448 me,
2734 2389 3060 2458 quiescendo
3110 2388 3188 2443 eis
3221 2403 3442 2458 parcere
3475 2388 3783 2443 deliberan-

2208 2483 2335 2539 tem,
2365 2476 2684 2544 quibusdam
2703 2478 2992 2546 nbloquiis,
3024 2493 3128 2532 non
3158 2476 3371 2547 quidem
3401 2477 3454 2531 in
3493 2476 3657 2540 facie,
3689 2476 3783 2530 sed

2207 2580 2272 2620 ex
2305 2566 2540 2634 obliquo.
2579 2566 2783 2634 Quibus
2813 2568 2915 2622 nisi
2948 2567 3130 2639 (1555)
3175 2567 3431 2623 canonice
3459 2568 3782 2636 respondeo,

2207 2667 2299 2710 aut
2325 2658 2650 2712 criminosus
2682 2668 2775 2711 aut
2813 2657 2969 2728 fugax
2999 2658 3252 2728 judicor;
3287 2658 3647 2728 pessiunequc
3669 2673 3785 2711 sus-

2207 2747 2434 2817 picionis
2457 2749 2718 2809 cauterio,
2752 2748 2893 2817 quod
2929 2758 3082 2818 gesto
3122 2748 3383 2811 ofﬁcium,
3430 2745 3652 2802 infamis
3687 2748 3782 2800 ad-

2208 2853 2326 2893 um.
2357 2838 2606 2894 Facultas
2655 2848 2836 2894 autem
2865 2839 2992 2893 illud
3021 2838 3202 2907 (1556)
3249 2853 3369 2891 cum
3409 2837 3546 2892 desit
3569 2837 3780 2907 agendi,

2208 2929 2440 2983 maxime
2476 2944 2598 2982 cum
2628 2928 2874 3000 [subaudi
2903 2929 3009 3002 me]
3041 2929 3249 3000 longius
3292 2929 3566 2997 disparato
3598 2927 3780 2996 (1557)

2209 3021 2452 3074 Romana
2486 3022 2556 3076 ob
2611 3023 2714 3076 hoc
2761 3023 2920 3086 adiri,
2968 3022 3011 3076 si
3044 3021 3223 3085 liceat,
3263 3027 3487 3090 cogatur
3518 3019 3778 3081 Ecclesia,

2211 3109 2542 3180 publicisque
2571 3111 2857 3177 vehiculis,
2892 3121 2952 3165 ut
2987 3111 3316 3180 temporibus
3344 3109 3619 3178 quondam
3647 3109 3782 3163 dira:

534 3201 684 3254 uibus
709 3201 916 3271 quidem
948 3201 1184 3270 inopibus
1208 3177 1588 3254 misericordia
1616 3201 1740 3270 jure
1759 3200 1994 3267 debetur,
2019 3200 2109 3254 sed
2136 3177 2180 3238 (ἶ
2213 3177 2486 3254 memoria:
2511 3200 2874 3264 Constantini,
2913 3199 3074 3272 5&9
3095 3177 3380 3269 episcopos
3418 3200 3690 3254 devehere
3715 3198 3782 3251 ad

533 3292 709 3362 major
749 3292 957 3356 quidem
1006 3292 1058 3345 in
1088 3291 1188 3360 Itis,
1234 3293 1322 3363 qui
1361 3309 1424 3345 ea:
1453 3291 1722 3345 nobilitate
1744 3301 1792 3345 et
1831 3293 2027 3346 divitiis
2054 3293 2109 3346 in

533 3387 777 3448 ultimum
807 3396 1001 3440 statum
1042 3386 1374 3450 devenerunt,
1412 3401 1505 3439 nos
1543 3386 1897 3439 miserationis
1932 3385 2107 3454 pulsat

535 3478 795 3546 aﬁ‘ectus;
852 3486 1345 3546 consonantemqne
1391 3476 1516 3531 huic
1564 3474 1973 3546 Hieronymum,
2019 3475 2110 3530 ubi

536 3583 924 3627 commemorat
951 3575 1034 3629 his
1065 3574 1241 3644 potius
1278 3573 1641 3639 tribuendum,
1685 3572 1774 3642 qui
1805 3587 1926 3626 cum
1955 3583 2111 3625 acce-

535 3662 712 3734 perint
737 3664 1080 3718 erubescunt.
1111 3663 1217 3719 Sed
1241 3665 1537 3734 perpendat
1558 3664 1685 3735 (hac
1705 3662 1968 3717 sententia
1997 3675 2112 3715 mo-

536 3758 622 3806 tus
651 3750 762 3820 ipse
792 3754 943 3826 rogo)
973 3755 1359 3818 sincerissima,
1413 3769 1576 3824 quam
1608 3768 1808 3824 quiero,
1847 3753 2106 3818 Charitas,

608 3965 790 4037 (1328)
824 3967 998 4022 Voces
1019 3969 1073 4022 in
1094 3966 1287 4022 stacqu
1309 3984 1470 4036 genus
1499 3967 1678 4022 sensui
1711 3981 2028 4022 necessaria:
2054 3981 2109 4019 in

537 4036 1122 4100 vulgatisexeiderant.

637 4105 795 4177 1529)
835 4107 1046 4177 Yulgati
1074 4116 1402 4177 praetereunt
1423 4105 1719 4174 infeliciter.

637 4175 792 4243 1550)
836 4175 1014 4246 ναις..
1035 4175 1406 4231 incredibiliter
1430 4191 1449 4228 :
1471 4187 1525 4246 et
1551 4177 1671 4230 dein
1703 4190 1802 4246 pro
1831 4189 2109 4244 omnesque

610 4192 792 4243 (ιοου)
841 4192 1014 4299 vutg"
1035 4192 1406 4231 increawuuer
1430 4192 1449 4228 :
1471 4192 1525 4230 et
1551 4192 1671 4230 aern
1703 4192 1802 4246 pro
1831 4192 2109 4244 omnesque

541 4246 1125 4319 perperam_ha_ebant
1156 4263 1331 4319 omnes
1355 4245 1527 4319 quod._
1671 4314 1681 4319 _
1811 4313 1823 4319 _
1989 4313 2026 4319 _
2069 4255 2114 4319 _‘

608 4313 791 4385 (1551)
833 4314 886 4368 In
919 4315 1106 4386 iisdem
1131 4318 1295 4385 vulg.,
1321 4313 1554 4386 quamvis
1573 4355 1587 4380 ,
1611 4314 1788 4386 minus
1811 4313 1967 4367 bene.
1987 4313 2112 4383 Epi-

538 4384 1005 4456 scopusierogandi
1036 4384 1265 4456 suscepit
1297 4384 1516 4456 oﬂicium
1540 4427 1554 4446 ,
1595 4385 1718 4453 quia
1739 4384 2111 4453 eleemosynas

539 4470 604 4511 ex
622 4523 626 4525 Α
646 4455 890 4525 ecclesia:
917 4454 1215 4525 redditibus
1237 4454 1461 4525 erogare
1482 4456 1659 4510 debet.

607 4523 790 4594 (1552)
837 4523 986 4593 Vulg.
1009 4536 1136 4579 ante
1159 4541 1318 4581 voces
1336 4520 1491 4594 quam
1517 4526 1605 4594 qui
1629 4529 1877 4592 repetunt
1902 4520 2106 4594 nullos:

537 4591 638 4662 ope
677 4594 879 4649 codicis
907 4591 1218 4650 delevimus.
1271 4591 1537 4650 construe
1571 4604 1625 4647 et
1669 4591 1874 4661 explica
1906 4609 1922 4645 :
1967 4591 2100 4646 Cum

537 4673 746 4735 constet,
761 4674 933 4735 autem
963 4663 1132 4719 nullos
1156 4665 1382 4735 sufﬁcere
1415 4664 1646 4734 pluribus
1675 4662 1923 4735 (alendis)
1946 4678 2105 4733 quam

536 4736 624 4804 qui
661 4733 850 4805 habent
874 4731 1062 4805 plura;
1093 4731 1253 4805 parua
1273 4731 1502 4805 sufﬁcere
1528 4731 1834 4805 minoribus,
1857 4731 1965 4805 etc.

610 4802 806 4874 (1555)
832 4800 1062 4874 Ιιιγιιιε.
1094 4800 1242 4859 deest
1276 4800 1495 4873 perdito,
1524 4810 1577 4857 et
1613 4803 1736 4856 dein
1771 4801 1964 4874 legitur
1989 4800 2102 4869 epi-

538 4870 719 4940 scbpii.
775 4870 990 4932 Codicis
1015 4870 1328 4928 'lectione'm
1375 4875 1544 4927 secuti
1595 4887 1800 4926 sumus.
1829 4870 2106 4925 ’Construe

538 4957 666 4997 vero
695 4959 708 4995 :
734 4945 955 5006 sciatur,
977 4959 1176 5012 quwso,
1223 4943 1362 5012 quod
1389 4943 1642 5012 episcopio
1667 4941 1890 5012 perdito_,
1918 4951 2105 5012 utspes

539 4961 666 4997 vero
695 4961 708 4995 :
734 4961 955 5006 sciatur,
977 4961 1176 5012 quwso,
1260 4961 1360 4996 uoa
1389 4961 1642 5012 episcOpio
1667 4961 1890 5009 perauo,
1918 4961 1970 4993 ut
1992 4961 2105 5007 spes

539 5012 878 5082 recuperandi
905 5013 1136 5082 ejusdem
1165 4961 1348 5082 [exiuit
1376 5029 1476 5076 me,
1525 5012 1683 5071 volui,
1711 5020 1816 5064 etc.
1848 5008 2001 5075 Quod
2033 5009 2108 5062 ait

540 5080 678 5133 volui
702 5080 1007 5152 contendere
1031 5080 1226 5152 aliqua,
1254 5083 1340 5135 ubi
1365 5093 1608 5151 perpetuo
1631 5082 1964 5152 quiescerem,
1996 5092 2110 5152 m9-

543 5151 836 5188 smclnrinm
865 5147 1127 5188 intallinil'
1203 5152 1270 5188 [Ιυ
1304 5147 1412 5188 min
1442 5147 1491 5188 i'n
1525 5147 1846 5188 nmbmlanti
1882 5147 2106 5188 aninlnla

2213 3293 2438 3347 concilia
2465 3291 2576 3360 jam
2617 3291 2744 3346 olim
2777 3291 3082 3346 desueverit
3129 3291 3517 3360 imperatorum
3562 3288 3783 3344 munifi-

2210 3383 2408 3445 centia,
2457 3383 2560 3436 iter
2601 3382 2703 3436 hoc
2736 3391 2843 3436 tam
2882 3381 3244 3435 necessarium
3299 3380 3556 3434 infectum
3599 3379 3781 3449 (1558)

2210 3473 2484 3528 dimittere
2507 3487 2610 3526 non
2641 3471 2846 3536 volens,
2866 3470 3125 3540 perficere
3153 3484 3255 3522 non
3280 3469 3484 3532 valens,
3518 3469 3781 3522 bonorum

2211 3565 2450 3620 omnium
2488 3566 2538 3618 in
2573 3565 2673 3618 hoc
2697 3580 2796 3633 pro
2847 3563 2940 3617 Dei
2968 3578 3148 3616 amore
3184 3561 3439 3614 auxilium
3478 3574 3631 3628 rogo,
3665 3574 3779 3612 rna-

2212 3659 2384 3712 lorum
2425 3657 2553 3711 nulli
2582 3657 2780 3726 aliquid
2817 3655 3053 3710 inferens
3086 3653 3528 3722 importunitatis,
3570 3651 3660 3720 qui
3693 3666 3784 3704 au-

2211 3747 2396 3802 xilium
2420 3746 2787 3801 tantummodo
2810 3745 2993 3816 ﬂagito
3019 3743 3323 3798 obaritatis.

2283 3967 2465 4040 (1555)
2507 3967 2810 4040 Delcvimus
2861 3984 2966 4040 non
3001 3976 3126 4040 ante
3160 3966 3289 4030 nisi,
3339 3963 3480 4035 quod
3527 3971 3784 4040 qundam

2213 4033 2407 4110 praeter
2436 4033 2810 4110 aui-toritatem
2852 4037 3053 4110 codicis
3075 4074 3090 4098 ,
3128 4051 3290 4110 quam
3317 4033 3514 4104 praeter
3535 4033 3780 4086 Ratberii

2213 4105 2446 4163 mentem
2473 4106 2669 4176 vulgati
2711 4108 2970 4160 inserunt.
3003 4105 3176 4176 Innuit
3203 4105 3348 4158 enim
3378 4114 3588 4176 auctor,
3610 4119 3670 4157 se
3698 4110 3787 4155 aut

2212 4173 2589 4239 criminosum,
2637 4187 2729 4230 aut
2756 4175 3388 4244 fugacemjudicandum,
3429 4173 3531 4227 nisi
3567 4188 3788 4244 resppn-

2212 4250 2335 4304 deat
2360 4247 2626 4310 canonice,
2657 4247 2708 4300 id
2737 4241 2837 4300 est'
2868 4245 2919 4298 in
2942 4241 3146 4310 judicio
3174 4244 3434 4298 canonico
3463 4258 3652 4297 coram
3682 4241 3789 4295 Ro-

2214 4333 2372 4373 mano
2398 4315 2670 4383 pontiﬁce,
2704 4315 2769 4368 de
2796 4331 2904 4382 quo
2931 4331 3052 4368 mox
3091 4314 3365 4384 loquetur.

2283 4381 2462 4458 (1556)
2507 4385 2684 4453 νυιεη
2713 4381 2897 4458 illum._
2917 4384 2942 4458 1
2948 4384 3061 4437 llud
3074 4381 3218 4458 _vero
3236 4384 3465 4458 refertur
3479 4381 3545 4435 ad
3565 4395 3788 4458 respon-

2212 4451 2440 4518 sionem,
2467 4470 2569 4524 qua
2597 4451 2654 4509 se
2679 4455 2812 4507 velle
2850 4454 3223 4508 oblocutiones
3266 4454 3512 4506 canonice
3547 4451 3784 4505 refutare

2135 4535 2185 4594 ι)
2212 4526 2516 4581 aﬂirmavit.

2282 4596 2465 4664 (1557)
2501 4595 2632 4648 Erat
2657 4597 2708 4664 in
2732 4591 3309 4664 vulg.,Romanantob
3334 4593 3430 4664 hoc
3454 4591 3605 4664 adire
3631 4607 3787 4659 coga-

2209 4660 2297 4719 tur
2319 4660 2630 4719 Ecclesium.
2663 4660 2849 4717 Melior
2873 4663 2982 4716 visa
3013 4672 3092 4716 est
3120 4662 3321 4716 codicis
3346 4660 3505 4713 lectio
3529 4699 3544 4720 .
3567 4674 3674 4728 qua
3700 4676 3784 4712 co-

2207 4744 2363 4804 gatur
2415 4735 2744 4804 construitur
2794 4743 2853 4787 ut
2897 4733 3118 4804 yerbum
3152 4732 3344 4804 ridear.
3378 4729 3582 4785 Sensus
3603 4739 3785 4804 autem

2207 4799 2324 4865 est,
2382 4805 2482 4857 sibi
2532 4802 2842 4856 facultatem
2888 4801 3076 4856 deesse
3123 4801 3384 4856 canonice
3427 4799 3787 4868 respondendi

2208 4873 2519 4928 aemulorum
2540 4873 2806 4941 obloquiis
2825 4912 2839 4933 ,
2862 4887 2982 4926 cum
3005 4872 3067 4924 ob
3087 4872 3214 4941 hoc,
3245 4871 3295 4923 id
3323 4877 3408 4923 est
3429 4870 3498 4923 ob
3522 4869 3786 4941 judicium

2208 4944 2527 4997 canonicum
2559 4985 2574 5006 ,
2626 4938 2892 5011 proﬁcisci
2941 4941 3131 4995 debeat
3179 4940 3403 4994 Romam
3432 4979 3446 5001 ,
3483 4954 3582 4993 nec
3615 4938 3790 5011 publi-

2213 5028 2276 5067 ca
2322 5007 2736 5077 vehiculafuti
2784 5013 2913 5064 olim
2953 5011 3115 5064 [lebat
3158 5011 3545 5076 imperatorum
3573 5007 3791 5060 muniﬁ-

2212 5083 2388 5162 centia
2407 5122 2421 5145 ,
2477 5083 2746 5162 episcopis
2772 5091 2968 5162 praesto
2999 5082 3147 5162 sint;
3186 5096 3248 5162 ac
3277 5088 3565 5162 propterea
3589 5078 3788 5162 aditer

2212 5151 2351 5186 zs‘ll‘ll
2383 5153 2762 5186 ηαιυηιιῖηηιιηιη
2787 5151 3167 5184 Λιιηηῖιηιῖυιιηι
3192 5150 3455 5182 l‘n'll‘nllm
3486 5147 3784 5180 C'Ihc:ll:.lm
