4044 5348
265 217 373 276 663

823 341 1152 400 EPISTULA
1195 345 1302 402 VII.

262 446 334 483 an
359 444 642 485 EPISCOPOS
673 447 1114 496 1τΑιι.ε,οΛιι.1Αῖ
1141 454 1312 502 noua
1341 440 1847 512 Genuaxt£(1259).

341 520 592 577 Dominis
621 523 871 580 Pati-ibus
899 539 954 581 et
986 533 1454 588 reverendissimis
1487 539 1852 606 comprmsuli-

260 610 367 665 bus
381 627 476 681 per
491 615 802 669 universam
820 617 1050 684 Italiam,
1065 620 1290 677 Galliam
1316 634 1478 694 atque
1503 626 1852 684 Germaniam

261 699 321 753 iu
353 700 580 758 Domino
606 709 932 773 constitutis,
962 711 1276 769 Rnusmus
1317 727 1568 786 peccator
1599 730 1650 774 et
1678 721 1851 775 exsul.

337 792 393 846 1.
432 793 788 852 Decreveram
831 802 1071 869 quidem,
1117 804 1308 861 Patres
1336 811 1690 876 sanctissimi,
1726 813 1856 868 sede

258 886 507 954 propria,
558 889 659 945 hoc
697 901 798 956 est,
838 894 1134 951 Veronensi
1191 899 1396 966 pulsus,
1463 901 1614 957 livori
1667 919 1854 973 perse-

258 979 551 1046 quentium
582 983 796 1046 cedere,
849 987 989 1055 quod
1024 990 1308 1046 nonnullos
1347 993 1850 1062 probatissimorum

255 1067 496 1140 legimus
527 1071 745 1138 fecisse,
789 1078 1241 1152 snlitudinemque
1291 1088 1603 1140 monasterii
1645 1098 1850 1158 petere,

255 1173 312 1215 et
347 1163 418 1218 ibi
446 1179 768 1235 exspectare
799 1172 1108 1236 Dominum,
1151 1177 1241 1245 qui
1285 1193 1370 1234 me
1411 1180 1616 1235 salvum
1653 1182 1857 1240 faceret

253 1268 288 1306 a
317 1255 766 1321 pusillanitnitate
793 1263 1014 1330 spiritus
1043 1275 1097 1318 et
1122 1276 1440 1337 tempestate
1470 1271 1643 1341 (Psal.
1664 1289 1770 1336 le,
1795 1276 1850 1345 9)

253 1357 454 1407 contra
480 1349 572 1415 jus
603 1349 791 1421 fasque
835 1355 997 1424 impie
1040 1359 1414 1428 garrientium.
1459 1362 1563 1417 Sed
1613 1367 1853 1421 veridico

253 1441 572 1509 percipiens
629 1444 797 1498 relatu
848 1449 1094 1516 quaedam
1144 1451 1275 1506 mihi
1326 1455 1394 1508 ab
1443 1454 1851 1513 iusidiatorilms

250 1526 444 1597 objici,
477 1547 576 1601 pro
603 1535 797 1602 quibus
827 1552 931 1592 non
960 1540 1033 1606 vi,
1068 1541 1160 1596 sed
1189 1541 1315 1610 jure
1355 1560 1441 1599 me
1469 1557 1713 1601 asserant
1739 1550 1852 1618 cpi-

251 1621 448 1690 scopio
477 1623 702 1690 privari,
745 1626 1065 1700 dicenteque
1094 1633 1349 1702 Apostolo
1385 1652 1397 1688 :
1434 1634 1627 1690 Omnia
1674 1636 1845 1701 licent,

1709 204 2091 290 msromz.

1879 357 1927 414 Α
1957 351 2079 420 ejus
2133 355 2286 409 turba
2340 355 2733 428 quamplurima
2790 358 3184 431 episcoporum,
3240 370 3301 415 ut
3361 363 3541 418 verbis

3437 249 3542 306 670

1958 443 2126 512 ipsius
2151 454 2292 509 utar,
2342 448 2606 515 spirituali
2657 448 2836 520 gladio
2889 451 3097 521 placeat
3147 452 3330 519 ferire,
3381 469 3447 507 an
3484 453 3539 510 in

1957 533 2324 604 praeiudicium
2364 539 2531 595 totius
2568 542 2776 597 ordinis
2821 544 2991 618 nostri
3042 545 3314 614 patienter
3347 547 3541 603 sinatis

1956 641 2204 683 crescere
2224 639 2277 682 et
2312 630 2678 699 multiplicari,
2705 634 2869 688 vestri
2907 635 3014 689 erit
3035 635 3270 702 arbitrii,
3298 651 3404 690 non
3433 636 3542 694 mei

1954 720 2175 775 silentii.

2025 812 2078 865 2.
2121 812 2308 883 Itaque
2357 830 2425 869 ne
2471 825 2567 872 aut
2611 817 2934 874 criminosus
2979 819 3167 875 videar
3198 820 3541 886 criminatus,

1956 915 2049 961 aut
2082 908 2240 978 fugax
2269 919 2610 978 provocatus,
2647 912 2932 966 concilium
2974 913 3202 984 appello,
3253 913 3544 968 concilium

1953 1001 2135 1071 ﬂagito
2165 1002 2369 1072 (1545),
2397 1003 2806 1072 invasoremque
2829 1003 3083 1058 Ecclesiae
3110 1018 3397 1067 mem,cum
3422 1003 3542 1071 ipso

1957 1103 2229 1163 pastorum
2259 1103 2474 1162 pastore
2507 1094 2677 1149 furem
2712 1096 2956 1149 voeitans
2999 1104 3053 1150 et
3086 1095 3370 1159 latronem,
3413 1094 3540 1164 quia

1955 1185 2163 1241 scilicet
2193 1184 2410 1239 aliunde
2436 1187 2701 1247 ascendit,
2734 1201 2838 1239 non
2887 1202 2981 1256 per
3031 1187 3227 1240 ostium
3278 1185 3539 1247 introivit,

1956 1277 2021 1331 ad
2055 1287 2328 1331 certamen
2359 1276 2676 1330 canonicum
2701 1292 2966 1346 provoco;
2996 1286 3070 1338 et,
3095 1275 3542 1350 sidissimulavc-

1956 1367 2050 1432 rit,
2079 1368 2420 1422 anathemate
2452 1376 2710 1436 perpetuo
2749 1383 2870 1419 cum
2903 1366 3283 1421 sacratissimis
3328 1365 3537 1434 legibus

1947 1456 2113 1526 juste,
2144 1468 2202 1511 ut
2229 1457 2481 1512 omnibus
2511 1473 2698 1511 sanmn
2726 1458 3058 1528 sapientibus
3089 1456 3276 1526 liquet,
3301 1455 3398 1509 nisi
3425 1467 3540 1524 pm—

1953 1547 2173 1602 nitendo
2225 1547 2514 1616 resipttcrit
2565 1547 2772 1614 (13“),
2821 1549 3005 1608 Amen,
3054 1547 3372 1613 respondeo.
3427 1542 3538 1596 Nec

1955 1636 2493 1691 incmnmemoratum
2520 1646 2712 1690 vestrm
2737 1637 3043 1704 paternitati
3076 1652 3171 1705 pro
3208 1652 3294 1690 me
3335 1632 3540 1687 faciens

251 1713 351 1764 sed
383 1729 489 1767 non
537 1718 715 1770 omnia
757 1720 1036 1789 expediunt
1064 1722 1115 1792 (1
1141 1721 1263 1778 Cor.
1296 1741 1373 1790 vr,
1416 1727 1533 1796 1‘2);
1567 1743 1760 1785 verens
1789 1745 1854 1785 ne
1886 1719 1928 1777 Β
1960 1728 2088 1782 illud
2112 1727 2477 1782 B.Alexandri
2503 1744 2651 1796 papa:
2673 1729 2962 1798 capitulum
2984 1729 3198 1798 omitto,
3233 1727 3541 1796 Quicunque

253 1801 375 1857 tunc
408 1805 514 1857 luci
548 1805 762 1862 licentia
793 1810 844 1863 in
876 1811 1103 1884 alicujus
1150 1815 1393 1884 alterius,
1429 1821 1712 1887 praesentis
1744 1822 1850 1875 sci-

251 1893 385 1949 licet
417 1907 513 1951 aut
549 1899 716 1955 futuri
761 1903 1027 1960 redundet
1058 1909 1314 1963 damnum
1364 1911 1446 1966 vel
1501 1912 1852 1980 calumniam,

254 1995 352 2040 aut
375 1985 531 2052 juxta
561 1991 704 2059 quod
734 1989 907 2048 Julius
946 2011 1082 2066 papa
1119 1999 1398 2054 Athanasii
1445 2003 1577 2056 dicit
1629 2019 1854 2058 accusa-

253 2075 509 2134 toribus:
547 2081 686 2145 Quia
723 2085 766 2136 si
817 2085 873 2139 in
923 2103 1063 2152 vera,
1106 2089 1377 2160 inquiens,
1421 2093 1651 2162 fidei-etis
1699 2097 1854 2150 inno-

253 2173 452 2234 centia,
484 2173 631 2226 nullo
653 2176 805 2228 modo
829 2193 917 2230 vos
939 2179 1315 2236 subtrahet-etis
1346 2201 1378 2236 a
1405 2187 1670 2239 vocatione
1695 2204 1854 2242 cano-

249 2263 400 2327 nica,
432 2265 675 2318 testimer
703 2275 984 2338 tant0pere
1010 2286 1257 2339 quaerere
1282 2276 1452 2328 otium
1477 2277 1618 2345 quod
1645 2275 1853 2345 judicio

251 2353 489 2408 audeam
523 2356 826 2413 nullatenus
873 2362 1094 2428 adesse;
1148 2363 1275 2418 licet
1319 2382 1406 2420 me
1452 2383 1611 2422 nemo
1665 2370 1850 2443 (1540)

250 2446 524 2501 canonice
565 2460 754 2503 evocet
784 2451 903 2522 [al.,
931 2455 1236 2528 convocet],
1278 2467 1519 2513 vestrum
1550 2463 1854 2516 sacratissi-

250 2552 404 2590 mum
441 2549 642 2593 cmtum
676 2541 856 2612 (1541)
898 2548 1338 2602 constantissime
1381 2550 1609 2619 appello.
1663 2552 1854 2607 Consi—

252 2623 389 2680 lium
424 2637 588 2696 atque
609 2632 867 2686 auxilium
895 2649 992 2702 pro
1017 2639 1286 2703 veritatis,
1313 2655 1432 2708 qua:
1469 2641 1718 2697 Christus
1745 2653 1846 2710 est,

252 2733 446 2774 amore
469 2721 760 2790 deprecor;
794 2740 899 2779 non
922 2727 1065 2782 aliud
1101 2746 1244 2784 nunc
1265 2741 1465 2797 tamen,
1493 2749 1656 2802 quam
1685 2751 1852 2806 syno-

253 2814 436 2869 dicam
465 2818 901 2884 conventionem,
932 2829 986 2875 et
1017 2824 1406 2894 promulgatam
1439 2839 1469 2879 a
1501 2827 1705 2881 sanctis
1743 2828 1851 2882 Pa-

251 2906 433 2962 tribus
463 2907 657 2979 legem.
697 2909 873 2965 Adimi
907 2927 1140 2984 namque
1169 2916 1423 2986 episcopo
1457 2919 1850 2988 episcopatum,

250 3008 552 3069 antequam
601 3018 778 3058 causa:
806 3003 922 3074 ejus
970 3018 1232 3076 appareat
1272 3011 1472 3076 exitus,
1527 3020 1709 3066 utrum
1756 3014 1846 3067 ulli

250 3067 568 3146 Christiano
607 3093 788 3162 (1542)
831 3067 1201 3168 videri-550
1239 3096 1363 3165 jure
1414 3067 1606 3169 possit,
1654 3112 1849 3157 vestra:
1877 3067 1921 3128 C

250 3183 572 3251 paternitati
605 3185 818 3240 dimitto
834 3185 1098 3255 judicare.
1133 3189 1609 3259 Couspirationum
1631 3208 1846 3263 quoque

250 3272 513 3338 crimina,
542 3274 824 3346 plebisque
852 3287 1039 3333 contra
1078 3280 1390 3351 episcopum
1432 3283 1845 3350 dissensionem,

261 3372 448 3420 utrum
476 3380 602 3420 cum
640 3377 833 3442 sancto
867 3368 1090 3425 Callisto
1126 3385 1286 3442 papa,
1338 3382 1850 3445 antecessorumque

322 3568 514 3644 (1559)
556 3568 684 3624 Haec
721 3569 948 3644 epistola
987 3573 1188 3644 scripta
1218 3571 1318 3627 luit
1362 3572 1548 3632 eodem
1583 3580 1846 3644 tempore,

251 3654 360 3708 quo
388 3641 514 3714 dua:
536 3640 922 3714 praecedentes.
956 3640 1550 3700 Vide’Atlmonitiouetn
1598 3640 1846 3714 praemis;

251 3725 369 3765 sam
402 3711 650 3777 epistola:
675 3727 728 3765 v.

321 3779 514 3903 (1540)
552 3779 749 3836 Vocem
791 3799 940 3836 nemo
982 3783 1164 3839 sensui
1215 3786 1579 3841 necessariam
1620 3801 1688 3841 ex
1737 3804 1840 3845 ms.

321 3852 512 3903 niensi
544 3851 932 3903 sunolevimus.

251 3849 512 3906 Lohiensi
544 3851 932 3920 supplevimus.

322 3921 674 4003 (1541)..1ιὶΙ).
712 3923 1212 4003 tv_Pr:eloquiorum
1245 3926 1456 4003 noun}
1481 3927 1844 4003 conciliorum

251 3993 667 4064 ugniversalium,
695 3993 779 4048 vel
814 3994 956 4048 sedis
986 3996 1297 4063 apostolica:
1324 3995 1587 4064 judicium
1618 4001 1670 4053 in
1721 4014 1845 4054 cau-

251 4061 329 4116 sis
356 4063 742 4132 episcoporum
773 4061 1121 4133 quazrendium
1151 4061 1359 4120 statuit.
1391 4067 1546 4122 Sicut
1576 4079 1756 4124 autent
1789 4071 1842 4125 in

253 4133 444 4210 quinta
476 4133 1000 4210 epistolajudicium
1030 4137 1285 4210 quaesivit
1321 4139 1516 4210 summi
1550 4140 1842 4210 pontiﬁcis,

255 4201 327 4257 ita
365 4201 522 4258 nunc
559 4205 820 4275 synodale
850 4201 1228 4281 episcoporum
1264 4204 1529 4281 judicium
1550 4201 1566 4210 ’
1587 4201 1839 4281 appellat,

252 4281 314 4326 ut
339 4288 441 4327 sua
475 4289 634 4328 causa
674 4276 935 4330 canonice
959 4277 1255 4332 decidatur.
1286 4277 1522 4335 Litteras
1547 4276 1676 4335 vero
1701 4283 1842 4336 scri-

252 4345 360 4412 psit
385 4345 465 4422 ad_
488 4354 856 4422 utrosque_,_ut
881 4347 959 4399 vel
972 4362 1054 4422 ex
1087 4347 1368 4413 alterutra,
1394 4350 1477 4404 vel
1509 4365 1576 4404 ex
1613 4359 1842 4422 utraque

253 4415 581 4469 auctoritate
609 4415 910 4470 subsidium
931 4415 1233 4471 alferretur.
1295 4476 1300 4478 _

322 4484 512 4548 (1542)
589 4485 682 4540 Sic
733 4487 904 4542 codex
955 4486 1275 4546 Lobiensis.
1347 4497 1407 4542 ut
1478 4489 1731 4545 similiter
1783 4492 1836 4546 in

252 4555 414 4622 epist.
447 4571 500 4610 v.
530 4555 743 4626 Vulgati
798 4572 1080 4626 perperam
1126 4557 1205 4610 illi
1246 4557 1591 4614 Christiano:
1643 4561 1737 4615 sed
1782 4561 1835 4616 in

253 4625 915 4697 enatis‘novge’editioms
939 4626 1210 4697 Spicilegii
1241 4629 1586 4684 emendatum
1612 4639 1697 4686 est
1719 4631 1836 4685 ulli.

325 4695 526 4768 (1515)
559 4696 730 4768 Verba
754 4695 1034 4768 concilium
1057 4695 1238 4768 [lag'ito
1279 4713 1344 4753 ex
1379 4715 1480 4753 ms.
1515 4698 1647 4754 Lob.
1687 4702 1838 4756 addi-

255 4763 456 4842 dimus.
482 4763 596 4842 Non
621 4767 951 4842 absimiliter
975 4767 1029 4822 in
1057 4763 1222 4837 epist.
1252 4784 1304 4823 v.
1335 4769 1659 4823 audientiam
1687 4788 1832 4842 rogo,

254 4837 579 4907 audientiam
601 4838 804 4907 ﬂagito.

326 4905 513 4982 (1514)
545 4905 769 4982 aliquid
801 4909 904 4982 hoc
942 4909 1059 4963 loco
1083 4908 1438 4972 desideratur,
1469 4924 1556 4964 ex.
1595 4927 1704 4981 gr.,
1750 4914 1832 4982 {e-

257 4977 395 5047 riatu
406 4993 434 5028 r
455 4978 683 5045 (scilicet
696 4981 1089 5047 anathemate).
1113 4987 1218 5033 etc.

326 5046 513 5120 (1515)
557 5048 747 5104 Vocem
801 5050 933 5103 muti
985 5046 1094 5102 tum
1142 5049 1312 5105 codex
1365 5049 1662 5120 Lobiensis,
1715 5064 1830 5108 tum

255 5115 407 5170 Isaiae
442 5115 618 5172 textus
650 5121 1014 5182 praebuerunt.

1955 1818 2052 1879 ait,
2093 1834 2158 1870 ea:
2195 1826 2361 1870 uestro
2397 1816 2612 1886 collegio
2661 1817 2858 1884 fuerit,
2911 1828 2957 1870 et
3007 1817 3070 1870 ab
3109 1815 3311 1870 auxilio
3358 1831 3540 1869 eorum

1955 1909 2310 1976 episcoporum
2345 1907 2552 1977 (utique
2589 1915 2642 1960 et
2683 1905 2878 1974 injuste
2903 1907 3310 1974 destitutorum)
3343 1923 3396 1960 se
3416 1905 3540 1960 sub-

1955 2003 2191 2063 traxerit,
2234 2017 2335 2054 non
2369 2001 2634 2064 sacerdos,
2667 1999 2758 2053 sed
2788 2000 3148 2053 schismatirus
3187 1997 3536 2068 judicabitur.

1955 2091 2020 2146 Et
2050 2092 2177 2146 illud
2203 2092 2480 2162 prophetae
2501 2091 2706 2161 pariter
2731 2106 2834 2144 non
2859 2091 3052 2144 omitto
3080 2089 3496 2159 improperantis
3519 2106 3534 2142 :

1958 2183 2080 2237 Non
2111 2183 2421 2236 ostendistis
2453 2199 2518 2236 ea:
2540 2183 2779 2247 adverso,
2805 2199 2966 2253 neque
2990 2182 3302 2252 opposuistis
3328 2196 3537 2235 murum

1952 2290 2047 2342 pro
2073 2275 2228 2326 domo
2269 2271 2438 2327 Israel
2459 2313 2473 2336 ,
2503 2283 2556 2325 ut
2588 2273 2796 2327 staretis
2819 2275 2870 2325 in
2895 2272 3078 2343 prmlio
3126 2274 3180 2326 in
3216 2273 3300 2326 die
3327 2270 3539 2326 Domini

1953 2363 2174 2434 (Ezeclt.
2208 2380 2324 2424 xm.
2354 2364 2444 2430 5);
2476 2375 2528 2419 et
2555 2382 2567 2417 :
2592 2363 2760 2418 Canes
2786 2364 2917 2417 muti
2951 2362 3133 2434 (1515)
3177 2379 3281 2417 non
3311 2361 3539 2418 valente:

1954 2454 2150 2508 latrare
2173 2453 2328 2524 (Isai.
2352 2470 2461 2518 Lvt,
2492 2453 2599 2522 10).
2633 2453 2763 2507 Illud
2789 2468 3003 2524 quoque
3034 2453 3243 2506 Domini
3279 2471 3292 2506 :
3323 2451 3426 2518 Qui
3455 2467 3538 2506 me

1953 2548 2237 2610 erubuerit,
2271 2557 2318 2601 et
2344 2563 2484 2600 meos
2525 2563 2818 2609 sermones;
2851 2556 2895 2599 et
2931 2554 3068 2598 hunc
3100 2543 3269 2598 Filius
3309 2544 3539 2598 hominis

1953 2637 2238 2698 erubescet,
2274 2653 2393 2690 cum
2421 2638 2615 2692 venerit
2652 2637 2706 2690 in
2745 2636 2913 2706 gloria
2958 2653 3079 2693 sua.
3130 2645 3178 2690 et
3222 2633 3424 2698 Patris,
3483 2643 3535 2689 et

1951 2738 2252 2787 sanctorum
2289 2727 2592 2798 angelorum
2639 2727 2792 2799 (Luc.
2828 2743 2906 2790 lx,
2943 2727 3056 2797 26).
3094 2727 3247 2794 Quod
3297 2726 3537 2798 sagacis-

1953 2821 2110 2882 sime,
2138 2827 2198 2873 ut
2225 2827 2374 2889 Opto,
2424 2817 2626 2888 ﬂagito,
2677 2828 2734 2873 et
2771 2818 3040 2884 desidero,
3069 2827 3262 2874 vestrm
3291 2817 3537 2888 paterni-

1954 2910 2078 2964 tatis
2107 2910 2461 2980 generalitate
2484 2919 2725 2971 cavente,
2761 2911 2902 2965 Deus
2921 2910 3070 2980 pacis
3098 2917 3347 2964 conterat
3377 2909 3536 2963 Sata-

1954 3016 2078 3053 nam
2123 3002 2222 3054 sub
2267 2999 2491 3070 pedibus
2520 3001 2716 3055 vestris
2755 3002 3032 3056 velociter.
3083 3001 3272 3057 Gratia
3323 2999 3541 3056 Domini

1953 3091 2123 3146 nostri
2151 3089 2276 3148 Jcsu
2310 3091 2508 3145 Christi
2533 3091 2605 3144 sit
2631 3107 2844 3158 semper
2877 3093 3174 3148 vobiscum.

2397 3183 2554 3254 551
2598 3183 2931 3240 EPISTOLA
2971 3184 3103 3240 Vlﬂ.

2022 3287 2090 3326 Αι)
2121 3288 2354 3328 unum:
2387 3288 2709 3329 V’ERONENSIS
2744 3290 2892 3329 SEDIS
2923 3289 3223 3329 mvssoueu
3255 3273 3440 3345 (1516)

2020 3365 2316 3436 lmpctitori
2349 3365 2829 3422 vehementissimo
2857 3365 2927 3420 M.
2951 3366 3236 3422 Vicentiuo
3257 3365 3440 3437 (1547)
3463 3357 3530 3423 Β.

1949 3562 2288 3631 superductae
2317 3560 2588 3631 leguntur,
2613 3575 2733 3630 qua:
2752 3560 2820 3614 ab
2847 3560 2962 3630 ipso
2986 3567 3206 3615 auctore.
3230 3558 3530 3615 dimanant.

1949 3630 2184 3702 ldipsum
2233 3631 2437 3702 accidit
2475 3630 2750 3702 Insectivte
2785 3631 2850 3685 de
2879 3631 3235 3702 translatione
3285 3631 3532 3699 corporis

1951 3704 2008 3760 S.
2031 3700 2323 3765 Metrouis,
2355 3700 2510 3769 cujus
2538 3700 2898 3769 fragmentum
2934 3717 3000 3756 ex
3042 3701 3309 3770 similibus
3341 3716 3532 3770 perga-

1948 3774 2123 3830 menis
2162 3772 2553 3842 capitularibus
2584 3771 2830 3826 laudatus
2875 3769 3312 3842 archipresbyter
3338 3769 3531 3836 edidit,

1916 3890 1918 3892 .
1947 3853 2008 3900 ut
2027 3860 2092 3900 ex
2129 3841 2529 3901 Admonitione,
2563 3857 2724 3910 quam
2753 3842 2926 3896 eidem
2962 3841 3242 3895 lnvectiva:
3269 3841 3535 3908 prmntisis

1947 3931 2090 3979 mus,
2122 3914 2298 3985 palam
2336 3912 2920 3985 ﬁebiﬂujusepistolze
2949 3919 3264 3985 accuratam
3292 3911 3541 3966 collatio-.

1945 4001 2068 4041 nem
2098 3981 2340 4040 marcltio
2359 3983 2428 4036 de
2464 3983 3062 4054 Dionysiiscanouicus
3102 3981 3258 4054 nobis
3287 3995 3531 4054 commu-

1945 4057 2165 4112 nicavit.
2193 4054 2324 4109 Cum
2353 4069 2514 4124 porro
2543 4052 2616 4108 in‘
2636 4053 2846 4120 codice,
2882 4054 3023 4124 unde
3066 4053 3256 4124 eadem
3302 4052 3542 4124 cpistola.

1946 4129 2000 4203 in
2043 4125 2317 4203 publicum
2355 4121 2586 4203 prodiit,
2619 4139 2812 4178 nomen
2862 4122 2998 4203 ejus,
3029 4123 3097 4177 ad
3127 4137 3287 4203 quem
3318 4121 3534 4203 Bethe-

1946 4193 2060 4254 rius
2093 4197 2327 4265 scripsit.
2360 4193 2463 4250 non
2493 4196 2760 4264 integrum
2787 4193 3120 4264 praeferatur,
3147 4193 3240 4248 sed
3260 4193 3530 4265 indicetur

1944 4269 2098 4340 siglia
2131 4266 2183 4321 Μ
2248 4274 2588 4343 memoratus
2609 4261 3050 4343 archipresbyter
3077 4278 3195 4318 eam
3227 4262 3295 4343 ad
3316 4261 3545 4343 M_anas--

1944 4333 2078 4402 sein,
2124 4339 2214 4408 qui
2248 4335 2609 4408 Veronensem
2648 4333 2962 4390 cathedram
3007 4333 3308 4408 occupavit,
3344 4333 3537 4408 datam-

1870 4429 1921 4488 ο
1949 4401 2333 4488 interpretatus
2354 4416 2459 4488 est.
2491 4406 2689 4488 verum
2713 4413 3073 4488 praeterquam
3095 4401 3240 4474 quod
3266 4401 3393 4458 Otto
3419 4405 3526 4488 hac

1948 4483 2002 4536 in
2048 4473 2272 4548 epistola
2312 4478 2624 4532 nominatur
2671 4473 2974 4548 imperator,
3025 4473 3299 4548 Manasses
3342 4482 3537 4548 autem.

1947 4543 2307 4626 aute'Ottouis
2339 4548 2621 4626 imperium
2653 4543 3126 4626 obieratiquae'in
3159 4543 3532 4626 b_ac__epistola

1945 4621 2274 4694 indicantur,
2305 4612 2429 4672 non’
2453 4616 2710 4694 blanassi,
2741 4616 2835 4671 sed
2882 4612 3084 4694 Miloni,
3115 4615 3200 4694 cui
3248 4612 3537 4694 blattam

1943 4691 2311 4762 episcopatum
2337 4688 2490 4762 v_end_i
2493 4687 2671 4762 derat,
2701 4686 3053 4762 conveniunt,
3069 4693 3127 4762 ut
3141 4690 3264 4762 sunt
3278 4683 3365 4762 illa
3383 4683 3543 4741 inter-

1942 4754 2144 4816 cietera'
2163 4775 2311 4813 num.
2351 4759 2377 4812 1
2406 4776 2419 4812 :
2454 4757 2540 4812 Me
2566 4756 3024 4827 comprehendisti,
3051 4754 3544 4827 abduxisti,_e_xsu-.

1941 4832 2088 4897 lasti,
2111 4831 2176 4904 de
2199 4822 2970 4904 quihu_s__cmt_fer_llinerarium
2993 4840 3142 4904 num.
3169 4822 3204 4876 4
3235 4833 3289 4904 et
3306 4824 3532 4904 ibiden}

1941 4893 2246 4958 notallinc
2301 4899 2433 4954 nihil
2495 4898 2639 4954 dubii
2712 4908 2796 4951 est
2855 4896 2983 4965 quin
3033 4899 3147 4951 haec
3182 4893 3405 4965 epistola
3457 4898 3545 4957 ad-r

1939 4973 2190 5044 Milonem
2219 4971 2343 5024 data
2374 4969 2554 5025 fuerit.
2575 4968 2804 5044 Scripta
2834 4961 3014 5044 autem
3047 4965 3148 5020 fuit
3185 4961 3542 5044 aBatherio,

1941 5061 2062 5100 cum
2088 5043 2220 5114 liber
2241 5055 2273 5095 e
2297 5056 2545 5114 carcere,
2574 5040 2626 5092 in
2651 5034 2812 5114 quem
2839 5053 2869 5090 a
2890 5034 3094 5114 Milone
3110 5034 3383 5114 conjectus
3408 5034 3535 5097 fite;

1948 5125 2050 5177 rat,
2075 5113 2234 5167 rebus
2259 5110 2504 5178 pluribus
2534 5108 2922 5182 impelleretur,
2950 5115 3015 5160 ut
3049 5105 3225 5182 eidem
3249 5105 3540 5182 ᾳρίερορδέ
