4044 5348
511 191 606 248 671

1468 192 1798 253 suumn
1837 195 2050 253 EPlSC.
2095 166 2344 251 venda.
2386 195 2536 253 ore.
2578 190 2760 253 psus
2794 196 2857 253 ιι.

3687 184 3790 245 672

512 304 844 367 Veronensis
869 310 1155 384 episcopus
1183 309 1658 367 vehementissime
1680 312 1978 383 impetitus,
2003 311 2104 366 im—
2131 314 2179 373 Α
2210 317 2397 381 traque
2422 313 2560 367 mala
2595 312 2776 368 omnia
2800 309 3173 367 interdicentis
3224 305 3447 378 (videris
3495 315 3553 361 tu
3588 307 3787 373 tamen)

512 400 719 486 pulsoyi
752 402 1081 473 compulsus.
1576 468 1584 477 ,

586 492 642 548 1.
689 495 846 561 Quod
891 493 1124 550 instante
1170 491 1354 564 (1518)
1401 492 1713 550 festivitatis
1758 494 2102 559 necessitate,

513 585 790 643 celebrari
831 586 1044 642 cteteris
1094 600 1269 655 nuper
1306 585 1678 656 elapsis.quaa
1728 586 2105 644 observantius

517 675 681 731 debet
703 675 910 746 utique,
941 674 1069 730 dum
1120 689 1332 729 summa
1377 674 1714 746 celebritatis
1742 676 1882 731 illius
1921 677 1974 729 in
2011 690 2103 729 sa-

517 765 708 821 crificii
732 765 1003 836 prmeipue
1029 774 1243 821 constet
1264 766 1624 822 distribuendi
1652 774 1817 836 atque
1853 765 2104 823 sumendi

518 857 800 928 mysterio,
829 870 938 925 quo
963 859 1169 928 Agnus,
1201 855 1362 927 552
1393 865 1452 912 ut
1482 867 1763 929 pateretur
1788 874 1886 930 pro
1922 859 2103 925 nobis,

518 948 782 1002 asseritur
808 954 1004 1014 natus;
1042 948 1213 1002 haeret
1236 949 1471 1014 animus,
1499 957 1558 1004 ut
1579 964 1741 1019 saepe,
1775 957 1892 1004 tuto
1932 950 1986 1005 id
2034 965 2103 1005 an

517 1039 690 1109 possit
714 1053 1063 1108 praesumere,
1104 1039 1189 1093 cui
1234 1039 1478 1094 noscitur
1518 1040 1631 1110 ipse
1686 1040 1859 1105 Deus,
1914 1041 2006 1111 qui
2050 1048 2108 1097 et

517 1132 725 1202 Agnus,
754 1131 1079 1186 inobedienti
1107 1130 1306 1186 dixisse
1337 1149 1349 1184 :
1396 1130 1455 1187 Si
1489 1132 1648 1203 oiers
1674 1149 1862 1186 munus
1888 1132 2102 1203 (Matth.

518 1239 572 1286 v,
598 1223 714 1296 25),
745 1231 854 1277 etc.
899 1220 1141 1291 Cumque
1184 1229 1238 1276 te
1291 1222 1575 1277 adversum
1609 1237 1694 1277 me
1739 1223 1942 1292 aliquid
1997 1238 2103 1278 non

519 1312 761 1384 ignorem
794 1314 1026 1377 habere;
1061 1328 1258 1367 munus
1303 1312 1413 1367 Deo
1468 1313 1826 1371 solemnitatis
1862 1314 2106 1384 ejusdem

517 1400 713 1459 oll'erre
735 1403 860 1457 dum
888 1417 1051 1473 cogor
1077 1401 1283 1472 (1549),
1314 1403 1527 1472 culpam
1547 1403 1741 1473 ipsam,
1766 1405 2103 1460 reconciliari

516 1509 625 1564 quo
647 1494 876 1562 valeam,
905 1494 1131 1564 cupiens
1154 1493 1499 1565 investigare,
1530 1511 1635 1551 non
1672 1496 1831 1550 aliam
1863 1497 2106 1553 invenire

516 1584 695 1650 valeo,
722 1584 825 1639 nisi
851 1583 993 1653 quod
1017 1598 1182 1638 ausus
1206 1583 1307 1638 sim
1342 1600 1429 1639 me
1459 1595 1617 1639 antea
1645 1585 1710 1639 ad
1736 1585 2103 1655 episcopatum

2204 412 2551 472 praeceptum.

2274 492 2310 545 Ξ
2371 492 2661 549 Reeentior
2698 492 2945 566 [subaudi
2974 489 3166 563 culp],
3215 490 3321 544 imo
3362 486 3788 559 pmsentissima

2205 591 2310 643 est.
2341 584 2483 652 quod
2526 599 2627 640 nec
2669 586 2889 649 morior,
2922 598 3022 638 nec
3063 583 3205 645 ineo,
3239 589 3299 634 ut
3329 579 3555 641 incitas,
3588 576 3786 648 fugam.

2207 674 2313 729 Sed
2341 676 2464 745 quis
2500 678 2638 731 mori
2676 685 2878 748 potest,
2908 676 3019 731 Deo
3059 675 3226 728 vitam
3254 671 3545 727 servante?
3581 669 3790 738 Fugere

2206 778 2335 818 vero
2362 765 2634 834 quomodo
2666 766 2851 831 audet,
2873 765 2964 835 qui
2997 764 3100 820 sibi
3130 762 3199 818 ab
3226 762 3417 817 eodem
3448 760 3560 815 dici
3591 773 3793 827 nequa-

2205 870 2367 925 quam
2403 857 2616 924 ignorat
2649 875 2661 910 :
2699 857 3054 912 Mercenarius
3097 854 3253 925 fugit,
3280 856 3406 925 quia
3434 851 3791 906 mercenarius

2204 957 2280 1002 est
2304 947 2484 1018 (Jonn.
2519 965 2577 1015 x,
2604 949 2716 1020 15),
2746 950 2937 1025 videns
2974 949 3181 1004 scilicet
3218 947 3403 1018 lupum
3446 945 3787 1006 venientem;

2204 1048 2260 1094 et
2287 1057 2300 1093 :
2339 1038 2443 1105 Qui
2468 1039 2726 1095 dimiserit
2756 1057 2969 1095 uxorem
2991 1057 3166 1107 suam,
3193 1048 3406 1110 excepta
3431 1054 3598 1092 causa
3629 1036 3793 1105 forni—

2206 1130 2449 1192 cationis,
2476 1130 2603 1198 facit
2630 1147 2745 1185 eam
2767 1130 3051 1185 mmo/tari?
3076 1129 3288 1201 (Matth.
3316 1145 3367 1193 v,
3397 1127 3514 1199 52.)
3547 1125 3794 1193 Quivero

2206 1219 2497 1289 quemlibet
2523 1219 2652 1275 facit
2694 1220 2976 1287 mtecbari,
3024 1233 3204 1275 nonne
3244 1225 3648 1287 consequenter
3678 1214 3795 1267 ani-

2208 1326 2349 1364 mam
2380 1311 2658 1378 interficit,
2688 1327 2810 1366 cum
2846 1312 3105 1380 scriptum
3134 1311 3206 1366 sit
3232 1329 3245 1363 :
3280 1310 3492 1373 Anima,
3523 1323 3643 1379 qua!
3677 1321 3794 1376 pee-

2206 1403 2418 1467 caverit,
2462 1402 2576 1472 ipsa
2628 1403 2927 1457 morietur?
2954 1401 3173 1473 (Ezech.
3210 1416 3375 1465 xvnt,
3426 1399 3509 1471 4.)
3538 1398 3795 1454 Prohibet

2205 1493 2347 1562 quod
2385 1508 2470 1549 tne
2516 1493 2696 1548 facere
2742 1510 2873 1550 vero
2912 1495 3005 1564 qui
3044 1494 3177 1549 dicit
3208 1512 3221 1547 ε
3260 1493 3341 1547 Ad
3374 1491 3792 1561 interfectionem

2207 1584 2306 1654 ﬁlii
2356 1601 2418 1639 ne
2473 1603 2637 1655 ponas
2689 1587 2923 1642 animam
2978 1597 3123 1640 tuam
3173 1583 3356 1656 (Prov.
3413 1601 3531 1649 xix,
3587 1584 3697 1656 18).
3736 1581 3791 1637 Si

516 1675 844 1730 Veronensis
871 1673 1124 1730 Ecclesiae
1151 1674 1576 1741 consecrandum
1607 1674 1917 1742 admittere,
1939 1691 2102 1745 quam
2131 1667 2179 1727 B
2208 1693 2312 1730 non
2342 1678 2411 1730 ad
2439 1677 2537 1746 ﬁlii
2578 1676 2760 1749 (1555)
2793 1678 2958 1742 enim,
2993 1677 3162 1733 multo
3200 1677 3378 1731 minus
3407 1676 3476 1730 ad
3520 1684 3794 1730 tantorum

516 1766 665 1822 nasci
690 1764 927 1821 valueris
952 1765 1067 1835 ipse
1091 1763 1297 1836 (1550).
1317 1763 1422 1819 Sed
1437 1766 1565 1835 quid
1594 1766 1861 1830 timerem,
1889 1766 2115 1822 etiamsi

516 1856 660 1912 scire
708 1855 976 1925 potuerim
1005 1854 1362 1919 nasciturum,
1414 1855 1505 1922 qui
1537 1864 1718 1909 utrum
1762 1854 1986 1920 femina,
2035 1872 2102 1910 an

515 1946 791 2003 masculus
815 1961 966 2002 esses
1005 1946 1238 2011 futurus,
1279 1944 1502 2000 minime
1528 1947 1829 2002 noveram?
1874 1946 1942 2001 Et
1988 1947 2104 2002 haec

514 2040 733 2109 quidem
761 2038 1007 2110 anterior
1036 2035 1142 2092 mei
1171 2045 1366 2093 contra
1411 2045 1463 2093 te
1497 2038 1676 2109 culpa,
1717 2053 1817 2109 pro
1860 2054 1967 2109 qua
1999 2040 2104 2095 uti-

513 2146 621 2201 que
644 2147 729 2187 me
757 2130 1237 2201 comprehendisti,
1268 2130 1562 2196 abduxisti,
1598 2130 1883 2195 exsulasti,
1914 2130 1980 2185 ad
2012 2131 2105 2186 de-

514 2223 681 2279 decus
707 2223 824 2278 bate
861 2222 1043 2277 omnia
1087 2231 1265 2277 tamen
1295 2222 1638 2291 imperatoris
1662 2221 1846 2294 (1551)
1875 2233 1930 2279 et
1958 2222 2106 2295 (licet

514 2313 879 2386 dissimulent)
926 2311 1085 2384 553
1123 2313 1320 2370 ducum
1347 2311 1531 2383 (155%)
1588 2324 1930 2381 nostrorum,
1976 2328 2103 2370 con-

515 2568 624 2609 non
653 2551 796 2622 quod
820 2550 1133 2622 Vicentinus
1174 2549 1461 2622 episcopus
1508 2549 1691 2622 fuerit,
1737 2560 1799 2622 ut
1834 2550 2104 2622 nonnullis

516 2620 693 2677 videri
720 2630 898 2692 potest
919 2620 1202 2745 (Milonem
1227 2621 1394 2685 enim,
1430 2621 1521 2689 qui
1546 2621 1699 2674 valde
1728 2620 1943 2690 juvenis
1991 2622 2105 2689 epi-

517 2702 797 2745 scouatum
822 2691 912 2745 oui
955 2706 1040 2745 em
1069 2693 1429 2745 Veronensem
1456 2692 1753 2745 invaserat.
1792 2692 1956 2745 etiam
1989 2692 2105 2745 eui-

517 2702 797 2760 scopatnm
822 2691 1040 2760 quidem
1069 2693 1429 2745 Veronensem
1456 2692 1753 2756 invaserat,
1792 2692 1956 2745 etiam
1989 2692 2108 2760 epi-

517 2772 797 2832 sc0palum
839 2761 1179 2815 Vicentinum
1208 2760 1528 2832 Aobt_i_nuisse
1586 2760 1731 2814 nulla
1778 2762 2105 2832 documenta

518 2829 920 2899 sub‘indicant);
980 2832 1075 2885 sed
1128 2830 1255 2898 quia
1303 2829 1621 2885 Vicentinus
1672 2840 1790 2885 erat
1846 2831 2100 2897 origine:

517 2902 685 2956 multa
723 2900 867 2955 enim
897 2902 951 2955 in
998 2915 1128 2968 agro
1168 2899 1450 2968 Vicentino
1494 2900 1695 2968 praedia
1736 2916 1919 2955 comes
1955 2901 2101 2967 Milo,

516 2972 676 3042 cujus
700 2979 819 3042 erat
848 2967 1147 3039 nepotulus,
1197 2967 1425 3039 ejusque
1470 2967 1853 3042 censanguiuei
1886 2972 2101 3042 obtine-

514 3038 670 3096 bant.
702 3038 1055 3109 Impediat-em
1104 3048 1301 3109 autem,
1329 3047 1506 3102 vocat,
1537 3038 1702 3109 'quia'
1741 3040 1864 3095 Milo
1900 3040 2083 3097 Balbe

517 3110 681 3172 rium,
728 3106 811 3164 cui
859 3108 1185 3165 Veronensis
1219 3106 1776 3179 episcopatus—fuerit
1820 3112 2101 3167 restitutus

516 3182 707 3236 eodem
746 3179 1196 3243 Miloneexcluso,
1223 3177 1788 3234 multis'moliminibus
1820 3181 2104 3250 impetive—

517 3259 626 3375 gat,
654 3258 723 3374 let
776 3250 953 3305 adhuc
984 3250 1308 3319 impetebat,
1348 3257 1408 3303 ut
1449 3250 1552 3305 sibi
1599 3250 1971 3320 episcopatum
2014 3266 2103 3308 ce-

556 3335 650 3375 ere
678 3359 693 3374 .

556 3329 693 3376 cret.

590 3389 775 3462 (1548)
803 3388 932 3443 Erat
962 3389 1014 3443 in
1044 3389 1203 3462 editis
1228 3409 1241 3443 :
1276 3388 1430 3455 Quod
1455 3389 1773 3460 compulsori
1804 3390 2102 3462 compulsus

516 3461 915 3525 instante,etc.,
941 3474 1061 3529 quae
1094 3461 1342 3515 idovieum
1375 3475 1591 3514 sensum
1626 3478 1728 3514 non
1764 3461 2097 3516 reddebant:

519 3534 613 3588 sed
642 3545 806 3585 voces
830 3528 1142 3598 compulsori
1172 3529 1469 3598 compulsus
1496 3529 1830 3586 Ratlteriano
1852 3546 2003 3586 more
2034 3532 2102 3587 ad

519 3600 736 3657 titulum
773 3599 1049 3670 pertinere
1075 3600 1209 3655 nihil
1251 3601 1630 3670 ambigendum
1679 3611 1783 3657 est.
1833 3602 2103 3657 Construe

519 3618 736 3657 ιιιιιιιιιῐι
773 3618 1049 3670 pertinere
1075 3618 1209 3655 mnu
1251 3618 1630 3666 ammentum
1679 3618 1783 3657 881.
1833 3618 2102 3657 υοιιεινιιθ

519 3681 745 3725 autem:
803 3688 822 3721 ι
858 3670 1009 3740 Quod
1042 3670 1119 3739 (id
1165 3680 1241 3724 est
1287 3618 1436 3740 quius)
1487 3670 1724 3727 instante
1776 3672 2102 3727 necessitate

518 3741 834 3796 festivitatis
861 3738 1099 3811 (Natalis
1126 3738 1380 3811 Domini),
1420 3738 1550 3811 quae,
1565 3741 1724 3796 debet
1752 3742 1937 3811 utique
1960 3742 2104 3797 celo-

520 3811 667 3881 brari
690 3810 1066 3881 observantius
1093 3810 1304 3881 emeris
1317 3825 1487 3878 nuper
1507 3810 1725 3881 elapsis,
1739 3812 1809 3866 du
1823 3810 1866 3864 Διι
1892 3827 2100 3866 summa

522 3880 852 3953 celebritatis
875 3879 1015 3933 illius
1033 3879 1302 3953 prtecipue
1317 3887 1528 3953 constet
1559 3879 1611 3934 ili
1639 3883 1897 3953 mysterio
1921 3883 2103 3936 distri-

520 3948 720 4003 buendi
742 3958 903 4018 atque
930 3948 1175 4016 sumendi
1198 3948 1470 4021 sacrificii,
1503 3965 1611 4020 quo
1637 3948 1823 4021 Agnus
1838 3953 2103 4006 asseritur

521 4027 707 4082 natus,
749 4028 808 4071 nt
859 4028 1133 4087 pateretur
1180 4034 1279 4088 pro
1327 4020 1509 4084 nobis;
1552 4020 1722 4075 hazret
1772 4022 2003 4084 animus,
2044 4032 2103 4077 ut

524 4103 686 4156 saepe,
718 4104 785 4140 an
818 4089 862 4142 is
891 4090 1061 4157 possit
1090 4098 1205 4141 tuto
1232 4103 1559 4157 praesumere
1609 4091 1683 4155 id,
1719 4092 1805 4145 cui
1863 4093 2104 4146 noscitur

520 4159 639 4231 ipse
668 4158 828 4224 Deus,
855 4159 947 4228 qui
975 4167 1029 4212 et
1052 4158 1268 4231 Agnus,
1298 4157 1500 4214 dixisse
1538 4160 1862 4215 inobedienti
1890 4179 1904 4215 :
1937 4161 1995 4216 Si
2016 4162 2100 4231 of,-

523 4174 537 4212 I
579 4173 639 4213 se
668 4173 828 4224 Deus,
855 4173 947 4228 qm
975 4173 1029 4212 et
1053 4173 1268 4228 Agnus,
1298 4173 1500 4214 UIXISSC
1538 4173 1862 4215 Inonedtentt
1890 4179 1904 4215 :
1937 4173 1993 4216 δι
2016 4173 2100 4231 ot,-

523 4173 627 4300 [ει-δ
666 4244 875 4300 munus
895 4237 965 4300 et
989 4228 1195 4298 reliqua
1226 4247 1239 4281 :
1271 4239 1327 4282 et
1353 4244 1477 4300 eum
1510 4246 1614 4284 non
1649 4232 1889 4300 ignorem
1926 4239 1977 4286 te
2009 4234 2104 4286 Ita-

520 4298 654 4371 bere
679 4298 881 4371 aliquid
905 4298 1200 4371 adversum;
1213 4313 1317 4362 me,
1348 4298 1475 4371 dum
1497 4298 1879 4371 cogor—offerre
1907 4318 2103 4357 munus

2200 1765 2400 1835 jugalis
2426 1766 2671 1837 legaliter
2702 1783 2833 1822 mea:
2859 1774 3164 1837 gnatorum.
3204 1764 3356 1836 Quod
3389 1765 3433 1820 si
3468 1775 3524 1820 te
3552 1780 3660 1819 non
3698 1780 3798 1833 pu-

2206 1858 2298 1914 det
2344 1858 2526 1928 lupnm
2574 1859 2754 1913 vocari
2800 1859 2907 1924 hic,
2960 1868 3019 1914 ut
3059 1858 3185 1913 alibi
3222 1857 3395 1915 furem
3427 1857 3649 1930 (1554);
3683 1858 3793 1913 for-

2207 1949 2373 2016 mido,
2433 1950 2666 2014 noveris,
2726 1949 2841 2021 ipse
2899 1950 3267 2006 mercenarius
3316 1951 3423 2006 dici
3460 1969 3473 2004 :
3513 1960 3794 2020 pastorum

2205 2039 2350 2095 enim
2394 2039 2641 2096 desidero
2661 2041 2887 2110 reperiri
2912 2042 2964 2095 in
2998 2054 3242 2103 numero,
3268 2055 3392 2095 cum
3417 2040 3795 2110 unusquisque

2176 2131 2501 2187 surrexerit
2528 2132 2582 2187 in
2621 2133 2812 2188 ordine
2844 2147 2943 2187 suo
2974 2131 3025 2203 (1
3060 2130 3183 2186 Cor.
3208 2146 3300 2194 xv,
3332 2131 3446 2202 23).
3474 2131 3535 2185 In
3579 2147 3688 2200 qua
3713 2132 3791 2186 di-

2204 2223 2472 2278 scretione
2525 2238 2650 2279 cum
2699 2223 2863 2278 etiam
2911 2220 3048 2279 haedi
3098 2232 3204 2277 tam
3250 2222 3359 2277 sint
3413 2223 3690 2294 graviter,
3738 2230 3793 2276 ut

2207 2312 2551 2384 Evangelium
2618 2314 2781 2377 dicit,
2852 2313 3144 2368 damnandi
3200 2311 3418 2385 (Matth.
3488 2328 3622 2381 xxv,
3667 2311 3790 2385 53);

2206 2565 2433 2619 abusum
2488 2563 2618 2617 Atto
2669 2559 3028 2633 Vercellensis
3101 2554 3496 2633 reprobatnim
3524 2554 3673 2633 libro

2202 2634 2459 2705 pressaris
2515 2631 2876 2686 ecclesiasticis
2926 2624 3070 2684 'tom.
3124 2624 3179 2682 1⁷
3227 2624 3413 2697 Spicil.
3467 2625 3791 2689 Acberiani,

2204 2704 2327 2775 pag.
2361 2704 2488 2757 425.

2279 2774 2464 2842 (1551)
2505 2771 2774 2827 Construe
2802 2788 2815 2825 :
2851 2769 2980 2825 Ila’c
3010 2770 3184 2842 omnia
3209 2767 3278 2842 ad
3303 2767 3534 2842 dedecus
3570 2765 3794 2833 impera-

2206 2836 2335 2899 toris
2365 2853 2411 2897 et
2446 2836 2651 2896 'ducum
2690 2851 3006 2899 nostrorum.
3035 2839 3151 2892 licet
3188 2836 3559 2897 dissimulent;
3589 2844 3638 2888 et
3668 2851 3791 2889 con-

2204 2926 2287 2969 tra
2328 2923 2641 2982 praeceptum
2671 2911 3028 2982 interdicentis
3061 2907 3205 2982 mala
3239 2903 3562 2982 omnia._Tu
3607 2915 3796 2982 tamen

2186 2974 2414 3039 ‘ridcris.
2449 2974 2674 3036 Nomine
2701 2980 3056 3034 interdicentis
3077 2976 3219 3032 mala
3249 2976 3424 3031 omnia
3443 2977 3589 3029 Dens
3606 2974 3797 3028 intelli-

2126 3047 2172 3109 C
2241 3056 2366 3107 itur.
2399 3053 2477 3107 Ad
2514 3051 2854 3121 imperatoris
2885 3050 3117 3104 dedecus
3145 3047 3286 3116 quod
3314 3045 3572 3114 pertinet,
3604 3054 3797 3099 notan-

2203 3070 2328 3180 dum
2361 3133 2443 3177 est
2492 3123 2654 3180 hunc,
2688 3131 2975 3180 postquam
3005 3118 3274 3175 Veronam
3328 3116 3633 3180 ingressus,
3688 3113 3797 3167 Ra-

2242 3139 2328 3176 nm
2361 3133 2443 3177 est
2492 3113 2654 3183 hunc,
2688 3131 2975 3188 postquam
3005 3113 3274 3188 Veronam
3317 3113 3798 3188 ingressus_,__Ra~

2206 3192 2436 3248 therium
2465 3184 2722 3252 restituit,
2750 3184 3048 3255 omnesque
3076 3187 3123 3241 ei
3169 3186 3328 3241 fidem
3358 3200 3514 3239 suam
3559 3184 3799 3255 obligas-

2203 3272 2349 3327 sent,
2380 3262 2725 3331 praecepisse,
2775 3258 2972 3331 nequid
3023 3258 3145 3331 mali
3178 3256 3414 3325 amplius
3442 3256 3497 3308 in
3540 3256 3797 3331 eumdem

2173 3325 2876 3403 'episeopumtentarenit:
2916 3327 3107 3403 Omnia
3165 3341 3295 3395 ergo
3320 3366 3357 3403 ε.
3389 3341 3510 3394 quae
3567 3325 3800 3403 subinde

2203 3395 2403 3459 contra
2427 3401 2744 3455 Ratberium
2786 3398 2911 3453 Milo
2935 3409 2989 3452 et
3019 3398 3135 3469 ejus
3164 3396 3458 3469 (oluplices
3493 3395 3614 3448 ausi
3648 3407 3794 3457 sunt,

2203 3474 2270 3529 ad
2317 3473 2556 3527 deducns
2602 3468 2946 3538 imperatoris
2985 3466 3350 3536 pertinebant,
3399 3475 3454 3519 et
3510 3480 3622 3518 non
3687 3475 3797 3517 tam

2204 3552 2393 3599 contra
2428 3542 2546 3606 Dei,
2571 3555 2733 3609 quam
2774 3548 2962 3594 contra
3004 3538 3146 3591 illius
3198 3545 3526 3609 praeceptum
3587 3550 3797 3609 pugna-

2203 3614 2352 3667 bant.
2386 3607 2605 3665 Omnia
2626 3611 2832 3680 pariter
2864 3609 3166 3680 vergebant
3204 3608 3257 3661 in
3302 3607 3795 3680 dedecusducnm.

2204 3684 2271 3737 de
2299 3681 2496 3751 quibus
2528 3682 2580 3734 in
2616 3676 2892 3736 notatione
2920 3676 3202 3751 sequenti;
3234 3676 3431 3751 quippe
3473 3676 3566 3743 qui
3623 3676 3798 3751 impe-

2204 3746 2331 3807 riali
2354 3754 2407 3805 in
2435 3751 2754 3805 Ratherium
2785 3746 3129 3819 propensioni
3145 3746 3796 3819 obsecundanles,‘eidem

2205 3823 2278 3877 ita
2329 3830 2514 3891 aperte
2560 3814 3056 3891 patrocinabantur,
3106 3825 3164 3871 ut
3205 3818 3384 3891 ipsum
3406 3818 3548 3891 lina:
3596 3814 3799 3882 inclyta

2204 3883 2613 3945 commendasset
2638 3890 2851 3944 tuitioni
2872 3889 3098 3953 comitis,
3128 3883 3378 3956 ιιιιίἰιιιιο
3406 3883 3643 3956 Verona:
3664 3900 3801 3954 pra:-

2205 3962 2430 4017 sideltal.
2468 3961 2598 4014 Vide
2630 3959 2918 4029 Qualitatis
2941 3955 3296 4029 conjecturam
3317 3970 3471 4029 nulli1
3492 3955 3585 4029 ιι,

2276 4030 2465 4103 (1552)
2506 4023 2679 4085 Duces
2728 4023 3183 4103 p_lnrali_nninero
3227 4034 3386 4079 vocat
3426 4023 3728 4103 llenricnin
3760 4024 3800 4076 ll

2205 4094 2418 4157 Otionis
2442 4094 2802 4169 imperatoris
2829 4114 2893 4153 ex
2926 4097 3093 4152 fratre
3128 4105 3403 4169 nepotem,
3433 4104 3492 4149 et
3517 4094 3797 4149 Juditham

2207 4171 2422 4227 Henrici
2454 4168 2654 4225 [ducis
2698 4169 3068 4239 Bajoariorum
3119 4168 3393 4239 relictam,
3448 4180 3516 4220 ac
3564 4173 3796 4239 matrem

2207 4243 2375 4311 ipsius
2407 4241 2622 4295 llenrici
2658 4239 2724 4299 ll.
2751 4235 2855 4311 qui
2874 4240 3123 4311 eumdem
3154 4238 3412 4311 ducatum
3453 4235 3632 4311 patris
3676 4249 3799 4288 cum

2208 4305 2443 4369 Marcbia
2480 4305 2785 4366 Veronensi'
2810 4309 3153 4373 obtinuerat,
3186 4307 3260 4361 uti
3298 4305 3665 4376 probavimus
3686 4312 3795 4356 not.

520 4368 881 4451 solemnitatis
907 4367 1145 4437 eiusdem
1177 4369 1306 4434 Dec.
1336 4367 1933 4442 cupiens'investisare
1974 4373 2101 4426 θυι-ι
2129 4391 2178 4449 ι)
2203 4367 2283 4438 59
2318 4383 2369 4434 in
2423 4381 2709 4446 Qualilatis
2761 4367 3150 4449 conjecturam,
3175 4377 3268 4432 ubi
3301 4367 3335 4429 'i
3377 4376 3491 4429 sius
3543 4375 3796 4435 ducissa',

520 4455 642 4499 pam
678 4455 871 4499 ipsam,
901 4455 1009 4499 quo
1040 4439 1244 4494 valeam
1294 4442 1651 4499 reconciliari.
1694 4458 1797 4496 non
1834 4442 1985 4497 valeo
2015 4443 2099 4496 in-
2203 4468 2323 4499 mm
2352 4450 2572 4499 Veronae
2593 4436 2827 4499 maxima
2850 4449 3172 4499 auctoritate
3188 4392 3796 4499 uotieﬁatnrmxnressa

518 4455 642 4509 pam
678 4440 871 4509 ipsam,
901 4455 1009 4509 quo
1040 4439 1244 4494 valeam
1294 4442 1651 4509 reconciliari,
1694 4439 1985 4497 non—valeo
2015 4443 2099 4496 in-

520 4511 707 4581 venire
727 4510 909 4581 aliam,
944 4510 1046 4564 nisi
1081 4510 1222 4581 quod
1252 4523 1417 4581 ausus
1443 4512 1544 4567 sim
1573 4512 1858 4567 admittere
1897 4514 1973 4579 (id
2023 4525 2097 4567 est

521 4580 853 4651 permiitere)
885 4596 970 4635 mc
994 4580 1420 4636 consecrandum
1444 4583 1509 4636 ad
1524 4583 1887 4651 episcopatum
1912 4583 2098 4638 Eccle-

522 4650 617 4720 siae
648 4649 992 4712 Veronensis,
1030 4660 1186 4704 antea
1227 4664 1386 4719 quam
1423 4649 1815 4720 ipse—volueris
1868 4654 2035 4707 nasci.
2075 4672 2094 4703 ι

520 4718 851 4791 Adverbinm
880 4721 1076 4791 uiique.
1119 4718 1261 4789 quod
1304 4721 1356 4771 in
1386 4718 1527 4791 vnlg.
1561 4723 1766 4785 deerat,
1796 4734 1862 4777 ex
1917 4723 2100 4777 codice

524 4788 850 4842 addidimus.
890 4788 1277 4844 .Festivilatem
1336 4788 1541 4847 Natalis
1595 4792 1810 4848 Domini
1867 4792 2107 4848 indicant

524 4858 689 4928 verba
720 4875 733 4910 :
765 4857 882 4928 Quo
907 4860 1084 4928 Agnus
1110 4861 1364 4917 asseritur
1389 4874 1564 4918 natus.

596 4925 781 5006 (1549)
820 4925 999 4981 Prima
1026 4944 1186 5006 manu
1222 4930 1274 4983 in
1304 4933 1491 4989 codice
1526 4945 1623 5001 pro
1660 4931 1787 4985 dum
1816 4948 1972 5003 cogor
2000 4947 2097 4985 au-

524 5003 644 5066 ctor
658 4998 955 5066 scripserat
978 4998 1295 5066 compulsus.

597 5061 793 5137 (i350)
824 5065 961 5137 liinc
986 5061 1244 5122 discimus
1274 5070 1523 5125 Milonem
1567 5082 1773 5133 natum,
1817 5078 2098 5137 postquam

527 5134 819 5189 Ratherius
848 5134 1176 5209 Veronensis
1200 5134 1856 5209 episc0pusgconsecratus
1888 5134 2096 5192 fuerat:

528 5220 592 5259 ac
649 5214 931 5277 propterea
984 5206 1046 5277 in
1081 5206 1327 5277 epistiv,
1370 5206 1436 5262 ad
1481 5207 1741 5263 Joannem
1790 5208 2101 5277 pontiﬁcem

528 5288 677 5348 num.
704 5274 880 5348 senm
911 5274 1125 5348 comitis
1159 5275 1369 5333 Milonis
1396 5278 1717 5346 nepotulum,
1755 5274 1809 5331 id
1846 5287 1930 5331 est
1972 5278 2100 5331 ado-
2148 5286 2151 5291 '

2203 4436 2323 4523 quae
2352 4436 2827 4523 Veroutejnaxima
2850 4436 3172 4523 auctoritate
3188 4436 3521 4523 potiebatur,
3536 4459 3799 4523 expressa

2203 4515 2264 4578 fit
2307 4522 2530 4575 mentio.
2578 4519 2715 4574 Hinc
2760 4520 2954 4573 iterum
2987 4515 3212 4572 inferius
3245 4532 3394 4569 num.
3427 4515 3462 4568 5
3498 4516 3797 4583 imperium,

2202 4608 2294 4648 seu
2325 4600 2650 4661 praeceptum
2678 4589 2839 4659 exigit
2881 4598 3129 4658 apertum
3157 4587 3486 4655 imperatoris
3527 4596 3577 4639 et
3605 4587 3799 4639 ducunt

2203 4673 2518 4717 nostrorum.

2273 4732 2454 4801 (1555)
2502 4731 2587 4801 Ita,
2626 4729 2815 4784 codex.
2860 4728 2917 4783 ln
2964 4726 3129 4801 vnlg,
3173 4727 3430 4801 mendose
3457 4725 3551 4801 _ad
3604 4724 3797 4801 ﬁlium.

2203 4795 2408 4858 Sensus
2431 4795 2534 4854 est.
2568 4799 2623 4854 Si
2651 4815 2754 4853 non
2779 4798 3022 4868 ponenda
3046 4795 3131 4853 est
3157 4799 3334 4852 anima
3360 4798 3430 4868 ad
3455 4795 3799 4868 interfeCtio-

2203 4887 2329 4928 nem
2366 4872 2525 4925 unius
2551 4870 2667 4933 lilii,
2699 4866 2868 4923 multo
2899 4870 3077 4923 minus
3102 4868 3168 4923 ad
3208 4866 3644 4921 interfectionem
3681 4875 3797 4917 tan-

2204 4954 2402 5011 torum.
2443 4941 2612 4993 Porro
2644 4940 2880 5009 jugalem
2929 4953 3081 5011 suam
3132 4936 3368 5011 legaliter
3418 4943 3581 4989 vocat
3632 4934 3797 5011 Vero.

2202 5007 2424 5067 nenscm
2467 5005 2787 5070 Ecclesium,
2847 5025 3009 5078 quam
3062 5005 3329 5076 legaliter,
3377 5020 3473 5059 seu
3532 5005 3797 5078 canonice

2204 5089 2551 5137 consecratus
2603 5074 2888 5148 episcOpus
2941 5074 3131 5142 duxit;
3187 5086 3370 5146 gnatos
3413 5085 3599 5130 autem
3652 5074 3795 5129 filios

2205 5166 2333 5207 suos
2363 5148 2700 5203 Veronenses
2728 5148 2980 5217 appellat.

2276 5166 2333 5204 os
2370 5165 2700 5203 veronenses
2728 5165 2980 5269 ίιΙιμειιιιι.

2276 5218 2459 5290 (1554)
2493 5217 2689 5273 Furem
2714 5234 2749 5290 a
2774 5219 2866 5290 ibi,
2904 5219 3070 5290 idest
3106 5224 3289 5279 antea,
3320 5214 3667 5290 Evangelica:
3697 5228 3793 5283 pa.

2205 5281 2405 5345 raliolac
2431 5281 2686 5343 insistens
2712 5288 2914 5342 indicat
2941 5287 3211 5348 Milouem,
3243 5285 3336 5348 qui
3367 5294 3425 5337 ut
3450 5281 3539 5338 fur
3564 5301 3673 5339 non
3699 5281 3798 5348 per
