4044 5348
254 281 314 337 Π
1625 273 2004 334 Εριδτοιιδε.
2093 248 2108 256 “

3369 273 3476 331 678

219 397 331 454 sitis
373 391 504 450 mihi
551 389 744 446 facturi
791 374 974 446 coram
1013 387 1294 461 majestate
1339 389 1564 461 piissimi
1619 388 1786 461 impe-
1815 393 1860 452 Α
1889 384 2120 442 Caesaris
2145 399 2228 441 me
2256 385 2574 452 terrificare,
2601 401 2723 442 cum
2749 387 3053 459 nequcatis,
3080 389 3322 446 cessetis.
3357 389 3477 446 Mil-

219 486 407 544 ratoris
451 483 695 556 [Ottonis
734 482 1234 556 lJ'verecundiam,
1284 483 1790 553 cum—impudentiae.

219 592 344 632 mete
371 577 606 630 conlisus
624 614 637 637 ,
669 583 914 642 putarem
950 572 1150 626 nullam
1177 573 1416 641 patuisse
1442 573 1788 627 stultissimus

219 664 623 723 conscientiam.
669 663 778 718 Sed
823 663 960 718 forte
1003 677 1179 718 meam
1220 663 1484 718 introistis
1529 662 1786 732 (mereor)

217 754 554 827 profundius;
596 763 652 809 et
689 753 778 809 illa
811 754 1014 819 nostis,
1051 768 1173 823 qua:
1209 753 1350 809 dicta
1394 754 1446 808 in
1491 754 1786 819 cubilibus,

217 846 662 916 praedicabantur,
687 854 878 914 parcat
904 843 1007 900 nisi
1037 843 1200 910 Deus,
1231 844 1283 898 in
1315 845 1474 900 tectis
1505 844 1656 917 (Luc.
1688 861 1784 909 xu,

215 939 286 1009 5).
327 939 398 992 De
435 937 649 992 caeteris
686 949 921 1006 namque
961 945 1070 990 tam
1112 950 1208 990 vos
1249 934 1462 990 confido
1506 936 1784 1004 ignarum,

215 1035 405 1097 quanto
427 1025 726 1081 mendaciis
747 1024 930 1095 (1575)
956 1023 1087 1079 mihi
1113 1023 1509 1080 detrahentium
1527 1025 1638 1095 jam
1669 1026 1786 1079 uni-

214 1116 428 1171 vet-sitas
452 1116 693 1185 praebere
715 1113 923 1170 fastidit
943 1115 1202 1169 auditum.
1229 1116 1334 1170 Sed
1363 1115 1514 1185 quid,
1539 1113 1783 1181 Domine,

214 1207 444 1262 facietis?
468 1207 568 1263 Ubi
587 1207 748 1262 verba
763 1207 1071 1272 cessabunt,
1088 1205 1229 1261 facta
1249 1206 1556 1278 loquentur.
1575 1207 1688 1262 Non
1701 1223 1787 1264 se-

213 1298 306 1353 mel
333 1298 517 1370 (1576)
547 1299 691 1353 etaim
722 1313 845 1354 cum
875 1297 1014 1353 idem
1049 1312 1149 1369 ego
1187 1299 1417 1354 dominae
1453 1299 1782 1368 imperatrici

214 1387 488 1460 [Adelaidi]
514 1388 800 1453 suaserim,
826 1402 913 1454 ne,
932 1403 1082 1458 rogo,
1111 1389 1310 1458 putetis
1325 1389 1782 1458 sapientissimum

212 1481 580 1550 imperatorem
599 1481 740 1536 illius
753 1481 896 1537 beati
913 1480 1012 1536 Job
1030 1496 1124 1536 seu
1133 1482 1310 1538 tentia
1321 1483 1537 1552 penitus
1551 1497 1671 1538 esse
1685 1483 1783 1538 im-

213 1585 490 1624 memorem
517 1588 530 1624 :
548 1569 773 1625 Causam
786 1575 941 1642 quam
955 1573 1264 1639 nesciebam,
1280 1572 1675 1643 diligentissime
1695 1578 1779 1628 in-

212 1660 511 1727 vestigabam
533 1658 654 1730 (Job
676 1675 788 1726 xix,
819 1660 904 1732 16)
925 1680 938 1715 :
957 1677 1056 1716 nec
1078 1671 1189 1716 tam
1205 1662 1482 1717 credulum
1502 1663 1649 1719 vobis
1667 1665 1782 1719 exi-

1887 475 1986 531 lies
2027 475 2168 530 enim
2213 490 2307 531 vos
2358 475 2530 548 magis
2575 475 2826 544 formido,
2871 492 3035 547 quam
3084 476 3279 548 ipsum.
3328 478 3474 534 Bona

1885 565 2030 618 enim
2059 579 2183 619 cum
2213 565 2420 631 amari,
2450 566 2592 621 mala
2627 582 2749 622 cum
2791 576 3012 622 econtra
3051 568 3257 624 soleant
3302 570 3480 639 magis

1889 654 2098 720 timeri;
2124 655 2366 711 serviens
2387 657 2538 712 vobis
2562 657 2770 711 duobus
2793 658 3199 728 impossibiliter
3219 659 3477 728 dominis,

1885 745 2036 800 illum
2074 745 2267 817 diligo,
2299 761 2395 802 vos
2428 747 2612 803 timeo.
2654 748 2972 804 Consideret
3001 765 3097 804 cur
3126 750 3349 823 (1379),
3382 754 3478 808 sed

1886 837 1973 892 cui
2013 839 2303 908 competit,
2333 849 2482 910 opto.
2523 840 2665 896 idem
2707 850 2962 898 caeterum
3006 844 3131 898 dum
3173 858 3475 912 cantemus,

1886 943 2006 983 cum
2041 943 2145 983 non
2181 929 2428 985 oblivisci
2468 945 2763 1000 queamus,
2808 932 2948 988 sicut
2985 933 3052 987 de
3084 932 3294 988 Joanne
3329 951 3474 991 nunc

1886 1019 2088 1074 dictum
2117 1019 2354 1075 estzllic
2379 1033 2453 1075 est
2479 1021 2616 1076 enim
2649 1023 2920 1092 praplteta,
2947 1033 2994 1077 et
3022 1023 3138 1094 plus
3165 1041 3319 1094 quam
3345 1043 3472 1096 pro-

1882 1113 2070 1181 plteta,
2100 1111 2371 1178 videritis,
2402 1127 2469 1167 ne
2500 1113 2601 1168 hoc
2629 1113 2701 1168 sit
2729 1113 2850 1184 plus
2883 1131 3043 1185 quam
3075 1115 3376 1186 imperare,
3414 1126 3473 1172 ut

1883 1206 2009 1260 dum
2040 1203 2464 1274 gloriosissimus
2492 1203 2786 1274 imperator
2827 1207 2992 1259 etiam
3035 1221 3264 1277 corpora
3302 1222 3472 1278 paro-

1883 1296 2198 1352 chiauorutu
2231 1311 2452 1352 suorum
2479 1297 2747 1368 episcopis
2770 1297 3073 1352 consentiat
3098 1299 3210 1353 suis
3228 1339 3242 1363 ,
3270 1314 3364 1354 vos
3393 1301 3474 1371 ip-

1882 1403 1973 1443 sas
1996 1387 2205 1443 animas
2233 1387 2314 1442 eis
2340 1386 2598 1442 auferatis
2617 1428 2632 1453 ,
2665 1387 2788 1443 dum
2817 1390 3163 1458 presbyteros
3193 1390 3373 1462 (1580)
3406 1391 3475 1446 ad

1882 1481 2144 1551 synodum
2169 1480 2375 1546 venire,
2397 1487 2450 1534 et
2476 1479 2800 1548 legationem
2830 1479 2998 1550 ipsius
3021 1495 3174 1550 papae
3201 1481 3267 1536 de
3291 1483 3474 1537 uxori-

1882 1570 1984 1624 bus
2011 1569 2347 1625 dimittendis
2373 1569 2563 1625 audire
2581 1611 2594 1635 ,
2628 1578 2681 1624 et
2707 1571 3020 1626 omnimodo
3046 1572 3314 1642 episcopis
3338 1573 3470 1629 obe-

1881 1659 1998 1714 dire
2024 1661 2159 1715 adeo
2183 1660 2512 1730 prohibetis,
2542 1660 2724 1732 (1581)
2759 1671 2815 1715 ut
2844 1677 2938 1716 eos
2966 1677 3116 1717 more
3148 1664 3380 1720 militum
3414 1666 3473 1723 in

213 1758 506 1815 stere,utos
520 1752 725 1804 inimici
745 1767 845 1805 non
862 1752 1096 1822 loquitur
1109 1757 1400 1818 veritatem,
1419 1770 1524 1808 non
1539 1754 1666 1810 olim
1689 1771 1780 1810 so-
1813 1750 1858 1810 Β
1887 1752 2081 1807 vestris
2110 1753 2359 1807 manibus
2384 1753 2677 1824 recipiatis,
2707 1761 2761 1808 et
2791 1754 2870 1809 eis
2897 1753 2950 1807 in
2982 1755 3236 1810 omnibus
3265 1757 3472 1812 abomi-

211 1839 467 1896 lummodo
490 1842 718 1907 dictum,
737 1842 828 1896 sed
846 1852 899 1897 ct
921 1841 1186 1913 frequenti
1203 1860 1300 1898 usu
1315 1844 1656 1900 tritissimum
1672 1861 1777 1900 non

209 1931 368 1985 valeat
395 1933 692 1988 recordari.
717 1932 848 1998 Sed,
876 1949 909 1989 ο
938 1934 1098 2003 pallia
1123 1936 1304 2006 (1377)
1331 1936 1573 1990 Ratberii
1601 1937 1780 1992 vanis-

210 2021 316 2074 simi
355 2021 574 2087 inertia,
612 2022 688 2076 nil
727 2039 950 2092 prorsus
991 2024 1066 2078 illi
1109 2027 1211 2080 nisi
1252 2025 1556 2094 hujusmodi
1595 2027 1777 2083 confe-

209 2112 397 2166 rentia!
426 2112 470 2168 0
503 2114 922 2183 Venetia,cujus
949 2117 1112 2186 pallia
1145 2127 1252 2172 tam
1278 2128 1402 2174 sunt
1423 2120 1590 2190 gratis
1612 2121 1778 2174 etiam

210 2203 582 2273 accipientibus
612 2205 736 2262 vilia
757 2247 772 2274 ,
802 2217 861 2262 ut
888 2209 995 2262 emi
1025 2223 1091 2262 ex
1119 2209 1204 2264 his
1240 2225 1414 2281 neque
1454 2212 1568 2282 ipsa
1611 2214 1782 2282 possit

209 2293 454 2361 inefﬁcax,
487 2296 734 2366 nihilque
765 2297 1051 2354 conferens
1076 2301 1278 2370 gratia!
1319 2300 1363 2357 Ο
1395 2316 1519 2356 vera
1548 2301 1778 2368 dicentis

210 2391 492 2456 sententia,
528 2401 584 2445 et
610 2391 698 2446 isti
732 2391 928 2447 seculo
966 2409 1206 2464 congrua
1239 2411 1251 2446 :
1288 2393 1394 2460 Ita,
1426 2394 1778 2466 inquit,enim

209 2489 272 2532 est
301 2491 690 2550 comparatum,
719 2494 772 2535 ut
811 2492 981 2538 vetera
1017 2485 1238 2538 subruas
1274 2486 1556 2555 beneﬁcia,
1587 2487 1688 2540 nisi
1715 2503 1776 2539 ea

208 2573 557 2640 posterioribus
597 2572 806 2642 fulcias.
853 2574 1027 2629 linum
1070 2577 1212 2630 enim
1253 2577 1297 2630 si
1337 2576 1501 2648 559
1534 2578 1778 2648 improbo

208 2663 424 2718 cxactori
459 2664 784 2736 ingrataque
819 2666 1080 2736 sumptori
1120 2667 1428 2739 negaveris,
1458 2668 1776 2724 collatornm

209 2752 351 2807 millia
377 2755 582 2823 perdis.

267 2845 317 2898 2.
356 2844 398 2901 Ο
424 2856 683 2902 caeterum
713 2847 912 2903 delicto
937 2847 1172 2901 maximo
1205 2848 1298 2910 rei,
1330 2848 1526 2918 quibus
1551 2863 1650 2906 nec
1677 2849 1778 2904 im-

211 2946 464 3005 petranter
485 2947 697 3007 petere,
720 2953 820 2994 nec
844 2938 1132 2994 salubriter
1155 2940 1443 3008 impetrare
1465 2940 1594 2997 illud
1620 2942 1778 2996 datur

209 3025 593 3097 Psalmographi
625 3042 639 3081 :
667 3028 743 3082 Ab
779 3027 992 3082 occultis
1020 3029 1146 3083 meis
1177 3030 1376 3084 munda
1404 3046 1505 3095 me,
1535 3028 1769 3094 Domine,

210 3123 249 3172 et
273 3115 330 3167 ab
353 3115 536 3171 alienis
562 3132 721 3187 parce
753 3132 898 3171 servo
925 3126 1012 3172 tuo
1037 3116 1207 3182 (Psal.
1235 3133 1392 3186 xvm,
1423 3119 1545 3190 15)!
1576 3121 1778 3189 Depre-
1802 3106 1847 3171 C

211 3221 291 3260 cor
315 3222 458 3273 sane,
494 3217 557 3264 ut
597 3209 663 3263 de
707 3217 863 3279 parte
905 3209 1130 3277 piissimi
1174 3209 1358 3283 (1378)
1387 3225 1599 3281 semper
1640 3211 1772 3265 mihi

271 3312 440 3384 (1375)
477 3311 761 3367 Mendacia
804 3314 1035 3384 appellat
1072 3314 1222 3371 fictas
1254 3316 1678 3384 criminationes,
1709 3318 1776 3373 de

211 3383 381 3502 quibus
418 3383 664 3453 queritur
700 3395 812 3438 tum
841 3383 905 3438 in
942 3385 1273 3455 Apologetico
1303 3403 1452 3442 num.
1483 3388 1535 3452 7,
1569 3383 1679 3442 tum
1717 3388 1770 3442 in

255 3452 462 3502 iscordia
489 3469 639 3502 num.
669 3454 721 3502 ’1.
751 3455 1060 3502 eaedemnun
1087 3457 1136 3502 in
1171 3457 1415 3502 sentienti
1446 3458 1512 3502 ad
1544 3457 1770 3502 Amhm-

255 3452 462 3506 iscordia
489 3469 639 3525 nutu.
669 3454 721 3517 7,
751 3452 1060 3525 easdemque
1087 3452 1136 3508 in
1171 3457 1416 3525 sequenti
1446 3458 1514 3511 ad
1541 3457 1773 3512 Ambro-

212 3522 331 3594 siam
355 3523 583 3594 epistola
615 3524 952 3594 potissimum
979 3522 1336 3594 explicantur.

269 3591 440 3667 (1376)
478 3591 746 3667 Constare
777 3609 791 3646 :
823 3592 1034 3667 Etenim
1051 3591 1179 3667 cum
1209 3612 1311 3648 non
1341 3595 1498 3651 semel
1529 3614 1622 3667 ego
1648 3614 1774 3652 sua-

209 3664 346 3736 serim
379 3663 513 3736 idem
555 3664 780 3736 domina:
812 3665 1164 3733 imperatrici;
1197 3681 1338 3735 rogo,
1375 3683 1438 3719 ne
1461 3663 1650 3736 putetis
1684 3685 1774 3722 sa-

210 3733 566 3802 pientissimum
617 3734 979 3802 imperatorem
1020 3736 1226 3802 penitus
1257 3733 1378 3790 esse
1423 3733 1777 3792 immemorem

211 3799 334 3855 illius
366 3804 635 3856 sententia:
679 3802 754 3861 B.
777 3801 926 3857 Job:
964 3799 1215 3868 Caiusnu,
1257 3813 1385 3871 elc.,
1423 3823 1514 3861 nec
1557 3809 1778 3861 existere

212 3879 303 3942 tam
329 3872 597 3925 credulum
625 3873 782 3938 vobis,
812 3882 866 3926 ut
892 3889 992 3926 non
1020 3875 1185 3927 valeat
1214 3878 1500 3942 recordari,
1523 3894 1626 3931 non
1651 3878 1775 3932 olint

211 3939 511 4018 stilummodo
534 3942 754 4010 dictant,
782 3943 871 3998 sed
896 3953 944 3998 et
972 3945 1328 3999 tristissimum
1353 3965 1449 4001 usu
1482 3939 1734 4018 frequenti
1756 3964 1776 4001 :

213 4007 276 4064 Os
297 4012 515 4076 inimici,
545 4022 652 4066 etc.
740 4007 747 4010 '
1291 4049 1298 4054 -

271 4081 443 4156 (1577)
483 4081 1029 4156 ‘Pallium‘signilicat
1072 4100 1317 4156 pannum
1362 4086 1615 4152 sericum,
1664 4088 1778 4143 sive

212 4152 528 4217 pretiosioris
559 4152 856 4209 materiei':
889 4157 1030 4211 unde
1066 4152 1356 4212 Ratherius
1387 4159 1481 4213 lib.
1513 4175 1543 4210 ν
1581 4157 1780 4213 Praelu-

214 4221 437 4300 quiorum
464 4239 615 4277 num.
655 4224 740 4289 10,
772 4225 1050 4300 haeresium
1077 4241 1142 4280 ex
1167 4226 1329 4296 pallio
1359 4230 1580 4300 optimo,
1613 4229 1664 4283 id
1693 4238 1777 4284 est

213 4286 552 4364 lacernatae:
574 4286 751 4363 panno
777 4295 1003 4364 optimo,
1036 4286 1320 4364 memorat.
1350 4286 1776 4355 C'onfcr'ibidcm

215 4369 313 4413 not.
373 4361 540 4415 Pallia
576 4361 894 4431 'hujusmodi
953 4365 1007 4419 in
1063 4363 1275 4421 Venetia
1332 4376 1586 4422 contexta
1641 4370 1776 4423 indi-

216 4437 306 4508 cat,
334 4432 418 4486 ubi
440 4431 680 4508 ⁸νειιειὶαιε
704 4435 919 4490 nomine
945 4450 1050 4490 non
1081 4438 1226 4508 urbs,
1257 4439 1349 4493 sed
1374 4439 1650 4508 provincia
1676 4454 1772 4493 an-

217 4499 399 4578 tiquam
438 4503 542 4578 hoc
576 4517 791 4578 quoque
827 4520 939 4578 aevo
977 4499 1390 4576 appellationem
1421 4518 1476 4564 et
1501 4509 1770 4578 significa-

218 4573 397 4649 tionem
434 4573 686 4649 obtinens
706 4573 1064 4649 "intelligenda
1103 4587 1202 4633 est.
1251 4579 1308 4632 lu
1352 4579 1450 4634 hac
1490 4573 1771 4649 Perincia

217 4636 406 4719 Yet-oua
431 4643 593 4719 etiam
629 4636 1203 4719 comprehcndebatur,
1237 4657 1292 4703 et
1322 4649 1463 4719 inea
1490 4636 1649 4719 pallia
1677 4667 1773 4719 op-

228 4666 406 4694 vctuu'd
431 4666 593 4696 ctiam
629 4666 1203 4712 CUIUPI‘CUCIIUCDHIUI‘,
1237 4666 1292 4703 BI.
1322 4666 1372 4702 ιη
1400 4666 1463 4703 ea
1527 4666 1649 4702 auia
1677 4667 1773 4719 0p-

219 4707 330 4788 lima
357 4713 797 4788 conficiebantur.
819 4715 1074 4788 Quaedam
1095 4732 1161 4771 ex
1185 4719 1268 4772 his
1289 4717 1460 4788 palliis
1486 4666 1774 4774 Ratherius

216 4773 437 4858 Nannoni
458 4797 598 4838 novo
618 4773 904 4858 comitiﬂit
923 4785 1039 4858 ejus
1060 4787 1161 4841 sibi
1183 4773 1412 4857 graiiam
1435 4773 1767 4855 conciliaret,

219 4851 355 4928 initio
385 4851 505 4928 ejus
541 4851 982 4928 regiminisdono
1011 4851 1233 4912 dederat
1257 4875 1270 4924 ;
1299 4861 1392 4913 sed
1420 4875 1482 4912 ea
1511 4862 1660 4915 fuere
1693 4851 1774 4913 in;

219 4921 352 4998 ertia,
383 4921 435 4976 id
460 4931 549 4998 est
575 4921 676 4979 sibi
705 4926 936 4993 inutilia,
967 4929 1113 4997 quia,
1148 4939 1204 4982 ut
1233 4921 1285 4982 in
1316 4932 1665 4998 sequentibus
1692 4931 1775 4983 in-

1884 1843 2226 1909 natiouibus,
2257 1859 2392 1914 quas
2427 1855 2614 1899 contra
2644 1845 2811 1900 Deum
2839 1845 3078 1914 faciunt,
3107 1849 3472 1917 patrocinium

1882 1933 2027 1990 ferre
2053 1935 2357 1991 nullatenus
2380 1938 2662 2003 omittatis,
2687 1948 2741 1992 et
2763 1939 2916 2009 quasi
2945 1939 3095 1995 vobis
3125 1941 3330 1994 dictum
3359 1941 3429 1995 sit
3458 1959 3470 1995 :

1885 2022 2242 2096 Quodcunque
2271 2027 2486 2080 solveris
2512 2043 2668 2097 super
2695 2038 2888 2082 terram
2907 2070 2920 2092 ,
2953 2029 3181 2083 solutum
3211 2034 3311 2084 erit
3341 2043 3388 2084 et
3419 2032 3472 2084 in

1882 2115 2022 2168 cwlis
2063 2115 2277 2180 (Matth.
2323 2132 2433 2183 xvr,
2479 2118 2586 2187 19),
2627 2118 2700 2172 ita’
2745 2127 2988 2174 nostram
3034 2119 3471 2176 interdictionem

1881 2218 1975 2259 eos
2028 2207 2415 2276 parvipendere
2449 2205 2684 2264 faciatis.
2723 2208 2836 2263 lioc
2871 2223 3004 2263 sane
3041 2224 3163 2265 cum
3200 2211 3272 2265 sit
3302 2211 3477 2282 impe-

1881 2312 2025 2362 rare,
2056 2307 2110 2352 et
2135 2299 2416 2370 plusquam
2457 2298 2750 2370 imperare,
2782 2316 2888 2356 non
2919 2310 3002 2356 est
3039 2301 3160 2356 dico
3198 2317 3468 2373 regnare:

1882 2403 2111 2458 regnare
2142 2389 2338 2460 quippe
2370 2399 2516 2446 recte
2545 2399 2629 2445 est
2658 2406 2837 2461 agerc,
2865 2390 2950 2446 vel
2977 2392 3118 2464 quod
3146 2392 3267 2462 quis
3294 2395 3473 2463 possi-

1881 2480 1992 2548 det,
2025 2495 2235 2551 rcgere,
2260 2482 2361 2536 hoc
2386 2491 2467 2537 est
2495 2481 2816 2553 gubernare.

1949 2570 2004 2626 5.
2045 2570 2262 2627 Utinam
2292 2588 2422 2644 ergo
2447 2588 2533 2628 me
2560 2573 2742 2644 (1382)
2768 2583 2826 2627 ut
2850 2573 3348 2642 possidetis,.etiam
3376 2590 3472 2645 gu-

1879 2664 2229 2728 bernassetis,
2258 2665 2420 2738 560
2443 2675 2606 2736 utque
2628 2666 2761 2720 mihi
2785 2666 3053 2736 imperare
3071 2708 3086 2732 ,
3108 2681 3194 2721 me
3217 2667 3286 2719 ita
3309 2667 3471 2720 etiam

1881 2768 2066 2823 regere
2101 2757 2412 2811 amassctis!
2454 2755 2810 2810 Tolerabilius
2849 2771 2969 2808 nam
3017 2755 3191 2810 fuerat
3230 2765 3470 2810 vestrum

1880 2845 1960 2898 sic
1984 2843 2128 2900 ferre
2153 2846 2468 2910 dominium,
2501 2855 2557 2900 ut
2583 2861 2744 2916 quem
2771 2847 3040 2911 timerem,
3069 2847 3315 2900 eumdem
3345 2845 3469 2899 dili-

1879 2947 2062 3002 gerem
2100 2933 2308 3004 ipsuni,
2341 2943 2398 2987 ut
2426 2933 2606 2990 facere
2636 2935 3013 2990 inchoaveram
3043 2935 3190 2989 illum
3240 2936 3425 3008 (1385)
3452 2975 3470 3003 ,

1880 3027 1947 3082 de
1977 3040 2084 3097 quo
2116 3027 2249 3081 mihi
2278 3042 2576 3099 congruere
2607 3023 2736 3082 illud
2768 3026 2872 3081 feci
2903 3025 3232 3082 Nasonicum
3266 3045 3281 3081 :

2031 3157 2214 3223 Probra
2236 3158 2542 3220 Therspneae
2565 3161 2651 3222 qui
2676 3159 2870 3209 dixerat
2892 3165 3008 3209 ante
3030 3160 3217 3210 marita:
3234 3198 3249 3223 ,

2093 3221 2202 3270 Mox
2226 3223 2404 3271 cecinit
2429 3221 2598 3271 laudes
2622 3225 2936 3284 prosperiore
2960 3225 3079 3284 lyra.

1877 3331 1998 3396 post
2025 3323 2316 3396 concilium
2342 3323 2626 3396 liavennas
2651 3321 3253 3396 Veronreconvocavit.
3272 3322 3326 3378 1n
3357 3327 3470 3396 cpi-

1879 3393 2012 3464 stola
2033 3393 2178 3464 enim
2201 3395 2444 3462 sequenti
2470 3409 2616 3448 nunt.
2645 3394 2694 3458 1,
2718 3395 2783 3447 de
2803 3392 2990 3448 eadem
3016 3395 3218 3464 synodo
3242 3392 3466 3464 loquens

1879 3463 1996 3515 ait:
2037 3461 2161 3534 Non
2203 3461 2462 3517 venientes
2509 3479 2625 3518 vero
2663 3465 2751 3533 (ad
2793 3461 3080 3534 synodum)
3127 3479 3242 3516 cum
3285 3461 3471 3517 iterum

1877 3542 2032 3603 atque
2069 3532 2258 3584 iterum
2297 3548 2480 3586 vocare
2517 3532 2801 3598 curassem,
2825 3532 3008 3601 adfuit
3048 3532 3235 3603 missus
3263 3535 3471 3588 nomine

1877 3601 2193 3673 Giselpertus
2219 3642 2233 3666 ,
2264 3611 2310 3673 et
2340 3618 2403 3655 ex
2430 3611 2578 3671 parte
2601 3603 2682 3655 sui
2711 3604 2947 3672 magistri
2975 3603 3050 3673 (id
3078 3611 3160 3656 est
3193 3601 3472 3659 Nannouis

1878 3670 2113 3738 comitis)
2137 3672 2402 3724 interdixit
2425 3670 2516 3740 per
2539 3670 2876 3737 bannumﬁte
2899 3670 3124 3726 venirent
3149 3674 3292 3727 nullo
3316 3676 3470 3728 modo

1877 3743 1945 3795 ad
1977 3751 2219 3812 nostrum
2238 3742 2537 3794 concilium.
2579 3740 2748 3796 Porro
2785 3743 2972 3811 legatio
3015 3744 3179 3811 ipsius
3217 3760 3366 3812 papw
3405 3745 3469 3799 de

1877 3812 2129 3866 uxoribus
2167 3811 2487 3880 dimittendis
2526 3813 2746 3880 respicit
2785 3815 3063 3866 decretum
3105 3811 3317 3867 consilii
3362 3813 3469 3867 Ru—

1877 3883 2126 3954 vennatis
2145 3921 2160 3946 ,
2189 3883 2272 3935 cui
2301 3879 2533 3954 Joannes
2558 3879 2938 3954 Xlllrsunnnus
2965 3882 3204 3953 pontifex
3233 3885 3468 3954 pra-fuit.

1877 3952 2023 4006 idem
2051 3963 2377 4023 prmceptum
2408 3952 2462 4004 in
2493 3953 2721 4021 epistola
2760 3952 3010 4023 sequenti
3045 3969 3172 4006 nunt
3208 3952 3269 4019 1',
3300 3954 3474 4023 impe-

1878 4023 2046 4077 ratori
2099 4021 2420 4094 ascribitur,
2474 4025 2601 4091 quia
2651 4022 2890 4090 ejusdem
2940 4023 3214 4094 synodalis
3260 4021 3469 4079 decreti

1878 4093 2281 4164 exsecutionem
2317 4091 2482 4164 etiam
2504 4094 2797 4161 imperialis
2828 4091 3067 4162 potestas
3103 4095 3467 4164 praescripsit;

1879 4164 1957 4217 ait
1995 4163 2160 4228 enim,
2198 4177 2257 4217 se
2296 4171 2417 4232 post
2465 4163 2750 4218 liavennas
2797 4165 3085 4218 concilium
3132 4163 3468 4220 convocasse

1877 4248 2066 4289 omnes
2095 4249 2205 4288 sua:
2235 4232 2485 4287 dimcesis
2519 4234 2866 4305 presbyteros
2904 4243 2959 4288 et
2991 4235 3281 4300 diaconos,
3331 4235 3469 4288 rela-

1878 4313 2054 4357 turum
2086 4319 2150 4357 ea:
2175 4312 2430 4372 prwcepto
2469 4304 2791 4358 serenissimi
2836 4305 3165 4374 imperatoris
3198 4322 3315 4374 quae
3344 4305 3473 4358 inibi

1879 4374 2160 4427 constituta
2182 4383 2333 4438 sunt,-
2357 4389 2585 4444 quorum
2609 4376 2936 4444 praecipuum
2965 4382 3083 4429 erat
3110 4384 3372 4430 statutqu
3401 4375 3470 4430 de

1800 4467 1849 4527 υ
1883 4444 2200 4527 tituliefibus
2228 4445 2583 4527 dimittendis.

1945 4515 2125 4636 (1581)
2151 4514 2262 4568 Hoc
2287 4513 2404 4569 loco
2424 4515 2718 4571 omittenda
2746 4529 2849 4570 non
2876 4523 3023 4580 sunt,
3046 4531 3164 4585 qua:
3188 4514 3312 4569 Atto
3334 4513 3471 4568 Ver-

1945 4585 1952 4636 l
1977 4587 2122 4636 ensis
2145 4585 2429 4636 enisconus
2452 4586 2504 4636 in
2528 4585 2755 4636 cnistola
2778 4587 2843 4636 ad
2868 4601 3024 4636 suum
3047 4586 3250 4636 clerum
3275 4595 3467 4636 contra

1873 4585 2122 4640 cellensis
2145 4585 2429 4654 episcopus
2452 4586 2504 4639 in
2528 4585 2756 4654 cpistola
2778 4587 2843 4640 ad
2868 4601 3024 4640 suum
3047 4586 3250 4639 clerum
3275 4595 3467 4639 contra

1874 4656 2102 4709 clericos
2141 4654 2541 4711 incontinentes
2579 4656 2747 4710 refert
2778 4673 2790 4710 :
2816 4654 3197 4719 Inveniuntur,
3223 4655 3312 4722 qui
3349 4672 3471 4709 cum

1873 4724 1937 4778 ab
1967 4725 2216 4794 episcopis
2245 4725 2352 4778 suis
2381 4727 2476 4779 tali
2500 4742 2594 4796 pro
2623 4727 2840 4778 crimine
2887 4723 3336 4796 (incontinentitr)
3384 4742 3477 4779 ar—

1875 4806 2124 4865 guantur,
2172 4805 2446 4864 paternam
2492 4797 2801 4849 charitatem
2846 4804 3138 4865 respuunt,_
3167 4802 3212 4844 et
3254 4798 3473 4865 obedire

1876 4861 2242 4930 contemnunt;
2274 4866 2541 4935 ipsamque
2569 4865 2898 4933 ﬁdelitatem,
2928 4861 3084 4934 quam
3119 4861 3480 4930 jurejurando

1875 4937 2243 5006 promiserant,
2268 4934 2518 4989 temerare
2542 4951 2644 4988 non
2670 4944 2939 5006 metuunt;
2967 4934 3054 4987 sed
3086 4945 3357 5006 mundana
3387 4941 3487 4992 ad-

222 4988 353 5068 nuit,
398 4994 638 5049 eamdem
693 5011 822 5066 erga
870 4988 1042 5068 ipsum
1096 4988 1345 5053 comitem
1392 4988 1775 5056 iiberalitatem

222 5055 451 5134 deinceps
479 5080 583 5118 non
612 5055 1087 5139 atlhibuit.'Vuces
1124 5070 1224 5122 nisi
1263 5069 1559 5139 lmjusmodi
1586 5055 1650 5128 ea
1682 5072 1780 5126 de-

223 5139 580 5213 sxgiiatltg‘qme
605 5137 792 5213 Nautio
821 5148 1007 5192 contra
1027 5137 1348 5213 liatherium
1375 5145 1600 5213 peregit.
1787 5145 1789 5148 ’

477 5197 943 5281 'Haac‘referuntur
970 5211 1036 5262 ad
1065 5209 1339 5263 Nannonis
1369 5197 1642 5281 placiiuiit,
1677 5225 1773 5266 seu

221 5269 472 5348 indicium,
503 5278 642 5344 quod
679 5286 930 5348 tanquam
959 5281 1145 5333 missus
1173 5285 1238 5332 tle
1265 5269 1410 5348 parte
1443 5269 1775 5348 imperatoris

1880 5001 2054 5061 versus
2092 5021 2210 5079 eum
2250 5003 2874 5079 aggrediuntur_de]endi
2907 5001 3156 5079 potentia,
3189 5015 3242 5052 se
3271 5016 3494 5079 quoque

1878 5092 2131 5147 suamque
2143 5071 2302 5128 simul
2313 5071 2584 5150 familiam
2599 5073 2714 5141 ejus
2734 5071 3056 5150 adversariis
3093 5071 3447 5147 comminui“
3482 5093 3498 5133 :

1882 5153 1959 5219 uti
1995 5143 2328 5219 veroneuses
2356 5145 2542 5219 clerici
2574 5143 2975 5219 incontinentes
3003 5143 3251 5195 Nanttoni
3290 5151 3506 5210 comiti

1877 5217 2120 5274 Ballierii
2152 5217 2462 5269 adversario
2493 5229 2612 5269 sese
2638 5217 3055 5266 commiserunt.

1954 5290 2136 5348 (1582)
2167 5286 2241 5339 Ita
2272 5284 2462 5339 melius
2481 5299 2545 5339 ex
2571 5291 2756 5336 nostro
2783 5282 3123 5348 apograpbo,
3146 5289 3314 5344 quam
3346 5289 3512 5348 apud
