4044 5348
261 177 372 237 681

1707 181 2064 238 liPlSTOLzE
2075 224 2089 236 .

3425 188 3528 246 082

332 267 390 321 2.
419 265 691 334 Quosdam
735 277 864 321 vero
911 265 976 319 de
1003 266 1221 322 civit-ate
1256 282 1352 337 pro
1402 267 1630 322 diversis
1677 270 1850 325 scele-
1874 283 1924 341 Α
1953 272 2276 328 incommodi
2306 273 2566 344 pertulit;
2603 291 2669 330 ao
2710 275 3069 346 majestatem,
3107 283 3166 332 ut
3195 278 3394 334 dictum
3423 292 3525 347 est,

255 360 416 416 ribus
442 368 744 422 accusatos,
791 359 1006 412 cum.ad
1039 358 1460 413 satisfactionem
1488 360 1672 414 venire
1697 360 1844 414 dedi-

255 451 409 522 gnati
438 451 684 513 fuissent,
715 450 894 504 missis
915 466 946 504 e
971 449 1138 503 latere
1169 467 1288 506 meo
1318 467 1437 506 cum
1471 451 1653 522 (1⁸594)
1675 453 1847 506 ostia-

255 545 358 600 riis
384 543 633 600 ecclesiae
676 543 1080 613 comprehendi,
1113 553 1171 598 ut
1202 545 1367 599 moris
1391 553 1498 609 est,
1531 543 1654 608 feci,
1686 544 1846 616 563

253 645 309 690 et
363 635 794 691 satisfactionem
834 634 1030 689 factam
1085 634 1138 688 in
1197 637 1335 689 idem
1404 651 1538 704 opus
1595 636 1845 705 expendi.

253 726 493 794 Quidam
547 724 831 796 presbyter
883 740 970 778 me
1025 740 1087 779 os
1142 724 1313 780 vulvze
1351 725 1654 795 appellavit,
1687 740 1848 795 quem

253 817 509 872 similiter
532 815 935 885 comprehendi,
965 823 1022 870 et
1056 814 1180 886 fuga
1229 831 1352 870 cum
1380 815 1571 871 fuisset
1613 815 1847 887 elapsus,

253 907 456 963 abstuli
489 908 558 961 ab
589 921 678 971 eo,
715 906 857 976 quod
893 906 1063 976 potui,
1099 921 1205 960 non
1245 915 1422 960 tamen
1450 906 1692 962 ecclesiae
1721 922 1853 961 oon-

252 1000 377 1063 tuli,
410 1000 539 1070 quia
570 997 777 1066 injuria:
826 1013 960 1053 mea:
989 998 1278 1053 vindictam
1323 998 1519 1053 offerre
1549 999 1657 1052 Deo
1686 1013 1851 1053 ausus

252 1090 506 1154 minime,
545 1087 701 1157 cujus
724 1088 904 1159 potius
945 1088 1177 1154 laxator,
1219 1103 1382 1159 quam
1426 1089 1567 1143 ultor
1609 1104 1729 1145 esse
1755 1089 1850 1144 de-

250 1181 504 1243 bueram,
532 1179 630 1234 fui.
660 1178 886 1247 Quidam
917 1179 1196 1244 diaconus,
1217 1195 1378 1249 quem
1405 1195 1547 1234 anno
1576 1180 1849 1250 przeterito

249 1282 448 1328 contra
481 1272 615 1344 [al.,
650 1270 808 1344 citra]
853 1287 1004 1343 spem
1036 1287 1252 1342 quoque
1297 1273 1632 1328 ordinarium
1663 1272 1848 1343 (1595)

249 1363 380 1430 feci,
407 1379 574 1420 unam
614 1379 736 1419 eum
767 1379 833 1419 ex
868 1370 1021 1434 parte
1049 1380 1168 1420 mea
1207 1379 1274 1420 ex
1305 1364 1616 1420 melioribus
1638 1364 1848 1434 plebem

249 1470 376 1509 cum
406 1461 562 1510 curte
584 1454 810 1509 haberet
838 1453 1042 1524 (1396),
1071 1469 1168 1525 ego
1192 1471 1315 1509 cum
1347 1454 1547 1508 nullam
1580 1470 1595 1520 ;
1629 1469 1716 1509 me
1746 1453 1850 1510 fel-

250 1545 480 1612 lonem,
539 1546 902 1602 bausiatorem
965 1556 1125 1616 atque
1187 1547 1462 1618 perjurum
1513 1547 1846 1618 appellavit;

247 1651 369 1693 eam
396 1635 621 1700 abstuli,
651 1643 706 1691 et
726 1636 881 1701 mihi,
912 1636 1039 1706 quia
1071 1636 1174 1690 fuit
1207 1651 1450 1702 necesse,
1479 1637 1692 1692 retinui.

317 1730 372 1782 3.
402 1728 524 1784 Jam
562 1738 689 1784 sunt
715 1730 845 1784 anui
880 1729 994 1784 fere
1037 1737 1290 1800 quatuor,
1332 1745 1400 1785 ex
1441 1745 1548 1800 quo
1575 1745 1739 1786 unam
1785 1731 1847 1787 li-

249 1822 410 1878 bram
446 1823 659 1894 argenti
708 1835 874 1892 super
927 1822 1097 1878 altare
1147 1823 1289 1878 beati
1339 1822 1615 1878 Laurentii
1670 1823 1847 1894 posui.

250 1913 386 1968 Eam
419 1913 642 1983 quidam
671 1912 768 1985 [sic
796 1929 919 1981 ms.;
968 1913 1136 1984 vulg.,
1164 1913 1406 1986 quidem]
1453 1916 1738 1986 presbyter
1783 1931 1847 1970 ea

253 2005 472 2061 ratione
503 2007 731 2077 recepit,
756 2014 816 2062 ut
840 2005 1086 2062 eamdem
1110 2007 1430 2080 resignaret.
1459 2007 1576 2064 Non
1606 2007 1754 2075 fecit,
1781 2011 1850 2065 ad

253 2095 461 2154 nullam
500 2098 766 2170 synodum
805 2097 990 2170 (l597)
1021 2113 1195 2155 meam
1234 2099 1426 2166 venit;
1474 2099 1610 2156 nihil
1639 2115 1736 2171 pro
1765 2100 1850 2155 his

251 2318 442 2383 etiam,
475 2317 569 2388 qui
599 2317 668 2372 ab
704 2316 825 2374 aliis
870 2317 984 2372 sive
1032 2316 1342 2388 comitibus,
1395 2317 1509 2372 sive
1554 2317 1846 2388 episcopis,

253 2389 365 2444 sive
393 2387 523 2443 aliis
550 2388 880 2458 quibuslibet
925 2388 979 2442 in
1005 2387 1223 2457 aliquod
1246 2389 1518 2458 negotium
1553 2387 1846 2443 mitteban-

254 2468 361 2524 tur,
387 2468 452 2513 ut
472 2473 625 2530 suam
651 2473 937 2530 personam
959 2466 1234 2530 gererent,
1251 2458 1590 2530 dicebantur
1619 2459 1765 2530 missi
1783 2461 1848 2514 de

249 2539 398 2600 parte
419 2527 666 2600 comitis;
680 2529 929 2598 episcopi,
956 2527 1282 2592 monasterii,
1311 2538 1415 2583 etc.
1445 2527 1847 2600 Moxipra’judi-r

251 2597 404 2671 cissis
458 2597 862 2671 sceleribushin
897 2607 1084 2671 nostro
1134 2600 1446 2671 apographo
1489 2597 1703 2668 legitur,
1753 2599 1844 2654 ubi

245 2669 460 2727 editum
492 2677 704 2738 estpro
731 2669 950 2723 diversis
982 2668 1284 2723 sceleribus.

322 2739 513 2810 (1594)
553 2737 665 2792 Nisi
690 2739 964 2810 particulae
985 2755 1102 2810 cum
1149 2739 1424 2810 abundare
1450 2739 1725 2802 credatur,
1752 2738 1847 2810 hic

252 2809 502 2881 prefecto’
527 2810 680 2864 deest
730 2809 964 2879 famulis,
1016 2809 1099 2881 vel
1128 2809 1462 2881 bacularibus
1484 2827 1502 2864 :
1535 2811 1634 2864 bos
1675 2809 1840 2881 enim,

253 2879 328 2936 uti
353 2881 592 2936 traditur
628 2881 790 2949 paulo
817 2890 961 2951 post,
1005 2880 1252 2934 mittebat
1290 2880 1594 2950 episcopus,
1645 2889 1704 2934 ut
1749 2879 1843 2932 ali-

1949 366 2290 436 imperatoris
2342 369 2625 436 perrexit;
2680 371 2878 434 nescio,
2930 372 3069 425 unde
3101 387 3157 426 se
3200 373 3528 428 reclamave-

1949 456 2018 510 rit
2045 472 2059 520 ;
2083 457 2350 524 quoddam
2379 458 2638 527 scriptum
2669 461 2870 525 retulit,
2897 476 3086 517 omnes
3110 463 3355 519 inimicos
3380 481 3530 521 meos

1950 545 2262 610 laetificavit,
2317 563 2584 618 superque
2649 565 2734 604 mc
2770 552 3060 622 instigavit.
3114 554 3332 610 Pratum
3374 555 3531 624 juxta

1949 635 2147 691 ﬂumen
2208 637 2260 692 in
2310 640 2486 693 medio
2515 641 2790 696 vinearum
2850 655 2955 697 tam
2989 661 3120 700 mea:
3147 661 3307 715 quam
3359 647 3532 704 famu-

1950 725 2125 781 lorum
2160 741 2403 782 meorum
2453 729 2636 801 (1598)
2679 733 2938 786 habebam
2971 749 2984 786 :
3037 735 3146 790 illic
3182 738 3457 794 venientes
3478 749 3536 795 et

1951 817 2209 872 abeuntes
2234 816 2526 872 detundere
2572 834 2678 873 non
2707 822 3016 886 cessabant,
3064 823 3242 878 vineta
3281 827 3531 895 contigua

1950 903 2328 971 devastabant,
2371 922 2400 959 a
2439 923 2523 961 me
2575 922 2790 977 semper
2842 910 3096 964 tributum
3130 911 3290 985 564,
3318 915 3535 984 insuper

1949 997 2261 1066 exigebant.
2295 997 2397 1053 Ubi
2427 999 2590 1069 igitur
2618 1014 2740 1053 eum
2787 1001 3089 1057 habuerunt
3119 1019 3396 1078 perromm
3429 1006 3531 1062 feci

1953 1089 2118 1154 arari,
2149 1089 2203 1142 in
2233 1105 2406 1158 eoque
2432 1089 2637 1144 milimn
2696 1093 2970 1146 seminari.
3025 1093 3080 1147 In
3136 1097 3529 1152 restauratione

1951 1180 2142 1237 domus
2182 1188 2237 1236 et
2265 1179 2682 1250 amplificatione
2734 1183 2802 1235 lit)
2853 1183 3202 1238 stultissimus
3244 1186 3408 1242 libras
3434 1204 3531 1243 ex-

1948 1272 2133 1342 pendi,
2173 1287 2294 1327 eam
2321 1270 2557 1340 Bajuarii
2589 1273 2771 1343 (1599)
2798 1284 2848 1329 et
2881 1273 3036 1342 juxta
3079 1277 3234 1346 positi
3260 1279 3440 1334 clerici
3471 1290 3549 1335 et.

1950 1361 2136 1418 famuli
2166 1363 2435 1434 praecipue
2455 1364 2757 1428 destruunt,
2783 1376 2839 1418 et
2867 1367 2996 1420 mihi
3025 1366 3234 1436 culpam
3275 1369 3397 1424 inde
3426 1372 3530 1425 im-

1949 1463 2174 1524 ponunt.
2203 1453 2297 1510 Die
2319 1463 2586 1524 noctuque
2620 1455 2865 1510 canonici
2895 1466 2948 1510 et
2983 1457 3166 1512 famuli
3196 1467 3261 1513 de
3308 1461 3526 1516 interitu

1951 1563 2074 1604 meo
2101 1556 2337 1605 tractare
2372 1564 2479 1604 non
2505 1561 2761 1616 cessant;
2795 1554 3014 1621 etquod
3037 1552 3154 1609 illos
3187 1563 3397 1610 tentare
3420 1573 3526 1612 non

1867 1639 2213 1712 Bdesinam,
2265 1655 2352 1694 me
2405 1640 2540 1698 falso
2591 1652 2866 1696 accusant.
2924 1643 3056 1698 Cum
3093 1648 3531 1702 excommunica-

1949 1730 2097 1785 tione
2136 1731 2414 1796 interdixi,
2448 1740 2507 1785 ut
2567 1733 2634 1786 ab
2680 1748 2840 1802 opere
2892 1734 3067 1788 servili
3101 1735 3382 1790 Dominica
3443 1739 3532 1793 die

1948 1830 2246 1878 cessarent.
2275 1821 2329 1876 ld
2361 1837 2483 1877 cum
2520 1821 2770 1876 evincere
2820 1823 2971 1876 nullo
3026 1825 3184 1878 modo
3214 1825 3531 1890 valuissem,

1947 1920 2132 1982 portas
2183 1911 2425 1967 obserari
2475 1921 2659 1967 contra
2688 1912 2956 1967 venientia
3003 1913 3240 1982 plaustra
3275 1919 3526 1987 pI‘mCt‘pi.

1949 2000 2063 2055 Hoc
2104 1999 2315 2056 facinus
2338 2009 2431 2055 aut
2474 2010 2648 2056 morte
2679 2013 2773 2056 aut
2816 2003 3128 2072 expulsione
3180 2021 3300 2059 mea
3328 2006 3526 2061 debere

1941 2090 2189 2162 judicant
2211 2091 2436 2161 expiari.
2463 2090 2728 2147 Bucconis
2762 2092 2943 2165 (1400)
2973 2094 3024 2147 in
3075 2096 3364 2166 praesentia
3391 2112 3525 2152 cou-

1949 2313 2356 2369 administrasse
2384 2312 2660 2368 indubium
2683 2322 2766 2368 est
2787 2329 2802 2377 ;
2827 2313 2899 2367 ita
2925 2313 3090 2369 etiam
3123 2315 3382 2369 Ratherio
3404 2330 3529 2369 eon-

1949 2385 2175 2439 cedente
2197 2383 2334 2439 alius
2355 2384 2638 2447 diaconus,
2686 2383 2775 2450 qui
2813 2392 2930 2437 erat
2958 2384 3284 2449 ordinarius,
3313 2401 3406 2440 seu
3437 2401 3529 2439 ea-

1949 2454 2547 2525 nonicusmthedralis,
2578 2453 2809 2525 cuipiam
2839 2454 3106 2525 pinguiori
3141 2454 3278 2522 plebi
3321 2471 3530 2525 praepo-

1949 2525 2086 2579 situs
2118 2523 2237 2594 fuit.
2272 2524 2403 2579 Cum
2437 2540 2596 2594 porro
2648 2523 2748 2577 hoc
2778 2524 2896 2578 loco
2940 2523 3231 2578 Ratherius
3257 2523 3448 2584 addat;
3472 2541 3530 2579 se

1988 2595 2102 2648 lebe
2123 2593 2382 2662 ejusmodi
2425 2593 2650 2648 diacono
2673 2595 2866 2647 tradita
2893 2594 3090 2646 nullam
3122 2595 3281 2648 aliam
3319 2595 3528 2664 plebem

1988 2611 2102 2648 leue
2123 2611 2382 2662 ejtlSlIIOUI
2425 2611 2650 2648 macono
2673 2611 2866 2647 traana
2893 2611 3090 2646 nummi
3122 2611 3281 2648 auam
3319 2611 3526 2664 ptenem

1946 2611 2230 2729 iiabuisse;
2265 2664 2547 2718 dicendum
2579 2673 2661 2718 est
2690 2665 2790 2718 hoc
2813 2674 3052 2735 tempore
3075 2675 3300 2718 caeteras
3324 2666 3526 2735 plebes.

1949 2750 2043 2789 seu
2075 2735 2309 2804 plebium
2341 2734 2613 2797 decimas,
2665 2750 2784 2803 qute
2837 2735 2899 2800 ad
2951 2734 3260 2803 episcopum
3299 2734 3532 2803 pertine-

1949 2806 2097 2869 bant,
2151 2805 2436 2860 distractas
2487 2804 2672 2869 fuisse,
2728 2804 2802 2856 uti
2833 2820 2963 2857 sane
2996 2804 3145 2873 plura
3205 2805 3531 2860 Veronensis

1949 2875 2193 2930 ecclesia:
2219 2878 2358 2932 bona
2387 2875 2617 2929 alienata
2645 2883 2700 2928 et
2728 2885 3008 2944 usurpata,
3035 2876 3168 2928 adeo
3195 2884 3253 2928 ut
3280 2877 3394 2944 ipse
3418 2877 3532 2930 ino-

287 2967 411 3006 uem
445 2943 722 3020 vocatum,
743 2959 792 3005 et
817 2943 1000 3006 venire
1024 2943 1338 3005 renuentem
1367 2951 1417 3004 vi
1442 2943 1507 3004 ad
1529 2951 1842 3020 epiSCOpum
1877 3011 1912 3020 _
1947 2946 2035 3016 pia
2090 2955 2445 3020 premeretur,
2498 2945 2726 3020 allirmat
2785 2943 3168 3020 itl_Qttttlilalis
3226 2943 3529 3020 conjectura

289 3031 538 3077 ucerent.
576 3019 679 3074 Ille
705 3011 826 3076 suos
849 3020 1119 3074 baculares
1149 3020 1326 3086 mittit,
1354 3029 1402 3074 et
1427 3037 1520 3090 per
1538 3011 1839 3090 potestatem
1868 3011 1914 3075 C
1946 3011 2105 3071 imm.-
2131 3018 2218 3071 l3.
2244 3018 2514 3090 Quantum
2541 3017 2605 3090 ad
2636 3029 2821 3069 vocem
2849 3016 3219 3090 bausiutorem,
3247 3017 3297 3068 id
3321 3011 3404 3069 est
3439 3017 3530 3071 dc-

253 3107 368 3146 cum
397 3093 634 3161 rapiunt,
659 3101 706 3162 et
730 3092 798 3145 ad
848 3092 1144 3162 episcopum
1182 3090 1400 3145 ducunt.
1435 3090 1543 3146 Hos
1574 3091 1829 3162 episcopo

255 3160 514 3226 astitisse,
547 3169 606 3214 ut
634 3160 751 3230 ejus
801 3160 1066 3216 mandatis
1095 3169 1292 3230 prmsto
1337 3170 1538 3224 essent,
1591 3161 1832 3215 imlicant

255 3233 412 3288 verba
440 3248 471 3286 ε
504 3231 666 3285 latere
691 3248 823 3286 meo.
876 3232 1140 3287 Construe
1173 3248 1188 3284 :
1239 3230 1415 3284 Missis
1464 3248 1490 3284 e
1531 3231 1692 3284 latere
1717 3247 1831 3284 meo

256 3301 492 3370 famulis,
536 3301 622 3355 vel
649 3301 982 3356 bacularibus
1026 3317 1143 3354 cum
1179 3302 1410 3354 ostiariis
1437 3299 1686 3365 ecclesite,
1715 3302 1832 3369 feci,

258 3383 307 3426 ut
336 3373 502 3426 moris
526 3381 623 3438 est,
644 3374 898 3442 quosdam
925 3372 989 3425 de
1027 3372 1230 3442 civitate
1261 3371 1650 3442 comprehendi,
1681 3387 1838 3424 accu-

257 3454 392 3497 satos
434 3459 533 3512 pro
573 3441 850 3497 sceleribus
876 3441 1113 3504 diversis,
1156 3458 1281 3512 cum
1310 3441 1577 3512 dedignati
1620 3441 1840 3512 fuissent

258 3510 540 3568 venire—ad
565 3512 979 3580 satisfactionem
1021 3529 1040 3576 ;
1088 3521 1135 3566 et
1183 3511 1591 3580 satisfactionem
1644 3510 1842 3578 factum

257 3583 351 3652 feci
378 3584 606 3652 expendi
645 3584 701 3636 in
744 3583 881 3636 idem
919 3599 1069 3652 opus,
1127 3582 1178 3636 id
1224 3590 1327 3648 est,
1390 3583 1444 3636 in
1477 3581 1842 3636 decorandam

257 3653 544 3709 ecclesiam
572 3653 957 3708 cathedralem.

326 3724 516 3795 (1395)
553 3721 1139 3795 Qrdiriariumiti‘desr
1164 3721 1480 3795 canonicum
1517 3720 1844 3777 cathedralis

258 3792 521 3850 ecclesias.
555 3793 688 3849 Vide
709 3803 820 3848 not.
855 3792 991 3848 1056
1026 3793 1078 3846 in
1110 3792 1473 3846 Itinerarium.
1721 3845 1725 3849 .

328 3863 513 3936 (1596)
553 3863 748 3936 Vulg”,
775 3879 924 3936 cura:
941 3862 1168 3936 haberet,
1201 3861 1759 3936 _p‘erperam.__lllelius
1789 3862 1844 3936 in

263 3932 450 3990 nostro
496 3932 827 4004 apograpbo.
883 3933 1155 4003 Eugenius
1187 3933 1266 4004 ιιι
1315 3934 1367 3986 in
1409 3932 1689 4003 privilegio
1719 3932 1845 3987 anni

263 4006 395 4060 Ηιό
425 4003 672 4060 referens
702 4003 1079 4072 possessiones
1103 4011 1158 4058 et
1184 4003 1346 4069 bona,
1373 4018 1493 4072 quae
1515 4017 1581 4057 ex
1610 4003 1846 4058 anterio-

232 4093 240 4100 ·
264 4077 409 4131 ribus
439 4074 782 4130 documentis
811 4073 1128 4144 spectabant
1155 4074 1222 4128 ad
1244 4075 1527 4142 episcopos
1562 4072 1848 4144 ,Veronen-

265 4162 370 4212 ses,
415 4154 684 4201 memorat
733 4143 1020 4198 nonnullas
1063 4143 1233 4213 plebes
1273 4159 1391 4196 cum
1423 4143 1635 4213 capellis
1664 4153 1710 4197 et
1748 4143 1844 4196 de-

265 4217 429 4283 simis,
446 4225 501 4272 et
517 4213 841 4285 quandoque
865 4214 1014 4270 addit
1038 4230 1154 4285 cum
1175 4223 1341 4276 curte,
1371 4213 1455 4268 vel
1481 4230 1599 4267 cum
1623 4213 1844 4285 dimidia

268 4298 426 4342 curte.
457 4283 641 4342 Curtis
676 4286 858 4354 itaque
887 4299 1079 4339 nomen
1105 4283 1206 4338 alia
1233 4285 1368 4338 bona
1399 4300 1495 4338 seu
1530 4284 1728 4353 praedia
1759 4284 1836 4338 si-

268 4359 479 4429 gnificat
507 4365 706 4428 praeter
732 4353 994 4429 tlecimas,
1035 4369 1215 4429 eaque
1243 4353 1383 4408 intra
1414 4354 1617 4429 limites
1661 4354 1838 4429 plebis

267 4425 386 4492 sita,
426 4425 541 4483 fere
561 4442 684 4483 cum
717 4426 896 4495 aliqua
940 4425 1316 4493 jurisdictione
1342 4425 1676 4494 episcopatui
1707 4441 1838 4478 con-

269 4513 415 4554 eessa
438 4498 674 4554 fuerant.
725 4497 885 4552 Plebs
916 4496 1079 4566 igitur
1107 4511 1227 4550 cum
1257 4503 1428 4566 curte,
1461 4510 1621 4566 quam
1650 4495 1840 4566 diaco-

270 4584 366 4624 nus
412 4585 476 4625 ex
530 4567 774 4622 Ratberii
822 4564 976 4636 parte
1024 4566 1230 4628 habuit,
1269 4565 1528 4636 designat
1558 4564 1841 4636 plebanam

271 4641 569 4704 ecclesiam,
597 4632 932 4707 qutecunque
987 4636 1076 4690 illa
1107 4635 1287 4707 fuerit,
1319 4632 1442 4707 cuin
1485 4632 1737 4707 ejusdem
1754 4635 1846 4707 de-

275 4710 449 4780 eimis,
475 4725 539 4765 ac
560 4704 821 4780 praeterea
842 4704 1072 4780 aliquod
1103 4706 1362 4780 praedium
1397 4706 1448 4758 in
1470 4704 1657 4780 eadem
1691 4704 1845 4780 plebe

275 4774 499 4835 locatum
538 4774 578 4845 ς’
605 4794 728 4848 qua:
755 4774 1032 4832 omnian
1067 4774 1165 4831 suo
1189 4776 1472 4848 episcopus
1514 4775 1687 4829 eidem
1724 4774 1845 4848 Adia-

277 4865 405 4907 cono
432 4844 746 4905 tradiderat.
776 4848 938 4902 Plebs
969 4857 1145 4902 autem
1197 4844 1314 4901 haec
1357 4845 1583 4898 diacono
1622 4844 1841 4911 tradita,

277 4935 389 4991 quae
430 4919 672 4992 profecto
721 4934 908 4975 curam
952 4918 1252 4972 animarum
1274 4915 1517 4992 habebat
1552 4918 1842 4981 adnexam,

365 4985 690 5065 memoriam
738 4997 955 5065 revocat
1014 4985 1844 5065 autographum__documenttim

280 5061 380 5117 diei
408 5063 438 5116 7
461 5061 634 5116 Martii
661 5061 784 5114 anni
809 5059 937 5124 859,
961 5058 1102 5126 quod
1124 5054 1603 5126 cbiniuiiutationem
1627 5054 1849 5111 exhibet

283 5132 416 5188 inter
445 5133 795 5187 Audibertum
830 5125 1076 5184 abbatem
1117 5129 1175 5184 S.
1210 5125 1395 5180 Maria:
1407 5125 1472 5197 _in
1496 5126 1848 5197 _Orgaiiis,_et

282 5205 408 5257 inter
452 5204 720 5256 Audouem
764 5200 1045 5254 diaconum
1094 5209 1346 5253 rectorem
1396 5192 1454 5249 S.
1486 5192 1705 5249 Martini
1745 5195 1848 5251 sita

285 5275 396 5348 _(sic)
421 5275 473 5348 in
499 5271 632 5348 v_all_e
662 5267 1106 5348 Pallenate.__ll:ec
1131 5269 1190 5324 S.
1225 5264 1440 5348 Marti-ni
1487 5265 1716 5348 ecclesia
1744 5264 1848 5321 sita

1935 3097 2234 3156 ceptorem,
2266 3088 2388 3142 vide
2417 3096 2528 3141 not.
2559 3087 2610 3139 in
2637 3094 2842 3155 partem
2866 3085 3094 3154 primam
3119 3085 3194 3138 De
3233 3095 3528 3155 contemptu

1941 3174 2225 3213 canonum.

2013 3229 2194 3353 $51597)
2237 3229 2290 3282 ld
2327 3237 2410 3282 est
2454 3242 2553 3282 nec
2583 3227 2648 3280 ad
2696 3226 2958 3296 synodum
3002 3227 3364 3280 direcesanam
3398 3228 3524 3279 anni

2051 3339 2065 3353 .
2100 3315 2198 3353 nec
2223 3299 2288 3352 ad
2313 3298 2536 3352 alteram
2565 3297 2689 3350 anni
2723 3298 2849 3353 967.
2877 3311 3011 3353 quas
3035 3296 3167 3349 duas
3191 3305 3394 3348 tantum
3422 3296 3524 3349 lla-

1939 3296 2065 3363 966,
2100 3296 2198 3354 nec
2223 3299 2288 3352 ad
2313 3298 2536 3352 alteram
2565 3297 2689 3350 anni
2723 3298 2849 3359 967,
2877 3311 3011 3364 quas
3035 3296 3167 3349 duas
3191 3305 3394 3348 tantum
3422 3296 3529 3349 lla-

1942 3371 2152 3424 therius
2181 3379 2302 3440 post
2329 3369 2542 3423 tertiam
2565 3366 2960 3422 restitutionem
2989 3365 3292 3420 celebrasse
3325 3381 3524 3435 cogno-

1942 3451 2164 3495 selinus.

2017 3511 2198 3581 (1598)
2255 3508 2492 3563 Meorum
2527 3507 2827 3563 addidimus
2855 3521 2920 3581 ex
2967 3506 3282 3581 _apogra_pho
3313 3505 3523 3581 Frisia-7

1945 3577 2116 3651 gensi,
2165 3577 2229 3635 ac
2269 3595 2334 3633 ex
2381 3581 2570 3634 eodem
2627 3594 2748 3632 mox
2790 3577 3105 3651 scripsimus
3142 3577 3444 3651 detundere,
3481 3577 3530 3630 id

1945 3646 2028 3704 cst
2054 3651 2275 3719 pedibus
2304 3659 2600 3719 proterere,
2630 3648 2967 3712 conculcare,
2996 3647 3228 3719 ubierat
3247 3646 3524 3700 devertere.

1945 3717 2076 3777 Post
2098 3738 2268 3791 pauca
2306 3717 2369 3774 in
2399 3720 2588 3775 eodem
2638 3719 2944 3789 apographo
2995 3717 3264 3771 omittitur
3305 3733 3527 3786 seraper,

1951 3793 2090 3847 forte
2115 3792 2324 3845 melius.

2019 3862 2223 3934 (l599)_
2231 3861 2462 3934 inferius
2512 3861 2614 3914 hoc
2632 3859 2900 3934 damnum
2923 3857 3135 3934 ‘tribuit
3159 3856 3338 3934 vicinis
3371 3867 3418 3934 et
3441 3874 3529 3934 ex-

1948 3926 2371 3985 tra'neis.'Vicini
2411 3931 2496 3985 hic
2523 3930 2860 3998 explicantur
2905 3929 3063 3996 juxta
3102 3926 3253 3996 positi
3283 3926 3455 3980 clerici
3481 3939 3531 3980 et

1949 4003 2157 4071 famuli.
2199 4002 2452 4071 Extranei
2483 3997 2661 4054 autem
2694 4000 2910 4071 fuerunt
2940 3997 3303 4071 potissimum,
3333 3998 3420 4065 qui
3448 3999 3535 4051 hic

1949 4067 2289 4142 appellantur
2336 4070 2604 4142 Bajuarii,
2639 4086 2732 4124 seu
2760 4070 3014 4142 llajoarii.
3062 4067 3228 4120 Porro
3254 4077 3532 4142 extraneos

1948 4138 2174 4198 inferius
2212 4158 2305 4198 eos
2360 4138 2582 4204 indicat,
2620 4142 2708 4209 qui
2755 4150 2846 4194 aut
2885 4141 3248 4208 imperatorem
3305 4138 3530 4209 adirent,

1946 4223 2036 4266 aut
2075 4213 2225 4267 abeo
2276 4214 2522 4276 redirent,
2573 4208 2770 4280 quique
2817 4211 2868 4264 in
2912 4209 3268 4280 episcolralem
3312 4208 3532 4280 domum

1948 4293 2202 4352 tanquam
2230 4283 2470 4351 hospites
2521 4277 2942 4352 recipiebantur.
2974 4277 3220 4352 Concinit
3263 4292 3448 4352 sermo
3461 4277 3533 4352 de

1945 4347 2163 4408 Octavis
2189 4347 2434 4417 Paseltre,
2473 4353 2526 4406 in
2554 4347 2660 4420 quo
2699 4353 2798 4405 hoc
2825 4350 3024 4403 factum
3069 4348 3238 4400 fusius
3278 4347 3536 4401 describi-

1948 4434 2064 4478 tur:
2105 4423 2439 4494 Hospitautes
2469 4438 2585 4476 vero
2633 4421 2784 4494 inibi,
2821 4421 2869 4494 vi
2894 4430 2939 4494 et
2988 4426 3235 4494 potestate
3268 4433 3369 4469 non
3421 4433 3532 4469 res-

1946 4504 2063 4548 sant
2089 4489 2236 4548 illam
2293 4494 2533 4564 (domum
2564 4489 3389 4564 episcopalem)_tlestruere,.me
3431 4502 3535 4564 non

1947 4564 2146 4619 valente
2179 4557 2373 4617 scilicet
2420 4557 2629 4616 illorum
2669 4557 2831 4614 alicui
2874 4557 3140 4631 resistere.
3275 4557 3535 4631 imperiali

1948 4650 2066 4687 cum
2096 4644 2286 4688 constet
2323 4650 2408 4687 eos
2443 4634 2506 4686 de
2557 4633 2787 4686 exercitu
2817 4630 3104 4698 prmsertim
3135 4624 3324 4698 redire,
3362 4625 3436 4677 vel
3467 4626 3534 4677 ad

1927 4699 2100 4756 filium
2138 4706 2328 4758 venire.
2379 4703 2442 4756 lli
2474 4717 2625 4765 vero,
2657 4702 2748 4769 qui
2796 4694 3126 4769 praecipuum
3165 4694 3435 4769 damnum
3455 4704 3536 4748 at-

1949 4774 2117 4845 tulere
2149 4815 2164 4840 ,
2213 4773 2444 4845 Bajoarii
2501 4763 2689 4826 fuisse
2718 4763 3048 4845 noscuntur,
3105 4779 3226 4844 non
3267 4763 3540 4844 principes

1948 4843 2023 4899 illi
2049 4837 2264 4914 quidem
2286 4837 2421 4900 'hac
2450 4847 2816 4914 transeuntes,
2857 4837 3054 4914 _sed_ii,
3087 4837 3177 4904 qui
3216 4837 3540 4914 in‘ipsorm‘n

1947 4901 2208 4971 comitatu
2242 4917 2310 4971 ad
2352 4914 2650 4968 exercitum
2683 4901 3188 4978 proficiscebantur,
3216 4901 3546 4958 vel’exinde

1944 4987 2214 5128 Μέιιιῗῗοῐῖιιῖ
2263 5055 2365 5128 Hic
2410 5053 2588 5128 Bucco
2613 5057 2755 5128 _erat
2803 5061 2986 5128 comes
3017 5045 3263 5128 Veronae,
3304 5042 3545 5128 qpiJetsi

1948 5113 2201 5200 primum,
2241 5121 2820 5200 llatheriojnfe‘nsus,
2865 5127 3053 5197 postea
3103 5113 3551 5200 tlaine‘tigdittii‘ssm

2449 5177 2622 5248 eidem
2649 5177 2884 5241 favorem
2914 5184 3200 5254 impendit.
3240 5177 3378 5254 Yide
3407 5181 3553 5254 Qua-

2133 5249 2486 5348 eae'cwram
2502 5249 3242 5348 “"9193.9‘33ld15ﬁff02

3103 5340 3149 5348 .-ι
3208 5320 3524 5348 "nilum-si...“
