4044 5348
970 247 1006 260 υ

221 319 329 380 685

1661 308 2038 370 srtsrom.
2372 357 2399 380 ,

3383 307 3486 365 686

221 441 278 491 et
313 447 416 504 per
470 437 794 503 potestatem
830 445 952 485 eum
1006 431 1268 500 rapiunt,
1302 436 1356 482 et
1391 428 1454 482 ad
1494 427 1804 498 episcopum
1838 434 1882 490 Α
1913 421 2244 493 conspiratio
2271 463 2283 484 ,
2338 429 2500 492 atque
2577 421 2800 477 audacia
2852 421 3120 492 imperiali
3169 422 3280 480 cito
3322 422 3488 480 fuerit

223 523 463 581 ducunt?
515 523 614 578 Hie
662 537 784 577 cum
816 537 1004 576 omnes
1037 523 1164 576 illud
1190 521 1574 576 Terentianum
1606 520 1804 574 valuis-

225 625 351 670 sent
397 614 701 682 iustissime
741 614 1068 682 respondere
1105 629 1119 668 :
1164 611 1209 665 0
1261 611 1454 681 factum
1491 611 1647 664 bene!
1679 625 1805 676 por-

223 707 352 762 cino
377 705 557 775 magis
608 705 845 758 universi
882 711 1349 773 concrepaverunt
1378 702 1625 756 stridore.
1654 699 1806 756 Tunc

223 798 317 853 ille
348 814 362 850 :
397 797 594 852 Missus
628 797 786 852 vobis
829 797 1006 850 existo
1051 796 1116 850 dc
1159 803 1310 866 parte
1357 795 1701 864 imperatoris
1751 802 1806 848 et

223 889 461 945 domina:
493 903 628 944 mete
684 888 923 962 [Ottonis
953 889 992 953 I,
1021 897 1076 944 et
1117 888 1387 944 Adelaidis
1416 887 1711 960 Augustae],
1747 897 1806 942 ut

222 982 267 1036 si
322 981 520 1036 aniodo
575 981 769 1050 aliquis
820 981 1034 1035 illorum
1077 980 1177 1034 hoc
1229 995 1388 1050 agere
1439 979 1602 1034 fuerit
1639 995 1804 1034 ausus

221 1071 440 1142 (MN),
469 1069 537 1123 ab
562 1071 812 1125 omnibus
862 1071 913 1126 ei
944 1070 1225 1125 resistatur
1255 1085 1354 1140 pro
1384 1070 1605 1124 viribus.
1642 1070 1804 1124 Cum-

218 1177 326 1232 que
384 1164 487 1218 hoc
539 1164 766 1218 dixisset
810 1163 1016 1234 (1115),
1060 1161 1321 1232 quidquid
1353 1162 1513 1235 567
1555 1164 1804 1217 omnibus

217 1257 550 1311 adversariis
586 1257 722 1311 meis
765 1257 1112 1321 abstuleram,
1145 1266 1199 1310 et
1227 1270 1324 1324 per
1345 1257 1589 1309 chartam
1617 1255 1801 1325 (Mlti)

216 1350 375 1403 vobis
425 1350 649 1404 missam
692 1349 1036 1419 pauperculis
1097 1348 1312 1403 clericis
1361 1349 1715 1412 contuleram,
1746 1358 1802 1401 ct

218 1457 380 1495 manu
407 1443 731 1512 patriarcha:
754 1451 807 1496 et
830 1458 946 1496 mea
973 1442 1323 1510 omniumque
1346 1449 1545 1496 nostra“:
1576 1442 1798 1511 provin-

217 1534 314 1586 ciae
344 1534 789 1602 coepiscoporum
843 1533 1210 1596 firmaverant,
1261 1540 1430 1586 totum
1463 1532 1542 1585 eis
1568 1531 1803 1584 reddidit

217 1625 430 1682 dicens.
479 1625 694 1692 jurasse
740 1625 1146 1695 imperatorem,
1179 1625 1322 1695 quod
1370 1639 1648 1696 nunquam
1699 1626 1800 1679 hoc

217 1715 410 1771 stabile
433 1715 548 1768 fore
570 1717 933 1786 permitteret.

1905 517 2109 585 scripto
2157 531 2423 585 repressa,
2483 517 2549 572 de
2598 533 2715 572 mea
2773 516 2974 572 factum
3028 517 3092 590 [Γ.
3147 518 3350 591 actum]
3403 528 3488 576 est

1904 609 2033 662 vita.

2333 703 2498 775 568
2552 703 2881 759 EPISTOLA
2924 704 3060 759 XIII.

2143 797 2330 868 (1118)
2373 813 2440 852 sn
2479 812 2780 852 ADELMDEI
2823 811 3244 852 III'EBATBICEI.

1977 883 2383 949 Serenissimaa,
2440 887 2636 956 quibus
2687 903 2793 941 non
2837 889 3180 957 dedignatur,
3230 889 3487 960 Augustae

1911 975 2143 1030 domina:
2193 975 2434 1030 Adclaidi
2487 977 2552 1029 11.
2593 988 2850 1045 peccator
2893 977 3048 1032 fidele
3077 977 3216 1033 ultra
3243 979 3486 1034 debitum

1905 1067 2154 1137 ultraque
2185 1082 2341 1139 posse
2360 1068 2656 1123 servitium.

1982 1157 2036 1212 Si
2088 1174 2273 1212 verum
2327 1170 2412 1214 est
2451 1163 2592 1230 quod
2639 1161 2827 1217 Nanno
2870 1164 3123 1220 omnibus
3157 1165 3486 1234 persuadere

1907 1249 2009 1300 mei
2042 1259 2272 1303 conatur
2300 1250 2662 1316 adversariis,
2703 1252 2778 1306 nil
2822 1253 3072 1322 amplius,
3102 1270 3263 1324 quam
3305 1272 3484 1311 meum

1906 1339 2090 1408 (1119)
2133 1341 2453 1395 desideratis
2477 1343 2777 1408 interitum,
2802 1343 2875 1397 nil
2909 1346 3086 1400 minus
3127 1356 3308 1402 vester
3327 1345 3487 1418 juga-

1904 1429 1990 1494 Iis,
2024 1448 2183 1500 quam
2240 1442 2442 1488 statum
2481 1450 2613 1488 mea:
2647 1446 2801 1490 curat
2846 1436 3054 1492 salutis.
3088 1437 3192 1494 Sed
3222 1440 3266 1494 si
3299 1440 3482 1509 (I420)

1901 1541 2001 1595 pro
2040 1527 2347 1597 episcopatu
2379 1529 2481 1582 hoc
2537 1528 2714 1599 agitis,
2753 1531 2982 1598 satagite
3013 1547 3186 1586 meam
3218 1533 3486 1588 tantillum

1903 1633 2120 1674 servare
2143 1630 2320 1674 vestra
2343 1621 2578 1689 potentia
2608 1622 2801 1686 vitam,
2824 1638 2996 1692 usque
3028 1624 3162 1678 dum
3183 1625 3356 1680 beata:
3388 1625 3482 1680 Dei

1905 1711 2197 1768 Genitricis
2223 1713 2448 1768 habeam
2493 1713 2787 1782 perfectam
2819 1715 3105 1770 ecclesiam
3137 1717 3341 1786 (1421).
3376 1717 3483 1772 Pa-

285 1808 338 1860 5.
371 1805 481 1861 Sed
510 1808 554 1862 si
584 1808 692 1862 hoc
731 1823 917 1862 verum
947 1817 1050 1872 est,
1084 1809 1222 1864 male
1251 1807 1476 1872 fecistis,
1519 1810 1660 1878 quod
1693 1810 1795 1865 hoc
1830 1798 1874 1857 Β
1906 1802 2242 1857 ratissimum
2274 1803 2338 1856 ad
2371 1803 2422 1856 id
2455 1803 2779 1868 faciendum,
2833 1805 2976 1873 quod
3008 1805 3137 1858 mihi
3170 1806 3365 1860 exinde
3397 1821 3484 1860 ra—

217 1897 348 1950 mihi
377 1913 482 1951 non
517 1897 865 1967 praedixistis.
897 1896 1362 1968 Subscriptioucm
1414 1916 1646 1969 namque
1675 1918 1795 1954 ina-

219 2002 318 2039 nus
351 1986 543 2056 (HI?)
567 1988 610 2041 si
642 1987 853 2057 fregero
883 1990 1134 2060 prppriae,
1167 1991 1295 2059 quid
1343 2006 1576 2055 merear,
1597 1992 1798 2060 optimc

217 2076 389 2130 scitis.
419 2076 558 2143 Quid
606 2078 810 2147 magis?
842 2077 1284 2148 Conjurationcm
1336 2089 1526 2134 contra
1579 2097 1661 2134 me
1710 2080 1795 2135 fa-

217 2179 358 2226 ctam
397 2173 642 2236 cernitis,
678 2173 913 2227 edictum
943 2189 1007 2228 ex
1058 2183 1212 2243 parte
1244 2175 1586 2244 imperatoris
1617 2175 1680 2227 ad
1716 2190 1798 2230 re-

218 2265 520 2319 sistendum
563 2266 695 2319 mihi
724 2282 822 2335 pro
843 2266 1048 2320 viribus
1091 2267 1422 2336 propositum
1448 2267 1798 2321 considerare

211 2356 465 2424 potestis,
498 2355 796 2423 periculum
848 2356 1060 2410 videtis.
1112 2357 1167 2410 Si
1199 2356 1410 2420 valetis,
1441 2367 1496 2410 et
1527 2372 1631 2410 non
1664 2358 1794 2410 mihi

214 2447 556 2509 succurritis,
591 2447 690 2516 ipsi
724 2463 809 2501 me.
833 2447 1158 2502 intcrlicitis.
1195 2448 1335 2502 Vera
1377 2459 1454 2502 est
1489 2449 1632 2502 enim
1665 2463 1796 2504 con-

215 2537 464 2592 cedentis
511 2536 698 2597 illutio,
753 2538 877 2606 quia
927 2547 1154 2592 mortem
1201 2539 1638 2610 Ianguenti,qui,
1673 2557 1795 2596 cum

218 2629 414 2698 potuit,
443 2644 546 2681 non
575 2628 816 2694 abstulit,
841 2628 1055 2683 inﬂixit.
1077 2629 1131 2684 Si
1157 2646 1286 2683 vero
1311 2631 1380 2684 ita
1407 2641 1508 2695 cst,
1537 2631 1798 2687 utNunno

217 2739 410 2779 attines
438 2724 744 2779 certilicare
774 2743 877 2780 non
916 2735 1121 2791 cessat;
1153 2726 1286 2780 nihil
1315 2724 1431 2794 plus
1458 2724 1796 2792 imperatrix,

215 2830 382 2884 quam
429 2815 788 2886 perditionem
842 2834 1016 2871 meam
1067 2818 1381 2880 desiderat,
1429 2817 1560 2870 nihil
1621 2817 1800 2870 minus

216 2907 543 2977 imperator,
595 2925 755 2978 quam
822 2910 1046 2964 salutem
1109 2925 1284 2964 meam
1351 2920 1406 2964 et
1457 2911 1797 2964 commodum

214 3008 392 3078 curat,
447 3014 624 3068 neque
675 3001 860 3054 saltem
891 3015 976 3055 me
1013 3001 1343 3071 baptizatum
1372 3017 1556 3054 eorum
1605 3000 1799 3071 aliquis

215 3092 472 3145 aestimat.
522 3091 634 3146 Nisi
668 3107 799 3147 vero
841 3092 953 3147 hmc
1000 3093 1280 3163 persuasio
1324 3091 1459 3146 falsa
1489 3107 1609 3146 esse
1639 3092 1799 3148 fuerit

1907 1896 2053 1948 tione
2081 1894 2448 1963 prceceperitis
2473 1895 2623 1955 duce,
2647 1911 2732 1949 me
2755 1911 2876 1948 nam
2905 1894 3020 1950 fore
3045 1896 3290 1962 omnino,
3313 1897 3483 1952 Deum

1907 1997 2096 2050 testor,
2133 1987 2344 2041 scitote.
2398 1987 2646 2056 Elongari
2691 1988 2835 2042 enim
2883 1989 3062 2058 potius
3093 1989 3403 2057 salubriter,
3429 1999 3485 2047 et

1904 2080 2153 2134 habitare
2203 2079 2256 2133 in
2310 2079 2623 2132 monasterii
2669 2079 2773 2133 mei
2806 2079 3052 2135 desidero
3088 2081 3400 2147 solitudine,
3431 2093 3486 2137 et

1905 2171 1976 2226 ibi
2033 2171 2318 2226 Dominum
2367 2180 2705 2240 exspectare,
2750 2172 2840 2242 qui
2873 2187 2983 2246 me
3025 2173 3229 2227 salvum
3264 2173 3426 2229 faciat
3453 2190 3484 2229 a

1901 2261 2349 2332 pusillanimitate
2384 2263 2606 2332 spiritus
2644 2271 2697 2315 et
2723 2271 3038 2332 tempestate
3069 2263 3242 2335 (Psal.
3265 2281 3380 2331 LIV,
3403 2265 3481 2336 9),

1903 2369 2064 2424 quam
2101 2353 2227 2408 talia
2256 2354 2456 2410 diutius
2485 2371 2606 2408 cum
2635 2355 2831 2409 animae
2858 2355 3183 2410 detrimento
3214 2357 3483 2414 inutiliter

1904 2447 2066 2499 ctiam
2096 2445 2347 2500 tolerare.
2379 2445 2424 2501 Ο
2467 2461 2595 2500 vero
2621 2461 2782 2516 quam
2814 2446 3088 2510 omnibus,
3116 2448 3208 2517 qui
3242 2449 3294 2501 in
3334 2457 3485 2518 pote-

1905 2546 2044 2592 state
2087 2548 2214 2593 sunt
2249 2539 2549 2598 constituti,
2581 2547 2640 2592 ut
2682 2553 2787 2592 non
2816 2537 2984 2593 semel
3012 2548 3208 2594 vestra)
3239 2537 3485 2594 domina-

1905 2631 2038 2684 tioni
2063 2631 2329 2700 suggessi,
2364 2630 2664 2698 prodesset.
2699 2629 2742 2683 si
2775 2644 2880 2683 non
2904 2638 3012 2684 tam
3044 2629 3348 2700 praecipites
3377 2630 3486 2685 fer-

1905 2734 2028 2776 rent
2071 2723 2388 2788 sentcntias,
2437 2725 2532 2776 sed
2595 2721 2723 2776 illud
2776 2722 2919 2776 beati
2958 2722 3059 2778 Job
3081 2724 3481 2779 attendissent:

1904 2812 2152 2876 Causam,
2197 2831 2354 2882 quam
2399 2814 2712 2877 nesciebam,
2756 2814 3151 2884 diligentissime
3199 2816 3488 2886 investiga-

1907 2906 2061 2960 bam!
2085 2904 2206 2973 (Job
2244 2922 2318 2970 Ix,
2349 2905 2457 2974 16.)

1978 2998 2164 3070 (1422)
2216 2999 2372 3064 Alce,
2408 2997 2646 3061 domina,
2698 2998 3009 3052 stomachus
3037 3007 3273 3066 tumens,
3313 2999 3487 3058 mellis

1907 3108 2013 3148 non
2039 3101 2253 3147 ructuat
2281 3093 2638 3158 dulcedinem;
2667 3099 2721 3147 et
2759 3092 3034 3163 ingeniose
3073 3093 3258 3150 fallere
3302 3096 3484 3166 gestit,

214 3191 543 3246 monstrata,
577 3192 631 3237 et
656 3183 759 3238 ista
788 3191 976 3239 contra
1019 3198 1103 3238 me
1134 3183 1426 3254 instigatio,
1463 3184 1776 3253 provocatio
1828 3163 1874 3224 (ἶ
1907 3185 2134 3241 laudans
2161 3185 2304 3256 quod
2333 3185 2467 3241 odit.

213 3369 424 3420 salares
446 3363 570 3418 vide
591 3375 752 3430 supra
777 3368 889 3416 not.
911 3358 1068 3423 1954,
1087 3368 1142 3413 et
1161 3359 1211 3412 in
1230 3358 1516 3425 Qualitatis
1537 3357 1802 3426 conjectu-

215 3453 327 3490 ram
363 3447 479 3489 not.
514 3435 644 3489 832.

283 3506 479 3576 (HM)
508 3505 644 3576 Cum
675 3517 740 3556 ex
781 3500 1062 3576 privilegio
1098 3499 1352 3555 Otlonisl
1382 3500 1452 3576 ita
1480 3499 1799 3576 confirmata

214 3570 358 3632 esset
402 3570 651 3629 Rathcrii
708 3570 949 3644 potestas
983 3575 1034 3624 in
1089 3586 1236 3636 suos,
1270 3581 1327 3624 ut
1353 3570 1799 3644 subgravissima

212 3663 373 3718 paena
409 3649 635 3700 vetitum
667 3639 809 3698 esset
846 3643 1283 3718 eumimpedire,
1323 3639 1669 3709 ejusdemque
1702 3639 1801 3692 mi-

214 3712 410 3774 nistris
462 3719 752 3780 resistere;
803 3713 1018 3784 speciali
1071 3712 1328 3766 mandato
1383 3727 1519 3784 opus
1568 3719 1704 3770 erat,
1743 3720 1802 3762 ut

217 3789 570 3843 bacularibus
597 3789 665 3842 ab
695 3803 761 3839 eo
795 3783 972 3839 missis
1013 3784 1280 3852 quispiam
1309 3783 1565 3837 resistere
1596 3790 1797 3852 posset.

215 3860 332 3914 Hoc
389 3858 668 3914 Nannouis
709 3857 969 3928 judicium
1004 3851 1259 3908 mandan
1289 3851 1800 3928 principiseditum

213 3931 377 4000 paqu
421 3940 547 3999 post
574 3921 730 3983 vocat
757 3929 978 4000 edictum
1009 3941 1072 3978 ea:
1096 3935 1242 4000 parte
1282 3924 1612 3993 imperatoris
1633 3921 1700 3974 ad
1725 3937 1804 3974 re-

214 3995 509 4055 sistendum
534 4001 658 4053 mihi
689 4015 782 4067 pro
807 3998 994 4050 vitibus
1035 3995 1376 4067 propositum.

289 4071 480 4144 (HIS)
515 4070 652 4144 Quid
688 4062 715 4121 a
751 4069 866 4144 suis
892 4062 1215 4144 ailyersariis
1246 4062 1802 4144 Rtitli_eritis_alis!tile-

229 4134 324 4205 rit',
342 4134 826 4196 indicavimusnot.
849 4137 1006 4192 ΗΜ.
1033 4134 1165 4188 Hinc
1180 4143 1356 4188 autem
1382 4134 1664 4196 benelicia,
1685 4148 1805 4205 qua:

219 4203 612 4268 ille—canonicis
643 4213 828 4264 decent
883 4211 1177 4272 ademerat,
1229 4205 1504 4260 Nannonis
1539 4203 1803 4259 sententia

218 4285 426 4339 eisdem
453 4281 675 4336 fuerunt
713 4281 979 4335 restituta.

292 4355 480 4426 (Mlti)
514 4353 868 4426 I'Izccicharta
900 4360 982 4426 est
1006 4347 1338 4426 Iudicatum,
1368 4346 1527 4426 quod.
1559 4345 1808 4426 anteaad

221 4415 568 4482 Ambrosium
597 4425 822 4477 missum
851 4421 1332 4474 animadvertimus
1364 4415 1636 4471 notatione.
1670 4419 1689 4470 1
1711 4415 1808 4470 I82

1978 3361 2162 3434 (HIS)
2209 3361 2334 3416 Haec
2379 3377 2596 3434 quoque
2622 3361 2847 3432 epistola
2879 3377 2907 3416 a
2936 3361 2998 3416 P.
3036 3361 3140 3416 Pez
3170 3364 3382 3434 vulgata
3419 3379 3486 3419 ex

1904 3435 2090 3488 codice
2125 3433 2481 3503 Frisingensi,
2513 3447 2632 3486 cum
2679 3435 3004 3503 princedenti
3056 3433 3359 3488 consonans
3388 3450 3483 3489 co-

1905 3506 2024 3558 dem
2057 3513 2299 3572 tempore
2317 3502 2623 3571 eademque
2658 3502 2724 3556 de
2754 3519 2916 3557 causa
2952 3504 3151 3572 scripta
3188 3503 3302 3556 fuit.

1976 3572 2159 3644 (1119)
2195 3573 2347 3641 Vulg.
2394 3575 2648 3644 mendose
2696 3573 3020 3626 desiderans.
3077 3574 3483 3628 tilorrectioucm

1903 3645 2212 3698 desideratis
2245 3660 2341 3712 pro
2367 3643 2633 3695 desideras
2652 3645 2739 3712 (ad
2759 3644 3026 3712 principes
3046 3644 3297 3696 nimirum
3323 3645 3485 3697 alios—

1905 3732 2009 3785 que
2062 3716 2113 3768 in
2167 3715 2426 3785 dignitate
2453 3716 2776 3768 constitutos
2831 3725 3020 3767 auctor
3078 3715 3338 3770 scribens.
3375 3715 3488 3780 plu-

1905 3785 2004 3840 rali
2035 3800 2258 3838 numero
2303 3802 2399 3854 pro
2429 3785 2686 3855 singulari
2715 3785 2788 3837 uti
2823 3785 2980 3853 solet)
3009 3787 3363 3853 comprobant
3395 3785 3486 3839 illa

1905 3856 2257 3925 przecedentis
2284 3855 2523 3924 epistolze
2552 3873 2698 3909 num.
2726 3856 2779 3918 5,
2806 3872 2928 3910 cum
2955 3855 3149 3923 quibus
3174 3855 3287 3909 lucc
3309 3857 3485 3909 omni-

1906 3943 1976 3980 no
2006 3928 2300 3981 conciuunt
2330 3943 2342 3980 :
2384 3925 2531 3980 Nihil
2555 3926 2671 3994 plus
2712 3927 3020 3995 imperatria:
3041 3942 3197 3995 quam
3236 3925 3486 3992 perditio-

1907 4013 2024 4050 nem
2067 4013 2234 4049 meam
2266 3997 2550 4060 desiderat,
2594 3997 2723 4049 nihil
2774 3999 2946 4052 minus
2996 3997 3278 4064 imperator
3327 4013 3486 4064 quant

1907 4067 2129 4120 salutem
2151 4084 2318 4120 nteant
2343 4080 2388 4120 ct
2419 4069 2746 4120 commodum
2783 4076 2954 4120 curat.

1977 4136 2160 4207 (1420)
2194 4137 2329 4190 llinc
2372 4137 2458 4190 vel
2488 4140 2720 4191 maxime
2772 4137 2960 4206 liquet,
3001 4136 3322 4206 praecipuam
3349 4152 3483 4190 cau-

1908 4225 2048 4271 sam,
2072 4224 2166 4262 cur
2185 4207 2371 4260 Nauzio
2397 4220 2647 4276 tauquam
2679 4209 3019 4277 imperatoris
3043 4209 3238 4262 missus
3270 4218 3490 4262 senten-

1911 4281 2038 4334 tiain
2095 4279 2274 4332 tulerit
2319 4280 2369 4331 iu
2403 4279 2740 4341 RiIIlCI‘IIIllI,
2771 4280 2934 4332 fuisse
2987 4279 3171 4332 ruinas
3208 4279 3490 4333 domus'et

1910 4352 2046 4419 prati
2071 4349 2410 4418 episcopalis,
2451 4365 2571 4418 qua:
2597 4350 2722 4402 licet
2745 4350 2962 4404 aliunde
2986 4349 3355 4418 provenerint,
3389 4349 3491 4420 ipsi

1918 4430 2097 4474 tamen
2146 4421 2397 4488 episcopo
2432 4436 2524 4485 per
2555 4436 2818 4473 summam
2858 4420 3182 4474 calumniam
3215 4421 3492 4474 attributae

224 4497 277 4552 in
314 4494 672 4550 Discordiam.
694 4491 1328 4570 Subscriptionesautem
1349 4488 1612 4581 Balli-ierii,
1639 4490 1808 4581 patri-
1838 4521 1886 4581 D
1919 4489 2166 4571 fucruu_t._
2198 4490 2326 4581 I"me
2357 4507 2480 4581 vero
2507 4490 2776 4581 Calumni:
2803 4507 2922 4581 cuin
2946 4491 3271 4571 imperatori
3297 4499 3347 4543 ct.
3367 4490 3488 4581 liut-

221 4568 444 4628 archae,
498 4575 553 4618 et
595 4559 971 4632 cpiscnporuin
1034 4559 1806 4632 comprovinciaIium__eidem

221 4638 476 4692 Judicato
505 4628 804 4690 accessisse
831 4635 880 4686 in
912 4635 1116 4702 synodo
1143 4631 1322 4702 habita
1359 4644 1542 4702 mense
1574 4628 1804 4702 Novem-

221 4710 302 4764 bri
317 4705 563 4762 anni967
580 4707 871 4776 probatum
886 4699 986 4776 fuit
1006 4711 1114 4755 not.
1145 4702 1279 4776 I-I_(i_'2
1304 4701 1358 4752 in
1382 4699 1568 4776 eadem
1601 4699 1808 4776 hiscer-

223 4779 386 4833 diam.
442 4768 798 4844 Hoc-itaque
843 4775 1150 4828 Judicatum
1206 4771 1485 4826 Nannonis
1540 4768 1806 4823 sententia

225 4851 438 4904 irritum
466 4848 720 4903 reddidit.

295 4921 482 4990 (1417)
505 4919 558 4972 Id
583 4915 1050 4990 explicaripotest
1075 4927 1140 4967 ex
1162 4910 1387 4965 solemni
1417 4909 1664 4972 lormula,
1691 4924 1812 4978 quae

227 4992 278 5046 in
301 4985 548 5062 pluribus
569 4988 814 5062 antiquis
836 4985 1210 5062 tlt)t_tatimitt_t_n_.
1238 4991 1330 5062 εξξιι
1362 4991 1810 5062 testamentorum

229 5051 563 5117 documentis
622 5051 823 5136 legitur
861 5074 874 5136 ξ
911 5053 1022 5108 Nec
1046 5054 1196 5136 “mihi
1248 5051 1549 5136 liceat'ullo
1582 5063 1812 5136 tempore

1914 4562 2168 4630 peratrici
2197 4561 2352 4630 longe
2392 4561 2714 4613 distantibus
2739 4560 2994 4614 Ratherio
3019 4561 3300 4631 ignorante
3328 4560 3488 4613 obre-

1913 4633 2100 4701 pserit,
2136 4648 2318 4684 amore
2351 4632 2692 4698 episcopatus
2739 4631 2917 4685 tuendi
2944 4631 3196 4700 specialis
3224 4631 3490 4700 delcgatio

1915 4703 2158 4756 banuoni
2182 4702 2471 4754 couuuissa
2504 4701 2622 4753 fuit.
3024 4701 3028 4704 ’

1985 4772 2167 4841 (14⁸21)
2199 4776 2465 4824 Loustrue
2497 4787 2514 4823 τ
2550 4770 2690 4823 Nam
2717 4774 2917 4835 scitote,
2964 4789 3043 4824 me
3075 4771 3260 4838 (testor
3300 4768 3494 4841 Deum)

1915 4844 2028 4913 fore
2067 4842 2277 4894 cumino
2331 4843 2726 4913 paratissimum
2789 4843 2856 4894 ad
2895 4843 3194 4910 faciendum
3245 4840 3319 4901 id,
3355 4840 3494 4912 quod

1916 4911 2102 4967 exinde
2127 4913 2475 4979 pra’ceperitis
2498 4911 2644 4963 nti/ti
2672 4913 2871 4964 ratione
2892 4913 3042 4964 duce.

1989 4981 2172 5053 (H22)
2199 4981 2302 5034 I’ez
2331 4980 2497 5053 veluti
2527 4981 2687 5033 aliam
2719 4982 3000 5053 epistolam
3023 4979 3306 5053 sequentia
3331 4981 3506 5035 edidit

1916 5049 2196 5136 praemisso
2227 5051 2381 5136 titulo
2420 5068 2432 5102 :
2466 5052 2546 5104 Ad
2573 5049 2908 5136 e‘a'mdein...|n
2936 5051 3117 5136 co‘dicc
3140 5049 3366 5117 quidem
3403 5067 3510 5105 non
