4044 5348
468 32 573 91 687
1163 27 1493 86 nsrnenu
1530 0 1743 84 larisa.
1787 21 2045 83 venou.
2087 22 2239 82 ore.
2282 20 2463 79 ritas
2502 21 2569 79 ιι.
2606 51 2679 62 -
2716 19 3098 80 EPISTOLIE.
3676 18 3778 78 oss

914 142 1079 217 569
1110 140 1446 199 EPISTOLA
1484 138 1623 195 XIV.

396 320 401 329 ,
466 270 731 312 m'enacu
778 253 965 327 (1423)
1012 269 1326 310 ιεουιΕΝδιδ
1373 267 1609 309 ειηςοοιιι
1653 267 1719 307 ιω
1760 266 2075 309 nunemuu

924 341 1276 382 VERONENSEM
1305 339 1623 380 εριδεοιδωί.

458 472 465 491 ,
542 418 774 475 Domino
808 425 865 473 et
896 418 1039 488 patri
1075 426 1159 472 ter
1186 417 1346 474 beato
1374 415 1593 488 praesuli
1615 415 1924 482 fluento,
1948 428 2075 487 spe-

382 536 383 539 η
471 518 632 566 elatae
657 508 929 579 opinionis
960 507 1109 575 viro,
1149 523 1346 580 magno
1379 505 1563 579 (1424)
1607 516 1664 563 et
1690 505 2080 579 probatissimo

453 599 815 666 'Evenacws,
847 614 1130 656 servorum
1160 599 1364 656 Christi
1410 612 1629 666 servus,
1662 613 1795 655 suus
1825 598 2079 670 indignus

467 694 602 751 licet
633 693 815 750 vocari
848 692 1011 761 illius,
1043 693 1307 765 quidquid
1342 693 1397 747 in
1433 692 1652 749 Christo
1675 690 1801 749 Iesu
1841 691 2075 749 felicius.

539 789 595 845 1.
622 787 973 861 Hyperbaton
1003 802 1128 844 cum
1158 786 1481 859 ambagibus
1508 787 1622 844 suis
1650 787 1931 854 omittens,
1961 802 2078 843 rem

459 882 672 954 ipsam,
702 888 906 951 quanta
946 893 1082 936 mea;
1125 895 1254 951 pars
1283 890 1463 937 vestra
1502 881 1573 937 sit
1599 880 1818 946 animae,
1849 881 1995 937 nudo
2024 888 2083 937 et

462 981 666 1046 aperto
690 986 945 1029 sermone
973 986 1061 1028 me
1083 971 1242 1042 juvat
1281 972 1593 1028 describere
1611 1013 1626 1039 ,
1677 972 2005 1031 scholastice
2032 972 2080 1028 si
2110 980 2113 981 '

468 1083 578 1124 non
611 1065 789 1133 valeo,
814 1066 1021 1121 utinam
1058 1065 1145 1121 vel
1177 1064 1400 1131 rustice,
1428 1080 1535 1120 non
1567 1064 1694 1121 ficte
1727 1074 1929 1132 tamen,
1951 1064 2078 1136 quia

470 1172 614 1230 pura
656 1157 816 1213 traho
843 1170 977 1211 voce
998 1197 1014 1223 ,
1053 1155 1196 1226 quod
1240 1154 1390 1221 latet,
1424 1169 1625 1213 arcana
1656 1169 1761 1211 non
1787 1154 2082 1212 enarrabili

473 1252 649 1320 fibra;
696 1259 962 1323 quantum
1006 1264 1104 1305 vos
1147 1248 1368 1305 sinuoso
1393 1248 1445 1304 in
1475 1258 1697 1320 pectore
1731 1249 1857 1316 fixi,
1891 1257 2084 1306 notare

472 1345 668 1417 gestio.
699 1344 836 1400 Illud
866 1343 1135 1401 comicum
1176 1344 1347 1399 nostis
1372 1342 1679 1413 (TERENT.,
1710 1340 1878 1397 Andr.
1904 1357 1956 1407 ι,
1980 1341 2038 1412 2)
2065 1359 2080 1397 :

471 1438 654 1495 Davus
696 1454 848 1504 sum,
892 1454 994 1492 non
1041 1435 1301 1508 (Edipus,
1352 1445 1413 1491 ut
1456 1434 1654 1491 fucatis
1682 1435 1863 1491 verbis
1897 1434 2081 1491 fallam

477 1530 796 1596 audientes:
836 1530 932 1586 sed
965 1529 1082 1584 haec
1112 1528 1396 1584 hactenus.

546 1622 602 1677 2.
634 1621 832 1677 Audita
861 1637 991 1677 vero
1020 1630 1074 1676 et
1105 1620 1365 1678 attentius
1401 1626 1655 1692 percepta
1696 1619 1965 1691 legatione
1985 1634 2080 1676 ve-

474 1721 590 1769 stra
638 1712 865 1779 mellita,
911 1711 1151 1767 nondum
1201 1711 1321 1768 viso
1364 1712 1451 1767 vel
1499 1720 1751 1785 accepto,
1802 1712 1948 1782 quod
1989 1711 2082 1783 pio

473 1818 661 1860 amore
690 1803 937 1871 misistis,
970 1802 1245 1866 balsamo,
1270 1796 1472 1858 litteris
1512 1803 1712 1861 vestris
1753 1804 1933 1860 adhuc
1972 1820 2080 1860 non

474 1893 649 1961 lectis,
680 1893 866 1965 (1425)
894 1907 1000 1949 non
1027 1893 1315 1949 minimum
1344 1908 1472 1964 erga
1508 1909 1619 1960 me,
1648 1907 1808 1966 quem
1828 1894 2079 1966 cognovi,

476 1995 585 2040 tam
617 1986 796 2056 magni
842 1994 901 2041 et
945 1983 1238 2054 clarissimi
1283 1984 1385 2039 viri
1426 1982 1652 2039 affectus
1695 1983 1908 2055 integer
1949 1984 2083 2040 mibi

475 2076 693 2133 tantillo
720 2075 1086 2133 accumulavit
1103 2076 1357 2148 gaudium
1377 2093 1392 2142 ;
1415 2075 1594 2148 liquor
1617 2076 1905 2147 pretiosus,
1931 2078 2085 2149 cujus

475 2167 591 2225 fere
616 2184 771 2223 eram
799 2168 978 2239 inops,
1004 2167 1212 2223 vultum
1246 2183 1352 2223 non
1384 2167 1732 2224 mediocriter
1757 2168 2087 2224 exlzilaravit

476 2258 655 2315 datus.
686 2258 886 2314 Audito
918 2258 1134 2314 tandem
1164 2258 1410 2330 epitheto
1436 2275 1543 2315 non
1571 2274 1694 2316 meo
1715 2259 1921 2315 nomini
1949 2276 2082 2316 con-

478 2365 649 2422 gruo,
693 2350 837 2420 quod
881 2361 1062 2405 vestra
1112 2350 1354 2406 Charitas
1383 2350 1517 2406 mihi
1559 2351 1705 2407 nulla
1734 2352 2086 2407 commenda-

481 2441 632 2497 tione
682 2450 899 2496 actuum
943 2457 1187 2497 meorum
1226 2442 1513 2513 apposuit,
1556 2442 1696 2499 ultra
1737 2458 1900 2513 quam
1934 2443 2085 2499 credi

477 2539 661 2603 potest
692 2531 879 2604 (1426)
911 2532 1150 2587 animum
1177 2532 1493 2589 lmtificavit.
1533 2533 1663 2589 lude
1699 2533 1906 2590 centies
1933 2532 2087 2590 ﬂexis

480 2624 714 2697 genibus
747 2640 939 2681 vorsus
978 2624 1273 2693 Veronam,
1304 2637 1486 2683 vestra
1531 2628 1686 2700 quasi
1714 2628 1960 2685 lambens
1988 2643 2087 2684 ve-

486 2719 682 2790 stigia,
729 2717 892 2791 570
937 2720 1134 2776 millies
1182 2722 1330 2778 mille
1374 2722 1526 2780 vobis
1570 2724 1810 2795 rependo
1859 2723 2085 2797 gratias.

480 2809 651 2880 Cujus
679 2825 808 2865 vero
852 2812 1102 2880 virtutis,
1137 2814 1183 2870 si
1221 2815 1365 2885 quod
1410 2815 1463 2870 in
1500 2831 1587 2872 me
1615 2816 1962 2887 apparuerit,
1993 2815 2086 2888 qui

482 2900 630 2957 nulla
651 2901 876 2959 omnino
896 2903 1180 2973 praeluceo,
1208 2905 1558 2963 simulacrum
1585 2922 1850 2979 nusquam
1872 2915 1928 2962 et
1952 2922 2088 2962 nun-
2113 2877 2163 2943 δ

483 3008 671 3063 quam,
700 2993 744 3049 si
776 2995 1149 3065 experimento
1178 2997 1389 3054 discere
1414 2998 1566 3056 cordi
1597 3008 1712 3066 est,
1741 3015 1772 3054 a
1802 3000 1954 3056 vobis
1983 2999 2084 3056 ab-

482 3083 592 3139 erit
637 3084 967 3157 elongatum.
1016 3086 1310 3144 Pristinam
1359 3107 1502 3163 saepe
1543 3090 1691 3149 soleo
1733 3101 1860 3148 ante
1899 3091 2085 3151 oculos

483 3173 823 3234 dulcedinem
857 3192 1096 3249 ponere,
1126 3179 1285 3251 idque
1315 3182 1520 3241 crebris
1545 3183 1778 3242 libenter
1817 3183 2084 3242 sermoni-

528 3351 747 3425 ’(1425)
781 3350 1066 3410 Erracrum
1090 3365 1248 3411 vocat
1275 3356 1569 3413 Fulcuinus
1610 3357 1667 3414 in
1704 3357 1886 3415 Gestis
1915 3359 2083 3416 abba-
2146 3320 2158 3341 ἲ

484 3423 600 3480 tum
619 3423 1117 3498 Labieitsiumrcap.
1146 3426 1215 3481 27
1238 3437 1292 3483 et
1318 3428 1408 3484 28.
1440 3428 1727 3484 Auselmus
1758 3432 2079 3497 canonicus,

487 3496 632 3572 apud
660 3494 1121 3572 Cltapeauvillinin
1144 3508 1276 3554 tom.
1309 3499 1361 3561 l,
1385 3500 1460 3572 de
1481 3499 1660 3572 Gjeslis
1680 3494 2080 3572 episcoporum

537 3568 897 3649 unAgre'tisium
919 3566 1475 3649 Eracliumappellat.
1506 3566 1869 3649 At_iniis«jeirt
1887 3566 2081 3628 'Gcstis

491 3637 825 3710 auctiorlbus
847 3637 1402 3710 et_em_emlatioribus
1447 3642 1589 3710 apud
1622 3640 1722 3695 PP.
1756 3641 2000 3697 Martene
2024 3652 2082 3698 et

492 3707 715 3783 l_)_urand
747 3717 878 3763 tom.
907 3707 973 3783 IY
999 3707 1789 3783 Collectziveter.scriptorum
1829 3728 1951 3783 pag.
1974 3713 2080 3769 860

490 3776 779 3867 Egeraclus
809 3780 1158 3867 immittatur.
1184 3780 1284 3863 llic
1310 3776 1664 3864 Lcodicnsem
1709 3776 2084 3867 episcopatum

489 3849 612 3902 iniit
640 3849 932 3924 anno_95_9,
962 3859 1016 3905 et
1047 3851 1248 3924 e_viv_is
1276 3852 1520 3924 excessit
1539 3868 1682 3908 anno
1710 3849 1835 3908 97L
1867 3849 2086 3924 Scripta

489 3927 672 3973 autem
719 3918 823 3993 fuit
869 3920 986 3976 hzec
1020 3922 1277 3993 epistola,
1319 3924 1448 3979 dum
1491 3921 1785 3979 Ratlierius
1811 3918 2086 3981 Veronen-

491 4003 606 4062 sem
651 3990 1023 4062 episcopatum
1054 3990 1233 4048 'tertio
1272 3996 1558 4060 obtinens,
1590 4010 1733 4049 anno
1769 3995 1873 4050 968
1915 3995 2084 4051 multa

493 4057 723 4137 Veronae
751 4057 1040 4137 perpessus
1062 4064 1214 4137 abire
1239 4057 1623 4121 meditabatur.
1647 4065 2089 4137 Chapeauvillius

412 4160 417 4163 -
493 4132 889 4209 tomolaudato
909 4149 1054 4209 pag.
1086 4133 1190 4209 190
1227 4145 1339 4192 not.
1369 4137 1436 4204 2,
1470 4137 1642 4209 ipsam
1667 4132 1951 4208 epistolam
1986 4138 2089 4192 im-

492 4203 692 4282 pressit
711 4219 743 4259 e
775 4220 878 4282 ms.
908 4203 1183 4275 Loliiensi,
1213 4220 1278 4264 cx
1305 4203 1540 4282 quo'nos
1569 4203 1878 4266 accuratius
1901 4223 2091 4265 exem-

493 4270 643 4341 plum
667 4275 995 4348 accepimus.

1494 4414 1525 4433 ῃ

514 4502 550 4537 ,υ

2106 1510 2156 1571 Β

2096 141 2146 198 Α
2176 134 2279 189 bus
2308 141 2577 204 repetere,
2605 139 2662 189 et
2680 130 2726 187 si
2758 144 2917 186 mane
2942 147 3049 188 non
3073 172 3087 197 ,
3114 129 3197 187 vel
3231 138 3351 204 post
3375 129 3611 203 prandia
3637 131 3779 188 inter

2176 224 2490 288 bibendum,
2526 223 2800 295 quomodo
2830 237 2919 278 me
2944 212 3187 289 favistis,
3218 232 3278 278 ut
3316 224 3780 280 commanducan-

2179 316 2306 374 dum
2332 315 2537 382 cibum,
2578 316 2724 373 sicut
2766 317 3012 375 nutrices
3038 316 3337 375 infantibus
3371 318 3678 384 edentulis,
3726 320 3783 373 in

2179 425 2244 468 os
2269 424 2449 466 meum
2473 406 2786 479 trajecistis.
2817 408 2958 478 Quid
2997 419 3152 479 ante,
3188 410 3316 482 quid
3345 420 3467 483 post
3496 426 3600 484 pro
3631 418 3783 468 Canto

2178 506 2446 564 beneficio
2468 507 2937 563 commemorem?
2958 505 3132 563 Rudis
3151 522 3271 563 sum
3301 515 3356 563 et
3380 507 3629 580 ignarus.
3652 506 3786 576 Quis

2181 601 2326 659 enim
2351 608 2437 658 est
2461 600 2616 657 vobis
2642 608 2737 656 aut
2764 599 3054 673 sapientia,
3086 608 3182 656 aut
3208 602 3500 673 probitate,
3523 609 3622 657 aut
3643 600 3787 673 opti—

2182 707 2397 749 marum
2422 692 2622 748 artium
2651 692 2852 758 studio,
2878 700 2974 749 aut
3003 693 3332 759 innocentia,
3353 701 3448 749 aut
3471 693 3586 749 ullo
3609 692 3787 749 laudis

2182 797 2383 856 genere
2411 782 2800 855 praestantior?
2827 782 3074 840 Tulliana
3100 797 3205 839 vox
3236 792 3415 849 sonat,
3441 782 3632 856 (1427)
3658 783 3786 840 tuba

2182 874 2542 933 Ciceroniana
2573 876 2786 933 intonat
2810 875 2925 949 (pro
2953 875 3186 948 Mam):
3216 875 3416 933 nullius
3442 885 3656 932 tantum
3684 874 3788 932 llu-

2182 986 2310 1027 men
2335 979 2420 1026 est
2443 969 2668 1040 ingenii,
2698 968 2844 1026 nulla
2871 968 3119 1037 dicendi,
3160 969 3309 1026 nulla
3335 969 3607 1026 scribendi
3642 979 3791 1026 tanta

2182 1064 2289 1129 vis,
2326 1071 2478 1119 tanta
2500 1062 2681 1134 copia,
2711 1077 2834 1134 quae
2861 1076 2969 1118 non
2996 1061 3175 1118 dicam
3205 1075 3499 1127 exornare,
3534 1061 3633 1117 sed
3667 1070 3791 1117 tua-

2186 1173 2310 1214 rum
2339 1157 2604 1215 virtutum
2641 1158 2831 1215 laudes
2878 1157 3052 1231 possit
3101 1171 3378 1213 enarrare.
3426 1155 3699 1213 Patientia
3743 1158 3793 1214 si

2187 1258 2524 1306 memoretur
2556 1249 2624 1320 (si
2667 1248 2753 1306 fas
2796 1257 2882 1306 est
2922 1248 3109 1305 dicere
3154 1247 3262 1305 fido
3289 1247 3473 1327 salva,
3520 1260 3593 1303 ne
3618 1247 3794 1307 Deum

2184 1339 2477 1414 offendam)
2503 1351 2558 1397 tu
2587 1357 2646 1398 es
2669 1341 2807 1414 ipsa.
2837 1340 2955 1397 Non
2986 1339 3170 1413 (Pstis.
3198 1349 3302 1396 sat.
3333 1340 3391 1403 5,
3415 1356 3468 1393 ν.
3496 1340 3627 1411 112)
3662 1341 3793 1395 sali-

2186 1451 2311 1490 vam
2343 1434 2518 1508 glutto
2551 1434 2813 1492 sorbuisti
2852 1433 3253 1501 mercurialem,
3283 1433 3447 1504 inque
3475 1431 3595 1489 luto
3623 1432 3791 1490 fixum

2182 1527 2406 1600 potuisti
2452 1525 2841 1583 transcendere
2886 1522 3191 1582 nummum.
3241 1522 3522 1595 Satyricos
3562 1523 3791 1579 omitta-

2184 1636 2338 1689 mus,
2382 1620 2451 1676 ad
2493 1619 2771 1691 simplices
2794 1620 3083 1676 redeamus
3106 1628 3163 1676 et
3189 1626 3428 1677 sanctos.
3464 1618 3587 1673 Non
3633 1621 3793 1676 modo

2185 1728 2295 1769 non
2328 1712 2578 1785 rapuisti,
2612 1712 2707 1768 sed
2738 1726 2841 1767 nec
2870 1711 3088 1781 quidem
3127 1709 3403 1781 appetiisti
3432 1708 3650 1777 aliena;
3684 1709 3792 1765 lar-

2187 1808 2333 1879 gitus
2370 1821 2433 1862 es
2477 1806 2723 1878 propria,
2764 1804 2995 1861 aliorum
3041 1802 3334 1861 condolens
3378 1802 3639 1867 miseriis,
3685 1817 3791 1861 non

2186 1898 2541 1956 felicitatibus
2570 1899 2820 1954 invidens
2847 1897 3061 1961 alienis,
3092 1896 3347 1953 omnibus
3378 1897 3565 1953 omnia
3594 1897 3791 1964 factus,

2187 2000 2249 2046 ut
2282 2005 2473 2048 omnes
2499 1988 2852 2046 lucrifaceres
2890 1987 2943 2060 (1
2986 1988 3110 2044 Cor.
3139 2005 3217 2053 rx,
3240 1988 3355 2063 22).
3401 1988 3598 2046 Nativa
3641 1991 3793 2049 vobis

2189 2079 2418 2153 supplex
2465 2080 2637 2135 tendit
2681 2094 2878 2136 manus
2903 2078 3079 2149 patria
3098 2118 3115 2146 ,
3143 2088 3199 2135 et
3228 2088 3289 2134 ut
3313 2079 3552 2136 redeatis
3570 2070 3793 2137 invitat.

2189 2170 2393 2227 Omnes
2419 2179 2685 2241 quotquot
2710 2178 2840 2225 sunt
2864 2170 3147 2239 utriusque
3170 2169 3381 2226 ordinis
3408 2170 3683 2227 clericalis
3701 2187 3794 2227 seu

2190 2260 2445 2317 militaris
2495 2261 2715 2334 (1428),
2758 2271 2970 2328 mente,
3012 2261 3317 2328 voluntate,
3365 2262 3570 2327 studio.
3615 2273 3793 2336 gestu,

2190 2370 2346 2416 voce.
2371 2362 2434 2409 ut
2460 2354 2727 2419 veniatis,
2767 2354 3040 2419 clamant,
3088 2369 3182 2410 vos
3225 2354 3414 2411 videre
3455 2354 3793 2412 desiderant.

2194 2441 2431 2499 Servitio
2457 2444 2612 2500 vobis
2636 2443 2996 2515 impendenda
3020 2459 3122 2501 ncc
3149 2460 3434 2501 numerum
3470 2460 3653 2516 neque
3677 2462 3795 2503 meo

2194 2535 2320 2591 dum
2346 2533 2678 2606 pmﬁgimus
2709 2532 2896 2590 ullum.
2927 2535 3123 2591 Omnia
3149 2544 3336 2590 nostra
3359 2545 3523 2593 erunt
3548 2535 3606 2593 in
3633 2553 3795 2595 manu

2191 2633 2412 2689 vestra,
2462 2625 2758 2681 secundum
2788 2625 2931 2694 quod
2965 2626 3148 2681 animo
3196 2636 3379 2682 vestro
3424 2628 3721 2695 insederit,
3761 2644 3797 2685 ο

2193 2714 2389 2771 dilecte
2410 2712 2661 2771 Ratheri.
2685 2714 2894 2771 Cuncta
2923 2717 3237 2787 prcevidete,
3265 2717 3557 2789 disponite,
3587 2720 3794 2775 ωειςιί-

2193 2809 2351 2875 tuite,
2382 2818 2437 2866 et
2471 2822 2531 2864 ut
2575 2809 2827 2875 libuerit,
2875 2810 2929 2865 in
2976 2811 3231 2867 omnibus
3266 2812 3432 2883 agite.
3466 2810 3584 2867 Sub
3612 2820 3797 2869 vestro

2193 2903 2389 2978 pollice
2434 2902 2597 2959 docto
2642 2911 2697 2958 ct
2745 2903 2955 2960 artifice
3009 2919 3230 2960 manum
3275 2904 3463 2961 ferulae
3510 2921 3622 2962 non
3670 2922 3797 2962 eru-

2191 2997 2413 3053 bescam
2465 2996 2786 3053 subducere.
2840 2994 2950 3052 Vos
2994 2996 3203 3062 valete,
3260 3011 3356 3053 vos
3403 2996 3686 3069 plaudite,
3740 3005 3797 3055 et

2192 3091 2366 3164 gratia
2400 3090 2612 3147 Domini
2651 3088 2823 3148 nostri
2868 3103 2967 3147 vos
3008 3088 3079 3145 ab
3118 3090 3338 3148 incursu
3384 3089 3529 3146 malo
3577 3099 3796 3147 tueatur

2199 3186 2480 3243 continue.

2264 3360 2449 3436 (1424)
2476 3361 2636 3436 Apud
2661 3360 3125 3436 Chapeauvillium
3151 3360 3305 3418 deest
3330 3377 3556 3433 magno,
3584 3370 3643 3420 et
3672 3373 3797 3436 post

2192 3432 2867 3503 anibagibusdesideratur
2887 3434 3021 3488 suis.

2264 3501 2794 3578 (l_49.j5)_Couslrue:
2836 3502 3049 3576 Integer
3076 3504 3298 3578 allectus
3334 3503 3436 3558 viri
3471 3513 3584 3578 tarn
3615 3507 3797 3578 magni

2190 3584 2244 3649 et
2269 3574 2695 3649 clarissimicrga
2727 3590 2829 3638 me,
2855 3574 3009 3649 quem
3032 3574 3270 3649 cognovi,
3293 3574 3649 3630 accumulavit
3670 3574 3798 3649 gini?-

2190 3645 2337 3701 dium
2363 3661 2466 3700 non
2492 3645 2766 3700 minimum
2794 3645 2920 3700 mihi
2943 3645 3172 3700 tantillo.

2263 3716 2447 3788 (1426)
2473 3716 2906 3787 Cliapeauvillius
2950 3716 3142 3786 potuit.
3179 3714 3315 3772 Dein
3346 3715 3552 3773 omittit
3578 3727 3632 3772 et
3661 3735 3791 3776 nun-

2227 3804 2296 3841 ua
2301 3803 2348 3840 ιη
2357 3825 2372 3841 ο

2192 3806 2450 3931 Ἰαῗῧῂ)
2480 3855 2652 3931 Voces
2681 3857 2807 3931 tuba
2833 3856 3179 3914 Ciceroniana
3218 3858 3448 3924 intonat,
3490 3873 3616 3929 qua:
3649 3863 3792 3931 apud

2192 3927 2658 4012 Cliapeauvillium
2702 3930 2919 3996 desunt,
2958 3944 3024 3985 ex
3070 3938 3259 3987 nostro
3286 3927 3604 4001 apographo
3645 3927 3794 3988 inise-

2188 4015 2418 4055 ruimus.

2490 4067 2635 4142 Ordo
2680 4069 2948 4137 militaris,
2981 4086 3077 4128 seu
3116 4069 3382 4136 militum,
3429 4071 3482 4126 id
3514 4079 3601 4128 est
3629 4074 3788 4140 nobi-
3852 4000 3872 4113 ἔ

2371 4139 2572 4199 Cenfer
2599 4150 2713 4198 not.
2739 4141 2867 4211 144,
2901 4143 2955 4199 in
2985 4143 3182 4200 librum
3206 4142 3425 4199 tertium
3453 4139 3789 4217 Prmloquio-
