4044 5348
481 305 615 367 ³691

1367 347 1375 354 .
1429 307 1756 365 ιιιτιιειιιι
1794 303 2008 363 EPISC.
2052 303 2304 364 VERON.
2345 307 2496 365 ore.
2537 307 2719 368 PARS
2757 306 2842 367 ut.
2939 287 2944 297 ’

3685 310 3791 368 692

513 424 742 480 minime
785 421 1350 494 dieatur‘uLﬁl-SS);
1398 424 1534 496 dum,
1571 425 1832 480 adversus
1865 422 2100 478 animam
2129 426 2180 486 Α
2207 422 2342 477 diem
2369 401 2524 496 (Isai.
2557 440 2708 492 LVIII,
2739 425 2828 494 4),
2871 433 2925 483 et
2955 434 3151 484 caetera
3180 427 3300 499 qua:
3341 427 3696 498 sequuntur?
3729 419 3796 485 Ut

513 513 753 572 militare
785 515 1040 571 dicuntur
1067 555 1083 580 ,
1129 512 1415 570 manifeste
1449 515 1664 572 diabolo
1686 515 1920 572 militare
1954 528 2106 569 mon-

513 613 778 686 strantur.
811 607 1001 664 Nullus
1029 610 1173 664 enim
1196 611 1500 665 animarum
1525 616 1834 665 nostrarum
1853 605 1997 661 alter
2019 613 2108 662 est

517 699 886 771 adversarius,
915 705 1016 760 nisi
1041 705 1150 775 ille,
1179 705 1272 776 qui
1294 719 1388 759 eas
1403 702 1586 776 statim
1611 699 2108 770 invadit,ubi,Deus

515 807 612 848 eas
633 792 782 862 justo
803 793 1010 863 judicio
1033 796 1257 854 deserit.
1296 795 1452 850 Justo
1478 803 1656 849 autem
1683 807 1778 848 eas
1803 792 1945 846 Deus
1963 790 2110 860 judi-

503 883 604 940 ‘cio
633 887 852 952 deserit,
880 888 924 943 si
957 903 1080 944 eum
1109 889 1261 958 prius
1291 885 1632 942 deseruerint
1659 885 1787 956 ipsa!
1813 901 1826 937 :
1861 881 2110 953 quamvis

517 987 572 1032 et
602 977 914 1035 innumeras
939 996 996 1035 se
1021 981 1336 1036 deserentes
1369 979 1483 1046 ipse
1521 977 1742 1032 minime
1771 974 2110 1043 deseruerit,

518 1069 623 1140 sed
645 1070 747 1124 hoc
775 1071 946 1144 magis
971 1088 1038 1128 ex
1064 1066 1434 1126 misericordia
1467 1084 1627 1139 quam
1653 1081 1718 1122 ex
1741 1063 1970 1136 justitia.

487 1158 492 1162 “
517 1208 531 1234 δ.
591 1163 645 1216 3.
674 1163 814 1230 Quia
844 1165 1013 1234 igitur
1045 1163 1283 1221 carnalia
1319 1163 1587 1219 desideria
1611 1159 1829 1216 diabolo
1855 1159 2114 1215 adversus

519 1255 734 1328 animas
761 1256 992 1311 militant
1025 1267 1257 1319 nostras,
1297 1273 1364 1311 ne
1395 1257 1500 1310 dux
1541 1254 1610 1310 de
1635 1255 1792 1310 nobis
1819 1253 2114 1336 triumphet

518 1345 758 1412 illorum,
783 1364 1120 1421 opponainus
1145 1349 1249 1404 illis
1263 1349 1672 1415 abstinentiam,
1700 1348 2110 1414 ethabebimus,

520 1439 634 1516 Deo
663 1438 976 1508 adjuvante,
1021 1443 1321 1498 victoriam.
1368 1441 1764 1498 Convertamur
1811 1441 1997 1510 itaque
2045 1439 2114 1494 ad

520 1531 835 1599 Dominum,
863 1535 1079 1600 fratres,
1111 1536 1163 1590 in
1199 1545 1312 1590 toto
1342 1534 1504 1590 corde
1537 1542 1751 1598 nostro,
1796 1533 1848 1590 in
1881 1529 2110 1604 jejunio,

521 1633 577 1678 et
597 1613 750 1690 fletu,
773 1635 828 1680 et
857 1625 1071 1696 planetu
1101 1625 1240 1698 (Joel
1263 1641 1325 1691 it,
1355 1623 1464 1696 12).
1509 1623 1615 1680 Sed
1646 1641 1674 1678 a
1703 1639 1834 1694 quo,
1857 1624 1925 1679 ad
1952 1637 2113 1694 quem

520 1719 764 1773 converti
785 1734 880 1774 vos
915 1719 1116 1789 putatis
1153 1735 1436 1774 monemus
1467 1717 1569 1791 [[2,
1593 1716 1872 1790 moneri]?
1897 1717 1980 1771 Ab
2013 1716 2114 1770 ini-

2207 515 2372 588 igitur
2401 533 2430 572 a
2459 520 2714 576 cordibus
2739 521 2944 576 nostris
2980 520 3315 592 expellamus
3337 519 3635 582 diabolum,
3667 516 3799 589 jeju-

2198 623 2425 678 neuius,
2451 627 2692 680 oremus,
2719 613 3118 686 eleemosynam
3147 613 3440 670 secundum
3471 612 3802 684 possibility

2205 712 2322 759 tem
2350 705 2647 772 faciamus,
2676 708 2770 764 sed
2811 708 2950 762 ultra
2995 707 3408 780 possibilitatem
3435 722 3538 761 nos
3571 705 3802 762 voluisse

2214 801 2406 867 testem
2434 795 2718 852 Dominum
2747 798 3068 854 habeamus.
3107 798 3184 854 lta
3213 799 3358 854 enim
3386 798 3632 854 carnalia
3660 798 3803 854 desi-

2213 885 2388 953 deria,
2415 903 2534 958 qum
2563 889 2824 944 adversus
2848 891 3058 944 animas
3089 889 3322 946 militant
3356 898 3602 956 nostras,
3640 888 3805 959 ipsius

2214 974 2484 1045 adjutorio
2512 978 2634 1032 freti
2668 995 2928 1051 superare
2960 980 3277 1037 valebimus.

2283 1065 2340 1123 4.
2374 1067 2478 1123 Sed
2511 1069 2640 1124 dicit
2665 1067 2894 1140 aliquis:
2925 1069 2982 1129 Si
3010 1067 3079 1131 ab
3101 1069 3356 1129 omniius
3385 1085 3510 1142 quae
3529 1085 3664 1125 caro
3677 1069 3812 1134 desi-

2211 1159 2372 1215 derat
2396 1160 2748 1228 abstinemus,
2777 1163 3048 1233 quomodo
3079 1165 3322 1219 vivemus
3354 1143 3592 1235 (H57)?
3626 1160 3809 1217 Nonne

2213 1253 2462 1337 esuriens
2491 1253 2761 1310 desiderat
2789 1255 2982 1324 edere,
3007 1256 3196 1312 sitiens
3234 1255 3440 1322 bibere,
3467 1256 3682 1312 etiamsi
3707 1269 3810 1308 non

2216 1348 2490 1415 superﬂue
2547 1363 2722 1419 neque
2768 1350 3124 1419 sumptuose?
3179 1349 3441 1406 Somnum
3473 1350 3815 1422 patiens(nt

2215 1439 2334 1496 hinc
2363 1448 2574 1496 tantum
2605 1442 2674 1496 de
2702 1441 3006 1499 innumeris
3033 1443 3260 1498 honeste
3297 1453 3460 1512 alque
3503 1439 3816 1496 necessario

2215 1517 2496 1602 requisitis
2530 1532 2913 1604 proferantur)
2961 1549 3141 1590 nonne
3187 1542 3342 1606 aptat
3391 1533 3688 1588 dormire?
3737 1529 3816 1586 Ad

2213 1624 2359 1694 quod
2412 1625 2884 1694 respondendum;
2931 1624 3060 1696 quia
3110 1640 3218 1680 non
3267 1623 3673 1680 interdicuntur
3719 1622 3820 1678 hoc

2215 1724 2488 1786 praecepto
2515 1716 2846 1780 necessaria,
2889 1717 2986 1772 sed
3030 1713 3324 1786 superﬂua,
3357 1714 3451 1771 sed
3492 1713 3695 1778 noxia,
3725 1711 3820 1767 sed

521 1810 682 1866 micis
711 1811 897 1882 utique
934 1811 1238 1868 animarum
1279 1819 1586 1876 nostrarum
1631 1809 1939 1866 carnalibus
1967 1809 2113 1866 desi-
2147 1814 2190 1874 Β
2219 1807 2528 1873 inhonesta,
2560 1816 2615 1864 et
2641 1824 2670 1863 a
2697 1809 2808 1866 Deo
2836 1807 3128 1880 prohibita.
3153 1807 3308 1868 Unde
3334 1817 3391 1862 et
3415 1807 3563 1863 alter
3589 1805 3820 1875 Aposto-

523 1901 689 1956 ileriis
727 1903 795 1957 ad
831 1905 1062 1960 amicam
1095 1903 1306 1960 illarum
1337 1904 1721 1960 abstinentiam
1750 1921 1764 1970 ;
1805 1919 1836 1958 a
1865 1903 2113 1970 diabolo,

475 2055 485 2066 ο
515 1993 612 2046 cui
647 1993 882 2049 militant
911 1995 1046 2066 ipsa,
1079 1995 1145 2050 ad
1175 1995 1498 2060 Dominum,
1521 1997 1611 2066 qui
1650 2005 1838 2051 contra
1869 1995 2040 2062 illiilli,
2069 1994 2118 2052 si

527 2082 806 2148 volumus,
838 2095 1039 2157 pugnat
1078 2101 1176 2156 pro
1201 2087 1358 2144 nobis
1385 2087 1470 2141 die
1497 2095 1788 2156 noctuque.
1822 2083 1930 2142 Sed
1957 2085 2002 2140 si
2029 2099 2116 2140 vo-

471 2241 479 2249 .
529 2173 708 2232 Iunius
737 2187 926 2232 contra
959 2179 1106 2233 illum
1133 2195 1390 2252 pugnare,
1422 2181 1734 2236 Studeamus
1758 2195 1882 2235 cum
1902 2195 1933 2234 a
1963 2178 2120 2234 nobis

521 2264 735 2336 longius
777 2270 1127 2339 propulsare,
1175 2280 1230 2327 et
1273 2286 1305 2326 a
1352 2272 1608 2326 cordibus
1655 2271 1856 2326 nostris
1886 2269 2118 2339 ejicere,

523 2371 701 2426 neque
733 2373 855 2412 cum
885 2361 1046 2426 ,iutra
1088 2377 1186 2416 nos
1227 2362 1327 2431 ipsi
1371 2362 1572 2417 fovere.
1619 2361 1729 2418 Sub
1763 2361 1948 2416 umbra
1982 2362 2120 2418 enim

525 2447 740 2514 dormit,
771 2459 830 2506 tit
867 2451 944 2506 ait
989 2451 1280 2522 Dominus,
1327 2455 1380 2508 in
1423 2465 1619 2509 secreto
1656 2453 1870 2519 calami,
1900 2463 1950 2507 et
1993 2452 2122 2508 locis

477 2591 484 2598 ,
525 2539 857 2597 [tumentibus
890 2541 1010 2614 (Job
1044 2561 1141 2611 ιιι,
1183 2546 1294 2616 lli).
1346 2546 1541 2602 Umbra
1578 2560 1706 2600 vero
1745 2554 1872 2600 sunt
1900 2545 2118 2612 callidi;

529 2631 772 2688 calamus
816 2635 1193 2704 simulatores,
1222 2638 1354 2694 foris
1399 2639 1580 2708 itaque
1619 2637 1845 2707 placidi,
1898 2637 2126 2696 interius

529 2729 722 2794 vacui;
755 2729 1006 2786 humecta
1040 2748 1168 2788 vero
1198 2731 1334 2796 loca,
1378 2733 1776 2788 luxuriosorum
1803 2738 1932 2788 sunt
1955 2746 2126 2787 mem-

528 2818 664 2886 bra,
697 2830 754 2874 et
783 2821 1070 2880 libidinosa
1115 2825 1326 2880 illorum
1369 2827 1686 2894 praecordia.
1736 2825 2124 2882 Verumtamen

531 2915 864 2982 noverimus,
898 2917 1126 2972 Domino
1159 2925 1315 2984 teste,
1343 2917 1472 2988 quia
1502 2918 1603 2973 hoc
1633 2933 1802 2989 genus
1827 2917 2008 2973 nullus
2039 2931 2130 2974 ne.

533 3019 640 3074 que
666 3003 732 3058 de
759 3021 834 3071 se,
867 3022 1040 3078 neque
1064 3007 1128 3062 de
1153 3009 1258 3063 alio
1281 3008 1422 3064 valet
1443 3007 1659 3078 ejicere,
1687 3010 1788 3064 nisi
1813 3010 1868 3063 in
1892 3009 2129 3064 oratione

531 3106 578 3146 et
603 3093 814 3163 jejunio
847 3096 1042 3167 (Marc.
1069 3115 1146 3165 ιχ,
1170 3098 1284 3169 28).
1314 3099 1422 3154 Sed
1453 3101 1721 3168 quomodo
1748 3099 1800 3154 iii
1827 3099 2076 3156 oratione
2097 3115 2128 3154 a

2217 1900 2300 1955 lus
2329 1917 2343 1954 :
2383 1899 2590 1963 Carnis,
2624 1901 2721 1966 ait,
2756 1916 2939 1958 curam
2961 1917 3024 1956 ne
3047 1899 3275 1970 feceritis
3301 1901 3358 1952 in
3386 1895 3822 1967 concupiscentiis

2219 1991 2398 2064 ('Rom.
2433 2009 2558 2060 xui,
2586 1991 2716 2062 id):
2756 1993 2844 2048 ubi
2886 1991 3132 2064 profecto
3173 1992 3330 2048 nobis
3367 1991 3718 2060 praecipimr,
3761 1997 3826 2044 ut

2218 2083 2298 2140 sic
2332 2085 2545 2155 corpori
2577 2083 2886 2142 necessaria
2916 2082 3308 2147 iui'nistremus,
3331 2092 3392 2138 ut
3418 2081 3552 2136 nulli
3579 2080 3824 2139 animum

2217 2174 2481 2245 voluptati
2518 2175 2844 2242 subdamus;
2892 2191 2994 2242 ne,
3044 2175 3170 2230 dum
3215 2175 3356 2230 ratio
3393 2174 3650 2236 domina,
3697 2185 3827 2228 eam

2220 2267 2416 2323 debeat
2442 2281 2563 2323 esse
2593 2267 2810 2331 ancilla,
2842 2275 3064 2337 propter
3095 2265 3342 2321 ancillam
3379 2263 3662 2321 dominam
3692 2275 3827 2318 con-

2221 2371 2486 2427 teraiuus,
2519 2371 2575 2417 et
2623 2363 2853 2432 imperet
2895 2377 3015 2432 quae
3050 2362 3454 2434 obtemperare,
3483 2359 3830 2430 obtemperet

2222 2471 2345 2528 quae
2370 2455 2643 2525 imperare
2671 2455 2954 2510 debuerat.
2983 2453 3324 2509 Abstinentia
3355 2461 3616 2507 cmterum
3643 2455 3830 2504 nostra

2225 2549 2330 2606 nisi
2358 2548 2428 2606 sit
2467 2548 2753 2615 triformis,
2790 2557 2874 2602 est
2897 2563 2995 2618 per
3016 2546 3199 2603 eiunia
3228 2545 3294 2602 ad
3319 2543 3716 2617 perfectionem
3743 2541 3830 2594 in-

2225 2639 2404 2704 utilis,
2430 2639 2533 2696 hoc
2569 2648 2674 2704 est,
2701 2648 2760 2694 ut
2786 2639 3022 2709 primum
3048 2653 3078 2691 a
3106 2635 3459 2694 meditatione
3484 2646 3658 2703 prava
3677 2671 3693 2697 ,
3727 2645 3817 2686 se-

2227 2733 2408 2789 cundo
2431 2748 2461 2786 a
2492 2732 2762 2786 locutione
2785 2731 2970 2796 noxia,
3011 2729 3171 2786 tertio
3201 2729 3270 2783 ab
3306 2726 3628 2796 operatione
3651 2736 3833 2780 cesse-

2227 2838 2374 2887 mus,
2400 2836 2500 2892 pro
2526 2821 2617 2876 Dei
2665 2820 2859 2876 timore
2889 2819 2974 2876 vel
3004 2831 3208 2886 amore,
3251 2831 3509 2888 perversa
3537 2831 3552 2882 ;
3592 2823 3655 2870 ut
3681 2829 3833 2868 mun-

2229 2914 2363 2980 dati,
2397 2913 2510 2970 Deo
2539 2913 2970 2969 misericorditer
2999 2911 3285 2983 largiente,
3311 2909 3382 2964 ab
3405 2909 3556 2964 omni
3582 2907 3835 2970 inquina-

2231 3016 2416 3065 mento
2441 3006 2627 3063 carnis
2652 3015 2708 3064 et
2741 3005 3000 3076 Spiritus,
3037 3003 3125 3060 his
3150 3003 3352 3059 sanctis
3393 3001 3592 3058 saltem
3637 2998 3833 3054 diebus

2233 3097 2640 3154 sanctissimum
2670 3095 2880 3154 Pascha
2907 3102 3030 3166 post
3059 3094 3204 3164 ipsos
3226 3101 3514 3148 venturum
3547 3105 3675 3144 cum
3703 3103 3837 3157 gari-

531 3203 589 3242 se
621 3187 822 3269 ejicere
851 3191 1120 3248 diabolum
1149 3194 1314 3258 valet,
1343 3194 1409 3250 de
1437 3208 1544 3265 quo
1569 3195 1808 3250 dicitur:
1845 3194 2128 3262 Qui.aver-
2154 3193 2201 3255 C
2231 3193 2322 3250 dio
2349 3202 2404 3250 et
2443 3192 2626 3248 laetitia
2660 3191 2943 3248 celebrare
2987 3189 3256 3262 possimus
3281 3207 3294 3242 :
3347 3187 3464 3258 ipso
3499 3185 3836 3256 adjuvante,

532 3281 594 3333 tit
623 3296 803 3333 aurem
825 3298 976 3335 suam
1000 3300 1062 3336 ne
1083 3284 1266 3338 audiat
1299 3283 1482 3354 legem,
1507 3285 1677 3339 oratio
1717 3285 1832 3356 ejus
1865 3286 1963 3341 erit
1986 3301 2127 3342 exsc-

521 3371 746 3446 rrabilis
773 3373 798 3427 ?
826 3371 1006 3444 (Prov.
1054 3391 1255 3442 xxvui,
1281 3375 1358 3448 9.)
1390 3375 1554 3448 580
1594 3376 1640 3433 Ο
1675 3377 1880 3432 utinam
1911 3377 2054 3432 enim
2080 3377 2127 3434 si

533 3477 642 3516 non
671 3466 1015 3530 exauilibilis,
1046 3468 1236 3523 saltem
1267 3485 1371 3524 non
1401 3481 1542 3526 esset
1566 3470 1920 3527 exsecrabilis
1951 3471 2129 3528 oratio

533 3557 758 3612 nostra!
811 3557 1053 3630 Itemque
1099 3561 1265 3616 alibi:
1306 3561 1410 3628 Qui
1453 3564 1638 3617 avertit
1675 3579 1859 3619 aurem
1904 3580 2054 3618 suain
2097 3582 2130 3620 a

533 3648 764 3704 clamore
793 3653 1036 3722 pauperis
1061 3695 1074 3715 ,
1103 3667 1151 3708 et
1172 3655 1278 3725 ipse
1300 3654 1568 3721 clamabit,
1599 3665 1647 3710 et
1685 3672 1788 3712 non
1817 3657 2133 3712 exaudiatur

481 3740 487 3748 “
537 3739 720 3812 (Prov.
755 3759 868 3807 xxi,
909 3745 1013 3812 l5).
1049 3744 1146 3800 Hie
1169 3745 1408 3815 profecto
1437 3747 1565 3816 quid
1600 3747 1783 3818 (1456)
1813 3748 1980 3802 etiam
2010 3761 2132 3818 pro-

535 3830 755 3889 fundius
784 3833 1048 3900 innititur,
1076 3835 1202 3906 quia
1233 3835 1334 3893 nisi
1363 3835 1690 3892 clamantem
1719 3837 1788 3893 ad
1817 3846 1872 3892 te
1911 3836 2134 3907 adjuves

536 3937 860 3995 pauperem,
897 3943 1002 3983 non
1051 3937 1100 3982 te
1147 3928 1402 3984 exaudiet
1437 3928 1578 3984 Deus
1605 3937 1872 3984 orantem.
1913 3925 2134 3996 Jejunas

535 4009 705 4078 vero,
735 4019 1048 4084 quomodo?
1085 4019 1187 4073 nisi
1237 4035 1266 4073 a
1297 4019 1445 4074 vitiis
1475 4019 1826 4084 abstinendo,
1861 4035 1983 4075 cum
2023 4021 2134 4076 Do-

539 4105 722 4162 minus
754 4107 933 4162 dicat:
991 4107 1168 4164 Nolite
1204 4109 1452 4181 jejunare
1495 4111 1628 4165 sicut
1669 4127 1832 4182 usque
1879 4112 1947 4166 ad
1998 4113 2134 4166 hanc

613 4242 998 4319 (1454-35)]n
1044 4246 1250 4319 iisdeu
1281 4247 1513 4319 vulgatis
1559 4247 1776 4302 dicitur.
1829 4245 2131 4304 Construe:

543 4312 677 4368 Cum
695 4330 843 4368 nemo
857 4312 1042 4370 militet
1064 4317 1167 4370 nisi
1197 4312 1444 4382 alicuiJet
1471 4318 1556 4372 hic
1582 4318 1793 4373 minime
1815 4319 2024 4374 dicatur
2045 4336 2136 4374 ex-

539 4386 792 4457 pressius,
826 4387 913 4440 cui
935 4388 1170 4442 carnalia
1192 4389 1451 4443 desideria
1466 4387 1687 4446 militent
1705 4406 1723 4454 ;
1738 4389 1863 4444 dum
1876 4389 2136 4444 ulicuntur

487 4454 498 4462 ’
540 4454 767 4510 militare
789 4457 1036 4513 adversus
1066 4459 1320 4525 animant,
1351 4472 1456 4515 etc.

615 4525 798 4598 (1456)
831 4527 984 4604 Vulg.
1017 4533 1382 4604 privterqquid,
1423 4531 1583 4604 male;
1610 4530 2013 4604 Frisingensem
2039 4547 2134 4588 co-

541 4597 718 4674 dicem
748 4597 1225 4674 prmtuliiiius,_tibi
1247 4597 1374 4670 ἠιιὶιί
1404 4620 1502 4674 pro
1531 4601 1733 4674 aliquid
1765 4597 1998 4660 sumitur
2024 4621 2036 4658 :
2073 4618 2139 4660 ac

543 4669 665 4742 dein
691 4669 761 4742 ex
791 4672 980 4742 eodem
1008 4669 1310 4726 addidimus
1341 4669 1480 4742 freti.
1617 4669 1627 4674 ⁷
1799 4692 1807 4698 ·
1860 4674 1866 4679 ’

615 4739 802 4883 ἱΗὸῚ)
833 4741 1084 4797 Sielaud.
1101 4743 1220 4796 cod.
1248 4739 1622 4816 Frisiugensis.
1655 4745 1709 4800 lu
1733 4745 1878 4816 vulg.
1898 4745 2136 4800 vivimus.

647 4811 800 4883 1458)
828 4811 964 4868 Cum
990 4813 1106 4868 haec
1136 4815 1426 4883 epigraphe
1453 4818 1706 4870 sermonis
1741 4817 1954 4872 titulum
1985 4817 2136 4872 exhi-

647 4811 800 4883 1458)
828 4811 964 4868 Cum
990 4813 1106 4868 haec
1136 4811 1706 4884 epigraphe'scrmonis
1741 4811 1954 4872 titulum
1985 4817 2141 4872 exhi-

539 4880 681 4957 beris
705 4880 916 4957 ah'ipso
941 4880 1347 4939 auctore'fiicri't
1373 4888 1624 4955 praeﬁxa;
1651 4889 1814 4952 hunc,
1841 4888 1934 4956 qui
1959 4888 2138 4957 potius

547 4961 627 5006 est
662 4952 941 5016 liber,'scu
969 4963 1254 5018 tractatus,
1279 4952 1442 5024 quam
1473 4952 1668 5020 sermo,
1698 4959 1839 5012 inter
1857 4952 2140 5012 sermones

549 5023 935 5097 enutiltchcrio
964 5023 1314 5097 collocamus.
1346 5027 1520 5097 Ipsum
1560 5028 1721 5082 libelli
1765 5028 1984 5082 nomine
2021 5027 2138 5081 lau-

549 5093 640 5162 dat
669 5092 982 5162 Sigebertus
1021 5100 1085 5150 de
1129 5096 1270 5152 Viris
1311 5092 1610 5152 illustribus
1638 5114 1688 5152 c.
1721 5099 1843 5157 127,
1885 5111 1950 5151 ac
1977 5109 2041 5150 ex
2072 5109 2140 5151 eo

497 5237 500 5242 Ι
549 5161 803 5248 'Atgidius
829 5165 1218 5248 Leodieusisc.
1247 5167 1316 5222 45
1339 5169 1479 5248 a_dud
1507 5168 1970 5248 Chapeauvillium
1999 5177 2138 5248 tam.

2233 3285 2324 3358 qui
2353 3299 2476 3350 cum
2505 3285 2666 3340 Patre
2687 3292 2739 3338 et
2773 3281 2981 3352 Spiritu
3012 3288 3202 3336 sancto
3227 3277 3361 3332 vivit
3385 3285 3442 3332 et
3474 3272 3839 3347 regnatDelIS

2233 3391 2333 3449 per
2359 3374 2542 3432 omnia
2567 3372 2766 3430 saecula
2792 3371 3140 3428 saeculorum.
3172 3369 3366 3426 Amen.

2579 3487 2742 3570 εει
2790 3483 3102 3542 εΕιιιιο
3158 3483 3218 3539 ιι
3265 3480 3474 3558 [al.l].

2757 3594 2827 3635 os
2875 3592 3303 3643 ρυιιιιιλθεειιιι.

2694 3671 2765 3728 ab
2791 3679 3018 3727 auctore
3054 3669 3380 3741 inscriptus:

2236 3789 2641 3864 (-1458)US§_rmo
2681 3785 2830 3864 ualde
2865 3783 3103 3864 prolixus
3145 3785 3210 3838 de
3257 3779 3706 3864 Quadragesima‘
3730 3775 3841 3864 Rs:

2307 3849 2460 3917 therii
2495 3857 2826 3940 Veronensis,
2853 3849 2930 3911 tu
2957 3855 3194 3926 ineﬁicaa:
3215 3869 3270 3908 sc
3299 3849 3517 3916 vivente,
3549 3861 3608 3906 ut
3628 3859 3708 3906 est
3739 3849 3840 3904 sibi

2304 3935 2495 3994 visum,
2527 3935 2782 4001 garritus.
3131 3949 3136 3954 ι

2308 4023 2360 4080 1.
2393 4023 2526 4079 Cum
2558 4021 2828 4077 neminem
2856 4017 3056 4074 divinis
3097 4015 3263 4071 lateat
3303 4014 3573 4070 imbutum
3604 4012 3840 4084 degma-

2238 4119 2402 4185 tibus,
2436 4118 2536 4176 hos
2563 4112 2924 4186 quadraginta
2968 4111 3085 4168 dies
3107 4150 3122 4176 ,
3165 4125 3302 4182 quos
3345 4105 3702 4180 parcitnonize
3733 4104 3842 4161 ritu

2238 4213 2439 4316 ὐῆῖιιιε,
2469 4264 2568 4304 cur
2590 4244 3159 4318 Sigebertus,4aliiqu_e
3184 4241 3436 4318 eumdem
3468 4239 3646 4318 secuti
3671 4236 3840 4318 veluti

2239 4309 2554 4380 distinctum
2579 4309 2948 4392 abvlneﬂicaci
2983 4309 3185 4392 garritu
3217 4329 3352 4392 opus
3377 4310 3660 4392 laudarint
3691 4309 3841 4391 (licet

2239 4409 2407 4450 unum
2437 4399 2492 4446 et
2521 4391 2659 4460 iilel_n
2690 4382 3106 4460 sit)ﬁ’illud,'quo
3132 4382 3711 4460 Anthropontorphitic
3738 4382 3844 4460 inr-

2239 4447 2566 4536 pugnantur.
2599 4447 2827 4536 scripsit
2845 4447 3032 4512 contra
3063 4457 3308 4536 Ii_a’_rcsint
3334 4447 3842 4536 Anthropomorplii-

2241 4521 2440 4600 larvunt,
2464 4533 2518 4586 id
2537 4541 2610 4586 est
2636 4521 2941 4592 dicentium.
2963 4533 3102 4600 quod
3123 4525 3264 4600 Deus
3287 4521 3505 4600 habebat
3532 4521 3839 4600 corpoream

2241 4616 2292 4664 et
2323 4591 2608 4660 humanam
2639 4600 2888 4671 formant.
2931 4591 3213 4671 Videqua:
3240 4596 3402 4671 latius
3429 4595 3483 4650 in
3505 4591 3839 4671 praefatione

2245 4675 2484 4748 generali
2535 4667 3018 4748 animadvertimus
3246 4668 3301 4722 in
3336 4669 3460 4748 line.
3506 4667 3664 4745 Hauc
3711 4677 3839 4719 vero

2244 4736 2922 4816 Knthropomorpliitaruin
2961 4736 3156 4816 decimi
3189 4737 3371 4816 saeculi
3401 4736 3698 4816 hmrcsiut,‘
3721 4749 3838 4816 qua:

2247 4804 2300 4875 iu
2333 4817 2420 4872 his
2451 4804 2665 4870 tantum'
2687 4813 2935 4881 partibus
2961 4812 3030 4868 ob
3061 4811 3423 4881 ignorantiam
3449 4804 3838 4881 noimullis'lu-

2246 4905 2368 4945 cum
2395 4887 2547 4957 fecit,
2578 4875 2893 4957 Sigebertus
2925 4882 2980 4938 in
3012 4875 3286 4957 Chronico
3323 4877 3490 4950 aliigit
3531 4893 3686 4957 anno
3712 4875 3834 4957 939,

2246 4977 2310 5015 ac
2350 4973 2417 5014 ex
2467 4945 2748 5026 SigebErto
2792 4953 2883 5008 alii
2934 4945 3740 5026 posteaiilipsumscripsere1
3769 4945 3839 5001 At

2248 5019 2565 5099 Sigebertus
2594 5041 2682 5099 ea,
2713 5019 2952 5099 qno‘ruui
2981 5019 3263 5099 praecisum
3294 5031 3504 5099 tempus
3531 5019 3832 5099 ignorabat,

2246 5089 2455 5172 cii-inin
2483 5089 2756 5172 Chronico
2781 5095 2941 5151 alicui
2955 5089 3108 5172 anno
3129 5089 3453 5172 assignauda
3474 5089 3685 5172 essent,
3713 5089 3834 5144 huic

2246 5169 2333 5248 vel
2355 5169 2428 5224 illi
2452 5184 2594 5248 anno
2613 5166 2781 5248 allixit
2801 5181 2868 5222 ex
2891 5165 3142 5248 arbitrio,
3165 5175 3222 5218 ut
3243 5160 3489 5248 pluribus
3507 5160 3632 5216 aliis
3653 5174 3836 5248 egeni:
