4044 5348
241 281 338 339 693

239 491 355 546 ideo
383 505 605 546 numero
633 493 938 555 institutos.
982 498 1125 567 quod
1167 507 1364 567 praeter
1392 500 1441 555 id
1473 504 1615 571 quod
1654 515 1803 558 cata-

239 581 436 652 clysmo
459 583 786 655 prtellgurati
821 586 1042 653 fuerint,
1075 603 1198 643 cum
1224 589 1476 658 primitus
1507 592 1669 647 etiam
1702 594 1803 664 ipsi

179 672 192 684 '
238 689 266 728 a
291 673 470 746 Hoyse
497 685 551 730 et
581 676 715 742 Elia,
748 679 882 751 legis
912 682 1095 752 utique
1119 691 1171 738 et
1198 685 1491 754 prophetia:
1520 688 1799 754 ministris,

239 768 505 839 ipsiusque
555 772 764 827 Domini
813 777 1198 845 prophetarum
1241 778 1620 849 inspiratoris,
1671 781 1806 854 legis

239 861 522 915 conditoris
547 871 603 918 et
636 865 951 934 impletoris,
983 870 1168 939 gralize
1195 869 1491 941 largitoris,
1525 873 1804 942 Evangelii

238 953 530 1009 fundatoris
553 958 811 1012 continuo
832 960 1173 1030 suntjejunio
1195 963 1492 1033 adimpleti,
1517 967 1807 1036 mysticum

236 1044 354 1114 quid
382 1046 545 1102 etiam
568 1089 582 1114 ,
614 1064 712 1103 nec
740 1051 962 1105 omnino
998 1056 1449 1110 contemnendum
1488 1057 1802 1128 designent;

235 1141 411 1196 mirari
449 1158 556 1196 non
588 1143 882 1202 suﬁicimus
912 1147 1125 1203 illorum
1162 1152 1592 1220 superstitiosam
1622 1153 1808 1208 obser-

235 1235 460 1289 vantiam
488 1275 504 1300 ,
548 1236 638 1304 qui
679 1237 861 1310 (H39)
905 1256 1008 1294 non
1041 1241 1393 1312 quadraginta
1420 1284 1434 1307 ,
1481 1243 1573 1298 sed
1617 1237 1805 1314 viginti

235 1325 412 1379 diebus
460 1325 760 1382 distinctim
810 1329 943 1383 nihil
991 1331 1210 1386 omnino
1254 1341 1568 1401 gustantes,
1619 1333 1809 1403 viginti

232 1431 354 1471 vero
397 1416 624 1488 reliquis
671 1428 796 1474 ante
848 1421 1038 1475 horam
1088 1437 1260 1493 usque
1315 1422 1380 1476 ad
1432 1422 1706 1495 crapulam
1755 1431 1811 1478 et

235 1507 540 1562 ebrietatem
588 1509 828 1578 prandiis
870 1511 1196 1568 solemnibus
1244 1513 1596 1578 incubantes,
1645 1512 1808 1584 582

234 1596 704 1669 Quadragesimam
749 1616 852 1656 non
884 1611 1138 1658 verentur
1181 1603 1551 1674 hujuscemodi
1583 1604 1809 1676 nugaci-

235 1689 350 1743 tatis
374 1691 778 1748 observantiam
812 1695 1055 1750 vocitare
1079 1737 1092 1760 ,
1136 1711 1256 1750 cum
1294 1697 1608 1766 vigesimam
1641 1698 1808 1752 debe-

235 1789 345 1835 rent
373 1797 491 1836 eam
540 1785 720 1853 potius
761 1786 1052 1856 appallam.
1102 1787 1213 1842 Nec
1251 1789 1470 1859 putetis,
1506 1788 1808 1854 audientes,

235 1875 363 1944 quod
385 1873 692 1944 hujusmodi
720 1876 1009 1934 locutionis
1025 1881 1302 1934 exordium
1327 1881 1606 1948 facientes,
1621 1896 1809 1936 eorum

236 1968 621 2035 reprehendere
665 1985 926 2026 conemur
967 1973 1274 2044 religiosam
1317 1973 1676 2038 devotionem,
1717 1975 1810 2045 qui

237 2075 386 2129 super
416 2061 550 2128 hoc,
603 2063 744 2133 quod
793 2065 1044 2120 omnibus
1088 2065 1332 2136 legaliter
1379 2076 1463 2122 est
1506 2068 1808 2124 institutum

235 2148 584 2215 Christicolis,
616 2163 706 2208 aut
736 2155 943 2210 duobus
963 2195 977 2222 ,
1008 2165 1100 2208 aut
1130 2156 1332 2222 tribus,
1362 2165 1457 2211 aut
1484 2172 1591 2210 uno
1619 2157 1811 2212 saltem

236 2241 282 2295 in
319 2241 652 2298 hebdomada
707 2245 792 2298 die
837 2245 939 2300 sibi
989 2244 1182 2301 fortius
1231 2246 1430 2317 aliquid
1467 2247 1811 2303 abstinentia:

235 2330 484 2398 indicunt,
521 2333 930 2388 reminiscentes
978 2335 1187 2390 scilicet
1214 2336 1355 2390 illius
1392 2337 1623 2392 dicentis
1657 2356 1669 2391 :
1706 2338 1810 2404 Qui

237 2423 402 2477 illicita
428 2426 712 2491 commisit,
736 2426 882 2480 debet
909 2443 940 2479 a
969 2427 1126 2481 licitis
1149 2427 1404 2482 abstinere
1434 2428 1686 2501 (Gaza);
1713 2439 1766 2484 et
1791 2448 1806 2484 :

238 2513 353 2569 11αέ
368 2517 593 2586 oportuit
622 2516 875 2586 facere,et
895 2518 987 2572 illa
1016 2537 1118 2573 non
1139 2521 1375 2574 omittere
1398 2518 1615 2593 (Matth.
1646 2537 1808 2588 χχιιι,

233 2607 341 2676 23);
368 2618 456 2663 et:
482 2608 846 2682 Quodcunque
886 2613 1365 2682 supererogaveris,
1407 2630 1498 2682 ego
1537 2629 1654 2666 cum
1692 2614 1811 2666 red-

234 2699 351 2764 iero,
399 2700 618 2754 reddant
671 2702 765 2755 tibi
804 2701 956 2760 (Luc.
1002 2720 1054 2769 x,
1107 2703 1237 2774 55),
1281 2720 1388 2758 non
1436 2702 1588 2758 obliti
1625 2703 1807 2773 prola-

237 2799 337 2844 tum
362 2809 372 2845 :
404 2809 507 2847 non
539 2794 1012 2863 reprehendimus,
1042 2795 1285 2866 inquam,
1319 2795 1413 2851 sed
1441 2794 1724 2850 laudamus
1754 2804 1812 2850 et

236 2889 616 2957 approbamus;
654 2898 859 2943 tantum
892 2890 1164 2956 viderint,
1215 2905 1283 2944 ne
1332 2889 1399 2944 de
1445 2889 1551 2944 illis
1591 2905 1808 2960 quoque

237 2980 479 3036 dicatur:
536 2983 703 3036 Amen
763 2983 878 3038 dico
929 2983 1106 3051 vobis,
1167 2991 1467 3053 receperunt
1521 2983 1810 3038 mercedem

236 3084 369 3122 suam
394 3067 612 3136 (Matth.
640 3086 717 3135 vt,
747 3069 859 3142 42).

294 3159 341 3212 2.
371 3160 590 3216 Illorum
636 3164 815 3232 potius
859 3163 1087 3218 dolenda
1137 3165 1390 3231 vesania,
1427 3143 1520 3235 qui
1566 3145 1673 3218 uno
1721 3163 1809 3218 die

237 3251 354 3305 nihil
386 3261 626 3324 gustant,
662 3253 843 3324 (MtO)
894 3254 1066 3310 altero
1094 3295 1108 3321 ,
1159 3263 1216 3308 ut
1253 3255 1455 3310 vidisse
1496 3269 1595 3310 nos
1639 3252 1808 3308 semel

239 3338 314 3411 [Ῑ.,
337 3358 436 3397 non
459 3342 655 3416 semel]
675 3343 810 3400 adeo
841 3345 1209 3409 meminimus,
1233 3355 1292 3400 ut
1319 3345 1479 3400 etiam
1496 3344 1549 3399 in
1581 3343 1809 3400 sabbato

239 3430 317 3486 illo
357 3435 742 3500 sanctissimo,
777 3451 884 3507 quo
928 3436 1152 3491 missam
1200 3436 1392 3492 saltem
1437 3451 1634 3494 canere
1682 3446 1810 3492 ante

238 3529 583 3600 vespertinam
633 3529 769 3584 nulli
825 3531 1146 3586 nostratium
1205 3528 1523 3586 conceditur
1569 3529 1804 3596 horam,

239 3646 297 3698 ab
321 3645 551 3703 Acherio
573 3648 750 3702 editus
777 3658 861 3703 est
889 3663 954 3703 ex
979 3663 1080 3704 ms.
1112 3645 1489 3712 Laudunensi;
1523 3646 1574 3700 in
1602 3644 1810 3700 Frisiu—

235 3718 373 3784 gensi
404 3730 585 3774 autem
618 3717 741 3774 licet
771 3720 1127 3784 desideretur,
1159 3719 1365 3774 inserta
1397 3727 1579 3772 tamen
1605 3717 1806 3785 legitur

240 3787 342 3854 ejus
369 3789 613 3859 apologia
660 3789 816 3858 paulo
856 3800 976 3859 post
1014 3790 1186 3858 ipsum
1237 3803 1540 3844 sermonem
1585 3787 1806 3859 scripta,

240 3872 345 3926 qua,l
363 3857 901 3930 eidem'suhjicietur;
921 3870 976 3914 et
995 3857 1049 3914 in
1071 3859 1352 3930 praemissa
1373 3858 1646 3930 notatione
1666 3857 1810 3930 idem

240 3943 403 3984 sermo
433 3928 706 3984 indicatur
735 3931 817 3986 his
860 3931 1039 3986 verbis
1071 3928 1085 3983 Ξ
1117 3930 1273 3985 lstud
1307 3929 1358 3984 id
1385 3939 1465 3984 est
1510 3928 1809 3997 apologeti-

242 4014 370 4082 cum,
394 4000 470 4054 illi
519 4011 595 4082 est
631 4002 1015 4082 subjiciendum
1042 4001 1297 4082 slerntoni,
1333 4017 1485 4082 quem
1523 3996 1809 4082 idemi'lia-
1860 4047 1864 4051 .

242 4070 419 4123 therius
447 4068 785 4140 prolixiorem
812 4072 930 4141 fecit
960 4081 1024 4126 de
1049 4068 1487 4141 QuadrageSima.
1523 4069 1620 4124 llic
1648 4068 1812 4140 igitur

241 4155 405 4200 Sermo
429 4134 457 4196 a
491 4142 750 4197 Ralherio
781 4134 1111 4202 lurtlbt‘atus,
1144 4134 1426 4212 postquam
1455 4141 1614 4196 tertio
1641 4134 1808 4195 Vero-
1835 4134 1847 4163 ⁵

243 4213 380 4266 nensi
403 4214 513 4267 sedi
540 4213 821 4268 restitutus
841 4213 960 4268 luit.
980 4213 1149 4268 Porro
1169 4215 1222 4268 in
1245 4212 1578 4279 Frisingensi
1600 4212 1807 4276 codice,

245 4282 322 4336 ubi
367 4284 606 4339 Ratherii
651 4285 905 4354 opuscula
958 4285 1009 4337 in
1054 4284 1488 4354 cl‘ir0t1010gicam
1542 4282 1811 4338 rationem

247 4355 493 4424 descripta
522 4355 794 4419 videntur,
823 4355 910 4410 hic
929 4370 1109 4410 sermo
1135 4356 1404 4409 indicatur
1429 4362 1550 4423 post
1577 4361 1812 4421 quatuor

247 4438 504 4482 sermones
531 4427 596 4481 de
623 4427 1064 4495 Quadragesima,
1100 4427 1164 4480 de
1200 4424 1484 4495 Paschate,
1510 4425 1578 4477 de
1609 4424 1809 4478 Ascen-

247 4495 406 4562 sione,
437 4507 491 4552 et
528 4497 593 4552 de
618 4494 940 4552 Pentecoste
965 4497 1175 4552 habitos
1213 4512 1357 4551 anno
1399 4494 1503 4549 965
1529 4534 1543 4558 ,
1589 4504 1645 4547 et
1688 4501 1811 4562 post

249 4567 543 4638 opusculum
572 4567 650 4621 De
671 4569 880 4638 proprio
910 4566 1058 4638 lapsu
1075 4565 1410 4621 lucubratum
1433 4565 1811 4638 eodemanno,

251 4637 321 4690 vel
344 4637 555 4692 ineunte
581 4635 826 4708 sequenti
846 4680 861 4704 ,
877 4635 1276 4708 ulimonuinms
1301 4646 1411 4690 not.
1438 4635 1598 4708 M29,
1621 4636 1672 4688 in
1689 4650 1808 4689 ser-

251 4722 446 4781 monem
495 4705 907 4781 praecedentem.
941 4705 1230 4781 lgitur‘hic
1256 4722 1434 4781 sermo
1470 4705 1702 4781 habitus
1723 4714 1813 4761 est

253 4777 394 4851 citius
419 4780 468 4833 in
495 4775 924 4851 Quadragesima
955 4775 1080 4834 anni
1113 4778 1235 4851 965i,
1268 4777 1350 4851 vel
1378 4777 1636 4851 seriusin
1666 4775 1812 4851 Qua:

253 4848 539 4919 dragesima
559 4851 685 4907 anni
711 4846 834 4916 965,
860 4862 1148 4918 antequam
1180 4848 1471 4919 Ratberius
1498 4846 1652 4902 initio
1680 4846 1812 4919 anni

253 4916 619 4976 966'scriberet
649 4921 936 4989 Quatitatis
978 4916 1354 4989 conjecturam.
1399 4916 1531 4972 Cum
1567 4932 1696 4971 vero
1723 4917 1814 4970 ille

256 4989 300 5044 iu
321 4992 729 5062 Quadragesitna
759 4994 885 5048 anni
914 4991 1018 5046 965
1050 4991 1259 5060 ntagnis
1285 4989 1550 5059 angustiis
1577 4989 1814 5060 exagita-

257 5069 333 5140 tus
361 5063 460 5118 huc
491 5062 612 5140 illuc
662 5080 779 5119 sese
817 5064 1110 5140 receperit;
1157 5063 1507 5140 hoc_tetnpus
1547 5071 1656 5140 tam
1687 5074 1813 5140 pro-

259 5130 354 5185 lixo
379 5138 626 5196 Sermoni,
665 5151 756 5190 seu
784 5129 964 5204 potius
992 5133 1240 5188 tractatui
1277 5132 1610 5186 lucubrando
1634 5129 1814 5188 minus

1636 295 2025 356 SERMONES.

240 399 552 505 ercolendos
580 415 690 505 prae
723 405 970 505 manibus
1005 405 1069 478 [f.
1097 405 1372 479 omnibus]
1405 416 1668 478 tenemus,
1701 414 1804 469 hoc
1829 417 1881 474 Α
1908 439 2074 505 (cum,

3384 294 3488 350 694

2103 434 2204 490 nisi
2235 434 2497 506 jejunium
2529 450 2699 504 usque
2727 435 2790 489 ad
2821 435 2994 489 sancti
3025 433 3169 487 illius
3198 431 3482 487 sabbatum

1907 529 2285 597 protrahamus
2322 544 2634 598 vesperam,
2685 543 2941 598 peragere
2981 525 3288 580 nullomodo
3324 522 3484 578 Occi-

1906 618 2198 674 dentalium
2249 618 2354 674 ritu
2409 617 2682 672 valeamus
2727 614 3230 686 Quadragesimam)
3285 612 3483 675 tertia,

1905 691 2042 759 proh
2076 689 2255 743 dolor!
2297 691 2428 744 hora
2457 690 2557 743 diei
2591 700 2784 742 nutare
2816 685 3172 741 instabilitate
3203 699 3484 754 gressuum

1908 783 2165 853 quosdam
2194 797 2303 850 pra:
2339 779 2556 849 crapula
2599 788 2652 835 et
2689 779 2948 833 ebrietate
2996 776 3306 830 viderimus.
3346 770 3487 839 Quid

1909 872 1980 926 illi
2014 871 2156 925 aliud
2181 871 2390 926 dicendi
2423 870 2645 934 fecisse,
2682 869 2842 940 583
2872 868 2971 922 nisi
3002 879 3294 937 parasceve
3331 861 3490 932 quasi

1908 965 2139 1019 Domino
2166 962 2465 1034 jejuuasse,
2497 961 2736 1016 Sahhato
2772 959 3267 1029 compensationem
3294 952 3487 1025 jejunii

1911 1073 1941 1111 a
1988 1057 2199 1112 diabolo
2235 1057 2406 1126 ipsam
2460 1056 2644 1125 utique
2692 1054 2965 1124 crapulam
3021 1051 3329 1122 recepisse?
3375 1047 3492 1103 Nisi

1911 1148 2137 1203 forsitan
2178 1147 2250 1201 ita
2289 1147 2411 1216 quis
2441 1146 2688 1216 desipiat,
2733 1157 2790 1198 ut
2822 1153 2972 1215 putet
3011 1140 3493 1212 Quadragesimam

1912 1244 2051 1297 hanc
2090 1241 2354 1296 meruisse
2393 1240 2839 1310 prarrogativam.
2893 1248 2950 1292 ut
2990 1245 3179 1292 contra
3229 1233 3494 1290 constitu-

1913 1333 2112 1386 tionem
2145 1331 2372 1384 aliorum
2399 1339 2699 1398 temporum
2728 1329 2904 1398 aliqua
2937 1328 2988 1381 in
3016 1344 3077 1382 ea
3109 1327 3180 1381 sit
3206 1325 3343 1390 dies,
3371 1335 3494 1394 quas

1912 1441 2017 1479 non
2043 1439 2199 1478 mane
2231 1422 2473 1493 incipiat,
2507 1437 2727 1490 vespera
2756 1421 3097 1475 terminetur.

1919 1581 1940 1598 _
1983 1514 2036 1569 5.
2071 1514 2378 1569 Suhsimilis
2411 1529 2540 1568 vero
2573 1513 2755 1584 (1441)
2792 1513 2919 1582 quia
2957 1519 3010 1566 et
3050 1513 3114 1566 de
3155 1524 3311 1566 cmna
3339 1507 3399 1581 [ι.
3439 1507 3496 1563 in

1913 1606 2093 1680 omna]
2146 1606 2357 1661 Domini
2404 1606 2729 1660 violatorum
2779 1604 3215 1675 Quadragesimze
3253 1601 3498 1674 profecto

1914 1707 1998 1755 est
2024 1698 2366 1768 delinquendi
2398 1698 2647 1763 occasio;
2681 1712 2805 1752 cum
2841 1697 2892 1750 in
2935 1697 3136 1751 sanctis
3163 1695 3371 1767 legatur
3405 1710 3499 1748 ca-

1839 1782 1886 1841 Β
1914 1792 2146 1847 nonibus
2173 1809 2184 1844 :
2229 1790 2285 1846 Si
2307 1792 2422 1860 quis
2449 1792 2500 1844 in
2535 1793 2717 1861 quinta
2745 1791 2878 1859 feria
2907 1789 3125 1858 majoris
3155 1787 3497 1842 hebdomadas

1913 1883 2039 1937 dicit
2071 1881 2372 1938 solvendum
2401 1899 2510 1936 esse
2543 1882 2845 1952 jejunium,
2869 1882 3147 1935 anathema
3174 1882 3239 1933 sit
3265 1897 3283 1935 :
3316 1889 3370 1934 et
3393 1878 3499 1934 rite

1914 1974 2153 2044 ejusdem
2182 1973 2538 2028 solemnitatis
2564 1973 2704 2026 diem
2736 1972 3030 2025 colentium
3056 1971 3350 2024 maximum
3376 1975 3502 2039 post

1914 2063 2105 2118 horam
2138 2063 2241 2117 diei
2274 2079 2469 2117 nonatn
2499 2062 2568 2117 sit
2597 2061 2897 2116 rectissime
2932 2061 3222 2132 gaudium;
3254 2076 3359 2114 non
3392 2058 3500 2114 sol-

1913 2157 2057 2210 visse
2086 2153 2698 2225 delenditurjejunium,
2733 2153 2825 2222 qui
2857 2168 3027 2222 usque
3051 2151 3117 2206 ad
3142 2152 3386 2206 eamdem
3417 2150 3504 2218 je-

1907 2248 2131 2319 juuans,
2163 2248 2352 2304 diebus
2381 2257 2438 2302 ut
2477 2248 2686 2303 caeteris
2711 2287 2726 2313 ,
2767 2247 2959 2302 horam
2985 2286 2999 2312 ,
3041 2245 3188 2300 venit
3230 2244 3295 2299 ad
3327 2241 3502 2300 eccle-

1915 2344 2088 2406 siam,
2117 2351 2297 2396 cmnat
2332 2355 2455 2395 cum
2488 2339 2734 2404 Domino,
2779 2338 2833 2393 id
2875 2346 2982 2403 est,
3014 2336 3261 2406 corporis
3289 2343 3341 2390 et
3375 2349 3502 2388 san-

1915 2433 2094 2504 guinis
2122 2432 2236 2502 ejus
2279 2431 2395 2501 ipso
2431 2429 2514 2484 die
2562 2429 2770 2482 initiata
2821 2426 3064 2498 percepit
3114 2432 3453 2480 sacramenta
3482 2462 3498 2488 ,

1914 2537 2097 2597 postea
2132 2526 2184 2579 in
2217 2540 2408 2595 magna
2454 2523 2639 2577 laetitia
2672 2521 2851 2576 sobrie
2893 2520 3140 2591 prandet,
3181 2517 3344 2588 pedes
3368 2532 3502 2585 pau-

1915 2633 2101 2688 perum
2144 2617 2324 2681 lavat,
2373 2616 2616 2670 residi-ns
2642 2615 2694 2668 in
2725 2614 2817 2668 Dei
2848 2613 3069 2668 nomine
3099 2626 3204 2665 non
3231 2609 3501 2679 superflue

1915 2707 2066 2769 bibit,
2101 2705 2208 2760 Deo
2234 2705 2436 2776 gratias
2463 2704 2594 2775 agit,
2623 2702 2864 2757 cubitum
2891 2700 3218 2755 benedicens
3248 2697 3496 2758 Domino,

1916 2816 2080 2870 seque
2128 2800 2295 2870 ipsius
2346 2797 2722 2853 communiens
2767 2792 3040 2864 signaculo
3067 2831 3082 2858 ,
3122 2789 3317 2862 pergit.
3360 2789 3501 2842 Ante

1915 2909 2045 2948 vero
2074 2909 2271 2948 nonam
2305 2891 2497 2946 horam
2528 2906 2650 2945 cum
2677 2889 2874 2943 nullius
2905 2901 3141 2955 unquam
3169 2884 3344 2955 gentis
3375 2898 3502 2936 con-

1916 2985 2142 3041 suetudo
2198 2983 2558 3037 nominaverit
2626 2979 2839 3050 aliquod
2908 2977 3193 3048 prandium
3245 2988 3497 3039 coanam;

1918 3081 2103 3135 mirari
2149 3095 2252 3132 non
2300 3076 2634 3139 desinimus,
2676 3073 2906 3144 qualiter
2955 3071 3149 3140 aliquis
3202 3077 3326 3123 ante
3355 3084 3506 3120 eam-

1834 3143 1884 3209 C
1919 3172 2039 3226 dem
2073 3170 2255 3238 (1412)
2281 3168 2555 3223 celebrare
2579 3143 2773 3220 audeat
2796 3165 2904 3219 ullo
2929 3163 3088 3217 modo
3122 3161 3362 3223 missam,
3384 3172 3503 3227 quae

1915 3278 2023 3317 non
2053 3261 2195 3315 aliud
2229 3261 2329 3315 nisi
2368 3260 2535 3329 ipsam
2564 3257 2807 3312 continet
2842 3253 3050 3308 Domini
3079 3252 3406 3306 celebratam
3437 3249 3504 3302 ad

1915 3366 2196 3422 vesperam
2226 3363 2460 3411 coenam,
2489 3348 2627 3401 sicut
2658 3356 2712 3400 et
2742 3345 2964 3400 Sabbati
2993 3340 3224 3396 cilicium
3257 3354 3500 3394 resurre-

1913 3445 2151 3501 ctionem
2184 3442 2536 3497 Dominicam.
2571 3439 2700 3505 Qum
2746 3437 2999 3490 nimirum
3037 3433 3220 3503 (1445)
3269 3443 3499 3500 utraque

1914 3538 2062 3594 illam
2111 3537 2325 3591 inanem
2372 3533 2576 3589 faciunt
2623 3530 3003 3594 occasionem,
3063 3542 3224 3596 quam
3284 3525 3506 3594 (pthiam

1913 3649 2152 3705 ebrietati
2183 3657 2303 3702 ante
2331 3649 2515 3700 horam
2547 3645 2754 3699 tertiam
2784 3640 3077 3712 indulgent)
3125 3649 3180 3692 ut
3213 3655 3313 3712 non
3345 3636 3504 3712 semel

1913 3722 2105 3776 uidisse
2142 3719 2494 3783 meminimus,
2535 3717 2666 3770 adeo
2702 3725 2753 3767 ut
2794 3708 3115 3773 viderimus,
3163 3711 3290 3783 proh
3313 3708 3506 3783 dolor!

1913 3791 2168 3862 quosdam
2195 3805 2304 3862 pra:
2334 3779 2550 3862 crapula
2582 3797 2634 3862 et
2661 3786 2911 3862 ebrietate
2944 3792 3131 3862 nnta‘rle
3160 3779 3506 3862 instabilitate

1915 3850 2204 3931 gressuum'
2224 3861 2352 3912 hora
2384 3850 2486 3931 diei
2517 3859 2671 3912 tertia
2703 3857 2858 3931 etiam
2895 3855 2950 3905 in
2980 3850 3210 3931 sabbato
3244 3850 3334 3901 illo
3373 3867 3503 3930 strn-

1914 3921 2145 3986 ctissimo
2164 3970 2178 3994 ,
2204 3945 2304 4000 quo
2336 3929 2470 3982 nulli
2498 3929 2812 3982 nostratium
2825 3923 3142 4000 conceditur
3167 3937 3352 4000 canere
3375 3921 3504 4000 mis-

1913 4019 2029 4056 sam
2061 3989 2246 4055 saltem
2267 4011 2386 4054 ante
2408 4001 2594 4054 horam
2619 3997 2960 4065 vespertinam
2987 4007 3004 4044 :
3036 4009 3153 4065 cum
3179 3990 3322 4065 nullo
3347 3989 3506 4065 modo

1915 4072 2181 4127 valeamus
2227 4087 2473 4141 peragere
2514 4059 2990 4141 Qttadragesimam
3042 4062 3148 4114 ritu
3198 4059 3506 4141 Occidenta-

1915 4143 2069 4207 lium,
2102 4143 2203 4196 nisi
2227 4132 2614 4212 pratia/tamus
2652 4132 2923 4212 jejunium
2951 4149 3114 4212 usque
3146 4132 3507 4212 adiitesperant

1914 4202 2064 4268 illius
2083 4202 2302 4267 Sabbati
2331 4212 2517 4265 sancti.
2545 4202 2856 4264 Cur'autem
2884 4207 3046 4260 ritum
3075 4202 3502 4259 Occidentalium

1917 4293 2204 4347 memoret,
2237 4282 2506 4352 intelliges
2532 4295 2598 4334 ex
2621 4296 2768 4334 num.
2804 4279 2859 4333 5.

1990 4375 2174 4448 (1441)
2205 4374 2494 4448 Construe,
2546 4381 2602 4448 et
2647 4373 2896 4444 explica:
2939 4370 3085 4448 Δ(ὶιιια
3135 4385 3253 4448 vero
3299 4366 3503 4448 occasio

1917 4437 2228 4502 violatorum
2262 4437 2692 4514 Quadrdgesimrc
2718 4437 2797 4498 est
2831 4441 3060 4512 profecto
3095 4437 3383 4514 subsimilis
3412 4437 3504 4489 tle-

1838 4514 1893 4576 D
1921 4517 2191 4589 linquendi
2214 4507 2343 4570 etin
2365 4507 2508 4568 coena
2541 4515 2752 4589 Domini
2782 4507 3003 4589 (eormu
3030 4512 3238 4566 scilicet
3277 4507 3508 4589 violato-

1923 4578 2067 4652 rum,
2092 4589 2208 4659 qui;
2238 4595 2297 4640 ut
2322 4595 2507 4656 postea
2543 4578 2799 4659 explicat,"
2828 4592 2956 4638 ante
2991 4583 3185 4659 horum
3214 4578 3503 4659 prandent,

1921 4676 2022 4716 nec
2049 4647 2365 4728 ext-spectant
2393 4647 2694 4726 vesperam,
2732 4647 2923 4728 inqua
2955 4653 3188 4728 ollicium
3225 4647 3349 4728 ejus
3397 4647 3506 4726 diei

1921 4733 2053 4786 liora
2096 4720 2235 4782 nona
2277 4720 2572 4797 inemptum
2601 4727 2817 4796 desinit)
2838 4720 2960 4778 cum
2989 4724 3044 4776 in
3068 4720 3260 4798 sanctis
3292 4720 3509 4798 cationi:

1923 4802 2016 4855 bus
2056 4800 2299 4870 legatur:
2351 4798 2408 4851 Si
2425 4787 2580 4865 lquis,
2623 4807 2758 4870 etc.,
2795 4787 2840 4850 et
2882 4801 3138 4870 cumpost
3177 4791 3364 4870 horam
3391 4787 3512 4870 ldiei

1923 4858 2127 4926 nonani
2164 4858 2851 4936 rectissime-sit'gaudium
2897 4865 2995 4936 rite
3027 4858 3320 4936 colentium
3369 4858 3510 4911 diem

1923 4943 2209 4996 maximum
2247 4939 2480 5010 ejusdem
2519 4928 2898 5010 soleinnitatis;
2943 4931 3031 4986 ille
3069 4928 3368 5010 defenditur
3408 4941 3515 5010 non

1920 5012 2131 5066 solvisse
2170 4998 2472 5081 jejunium,
2531 5010 2621 5081 qui
2648 4998 3120 5081 jejunansmsq‘ue.
3151 4998 3220 5050 ad
3274 4999 3517 5081 eamdem

1921 5084 2128 5144 horam,
2162 5071 2425 5136 nt'diebus
2453 5071 2672 5142 ctet'eris',
2695 5071 2822 5132 uenit
2851 5074 2920 5127 ad
2943 5071 3230 5133 ecclesiam,
3258 5079 3369 5125 etc.

1996 5184 2008 5208 Ι
2024 5176 2038 5208 Ι
2057 5174 2078 5208 Ι
2093 5172 2178 5208 ιθ)
2209 5171 2345 5208 Vni“

2443 5171 2621 5208 mle
2675 5166 2949 5208 Dlliilllﬂm.
2999 5161 3157 5208 male.
3210 5159 3526 5208 Cnntovms
