4044 5348
502 222 605 277 695

1448 226 1774 284 RATHERII
1812 227 2029 286 EPISC.
2071 227 2324 289 VERON.
2364 231 2515 317 ρΡΡ.
2555 232 2737 290 PARS
2769 232 2854 290 III.

501 338 730 404 desuper
757 310 983 404 adjectis
1008 338 1214 393 duobus
1242 340 1308 393 ad
1336 340 1694 410 quadraginta
1739 344 2081 413 praetendunt
2104 346 2158 405 A
2183 310 2477 415 probamus
2499 350 2642 418 quod
2666 348 3103 422 sapientissimus
3123 349 3201 406 ait
3222 347 3633 422 Hieronymus:
3665 348 3772 405 le-

499 428 707 483 diebus.

571 518 630 573 4.
659 518 922 574 Addimus
950 526 1210 589 prieterea
1234 559 1250 585 ,
1278 520 1404 591 quia
1434 521 1702 576 deetmam
1734 521 1965 585 dierum,
1993 536 2083 577 se-

499 610 731 666 cundum
762 610 903 666 beati
943 610 1251 666 suasionem
1279 611 1525 682 Gregorii
1571 612 1687 683 (lib.
1721 629 1761 680 I,
1792 613 1847 667 in
1877 613 2078 683 Evang.

499 703 640 755 Item.
671 701 756 756 16.
792 718 845 757 η.
878 702 954 771 5),
985 702 1095 759 Deo
1122 718 1227 758 non
1255 718 1543 773 possumus
1571 705 1735 770 dare,
1772 706 1874 760 nisi
1904 720 2080 775 usque

498 791 564 845 ad
595 808 875 863 vesperam
907 792 1131 850 Sabbati
1158 795 1331 850 sancti
1358 794 1835 867 Quadragesimam
1865 797 2083 852 studea-

497 900 618 939 mus
644 886 958 942 extendere.

566 974 731 1047 584
766 975 818 1029 5.
857 974 1144 1032 Sciendum
1178 991 1310 1032 sane
1332 1017 1346 1042 ,
1390 976 1532 1046 quod
1562 991 1686 1032 cum
1712 976 1812 1032 sub
1844 992 1951 1032 una
1978 977 2082 1034 [ide

495 1066 603 1120 sint
632 1067 1050 1122 consuetudines
1078 1067 1445 1122 Ecclesiarum
1473 1067 1699 1122 diversae
1723 1084 1738 1134 ;
1779 1067 2083 1125 Orientales

494 1165 551 1210 et
601 1156 897 1228 longiorem
942 1166 997 1214 et
1043 1158 1437 1225 austeriorem,
1478 1173 1641 1228 quam
1694 1173 1823 1221 nos,
1878 1158 2086 1217 faciunt

498 1247 1019 1317 Quadragesituam:
1062 1262 1117 1305 et
1169 1250 1373 1305 idcirco
1421 1250 1678 1320 paschale
1722 1252 1979 1323 gaudium
2015 1251 2085 1307 ad

501 1337 686 1392 horam
717 1336 964 1409 ISabliati
1011 1340 1183 1396 sancti
1232 1340 1486 1395 inchoant
1514 1382 1528 1406 ,
1554 1350 1613 1395 ut
1642 1341 1841 1397 dicitur
1873 1342 2082 1414 (1444),

502 1427 666 1496 (quod
701 1429 858 1484 nobis
890 1429 1014 1484 licet
1038 1429 1281 1499 minime)
1312 1430 1547 1484 tertiam.
1578 1429 1912 1502 Baptismum
1939 1432 2083 1488 enim

500 1533 558 1577 ιιι
584 1540 703 1590 nos,
736 1540 840 1579 non
888 1541 952 1580 eo
991 1525 1097 1591 die,
1133 1524 1223 1580 sed
1255 1525 1307 1579 in
1346 1525 1644 1596 Epiphania
1685 1535 1742 1581 et
1768 1526 2084 1583 Pentecoste

498 1614 750 1669 dicuntur
771 1614 1123 1677 solummodo,
1154 1623 1340 1671 contra
1365 1617 1607 1672 instituta
1631 1617 1754 1673 licet
1776 1628 2082 1675 nostrorum

500 1721 791 1771 cauoumn,
822 1707 1114 1763 celebrare.

574 1796 626 1851 ti.
668 1797 1050 1866 Vituperamus
1099 1808 1156 1854 et
1202 1799 1416 1856 illorum
1457 1801 1805 1857 ridiculosam
1853 1803 2082 1860 nimium

504 1888 810 1953 stultitiam,
843 1891 932 1959 qui
965 1898 1150 1945 contra
1197 1906 1512 1947 concessam
1545 1908 1687 1947 nona
1720 1894 1854 1948 liora
1886 1893 2084 1964 (1445)

502 1982 605 2035 diei
637 1982 888 2037 omnibus
914 1984 1158 2037 sumendi
1199 1983 1462 2054 quidlibet
1490 1984 1785 2051 licentiam,
1817 2001 1988 2056 usque
2015 1986 2086 2042 ad

499 2084 712 2128 noctem
735 2075 975 2145 quotidie
997 2074 1262 2147 jejunium
1292 2078 1499 2148 eligunt
1525 2078 1820 2147 protelare,
1843 2088 1903 2135 ut
1924 2088 2086 2136 nocte

499 2168 654 2236 quasi
683 2184 806 2222 cmn
831 2169 1047 2223 licentia
1069 2180 1311 2225 ventrem
1336 2171 1550 2225 valeant
1570 2171 1921 2241 ingurgitare.
1948 2171 2084 2228 Cum

498 2260 642 2313 enim
667 2261 732 2315 de
756 2259 983 2314 Domino
1006 2275 1158 2315 sacra
1185 2261 1461 2333 Evangelii
1488 2260 1730 2332 proferat
1752 2262 1935 2330 lectio,
1960 2265 2086 2334 quia

499 2346 631 2404 Cum
662 2351 957 2421 jejunasset
994 2351 1346 2422 quadraginta
1378 2353 1557 2407 diebus
1581 2395 1594 2417 ,
1641 2364 1687 2408 et
1715 2355 2086 2427 "quadraginta

499 2442 735 2496 noctibus
779 2440 995 2513 (Matth.
1043 2459 1119 2507 iv,
1154 2442 1234 2513 2),
1262 2453 1441 2514 postea
1470 2445 1732 2509 esurierit,
1772 2459 1870 2502 nec
1904 2454 2087 2502 tamen

498 2529 830 2584 manducare
851 2531 1095 2586 suadenti
1136 2534 1506 2598 consenserit;
1548 2549 1653 2589 non
1694 2536 1944 2606 eXemplo
1976 2537 2084 2591 Do-

499 2620 629 2675 mini
656 2619 905 2690 jejunare
933 2624 1303 2690 convincitur,
1333 2624 1517 2695 (1446)
1551 2626 1642 2695 qui
1676 2626 2083 2697 postjcjunium

497 2710 764 2774 esuriens,
797 2710 934 2780 gulae
972 2713 1289 2783 appetitum,
1331 2722 1392 2769 ut
1438 2713 1529 2769 ille
1579 2723 1926 2781 tentatorem,
1976 2733 2085 2773 non

499 2817 560 2855 su
570 2810 742 2870 perat,
772 2802 1066 2857 diabolum.

571 2894 623 2947 7.
674 2886 809 2948 Male
851 2895 1103 2967 jejunant
1155 2906 1212 2953 et
1253 2898 1346 2963 illi,
1400 2901 1491 2970 qui
1541 2901 1685 2971 quod
1722 2902 1937 2974 corpori
1986 2918 2084 2959 sua

497 2983 846 3051 subtrahunt,
896 3002 1000 3043 non
1040 2990 1369 3059 pauperibus
1403 2991 1678 3058 tribuunt;
1712 2994 1806 3049 sed
1851 3004 1946 3048 aut
1982 3009 2083 3051 suo

2183 437 2286 491 lius
2315 437 2545 508 quotidie
2571 456 2792 509 parum,
2837 456 2997 511 quam
3024 456 3148 497 raro
3174 457 3377 498 sumere
3410 441 3566 496 satis.
3602 438 3769 508 Vere,

2182 542 2340 593 vere,
2381 536 2439 583 et
2476 528 2711 595 melius,
2762 530 2926 603 585
2968 541 3023 587 et
3067 540 3259 588 contra
3287 532 3506 589 inanem
3540 528 3789 601 gloriam‘

2184 618 2374 674 tutius.
2406 618 2540 686 Quis
2584 620 2729 675 enim
2770 621 2904 676 hora
2949 621 3056 677 diei
3101 621 3248 677 licita
3294 634 3418 676 cum
3469 618 3696 676 caeteris
3724 627 3778 675 te

2182 713 2537 769 considerans
2559 729 2753 785 parum
2782 717 3031 772 edentem
3059 717 3330 772 aestimare
3354 721 3561 786 potest,
3591 720 3776 769 utrum

2184 803 2290 858 hoc
2316 801 2485 859 facias
2512 804 2608 860 Dei
2634 803 2851 872 timore,
2883 822 2975 874 an,
3003 814 3064 862 ut
3090 806 3266 874 multi,
3297 805 3495 863 edendi
3523 804 3777 877 impossi-

2184 891 2430 948 bilitate?
2454 892 2691 948 Biduana
2719 909 2850 951 sane
2872 894 2959 951 vel
2984 895 3235 951 triduana
3272 909 3436 965 saepe,
3469 900 3536 949 ut
3563 893 3643 949 ait
3663 891 3773 961 jam

2185 981 2383 1049 dit-tus,
2411 980 2637 1054 jejunia,
2662 999 2768 1040 non
2792 985 2925 1052 Deo,
2955 986 3051 1042 sed
3074 999 3229 1041 vanae
3251 984 3436 1053 gloria:
3458 994 3677 1042 eertum
3697 991 3778 1039 est

2185 1074 2439 1130 militare.

2254 1168 2309 1224 9.
2344 1168 2415 1223 At
2461 1175 2650 1223 contra
2683 1166 2986 1240 gluttonum
3031 1170 3134 1226 ista
3171 1170 3308 1227 solet
3330 1184 3454 1227 esse
3491 1167 3761 1232 defensio,

2184 1257 2311 1314 licet
2339 1271 2442 1315 non
2481 1274 2580 1328 per
2605 1259 2786 1314 omnia
2824 1259 3001 1316 falsa:
3028 1258 3219 1316 Melius
3252 1270 3356 1327 est,
3403 1260 3582 1322 aiunt,
3612 1257 3779 1313 absti-

2186 1362 2315 1405 nere
2349 1349 2556 1405 aevitiis
2581 1363 2742 1421 quam
2770 1365 2801 1406 a
2848 1350 3006 1407 cibis.
3037 1349 3144 1407 Sed
3168 1351 3440 1423 quomodo
3470 1348 3714 1406 abstinet
3742 1361 3773 1402 a

2185 1440 2356 1505 vitiis,
2402 1455 2610 1510 quaeso,
2653 1441 2748 1511 qui
2793 1440 2932 1511 gula;
2977 1440 3252 1497 deservit?
3294 1439 3488 1495 Nonne
3531 1453 3603 1495 ex
3657 1444 3776 1492 octo

2185 1528 2574 1600 principalibus
2604 1530 2752 1585 vitiis
2776 1546 2943 1586 unum
2978 1530 3240 1587 triformis
3262 1538 3350 1586 est
3386 1529 3532 1601 gula,
3565 1535 3626 1583 et
3653 1541 3773 1582 cum

2186 1621 2566 1678 manducando
2609 1622 2857 1689 vetitum,
2898 1622 3061 1679 homo
3104 1622 3401 1694 perdiderit
3436 1620 3771 1693 paradisum,

2114 1698 2164 1760 Β
2192 1727 2299 1766 ηοη
2354 1711 2644 1782 aliquando
2679 1710 2978 1781 jejunaudo
3003 1753 3018 1779 ,
3084 1728 3406 1783 semperque
3453 1708 3773 1782 peccando.

2187 1800 2420 1871 qualiter
2453 1800 2576 1872 quis
2600 1800 2898 1857 lucrabitur
2926 1801 3159 1858 ctelum?
3184 1801 3355 1877 Quid,_
3372 1800 3553 1866 aiunt,
3597 1808 3773 1866 nocet.

2187 1893 2232 1947 si
2265 1900 2390 1948 ante
2420 1906 2617 1948 nonam
2643 1892 2948 1957 comedam,
2977 1907 3101 1948 cum
3132 1907 3241 1948 non
3272 1891 3375 1948 nisi
3406 1888 3582 1947 semel
3608 1889 3667 1944 in
3693 1888 3777 1944 die

2188 1983 2544 2050 manducans,
2585 1981 2851 2052 jejunium
2897 1982 3132 2039 faciam?
3158 1982 3242 2038 Ad
3290 1981 3434 2052 quod
3474 1978 3773 2051 responde-

2188 2089 2309 2130 mus
2344 2089 2359 2129 :
2391 2073 2529 2144 Quid
2576 2072 2781 2145 profuit
2815 2073 2948 2130 Adze
2992 2073 3137 2144 quod
3184 2088 3292 2130 non
3337 2071 3440 2127 uisi
3491 2068 3669 2126 semel
3711 2068 3775 2124 de

2187 2164 2367 2220 fructu
2417 2164 2549 2236 ligni
2594 2164 2749 2220 vetiti
2793 2163 3177 2232 manducavit,
3229 2171 3418 2235 postea
3461 2161 3536 2217 ab
3588 2160 3777 2215 eodem

2189 2255 2490 2311 abstinuit?
2529 2253 2719 2312 Nonne
2748 2256 2864 2327 ipsa
2904 2254 3268 2312 inobedientia
3306 2253 3476 2310 divini
3521 2250 3779 2324 praecepti

2166 2334 2340 2401 'reum
2372 2345 2521 2401 illum
2549 2347 2602 2402 in
2640 2355 2957 2418 perpetuum
2989 2345 3155 2402 fecit?
3188 2344 3292 2413 Qui
3317 2354 3501 2401 autem
3535 2344 3692 2399 illum
3716 2342 3779 2398 de

2188 2438 2335 2510 ligno
2375 2439 2568 2495 eodem
2614 2442 2901 2496 comedere
2929 2438 3231 2511 prohibuit,
3260 2438 3504 2511 ipse'tibi
3535 2435 3777 2507 jejunio-

2190 2548 2311 2588 rum
2343 2532 2534 2590 diebus
2561 2547 2734 2604 usque
2770 2533 2839 2588 ad
2876 2534 3068 2589 horam
3098 2547 3300 2588 nonam
3338 2529 3623 2587 abstinere
3645 2543 3781 2599 pra-

2188 2622 2353 2692 cepit.
2403 2622 2556 2690 Quod
2605 2623 2650 2678 si
2695 2623 3012 2679 inobediens
3047 2637 3212 2677 ausus
3258 2619 3425 2676 fueris
3453 2616 3775 2687 praterire,

2188 2713 2332 2784 quod
2353 2712 2619 2782 jejunium
2651 2722 2703 2769 te
2728 2721 2886 2784 putas
2915 2711 3150 2769 fecisse?

2260 2804 2348 2860 10.
2386 2804 2567 2872 Quare
2601 2812 2782 2860 autem
2810 2802 3073 2860 triformis
3106 2801 3308 2859 dicitur
3333 2801 3480 2874 gula,
3504 2800 3613 2857 nisi
3645 2814 3771 2872 quia

2186 2897 2424 2968 primum
2471 2897 2590 2967 ejus
2616 2896 2808 2952 vitium
2857 2904 2943 2953 est
2988 2902 3116 2951 ante
3154 2895 3345 2950 horam
3399 2892 3774 2957 manducare;

2194 2987 2489 3044 secundum
2514 2986 2568 3041 in
2595 2986 2729 3041 liora
2778 2985 3070 3057 plurimum
3129 2982 3497 3039 manducare?
3534 2979 3764 3053 Sperni-

500 3077 703 3141 ventri,
736 3086 829 3132 aut
854 3119 868 3143 ,
897 3078 1041 3148 quod
1070 3088 1155 3135 est
1186 3081 1415 3150 nequius
1441 3121 1456 3144 ,
1490 3096 1846 3148 mammona),
1873 3083 1927 3138 id
1961 3091 2044 3139 est
2066 3123 2083 3151 ,

2196 3087 2286 3133 tur
2313 3075 2497 3147 (1449)
2522 3074 2669 3131 enim
2697 3090 2847 3141 vero,
2890 3082 2951 3130 ut
2981 3073 3061 3129 ait
3104 3072 3347 3145 quidam,
3399 3087 3431 3127 a
3461 3072 3577 3129 Deo
3616 3071 3781 3127 totius

500 3168 776 3239 cupiditia:
798 3169 1048 3237 daemonii,
1083 3172 1404 3228 abstinendo
1435 3183 1735 3228 reservant.

565 3258 619 3315 8.
648 3259 869 3316 Illorum
905 3277 1122 3332 quoque
1168 3262 1313 3318 Deus
1354 3277 1460 3318 non
1501 3264 1767 3333 approbat
1790 3261 2084 3335 jejunium,

2190 3165 2296 3221 diei
2321 3163 2447 3238 jure
2466 3161 2756 3234 jejunium,
2784 3162 2931 3235 quod
2961 3162 3016 3219 in
3047 3175 3356 3233 vesperam,
3398 3169 3495 3216 aut
3526 3169 3681 3217 certe
3724 3159 3780 3215 in

2189 3255 2489 3312 crastinum
2526 3254 2734 3311 ventris
2783 3252 3039 3325 ingluvie,
3070 3251 3158 3309 vel
3192 3253 3582 3324 pretiosiorem
3624 3265 3778 3308 eom-

495 3350 591 3419 qui
638 3349 980 3408 abstinentia:
1021 3352 1233 3418 diebus,
1274 3352 1732 3423 detractionibus,
1771 3354 1988 3420 litibus,
2032 3366 2089 3412 et
2185 3356 2453 3417 pensatur
2497 3344 2920 3417 multiplicitate.
2963 3344 3050 3400 vel
3091 3342 3284 3401 saltem
3319 3344 3594 3400 suavitate
3631 3344 3781 3401 cibo-

500 3439 814 3498 criminosis
835 3440 1144 3499 inserviunt
1164 3443 1398 3500 actibus.
1421 3443 1712 3500 Abstinent
1733 3444 1859 3500 vino
1877 3444 2084 3517 (1447),

497 3528 682 3586 livoris
710 3531 845 3587 ebrii
885 3548 1100 3604 semper
1131 3549 1368 3600 veneno;
1412 3550 1519 3602 non
1549 3535 1841 3591 comedunt
1867 3550 2084 3603 carnes,

499 3632 556 3679 et
602 3625 842 3681 rodendo
888 3625 1117 3681 aliorum
1176 3627 1514 3683 incessanter
1570 3626 1814 3682 lacerant
1861 3641 2083 3694 mores;

501 3713 654 3770 deest
685 3715 764 3769 eis
793 3717 1072 3785 potionum
1103 3716 1350 3783 dulcedo,
1374 3725 1429 3772 et
1454 3715 1844 3788 cogitationum
1870 3731 1965 3772 eos
1992 3732 2088 3773 ne-

2183 3454 2331 3495 rum.
2378 3438 2510 3504 Fac,
2558 3439 2832 3509 inquiunt,
2874 3439 3294 3511 elemosynam,
3342 3447 3399 3493 et
3443 3436 3592 3508 quod
3638 3436 3785 3493 Deus

2187 3531 2441 3588 concedit
2467 3530 2757 3589 manduca.

2259 3624 2347 3679 11.
2384 3622 2573 3680 Melius
2595 3622 2841 3680 dicerent
2863 3641 2877 3677 :
2901 3623 3011 3680 Fac
3045 3622 3471 3695 eleemosynam,
3494 3620 3686 3694 jejuna
3725 3628 3784 3679 et

2184 3730 2303 3773 ora.
2334 3714 2433 3772 His
2456 3715 2604 3771 enim
2629 3714 2733 3771 nisi
2762 3715 2972 3771 duabus
3002 3713 3102 3771 alis
3123 3713 3332 3786 jejunia
3361 3722 3549 3769 nostra
3572 3714 3785 3769 vehan-

394 4614 403 4621 ι
495 4593 645 4663 plus,
670 4593 886 4665 errandi
914 4594 1255 4665 occasionem
1292 4595 1541 4665 sumpsit.
1581 4593 1884 4665 Orientales
1914 4594 2078 4665 nimi-

502 3819 665 3873 quam
706 3813 867 3861 vexat
912 3807 1205 3877 pernoxior
1254 3807 1578 3862 amaritudo.
1627 3806 1830 3862 Contra
1868 3806 2084 3865 illorum
2188 3817 2296 3874 tur,
2328 3808 2528 3866 catlum
2572 3823 2680 3865 non
2706 3807 2887 3864 valent
2911 3808 3279 3865 conscendere
3309 3825 3323 3862 :
3353 3806 3667 3863 orationum
3694 3805 3781 3860 vi-

500 3895 666 3965 igitur
692 3904 750 3950 et
775 3895 1003 3952 istorum
1049 3895 1230 3967 (1448)
1259 3896 1580 3952 dementiam
1600 3938 1615 3963 ,
1650 3897 1756 3953 hoc
1782 3898 1961 3968 potius
1988 3914 2086 3969 ap-
2186 3900 2383 3958 delicet
2418 3912 2473 3957 et
2503 3898 2968 3971 eleemosynarum
2996 3898 3294 3970 juvamine.
3335 3896 3464 3952 Haec
3492 3896 3642 3952 enim
3673 3894 3780 3950 tria

499 4028 710 4108 duobus
753 4029 942 4085 diebus
979 4044 1166 4108 coenae
1191 4029 1405 4085 Domini
1448 4026 1771 4108 et_‘Sabbati
1811 4030 1985 4108 sancti
2016 4045 2084 4108 eo
2184 4052 2357 4108 usque
2384 4035 2451 4091 ad
2475 4051 2750 4108 vesperae,
2778 4049 2885 4108 non
2920 4033 3480 4108 idcirco_vituperant,
3508 4030 3656 4108 quod
3685 4044 3777 4108 se-

498 4100 719 4156 nomine
745 4117 1007 4180 excusare
1041 4101 1349 4180 nitebantur
1373 4099 1563 4180 ,"quia
1599 4099 2003 4180 praetendebant
2029 4101 2084 4158 id
2185 4099 2419 4180 eundum
2463 4099 2702 4180 veterem
2739 4099 3086 4178 disciplinam
3128 4099 3458 4180 jejmiareut,
3494 4099 3601 4180 sed
3643 4102 3775 4180 quia

500 4172 844 4260 compensari
871 4171 1076 4254 duobus
1102 4171 1222 4225 aliis
1241 4169 1433 4260 jejuuii
1450 4166 1901 4260 ‘dieb‘usfadjectis
1934 4169 2080 4254 Qua-

2187 4179 2296 4260 hoc,
2312 4175 2577 4260 jejunium
2607 4166 2901 4260 eligebant;
2937 4185 2995 4232 ut
3037 4166 3366 4244 nocte'quasi
3407 4187 3530 4226 cum
3560 4166 3779 4224 licentia

500 4239 838 4324 drag’esj‘utm,
865 4243 1116 4324 nimirum
1147 4239 1339 4324 quarta
1364 4249 1419 4293 et
1441 4240 1630 4320 quinta
1649 4239 1793 4322 feria
1822 4251 1949 4295 ante
1973 4241 2085 4324 pri-
2185 4239 2647 4324 υεηῄςῇιυιίιεαηι
2675 4239 3015 4324 ingurgitare.

501 4307 654 4389 main
686 4311 1039 4389 Dominicam,
1071 4307 1193 4367 cum
1234 4310 1362 4366 olim
1398 4307 1561 4389 caput
1589 4307 1779 4389 jejunii
1827 4326 1857 4365 a
1905 4307 2083 4389 prima
2255 4315 2444 4389 (1446)
2475 4307 2753 4389 Construe
2772 4336 2784 4369 :
2825 4307 2913 4389 qui
2935 4319 3196 4389 essuriem
3232 4324 3347 4388 post
3362 4312 3636 4389 jejunium
3669 4327 3775 4389 non

499 4380 778 4438 Dominica
807 4383 1087 4452 inciperet,
1118 4397 1223 4459 non
1247 4390 1429 4459 autem
1465 4380 1496 4436 a
1532 4380 1668 4437 feria
1706 4380 2081 4450 quarta'cine.
2102 4435 2156 4459 ﬁ
2183 4380 2395 4459 superat
2430 4380 2716 4458 appetitum
2756 4380 2926 4458 gulae,
2970 4396 3029 4442 ut
3058 4387 3149 4443 ille
3189 4380 3453 4451 superavit
3500 4383 3778 4438 diabolum

498 4435 1367 4524 n.*n,j.*.’tfpa.e;iti‘isu'attinuit;
1470 4435 1494 4436 ίί
1565 4435 1574 4437 ἡ
1778 4521 1787 4524 Α
1894 4435 1899 4436 ⁷
2100 4435 2159 4500 1)
2183 4435 2514 4517 ῖῖιῖιῖιῖνᾶἦῖ

568 4521 1201 4606 (MMlRatheriusboc
1229 4522 1348 4579 loco
1375 4522 1622 4606 aliorunr
1636 4521 1896 4606 relatione
1921 4524 2078 4606 dece-
2223 4528 2443 4606 _(1447)
2470 4527 2671 4606 Notata
2702 4527 2865 4606 digna
2898 4534 2987 4606 est
3010 4527 3115 4606 hoc
3143 4525 3342 4606 sarculo
3378 4524 3714 4606 abstinentia
3738 4537 3777 4606 Ξ

2184 4594 2388 4656 vinoiu
2414 4594 2867 4670 quatlragesimali
2890 4594 3117 4666 jejunio.
3149 4594 3777 4670 Simili_argumetttat_tdi

498 4660 652 4729 tum.
702 4680 796 4721 seu
826 4663 999 4720 (ἔνθεοί
1039 4660 1555 4734 in’Quadraseéima
1603 4678 1710 4719 ηοῐι
1755 4660 2080 4734 ieiunabant
2186 4685 2385 4734 genere
2431 4660 2564 4724 usus
2610 4660 2695 4724 é'st
2727 4660 2916 4722 auctor
2944 4660 3217 4723 sermonis
3254 4667 3364 4722 445
3392 4660 3449 4722 in
3473 4665 3775 4734 appendiee

499 4734 690 4811 diebus
738 4735 960 4811 Sabbati
1009 4733 1502 4811 excepto_Sabbato
1547 4742 1737 4811 sa_uct_o
1764 4733 1923 4811 aquo
1960 4733 2077 4811 solo
2183 4733 2471 4811 Augustini
2508 4754 2656 4811 num.
2698 4739 2753 4804 ὅ,
2785 4737 2875 4811 ubi
2921 4737 2993 4811 _de
3033 4736 3456 4811 Quadragesima
3499 4733 3772 4811 loquens:

492 4802 759 4885 jejunium
788 4805 1096 4885 servabant.
1126 4801 1334 4885 Quibus
1371 4813 1549 4885 autem
1579 4801 1845 4885 sabbatis
1851 4819 1963 4885 non
1992 4801 2079 4873 je-
2188 4801 2344 4885 Quid
2358 4811 2499 4866 enim
2524 4801 2982 4885 prathsl,‘illQIljl.,
3012 4801 3191 4885 tlinum
3227 4801 3333 4885 nbit
3362 4801 3639 4885 biberet—et
3667 4806 3774 4857 ira-

491 4872 791 4947 innabant,
822 4875 1040 4947 missam
1074 4873 1417 4947 celebrabant
1441 4875 1591 4947 _bora
1640 4875 1819 4947 tertia.
1850 4872 1922 4947 lis
1944 4888 2080 4947 vero
2182 4872 2394 4937 fundite
2441 4872 2633 4935 veneno
2676 4872 2975 4932 inebriari?
3010 4878 3149 4944 Quid
3198 4878 3409 4947 prodest
3446 4875 3709 4947 abstinere
3741 4888 3775 4926 α

497 4941 686 5002 diebus
707 4944 1166 5016 Quadragesimm,
1191 4944 1384 5014 quibus
1406 4944 1769 4999 observabant
1788 4941 2078 5066 jeg'unium,

500 5031 714 5066 sacrum
746 5032 848 5066 non
877 5015 1253 5066 conﬁciebant.
1303 5015 1433 5066 Οιιω
1461 5023 1640 5066 autem
1676 5014 1798 5066 aliis
1866 5013 2080 5066 abbatis

2187 4951 2432 5006 carnibus
2458 4951 2526 5005 ad
2552 4949 2811 5003 edendum
2848 4941 3059 5013 creatis,
3087 4957 3134 5002 et
3162 4941 3409 5017 ntaliguis
3434 4943 3771 4999 obtrectatio-

2187 5021 2337 5066 nilnu
2366 5022 2587 5066 fratrum
2615 5018 2841 5066 membra
2867 5017 3100 5066 lacerare
3116 5019 3142 5066 ?

500 5031 714 5070 sacrum
746 5032 848 5070 non
877 5013 1253 5071 conﬁciebant.
1303 5015 1433 5080 Qua:
1461 5023 1640 5068 autem
1676 5014 1798 5068 aliis
1824 5013 2080 5070 Sabbatis
2184 5021 2337 5076 nibus

498 5084 937 5155 Quadragesima:
991 5092 1354 5153 competunt,
1416 5083 2078 5155 Ratheriusmcommunia

499 5151 995 5223 c'redidit‘Sabbato
1020 5151 1228 5215 sancto.
1258 5170 1364 5223 quo
1384 5164 1599 5209 servato
1626 5152 1695 5207 ab
1714 5152 1820 5223 illis
1851 5151 2078 5223 solemni

493 5222 704 5294 jejunio
732 5239 829 5279 nce
855 5240 1070 5279 sacrum
1101 5222 1512 5289 conﬁciebatur,
1540 5239 1639 5279 nec
1669 5222 1922 5294 paschale
1947 5237 2082 5294 gau-

499 5294 647 5348 dium
670 5294 797 5348 ltora
830 5295 987 5348 tertia
1010 5306 1224 5348 uoterat
1249 5295 1511 5348 inchoari.

2415 5030 2587 5074 atrum
2615 5018 2841 5073 membra
2867 5017 3100 5074 lacerare
3116 5019 3142 5072 ?

2257 5083 2441 5161 (1448)
2476 5089 2741 5165 Aclterius
2767 5097 2815 5142 et
2850 5083 3775 5165 justorum_clementiamnlieeepi.

2185 5154 2307 5215 mus
2331 5154 2760 5216 emendationem
2778 5198 2793 5224 ,
2823 5154 2987 5228 quam
3010 5158 3339 5216 novissimus
3365 5154 3644 5227 Spicilegii
3664 5154 3774 5209 edi-

2184 5232 2728 5348 ίἫῗῗςῗΫῗωεω
2778 5299 2969 5348 ultimm
3025 5284 3124 5348 per
3168 5296 3364 5348 saltum
3423 5295 3770 5348 librariorum
