  <div class='ocr_page' id='page_1' title='image "/cluster/home/n/w/nwhite01/storage/ocr_20150623/136/hvd.32044015471766/352.png"; bbox 0 0 4044 5348; ppageno 0'>
   <div class='ocr_carea' id='block_1_1' title="bbox 260 340 364 398">
    <p class='ocr_par' dir='ltr' id='par_1_1' title="bbox 260 340 364 398">
     <span class='ocr_line' id='line_1_1' title="bbox 260 340 364 398; baseline -0.01 0"><span class='ocrx_word' id='word_1_1' title='bbox 260 340 364 398; x_wconf 70' lang='lat' dir='ltr'><strong>O97</strong></span> 
     </span>
    </p>
   </div>
   <div class='ocr_carea' id='block_1_2' title="bbox 1680 348 2067 408">
    <p class='ocr_par' dir='ltr' id='par_1_2' title="bbox 1680 348 2067 408">
     <span class='ocr_line' id='line_1_2' title="bbox 1680 348 2067 408; baseline -0.003 -1"><span class='ocrx_word' id='word_1_2' title='bbox 1680 348 2067 408; x_wconf 77' lang='lat' dir='ltr'><strong>SERMONES.</strong></span> 
     </span>
    </p>
   </div>
   <div class='ocr_carea' id='block_1_3' title="bbox 3418 344 3521 402">
    <p class='ocr_par' dir='ltr' id='par_1_3' title="bbox 3418 344 3521 402">
     <span class='ocr_line' id='line_1_3' title="bbox 3418 344 3521 402; baseline 0.029 -3"><span class='ocrx_word' id='word_1_3' title='bbox 3418 344 3521 402; x_wconf 84' lang='lat'><strong>698</strong></span> 
     </span>
    </p>
   </div>
   <div class='ocr_carea' id='block_1_4' title="bbox 265 452 3525 535">
    <p class='ocr_par' dir='ltr' id='par_1_4' title="bbox 265 452 3525 535">
     <span class='ocr_line' id='line_1_4' title="bbox 265 452 3525 535; baseline 0.002 -27"><span class='ocrx_word' id='word_1_4' title='bbox 265 461 457 508; x_wconf 87' lang='lat' dir='ltr'><strong>mutuo</strong></span> <span class='ocrx_word' id='word_1_5' title='bbox 508 452 610 509; x_wconf 86' lang='lat' dir='ltr'><strong>sibi</strong></span> <span class='ocrx_word' id='word_1_6' title='bbox 640 452 1006 526; x_wconf 70' lang='lat' dir='ltr'><strong>suffragantur</strong></span> <span class='ocrx_word' id='word_1_7' title='bbox 1044 456 1120 511; x_wconf 87' lang='lat' dir='ltr'><strong>ita</strong></span> <span class='ocrx_word' id='word_1_8' title='bbox 1166 457 1451 525; x_wconf 85' lang='lat' dir='ltr'><strong>solamine,</strong></span> <span class='ocrx_word' id='word_1_9' title='bbox 1493 468 1552 515; x_wconf 93' lang='lat' dir='ltr'><strong>ut</strong></span> <span class='ocrx_word' id='word_1_10' title='bbox 1586 460 1849 532; x_wconf 70' lang='lat' dir='ltr'><strong>Jejunium</strong></span> <span class='ocrx_word' id='word_1_11' title='bbox 1877 467 1928 527; x_wconf 72' lang='grc' dir='ltr'>Α</span> <span class='ocrx_word' id='word_1_12' title='bbox 1955 464 2272 519; x_wconf 88' lang='lat' dir='ltr'><strong>nmltimoda</strong></span> <span class='ocrx_word' id='word_1_13' title='bbox 2310 478 2526 535; x_wconf 85' lang='lat' dir='ltr'><strong>genera,</strong></span> <span class='ocrx_word' id='word_1_14' title='bbox 2569 470 2624 518; x_wconf 89' lang='lat' dir='ltr'><strong>et</strong></span> <span class='ocrx_word' id='word_1_15' title='bbox 2651 462 2736 519; x_wconf 87' lang='lat' dir='ltr'><strong>his</strong></span> <span class='ocrx_word' id='word_1_16' title='bbox 2765 460 2959 517; x_wconf 85' lang='lat' dir='ltr'><strong>similia</strong></span> <span class='ocrx_word' id='word_1_17' title='bbox 2989 460 3310 516; x_wconf 78' lang='lat' dir='ltr'><strong>meditantes</strong></span> <span class='ocrx_word' id='word_1_18' title='bbox 3335 474 3525 530; x_wconf 86' lang='lat' dir='ltr'><strong>quam-</strong></span> 
     </span>
    </p>
   </div>
   <div class='ocr_carea' id='block_1_5' title="bbox 265 544 1847 622">
    <p class='ocr_par' dir='ltr' id='par_1_5' title="bbox 265 544 1847 622">
     <span class='ocr_line' id='line_1_5' title="bbox 265 544 1847 622; baseline 0.004 -23"><span class='ocrx_word' id='word_1_19' title='bbox 265 544 623 615; x_wconf 72' lang='lat' dir='ltr'><strong>eleemosynrc</strong></span> <span class='ocrx_word' id='word_1_20' title='bbox 664 553 721 600; x_wconf 91' lang='lat' dir='ltr'><strong>et</strong></span> <span class='ocrx_word' id='word_1_21' title='bbox 761 548 974 613; x_wconf 89' lang='lat' dir='ltr'><strong>oratio;</strong></span> <span class='ocrx_word' id='word_1_22' title='bbox 1007 547 1379 621; x_wconf 87' lang='lat' dir='ltr'><strong>eleemosynas</strong></span> <span class='ocrx_word' id='word_1_23' title='bbox 1421 551 1596 608; x_wconf 83' lang='lat' dir='ltr'><strong>oratio</strong></span> <span class='ocrx_word' id='word_1_24' title='bbox 1625 560 1681 608; x_wconf 90' lang='lat' dir='ltr'><strong>et</strong></span> <span class='ocrx_word' id='word_1_25' title='bbox 1709 551 1847 622; x_wconf 84' lang='lat' dir='ltr'><strong>jeju-</strong></span> 
     </span>
    </p>
   </div>
   <div class='ocr_carea' id='block_1_6' title="bbox 265 635 1847 714">
    <p class='ocr_par' dir='ltr' id='par_1_6' title="bbox 265 635 1847 714">
     <span class='ocr_line' id='line_1_6' title="bbox 265 635 1847 714; baseline 0.006 -25"><span class='ocrx_word' id='word_1_26' title='bbox 265 635 450 702; x_wconf 89' lang='lat' dir='ltr'><strong>nium;</strong></span> <span class='ocrx_word' id='word_1_27' title='bbox 484 639 786 694; x_wconf 86' lang='lat' dir='ltr'><strong>orationem</strong></span> <span class='ocrx_word' id='word_1_28' title='bbox 815 638 1171 713; x_wconf 64' lang='lat' dir='ltr'><strong>eleemosynm</strong></span> <span class='ocrx_word' id='word_1_29' title='bbox 1207 651 1264 696; x_wconf 89' lang='lat' dir='ltr'><strong>et</strong></span> <span class='ocrx_word' id='word_1_30' title='bbox 1282 641 1543 713; x_wconf 84' lang='lat' dir='ltr'><strong>jejunium</strong></span> <span class='ocrx_word' id='word_1_31' title='bbox 1571 644 1847 714; x_wconf 84' lang='lat' dir='ltr'><strong>perferant</strong></span> 
     </span>
    </p>
   </div>
   <div class='ocr_carea' id='block_1_7' title="bbox 265 728 1848 800">
    <p class='ocr_par' dir='ltr' id='par_1_7' title="bbox 265 728 1848 800">
     <span class='ocr_line' id='line_1_7' title="bbox 265 728 1848 800; baseline 0.006 -18"><span class='ocrx_word' id='word_1_32' title='bbox 265 728 333 783; x_wconf 90' lang='lat' dir='ltr'><strong>ad</strong></span> <span class='ocrx_word' id='word_1_33' title='bbox 377 741 839 787; x_wconf 88' lang='lat' dir='ltr'><strong>remuneratorem</strong></span> <span class='ocrx_word' id='word_1_34' title='bbox 877 732 1212 800; x_wconf 88' lang='lat' dir='ltr'><strong>facientium,</strong></span> <span class='ocrx_word' id='word_1_35' title='bbox 1249 735 1296 789; x_wconf 88' lang='lat' dir='ltr'><strong>si</strong></span> <span class='ocrx_word' id='word_1_36' title='bbox 1342 742 1522 791; x_wconf 89' lang='lat' dir='ltr'><strong>tamen</strong></span> <span class='ocrx_word' id='word_1_37' title='bbox 1564 735 1848 792; x_wconf 82' lang='lat' dir='ltr'><strong>sinceriter</strong></span> 
     </span>
    </p>
   </div>
   <div class='ocr_carea' id='block_1_8' title="bbox 262 823 1847 894">
    <p class='ocr_par' dir='ltr' id='par_1_8' title="bbox 262 823 1847 894">
     <span class='ocr_line' id='line_1_8' title="bbox 262 823 1847 894; baseline 0.006 -20"><span class='ocrx_word' id='word_1_38' title='bbox 262 830 615 891; x_wconf 88' lang='lat' dir='ltr'><strong>peragantur,</strong></span> <span class='ocrx_word' id='word_1_39' title='bbox 642 823 845 894; x_wconf 87' lang='lat' dir='ltr'><strong>absque</strong></span> <span class='ocrx_word' id='word_1_40' title='bbox 887 825 1052 880; x_wconf 89' lang='lat' dir='ltr'><strong>dubio</strong></span> <span class='ocrx_word' id='word_1_41' title='bbox 1095 825 1304 888; x_wconf 84' lang='lat' dir='ltr'><strong>Deum;</strong></span> <span class='ocrx_word' id='word_1_42' title='bbox 1347 827 1449 883; x_wconf 84' lang='lat' dir='ltr'><strong>lIoc</strong></span> <span class='ocrx_word' id='word_1_43' title='bbox 1484 842 1614 883; x_wconf 87' lang='lat' dir='ltr'><strong>vero</strong></span> <span class='ocrx_word' id='word_1_44' title='bbox 1642 828 1745 883; x_wconf 91' lang='lat' dir='ltr'><strong>nisi</strong></span> <span class='ocrx_word' id='word_1_45' title='bbox 1786 841 1847 884; x_wconf 88' lang='lat' dir='ltr'><strong>se</strong></span> 
     </span>
    </p>
   </div>
   <div class='ocr_carea' id='block_1_9' title="bbox 261 910 1845 991">
    <p class='ocr_par' dir='ltr' id='par_1_9' title="bbox 261 910 1845 991">
     <span class='ocr_line' id='line_1_9' title="bbox 261 910 1845 991; baseline 0.008 -26"><span class='ocrx_word' id='word_1_46' title='bbox 261 910 499 967; x_wconf 83' lang='lat' dir='ltr'><strong>invicem</strong></span> <span class='ocrx_word' id='word_1_47' title='bbox 526 912 783 983; x_wconf 88' lang='lat' dir='ltr'><strong>adjuvent</strong></span> <span class='ocrx_word' id='word_1_48' title='bbox 813 916 1146 972; x_wconf 84' lang='lat' dir='ltr'><strong>incessanter</strong></span> <span class='ocrx_word' id='word_1_49' title='bbox 1171 915 1450 990; x_wconf 73' lang='lat' dir='ltr'><strong>suffragio,</strong></span> <span class='ocrx_word' id='word_1_50' title='bbox 1478 936 1645 976; x_wconf 92' lang='lat' dir='ltr'><strong>unum</strong></span> <span class='ocrx_word' id='word_1_51' title='bbox 1671 922 1845 991; x_wconf 87' lang='lat' dir='ltr'><strong>quod-</strong></span> 
     </span>
    </p>
   </div>
   <div class='ocr_carea' id='block_1_10' title="bbox 261 1000 1847 1079">
    <p class='ocr_par' dir='ltr' id='par_1_10' title="bbox 261 1000 1847 1079">
     <span class='ocr_line' id='line_1_10' title="bbox 261 1000 1847 1079; baseline 0.008 -24"><span class='ocrx_word' id='word_1_52' title='bbox 261 1000 395 1056; x_wconf 85' lang='lat' dir='ltr'><strong>libet</strong></span> <span class='ocrx_word' id='word_1_53' title='bbox 433 1018 621 1059; x_wconf 91' lang='lat' dir='ltr'><strong>eorum</strong></span> <span class='ocrx_word' id='word_1_54' title='bbox 646 1006 855 1061; x_wconf 90' lang='lat' dir='ltr'><strong>duobus</strong></span> <span class='ocrx_word' id='word_1_55' title='bbox 884 1006 1005 1062; x_wconf 90' lang='lat' dir='ltr'><strong>aliis</strong></span> <span class='ocrx_word' id='word_1_56' title='bbox 1048 1007 1385 1074; x_wconf 86' lang='lat' dir='ltr'><strong>destitutum,</strong></span> <span class='ocrx_word' id='word_1_57' title='bbox 1416 1008 1652 1079; x_wconf 92' lang='lat' dir='ltr'><strong>placare,</strong></span> <span class='ocrx_word' id='word_1_58' title='bbox 1681 1019 1741 1066; x_wconf 94' lang='lat' dir='ltr'><strong>ut</strong></span> <span class='ocrx_word' id='word_1_59' title='bbox 1760 1026 1847 1067; x_wconf 54' lang='lat' dir='ltr'><strong>ve.</strong></span> 
     </span>
    </p>
   </div>
   <div class='ocr_carea' id='block_1_11' title="bbox 262 1097 1846 1168">
    <p class='ocr_par' dir='ltr' id='par_1_11' title="bbox 262 1097 1846 1168">
     <span class='ocr_line' id='line_1_11' title="bbox 262 1097 1846 1168; baseline 0.005 -19"><span class='ocrx_word' id='word_1_60' title='bbox 262 1109 471 1164; x_wconf 89' lang='lat' dir='ltr'><strong>remur,</strong></span> <span class='ocrx_word' id='word_1_61' title='bbox 503 1097 607 1151; x_wconf 83' lang='lat' dir='ltr'><strong>tria</strong></span> <span class='ocrx_word' id='word_1_62' title='bbox 641 1097 823 1152; x_wconf 87' lang='lat' dir='ltr'><strong>omnia</strong></span> <span class='ocrx_word' id='word_1_63' title='bbox 854 1098 1217 1167; x_wconf 87' lang='lat' dir='ltr'><strong>requirentem</strong></span> <span class='ocrx_word' id='word_1_64' title='bbox 1237 1097 1443 1168; x_wconf 87' lang='lat' dir='ltr'><strong>justum</strong></span> <span class='ocrx_word' id='word_1_65' title='bbox 1481 1101 1703 1157; x_wconf 88' lang='lat' dir='ltr'><strong>omnino</strong></span> <span class='ocrx_word' id='word_1_66' title='bbox 1736 1116 1846 1157; x_wconf 92' lang='lat' dir='ltr'><strong>non</strong></span> 
     </span>
    </p>
   </div>
   <div class='ocr_carea' id='block_1_12' title="bbox 258 1185 1845 1260">
    <p class='ocr_par' dir='ltr' id='par_1_12' title="bbox 258 1185 1845 1260">
     <span class='ocr_line' id='line_1_12' title="bbox 258 1185 1845 1260; baseline 0.006 -22"><span class='ocrx_word' id='word_1_67' title='bbox 258 1185 445 1243; x_wconf 83' lang='lat' dir='ltr'><strong>valent</strong></span> <span class='ocrx_word' id='word_1_68' title='bbox 463 1188 721 1260; x_wconf 90' lang='lat' dir='ltr'><strong>judicem.</strong></span> <span class='ocrx_word' id='word_1_69' title='bbox 759 1204 822 1245; x_wconf 89' lang='lat' dir='ltr'><strong>ac</strong></span> <span class='ocrx_word' id='word_1_70' title='bbox 848 1188 1100 1259; x_wconf 74' lang='lat' dir='ltr'><strong>perfecta:</strong></span> <span class='ocrx_word' id='word_1_71' title='bbox 1126 1190 1383 1247; x_wconf 89' lang='lat' dir='ltr'><strong>bonitatis</strong></span> <span class='ocrx_word' id='word_1_72' title='bbox 1414 1193 1845 1249; x_wconf 89' lang='lat' dir='ltr'><strong>amantissimum</strong></span> 
     </span>
    </p>
   </div>
   <div class='ocr_carea' id='block_1_13' title="bbox 258 1278 457 1336">
    <p class='ocr_par' dir='ltr' id='par_1_13' title="bbox 258 1278 457 1336">
     <span class='ocr_line' id='line_1_13' title="bbox 258 1278 457 1336; baseline 0 0"><span class='ocrx_word' id='word_1_73' title='bbox 258 1278 457 1336; x_wconf 86' lang='lat' dir='ltr'><strong>Deum.</strong></span> 
     </span>
    </p>
   </div>
   <div class='ocr_carea' id='block_1_14' title="bbox 330 1370 1845 1446">
    <p class='ocr_par' dir='ltr' id='par_1_14' title="bbox 330 1370 1845 1446">
     <span class='ocr_line' id='line_1_14' title="bbox 330 1370 1845 1446; baseline 0.004 -21"><span class='ocrx_word' id='word_1_74' title='bbox 330 1371 421 1425; x_wconf 76' lang='grc'><strong>12.</strong></span> <span class='ocrx_word' id='word_1_75' title='bbox 462 1370 599 1428; x_wconf 90' lang='lat' dir='ltr'><strong>Cum</strong></span> <span class='ocrx_word' id='word_1_76' title='bbox 626 1388 756 1429; x_wconf 91' lang='lat' dir='ltr'><strong>vero</strong></span> <span class='ocrx_word' id='word_1_77' title='bbox 805 1373 881 1428; x_wconf 88' lang='lat' dir='ltr'><strong>ita</strong></span> <span class='ocrx_word' id='word_1_78' title='bbox 918 1375 1009 1441; x_wconf 88' lang='lat' dir='ltr'><strong>sit,</strong></span> <span class='ocrx_word' id='word_1_79' title='bbox 1043 1384 1103 1430; x_wconf 94' lang='lat' dir='ltr'><strong>ut</strong></span> <span class='ocrx_word' id='word_1_80' title='bbox 1132 1383 1187 1431; x_wconf 90' lang='lat' dir='ltr'><strong>et</strong></span> <span class='ocrx_word' id='word_1_81' title='bbox 1233 1376 1298 1430; x_wconf 89' lang='lat' dir='ltr'><strong>de</strong></span> <span class='ocrx_word' id='word_1_82' title='bbox 1342 1377 1845 1446; x_wconf 78' lang='lat' dir='ltr'><strong>orationibus.qu:e</strong></span> 
     </span>
    </p>
   </div>
   <div class='ocr_carea' id='block_1_15' title="bbox 254 1464 1839 1534">
    <p class='ocr_par' dir='ltr' id='par_1_15' title="bbox 254 1464 1839 1534">
     <span class='ocr_line' id='line_1_15' title="bbox 254 1464 1839 1534; baseline 0.005 -19"><span class='ocrx_word' id='word_1_83' title='bbox 254 1468 506 1517; x_wconf 84' lang='lat' dir='ltr'><strong>nostrum</strong></span> <span class='ocrx_word' id='word_1_84' title='bbox 534 1472 751 1519; x_wconf 88' lang='lat' dir='ltr'><strong>movent</strong></span> <span class='ocrx_word' id='word_1_85' title='bbox 779 1464 1039 1532; x_wconf 87' lang='lat' dir='ltr'><strong>animum,</strong></span> <span class='ocrx_word' id='word_1_86' title='bbox 1076 1467 1300 1523; x_wconf 91' lang='lat' dir='ltr'><strong>minime</strong></span> <span class='ocrx_word' id='word_1_87' title='bbox 1320 1468 1604 1534; x_wconf 86' lang='lat' dir='ltr'><strong>sileamus;</strong></span> <span class='ocrx_word' id='word_1_88' title='bbox 1656 1470 1839 1523; x_wconf 84' lang='lat' dir='ltr'><strong>nobis-</strong></span> 
     </span>
    </p>
   </div>
   <div class='ocr_carea' id='block_1_16' title="bbox 254 1555 1840 1629">
    <p class='ocr_par' dir='ltr' id='par_1_16' title="bbox 254 1555 1840 1629">
     <span class='ocr_line' id='line_1_16' title="bbox 254 1555 1840 1629; baseline 0.005 -22"><span class='ocrx_word' id='word_1_89' title='bbox 254 1567 382 1607; x_wconf 89' lang='lat' dir='ltr'><strong>cum</strong></span> <span class='ocrx_word' id='word_1_90' title='bbox 433 1555 835 1624; x_wconf 83' lang='lat' dir='ltr'><strong>reprehendere</strong></span> <span class='ocrx_word' id='word_1_91' title='bbox 879 1572 985 1611; x_wconf 93' lang='lat' dir='ltr'><strong>non</strong></span> <span class='ocrx_word' id='word_1_92' title='bbox 1040 1572 1316 1614; x_wconf 88' lang='lat' dir='ltr'><strong>cessamus</strong></span> <span class='ocrx_word' id='word_1_93' title='bbox 1356 1561 1562 1629; x_wconf 88' lang='lat' dir='ltr'><strong>pariter</strong></span> <span class='ocrx_word' id='word_1_94' title='bbox 1598 1560 1840 1623; x_wconf 89' lang='lat' dir='ltr'><strong>eosdem.</strong></span> 
     </span>
    </p>
   </div>
   <div class='ocr_carea' id='block_1_17' title="bbox 256 1649 1841 1724">
    <p class='ocr_par' dir='ltr' id='par_1_17' title="bbox 256 1649 1841 1724">
     <span class='ocr_line' id='line_1_17' title="bbox 256 1649 1841 1724; baseline 0.003 -21"><span class='ocrx_word' id='word_1_95' title='bbox 256 1650 458 1719; x_wconf 87' lang='lat' dir='ltr'><strong>quibus</strong></span> <span class='ocrx_word' id='word_1_96' title='bbox 482 1649 717 1707; x_wconf 84' lang='lat' dir='ltr'><strong>Jacobus</strong></span> <span class='ocrx_word' id='word_1_97' title='bbox 742 1652 817 1707; x_wconf 86' lang='lat' dir='ltr'><strong>ait</strong></span> <span class='ocrx_word' id='word_1_98' title='bbox 848 1652 1121 1723; x_wconf 86' lang='lat' dir='ltr'><strong>apostolus</strong></span> <span class='ocrx_word' id='word_1_99' title='bbox 1153 1672 1165 1708; x_wconf 92' lang='lat'><strong>:</strong></span> <span class='ocrx_word' id='word_1_100' title='bbox 1198 1652 1415 1719; x_wconf 88' lang='lat' dir='ltr'><strong>Petitis,</strong></span> <span class='ocrx_word' id='word_1_101' title='bbox 1447 1665 1493 1708; x_wconf 87' lang='lat' dir='ltr'><strong>et</strong></span> <span class='ocrx_word' id='word_1_102' title='bbox 1522 1671 1626 1709; x_wconf 86' lang='lat' dir='ltr'><strong>non</strong></span> <span class='ocrx_word' id='word_1_103' title='bbox 1650 1655 1841 1724; x_wconf 76' lang='lat' dir='ltr'><strong>accipi-</strong></span> 
     </span>
    </p>
   </div>
   <div class='ocr_carea' id='block_1_18' title="bbox 254 1741 1841 1816">
    <p class='ocr_par' dir='ltr' id='par_1_18' title="bbox 254 1741 1841 1816">
     <span class='ocr_line' id='line_1_18' title="bbox 254 1741 1841 1816; baseline 0.003 -21"><span class='ocrx_word' id='word_1_104' title='bbox 254 1742 346 1804; x_wconf 86' lang='lat' dir='ltr'><strong>tis,</strong></span> <span class='ocrx_word' id='word_1_105' title='bbox 384 1757 447 1795; x_wconf 90' lang='lat' dir='ltr'><strong>eo</strong></span> <span class='ocrx_word' id='word_1_106' title='bbox 469 1742 609 1812; x_wconf 86' lang='lat' dir='ltr'><strong>quod</strong></span> <span class='ocrx_word' id='word_1_107' title='bbox 650 1741 787 1797; x_wconf 88' lang='lat' dir='ltr'><strong>male</strong></span> <span class='ocrx_word' id='word_1_108' title='bbox 811 1744 999 1812; x_wconf 88' lang='lat' dir='ltr'><strong>petatis</strong></span> <span class='ocrx_word' id='word_1_109' title='bbox 1030 1743 1169 1813; x_wconf 86' lang='lat' dir='ltr'><strong>(Jac.</strong></span> <span class='ocrx_word' id='word_1_110' title='bbox 1211 1759 1285 1812; x_wconf 92' lang='lat' dir='ltr'><strong>Iv,</strong></span> <span class='ocrx_word' id='word_1_111' title='bbox 1314 1744 1391 1814; x_wconf 72' lang='grc' dir='ltr'><strong>ὅ).</strong></span> <span class='ocrx_word' id='word_1_112' title='bbox 1424 1744 1561 1807; x_wconf 81' lang='lat' dir='ltr'><strong>Male</strong></span> <span class='ocrx_word' id='word_1_113' title='bbox 1605 1759 1841 1816; x_wconf 86' lang='lat' dir='ltr'><strong>namque</strong></span> 
     </span>
    </p>
   </div>
   <div class='ocr_carea' id='block_1_19' title="bbox 1947 552 3525 627">
    <p class='ocr_par' dir='ltr' id='par_1_19' title="bbox 1947 552 3525 627">
     <span class='ocr_line' id='line_1_19' title="bbox 1947 552 3525 627; baseline -0.001 -18"><span class='ocrx_word' id='word_1_114' title='bbox 1947 556 2197 627; x_wconf 89' lang='lat' dir='ltr'><strong>plurima,</strong></span> <span class='ocrx_word' id='word_1_115' title='bbox 2230 573 2403 627; x_wconf 87' lang='lat' dir='ltr'><strong>neque</strong></span> <span class='ocrx_word' id='word_1_116' title='bbox 2454 557 2569 622; x_wconf 90' lang='lat' dir='ltr'><strong>Dei,</strong></span> <span class='ocrx_word' id='word_1_117' title='bbox 2605 572 2764 625; x_wconf 91' lang='lat' dir='ltr'><strong>quem</strong></span> <span class='ocrx_word' id='word_1_118' title='bbox 2812 568 3004 625; x_wconf 87' lang='lat' dir='ltr'><strong>rogare</strong></span> <span class='ocrx_word' id='word_1_119' title='bbox 3050 552 3319 617; x_wconf 89' lang='lat' dir='ltr'><strong>videntur,</strong></span> <span class='ocrx_word' id='word_1_120' title='bbox 3351 565 3525 620; x_wconf 84' lang='lat' dir='ltr'><strong>neque</strong></span> 
     </span>
    </p>
   </div>
   <div class='ocr_carea' id='block_1_20' title="bbox 1946 642 3520 719">
    <p class='ocr_par' dir='ltr' id='par_1_20' title="bbox 1946 642 3520 719">
     <span class='ocr_line' id='line_1_20' title="bbox 1946 642 3520 719; baseline -0.003 -18"><span class='ocrx_word' id='word_1_121' title='bbox 1946 647 2093 703; x_wconf 88' lang='lat' dir='ltr'><strong>illius</strong></span> <span class='ocrx_word' id='word_1_122' title='bbox 2126 649 2231 711; x_wconf 90' lang='lat' dir='ltr'><strong>rei,</strong></span> <span class='ocrx_word' id='word_1_123' title='bbox 2259 663 2357 718; x_wconf 92' lang='lat' dir='ltr'><strong>pro</strong></span> <span class='ocrx_word' id='word_1_124' title='bbox 2383 663 2489 719; x_wconf 88' lang='lat' dir='ltr'><strong>qua</strong></span> <span class='ocrx_word' id='word_1_125' title='bbox 2534 658 2746 718; x_wconf 88' lang='lat' dir='ltr'><strong>rogant,</strong></span> <span class='ocrx_word' id='word_1_126' title='bbox 2780 646 2891 701; x_wconf 93' lang='lat' dir='ltr'><strong>ullo</strong></span> <span class='ocrx_word' id='word_1_127' title='bbox 2919 644 3079 701; x_wconf 90' lang='lat' dir='ltr'><strong>modo</strong></span> <span class='ocrx_word' id='word_1_128' title='bbox 3124 642 3520 698; x_wconf 88' lang='lat' dir='ltr'><strong>recordantur:</strong></span> 
     </span>
    </p>
   </div>
   <div class='ocr_carea' id='block_1_21' title="bbox 1946 735 3524 809">
    <p class='ocr_par' dir='ltr' id='par_1_21' title="bbox 1946 735 3524 809">
     <span class='ocr_line' id='line_1_21' title="bbox 1946 735 3524 809; baseline -0.002 -18"><span class='ocrx_word' id='word_1_129' title='bbox 1946 737 2099 807; x_wconf 90' lang='lat' dir='ltr'><strong>quid,</strong></span> <span class='ocrx_word' id='word_1_130' title='bbox 2154 753 2358 809; x_wconf 67' lang='lat' dir='ltr'><strong>quaeso,</strong></span> <span class='ocrx_word' id='word_1_131' title='bbox 2412 739 2638 809; x_wconf 87' lang='lat' dir='ltr'><strong>rogant?</strong></span> <span class='ocrx_word' id='word_1_132' title='bbox 2679 752 2839 808; x_wconf 88' lang='lat' dir='ltr'><strong>quem</strong></span> <span class='ocrx_word' id='word_1_133' title='bbox 2880 735 3106 808; x_wconf 87' lang='lat' dir='ltr'><strong>rogant?</strong></span> <span class='ocrx_word' id='word_1_134' title='bbox 3146 750 3242 804; x_wconf 90' lang='lat' dir='ltr'><strong>pro</strong></span> <span class='ocrx_word' id='word_1_135' title='bbox 3294 749 3401 804; x_wconf 91' lang='lat' dir='ltr'><strong>quo</strong></span> <span class='ocrx_word' id='word_1_136' title='bbox 3436 748 3524 789; x_wconf 87' lang='lat' dir='ltr'><strong>ro-</strong></span> 
     </span>
    </p>
   </div>
   <div class='ocr_carea' id='block_1_22' title="bbox 1946 830 2111 900">
    <p class='ocr_par' dir='ltr' id='par_1_22' title="bbox 1946 830 2111 900">
     <span class='ocr_line' id='line_1_22' title="bbox 1946 830 2111 900; baseline 0.006 -19"><span class='ocrx_word' id='word_1_137' title='bbox 1946 830 2111 900; x_wconf 88' lang='lat' dir='ltr'><strong>gant?</strong></span> 
     </span>
    </p>
   </div>
   <div class='ocr_carea' id='block_1_23' title="bbox 2018 918 3521 993">
    <p class='ocr_par' dir='ltr' id='par_1_23' title="bbox 2018 918 3521 993">
     <span class='ocr_line' id='line_1_23' title="bbox 2018 918 3521 993; baseline -0.001 -18"><span class='ocrx_word' id='word_1_138' title='bbox 2018 923 2104 976; x_wconf 79' lang='lat' dir='ltr'><strong>M.</strong></span> <span class='ocrx_word' id='word_1_139' title='bbox 2146 919 2345 977; x_wconf 84' lang='lat' dir='ltr'><strong>Verum</strong></span> <span class='ocrx_word' id='word_1_140' title='bbox 2390 924 2515 993; x_wconf 88' lang='lat' dir='ltr'><strong>quia</strong></span> <span class='ocrx_word' id='word_1_141' title='bbox 2564 923 2867 977; x_wconf 65' lang='lat' dir='ltr'><strong>daemonum</strong></span> <span class='ocrx_word' id='word_1_142' title='bbox 2912 920 3016 976; x_wconf 87' lang='lat' dir='ltr'><strong>hoc</strong></span> <span class='ocrx_word' id='word_1_143' title='bbox 3066 919 3245 991; x_wconf 88' lang='lat' dir='ltr'><strong>agitur</strong></span> <span class='ocrx_word' id='word_1_144' title='bbox 3289 918 3521 986; x_wconf 88' lang='lat' dir='ltr'><strong>insidiis,</strong></span> 
     </span>
    </p>
   </div>
   <div class='ocr_carea' id='block_1_24' title="bbox 1946 1011 3519 1083">
    <p class='ocr_par' dir='ltr' id='par_1_24' title="bbox 1946 1011 3519 1083">
     <span class='ocr_line' id='line_1_24' title="bbox 1946 1011 3519 1083; baseline 0 -17"><span class='ocrx_word' id='word_1_145' title='bbox 1946 1011 2296 1068; x_wconf 89' lang='lat' dir='ltr'><strong>invidentium</strong></span> <span class='ocrx_word' id='word_1_146' title='bbox 2323 1014 2508 1083; x_wconf 91' lang='lat' dir='ltr'><strong>utique</strong></span> <span class='ocrx_word' id='word_1_147' title='bbox 2534 1012 2797 1083; x_wconf 89' lang='lat' dir='ltr'><strong>profectui</strong></span> <span class='ocrx_word' id='word_1_148' title='bbox 2820 1012 3105 1075; x_wconf 90' lang='lat' dir='ltr'><strong>orationis,</strong></span> <span class='ocrx_word' id='word_1_149' title='bbox 3138 1026 3261 1066; x_wconf 89' lang='lat' dir='ltr'><strong>cum</strong></span> <span class='ocrx_word' id='word_1_150' title='bbox 3293 1020 3349 1066; x_wconf 90' lang='lat' dir='ltr'><strong>et</strong></span> <span class='ocrx_word' id='word_1_151' title='bbox 3372 1025 3519 1066; x_wconf 74' lang='lat' dir='ltr'><strong>curae</strong></span> 
     </span>
    </p>
   </div>
   <div class='ocr_carea' id='block_1_25' title="bbox 1945 1100 3523 1173">
    <p class='ocr_par' dir='ltr' id='par_1_25' title="bbox 1945 1100 3523 1173">
     <span class='ocr_line' id='line_1_25' title="bbox 1945 1100 3523 1173; baseline -0.003 -15"><span class='ocrx_word' id='word_1_152' title='bbox 1945 1103 2249 1167; x_wconf 62' lang='lat' dir='ltr'><strong>saeculares,</strong></span> <span class='ocrx_word' id='word_1_153' title='bbox 2276 1112 2331 1157; x_wconf 90' lang='lat' dir='ltr'><strong>et</strong></span> <span class='ocrx_word' id='word_1_154' title='bbox 2355 1120 2475 1173; x_wconf 64' lang='lat' dir='ltr'><strong>qua:</strong></span> <span class='ocrx_word' id='word_1_155' title='bbox 2514 1104 2708 1173; x_wconf 61' lang='lat' dir='ltr'><strong>saepius</strong></span> <span class='ocrx_word' id='word_1_156' title='bbox 2746 1103 3011 1166; x_wconf 82' lang='lat' dir='ltr'><strong>videmus,</strong></span> <span class='ocrx_word' id='word_1_157' title='bbox 3039 1100 3335 1171; x_wconf 82' lang='lat' dir='ltr'><strong>loquimur,</strong></span> <span class='ocrx_word' id='word_1_158' title='bbox 3363 1100 3523 1154; x_wconf 85' lang='lat' dir='ltr'><strong>audi-</strong></span> 
     </span>
    </p>
   </div>
   <div class='ocr_carea' id='block_1_26' title="bbox 1945 1191 3524 1263">
    <p class='ocr_par' dir='ltr' id='par_1_26' title="bbox 1945 1191 3524 1263">
     <span class='ocr_line' id='line_1_26' title="bbox 1945 1191 3524 1263; baseline -0.004 -14"><span class='ocrx_word' id='word_1_159' title='bbox 1945 1209 2087 1259; x_wconf 90' lang='lat' dir='ltr'><strong>mus,</strong></span> <span class='ocrx_word' id='word_1_160' title='bbox 2120 1194 2186 1248; x_wconf 89' lang='lat' dir='ltr'><strong>ad</strong></span> <span class='ocrx_word' id='word_1_161' title='bbox 2215 1194 2318 1248; x_wconf 87' lang='lat' dir='ltr'><strong>hoc</strong></span> <span class='ocrx_word' id='word_1_162' title='bbox 2358 1193 2582 1248; x_wconf 91' lang='lat' dir='ltr'><strong>nimium</strong></span> <span class='ocrx_word' id='word_1_163' title='bbox 2627 1192 2921 1263; x_wconf 85' lang='lat' dir='ltr'><strong>impediant</strong></span> <span class='ocrx_word' id='word_1_164' title='bbox 2961 1191 3295 1257; x_wconf 85' lang='lat' dir='ltr'><strong>faciendum;</strong></span> <span class='ocrx_word' id='word_1_165' title='bbox 3326 1198 3524 1260; x_wconf 53' lang='lat' dir='ltr'><strong>praeter</strong></span> 
     </span>
    </p>
   </div>
   <div class='ocr_carea' id='block_1_27' title="bbox 1944 1280 3522 1357">
    <p class='ocr_par' dir='ltr' id='par_1_27' title="bbox 1944 1280 3522 1357">
     <span class='ocr_line' id='line_1_27' title="bbox 1944 1280 3522 1357; baseline -0.003 -17"><span class='ocrx_word' id='word_1_166' title='bbox 1944 1286 2047 1341; x_wconf 90' lang='lat' dir='ltr'><strong>alia</strong></span> <span class='ocrx_word' id='word_1_167' title='bbox 2082 1285 2264 1357; x_wconf 73' lang='grc'><strong>(1450)</strong></span> <span class='ocrx_word' id='word_1_168' title='bbox 2292 1284 2617 1354; x_wconf 90' lang='lat' dir='ltr'><strong>(faciendum</strong></span> <span class='ocrx_word' id='word_1_169' title='bbox 2642 1285 2748 1355; x_wconf 90' lang='lat' dir='ltr'><strong>est)</strong></span> <span class='ocrx_word' id='word_1_170' title='bbox 2787 1283 2941 1339; x_wconf 90' lang='lat' dir='ltr'><strong>nobis</strong></span> <span class='ocrx_word' id='word_1_171' title='bbox 2966 1283 3109 1353; x_wconf 79' lang='lat' dir='ltr'><strong>quod</strong></span> <span class='ocrx_word' id='word_1_172' title='bbox 3151 1297 3329 1338; x_wconf 71' lang='lat' dir='ltr'><strong>caecus</strong></span> <span class='ocrx_word' id='word_1_173' title='bbox 3352 1280 3441 1335; x_wconf 89' lang='lat' dir='ltr'><strong>ille</strong></span> <span class='ocrx_word' id='word_1_174' title='bbox 3466 1282 3522 1336; x_wconf 91' lang='lat' dir='ltr'><strong>in</strong></span> 
     </span>
    </p>
   </div>
   <div class='ocr_carea' id='block_1_28' title="bbox 1944 1373 3524 1447">
    <p class='ocr_par' dir='ltr' id='par_1_28' title="bbox 1944 1373 3524 1447">
     <span class='ocr_line' id='line_1_28' title="bbox 1944 1373 3524 1447; baseline -0.003 -16"><span class='ocrx_word' id='word_1_175' title='bbox 1944 1376 2237 1447; x_wconf 81' lang='lat' dir='ltr'><strong>Evangelia</strong></span> <span class='ocrx_word' id='word_1_176' title='bbox 2280 1375 2476 1445; x_wconf 78' lang='lat' dir='ltr'><strong>legitur</strong></span> <span class='ocrx_word' id='word_1_177' title='bbox 2515 1373 2744 1429; x_wconf 80' lang='lat' dir='ltr'><strong>fecisse:</strong></span> <span class='ocrx_word' id='word_1_178' title='bbox 2778 1390 2937 1443; x_wconf 85' lang='lat' dir='ltr'><strong>quem</strong></span> <span class='ocrx_word' id='word_1_179' title='bbox 2967 1388 3089 1428; x_wconf 90' lang='lat' dir='ltr'><strong>cum</strong></span> <span class='ocrx_word' id='word_1_180' title='bbox 3128 1380 3524 1442; x_wconf 71' lang='lat' dir='ltr'><strong>prtetereunteu</strong></span> 
     </span>
    </p>
   </div>
   <div class='ocr_carea' id='block_1_29' title="bbox 1944 1460 3523 1540">
    <p class='ocr_par' dir='ltr' id='par_1_29' title="bbox 1944 1460 3523 1540">
     <span class='ocr_line' id='line_1_29' title="bbox 1944 1460 3523 1540; baseline -0.005 -15"><span class='ocrx_word' id='word_1_181' title='bbox 1944 1470 2286 1540; x_wconf 90' lang='lat' dir='ltr'><strong>increparent</strong></span> <span class='ocrx_word' id='word_1_182' title='bbox 2318 1478 2378 1523; x_wconf 92' lang='lat' dir='ltr'><strong>ut</strong></span> <span class='ocrx_word' id='word_1_183' title='bbox 2422 1475 2649 1531; x_wconf 89' lang='lat' dir='ltr'><strong>taceret,</strong></span> <span class='ocrx_word' id='word_1_184' title='bbox 2690 1465 2856 1519; x_wconf 89' lang='lat' dir='ltr'><strong>multo</strong></span> <span class='ocrx_word' id='word_1_185' title='bbox 2882 1465 3048 1535; x_wconf 86' lang='lat' dir='ltr'><strong>magis</strong></span> <span class='ocrx_word' id='word_1_186' title='bbox 3075 1463 3333 1519; x_wconf 87' lang='lat' dir='ltr'><strong>clamabat</strong></span> <span class='ocrx_word' id='word_1_187' title='bbox 3364 1476 3383 1515; x_wconf 89' lang='lat'><strong>:</strong></span> <span class='ocrx_word' id='word_1_188' title='bbox 3411 1460 3523 1517; x_wconf 84' lang='lat' dir='ltr'><strong>Fili</strong></span> 
     </span>
    </p>
   </div>
   <div class='ocr_carea' id='block_1_30' title="bbox 1941 1556 3521 1630">
    <p class='ocr_par' dir='ltr' id='par_1_30' title="bbox 1941 1556 3521 1630">
     <span class='ocr_line' id='line_1_30' title="bbox 1941 1556 3521 1630; baseline -0.004 -13"><span class='ocrx_word' id='word_1_189' title='bbox 1941 1563 2062 1628; x_wconf 86' lang='lat' dir='ltr'><strong>Dei,</strong></span> <span class='ocrx_word' id='word_1_190' title='bbox 2107 1564 2351 1617; x_wconf 78' lang='lat' dir='ltr'><strong>miserere</strong></span> <span class='ocrx_word' id='word_1_191' title='bbox 2398 1561 2499 1615; x_wconf 87' lang='lat' dir='ltr'><strong>mei</strong></span> <span class='ocrx_word' id='word_1_192' title='bbox 2525 1558 2720 1630; x_wconf 81' lang='lat' dir='ltr'><strong>(Marc.</strong></span> <span class='ocrx_word' id='word_1_193' title='bbox 2760 1574 2817 1623; x_wconf 74' lang='grc' dir='ltr'>ι,</span> <span class='ocrx_word' id='word_1_194' title='bbox 2846 1557 2961 1628; x_wconf 74' lang='grc'><strong>48).</strong></span> <span class='ocrx_word' id='word_1_195' title='bbox 2989 1556 3061 1613; x_wconf 87' lang='lat' dir='ltr'><strong>Os</strong></span> <span class='ocrx_word' id='word_1_196' title='bbox 3105 1571 3235 1613; x_wconf 89' lang='lat' dir='ltr'><strong>sane</strong></span> <span class='ocrx_word' id='word_1_197' title='bbox 3272 1566 3521 1612; x_wconf 91' lang='lat' dir='ltr'><strong>nostrum</strong></span> 
     </span>
    </p>
   </div>
   <div class='ocr_carea' id='block_1_31' title="bbox 1941 1647 3525 1726">
    <p class='ocr_par' dir='ltr' id='par_1_31' title="bbox 1941 1647 3525 1726">
     <span class='ocr_line' id='line_1_31' title="bbox 1941 1647 3525 1726; baseline -0.004 -17"><span class='ocrx_word' id='word_1_198' title='bbox 1941 1652 2248 1726; x_wconf 87' lang='lat' dir='ltr'><strong>(verissime</strong></span> <span class='ocrx_word' id='word_1_199' title='bbox 2268 1650 2601 1707; x_wconf 88' lang='lat' dir='ltr'><strong>veracissimi</strong></span> <span class='ocrx_word' id='word_1_200' title='bbox 2625 1650 2678 1703; x_wconf 92' lang='lat' dir='ltr'><strong>in</strong></span> <span class='ocrx_word' id='word_1_201' title='bbox 2703 1650 2805 1704; x_wconf 88' lang='lat' dir='ltr'><strong>hoc</strong></span> <span class='ocrx_word' id='word_1_202' title='bbox 2829 1656 3047 1704; x_wconf 88' lang='lat' dir='ltr'><strong>utamur</strong></span> <span class='ocrx_word' id='word_1_203' title='bbox 3069 1647 3339 1718; x_wconf 75' lang='lat' dir='ltr'><strong>sermonm)</strong></span> <span class='ocrx_word' id='word_1_204' title='bbox 3374 1655 3525 1704; x_wconf 89' lang='lat' dir='ltr'><strong>tanto</strong></span> 
     </span>
    </p>
   </div>
   <div class='ocr_carea' id='block_1_32' title="bbox 1938 1742 3526 1814">
    <p class='ocr_par' dir='ltr' id='par_1_32' title="bbox 1938 1742 3526 1814">
     <span class='ocr_line' id='line_1_32' title="bbox 1938 1742 3526 1814; baseline -0.004 -12"><span class='ocrx_word' id='word_1_205' title='bbox 1938 1747 2119 1802; x_wconf 90' lang='lat' dir='ltr'><strong>minus</strong></span> <span class='ocrx_word' id='word_1_206' title='bbox 2146 1747 2437 1801; x_wconf 81' lang='lat' dir='ltr'><strong>exauditur</strong></span> <span class='ocrx_word' id='word_1_207' title='bbox 2459 1744 2513 1799; x_wconf 92' lang='lat' dir='ltr'><strong>in</strong></span> <span class='ocrx_word' id='word_1_208' title='bbox 2557 1758 2739 1814; x_wconf 86' lang='lat' dir='ltr'><strong>prece,</strong></span> <span class='ocrx_word' id='word_1_209' title='bbox 2766 1753 2970 1814; x_wconf 84' lang='lat' dir='ltr'><strong>quanto</strong></span> <span class='ocrx_word' id='word_1_210' title='bbox 2993 1742 3168 1813; x_wconf 88' lang='lat' dir='ltr'><strong>magis</strong></span> <span class='ocrx_word' id='word_1_211' title='bbox 3208 1742 3526 1802; x_wconf 78' lang='lat' dir='ltr'><strong>inquinatur</strong></span> 
     </span>
    </p>
   </div>
   <div class='ocr_carea' id='block_1_33' title="bbox 250 1827 2406 1907">
    <p class='ocr_par' dir='ltr' id='par_1_33' title="bbox 250 1827 2406 1907">
     <span class='ocr_line' id='line_1_33' title="bbox 250 1827 2406 1907; baseline 0.001 -21"><span class='ocrx_word' id='word_1_212' title='bbox 250 1832 411 1903; x_wconf 89' lang='lat' dir='ltr'><strong>petit,</strong></span> <span class='ocrx_word' id='word_1_213' title='bbox 462 1833 553 1903; x_wconf 90' lang='lat' dir='ltr'><strong>qui</strong></span> <span class='ocrx_word' id='word_1_214' title='bbox 605 1848 710 1889; x_wconf 91' lang='lat' dir='ltr'><strong>non</strong></span> <span class='ocrx_word' id='word_1_215' title='bbox 746 1834 883 1904; x_wconf 86' lang='lat' dir='ltr'><strong>petit</strong></span> <span class='ocrx_word' id='word_1_216' title='bbox 932 1836 1077 1905; x_wconf 89' lang='lat' dir='ltr'><strong>quod</strong></span> <span class='ocrx_word' id='word_1_217' title='bbox 1124 1836 1389 1891; x_wconf 88' lang='lat' dir='ltr'><strong>Dominus</strong></span> <span class='ocrx_word' id='word_1_218' title='bbox 1429 1835 1695 1907; x_wconf 77' lang='lat' dir='ltr'><strong>przecipit,</strong></span> <span class='ocrx_word' id='word_1_219' title='bbox 1742 1836 1835 1891; x_wconf 90' lang='lat' dir='ltr'><strong>sed</strong></span> <span class='ocrx_word' id='word_1_220' title='bbox 1867 1827 1914 1889; x_wconf 87' lang='lat' dir='ltr'><strong>B</strong></span> <span class='ocrx_word' id='word_1_221' title='bbox 1942 1838 2084 1906; x_wconf 89' lang='lat' dir='ltr'><strong>turpi</strong></span> <span class='ocrx_word' id='word_1_222' title='bbox 2116 1836 2406 1892; x_wconf 92' lang='lat' dir='ltr'><strong>locutione.</strong></span> 
     </span>
    </p>
   </div>
   <div class='ocr_carea' id='block_1_34' title="bbox 250 1926 1839 1998">
    <p class='ocr_par' dir='ltr' id='par_1_34' title="bbox 250 1926 1839 1998">
     <span class='ocr_line' id='line_1_34' title="bbox 250 1926 1839 1998; baseline 0.003 -19"><span class='ocrx_word' id='word_1_223' title='bbox 250 1927 398 1996; x_wconf 90' lang='lat' dir='ltr'><strong>quod</strong></span> <span class='ocrx_word' id='word_1_224' title='bbox 432 1926 611 1997; x_wconf 92' lang='lat' dir='ltr'><strong>potius</strong></span> <span class='ocrx_word' id='word_1_225' title='bbox 653 1927 947 1982; x_wconf 89' lang='lat' dir='ltr'><strong>interdicit.</strong></span> <span class='ocrx_word' id='word_1_226' title='bbox 1002 1928 1096 1983; x_wconf 86' lang='lat' dir='ltr'><strong>llle</strong></span> <span class='ocrx_word' id='word_1_227' title='bbox 1146 1943 1382 1998; x_wconf 89' lang='lat' dir='ltr'><strong>namque</strong></span> <span class='ocrx_word' id='word_1_228' title='bbox 1425 1928 1736 1983; x_wconf 89' lang='lat' dir='ltr'><strong>desiderare</strong></span> <span class='ocrx_word' id='word_1_229' title='bbox 1782 1938 1839 1983; x_wconf 91' lang='lat' dir='ltr'><strong>et</strong></span> 
     </span>
    </p>
   </div>
   <div class='ocr_carea' id='block_1_35' title="bbox 246 2018 1838 2092">
    <p class='ocr_par' dir='ltr' id='par_1_35' title="bbox 246 2018 1838 2092">
     <span class='ocr_line' id='line_1_35' title="bbox 246 2018 1838 2092; baseline 0.003 -21"><span class='ocrx_word' id='word_1_230' title='bbox 246 2025 565 2087; x_wconf 88' lang='lat' dir='ltr'><strong>peterenos</strong></span> <span class='ocrx_word' id='word_1_231' title='bbox 596 2018 747 2089; x_wconf 86' lang='lat' dir='ltr'><strong>jubet</strong></span> <span class='ocrx_word' id='word_1_232' title='bbox 768 2018 1029 2086; x_wconf 73' lang='lat' dir='ltr'><strong>cmlestia,</strong></span> <span class='ocrx_word' id='word_1_233' title='bbox 1079 2034 1180 2075; x_wconf 91' lang='lat' dir='ltr'><strong>nos</strong></span> <span class='ocrx_word' id='word_1_234' title='bbox 1207 2028 1396 2075; x_wconf 89' lang='lat' dir='ltr'><strong>contra</strong></span> <span class='ocrx_word' id='word_1_235' title='bbox 1423 2029 1477 2074; x_wconf 91' lang='lat' dir='ltr'><strong>et</strong></span> <span class='ocrx_word' id='word_1_236' title='bbox 1507 2019 1672 2092; x_wconf 75' lang='lat'><strong>586</strong></span> <span class='ocrx_word' id='word_1_237' title='bbox 1699 2020 1838 2075; x_wconf 90' lang='lat' dir='ltr'><strong>desi-</strong></span> 
     </span>
    </p>
   </div>
   <div class='ocr_carea' id='block_1_36' title="bbox 250 2107 1833 2181">
    <p class='ocr_par' dir='ltr' id='par_1_36' title="bbox 250 2107 1833 2181">
     <span class='ocr_line' id='line_1_36' title="bbox 250 2107 1833 2181; baseline 0.003 -20"><span class='ocrx_word' id='word_1_238' title='bbox 250 2107 509 2163; x_wconf 90' lang='lat' dir='ltr'><strong>deramus</strong></span> <span class='ocrx_word' id='word_1_239' title='bbox 549 2118 607 2163; x_wconf 91' lang='lat' dir='ltr'><strong>et</strong></span> <span class='ocrx_word' id='word_1_240' title='bbox 628 2118 879 2179; x_wconf 90' lang='lat' dir='ltr'><strong>optamus</strong></span> <span class='ocrx_word' id='word_1_241' title='bbox 910 2118 1161 2176; x_wconf 90' lang='lat' dir='ltr'><strong>terrena;</strong></span> <span class='ocrx_word' id='word_1_242' title='bbox 1194 2110 1283 2165; x_wconf 91' lang='lat' dir='ltr'><strong>ille</strong></span> <span class='ocrx_word' id='word_1_243' title='bbox 1320 2125 1481 2166; x_wconf 89' lang='lat' dir='ltr'><strong>orare</strong></span> <span class='ocrx_word' id='word_1_244' title='bbox 1519 2126 1617 2180; x_wconf 93' lang='lat' dir='ltr'><strong>pro</strong></span> <span class='ocrx_word' id='word_1_245' title='bbox 1646 2124 1833 2181; x_wconf 84' lang='lat' dir='ltr'><strong>perse-</strong></span> 
     </span>
    </p>
   </div>
   <div class='ocr_carea' id='block_1_37' title="bbox 248 2200 1835 2270">
    <p class='ocr_par' dir='ltr' id='par_1_37' title="bbox 248 2200 1835 2270">
     <span class='ocr_line' id='line_1_37' title="bbox 248 2200 1835 2270; baseline 0.003 -17"><span class='ocrx_word' id='word_1_246' title='bbox 248 2200 545 2269; x_wconf 86' lang='lat' dir='ltr'><strong>quentibus</strong></span> <span class='ocrx_word' id='word_1_247' title='bbox 576 2209 630 2256; x_wconf 88' lang='lat' dir='ltr'><strong>et</strong></span> <span class='ocrx_word' id='word_1_248' title='bbox 658 2201 1135 2270; x_wconf 86' lang='lat' dir='ltr'><strong>calumniantibus,</strong></span> <span class='ocrx_word' id='word_1_249' title='bbox 1184 2218 1281 2259; x_wconf 88' lang='lat' dir='ltr'><strong>nos</strong></span> <span class='ocrx_word' id='word_1_250' title='bbox 1325 2218 1356 2258; x_wconf 90' lang='lat' dir='ltr'><strong>e</strong></span> <span class='ocrx_word' id='word_1_251' title='bbox 1399 2203 1613 2259; x_wconf 88' lang='lat' dir='ltr'><strong>diverso</strong></span> <span class='ocrx_word' id='word_1_252' title='bbox 1648 2212 1835 2258; x_wconf 90' lang='lat' dir='ltr'><strong>contra</strong></span> 
     </span>
    </p>
   </div>
   <div class='ocr_carea' id='block_1_38' title="bbox 247 2292 1837 2360">
    <p class='ocr_par' dir='ltr' id='par_1_38' title="bbox 247 2292 1837 2360">
     <span class='ocr_line' id='line_1_38' title="bbox 247 2292 1837 2360; baseline 0.004 -17"><span class='ocrx_word' id='word_1_253' title='bbox 247 2299 647 2360; x_wconf 87' lang='lat' dir='ltr'><strong>persequentes</strong></span> <span class='ocrx_word' id='word_1_254' title='bbox 670 2300 726 2348; x_wconf 92' lang='lat' dir='ltr'><strong>et</strong></span> <span class='ocrx_word' id='word_1_255' title='bbox 756 2292 1150 2349; x_wconf 87' lang='lat' dir='ltr'><strong>calumniantes</strong></span> <span class='ocrx_word' id='word_1_256' title='bbox 1172 2294 1531 2349; x_wconf 77' lang='lat' dir='ltr'><strong>exsecrabiles</strong></span> <span class='ocrx_word' id='word_1_257' title='bbox 1563 2294 1837 2349; x_wconf 89' lang='lat' dir='ltr'><strong>fundimus</strong></span> 
     </span>
    </p>
   </div>
   <div class='ocr_carea' id='block_1_39' title="bbox 247 2380 1839 2457">
    <p class='ocr_par' dir='ltr' id='par_1_39' title="bbox 247 2380 1839 2457">
     <span class='ocr_line' id='line_1_39' title="bbox 247 2380 1839 2457; baseline 0.003 -21"><span class='ocrx_word' id='word_1_258' title='bbox 247 2395 464 2450; x_wconf 85' lang='lat' dir='ltr'><strong>preces.</strong></span> <span class='ocrx_word' id='word_1_259' title='bbox 498 2380 669 2449; x_wconf 84' lang='lat' dir='ltr'><strong>Quale</strong></span> <span class='ocrx_word' id='word_1_260' title='bbox 697 2392 879 2440; x_wconf 90' lang='lat' dir='ltr'><strong>autem</strong></span> <span class='ocrx_word' id='word_1_261' title='bbox 930 2393 1013 2440; x_wconf 89' lang='lat' dir='ltr'><strong>est</strong></span> <span class='ocrx_word' id='word_1_262' title='bbox 1044 2384 1191 2449; x_wconf 92' lang='lat' dir='ltr'><strong>illud,</strong></span> <span class='ocrx_word' id='word_1_263' title='bbox 1236 2386 1378 2455; x_wconf 91' lang='lat' dir='ltr'><strong>quod</strong></span> <span class='ocrx_word' id='word_1_264' title='bbox 1407 2386 1625 2457; x_wconf 87' lang='lat' dir='ltr'><strong>quidam</strong></span> <span class='ocrx_word' id='word_1_265' title='bbox 1665 2386 1839 2441; x_wconf 89' lang='lat' dir='ltr'><strong>nocti-</strong></span> 
     </span>
    </p>
   </div>
   <div class='ocr_carea' id='block_1_40' title="bbox 246 2469 1835 2542">
    <p class='ocr_par' dir='ltr' id='par_1_40' title="bbox 246 2469 1835 2542">
     <span class='ocr_line' id='line_1_40' title="bbox 246 2469 1835 2542; baseline 0.005 -18"><span class='ocrx_word' id='word_1_266' title='bbox 246 2469 348 2525; x_wconf 88' lang='lat' dir='ltr'><strong>bus</strong></span> <span class='ocrx_word' id='word_1_267' title='bbox 384 2470 704 2540; x_wconf 87' lang='lat' dir='ltr'><strong>psalmodiis</strong></span> <span class='ocrx_word' id='word_1_268' title='bbox 744 2482 800 2529; x_wconf 88' lang='lat' dir='ltr'><strong>et</strong></span> <span class='ocrx_word' id='word_1_269' title='bbox 830 2475 1168 2532; x_wconf 87' lang='lat' dir='ltr'><strong>orationibus</strong></span> <span class='ocrx_word' id='word_1_270' title='bbox 1214 2476 1439 2542; x_wconf 87' lang='lat' dir='ltr'><strong>instant,</strong></span> <span class='ocrx_word' id='word_1_271' title='bbox 1482 2478 1672 2533; x_wconf 91' lang='lat' dir='ltr'><strong>diebus</strong></span> <span class='ocrx_word' id='word_1_272' title='bbox 1704 2491 1835 2532; x_wconf 90' lang='lat' dir='ltr'><strong>vero</strong></span> 
     </span>
    </p>
   </div>
   <div class='ocr_carea' id='block_1_41' title="bbox 245 2558 1837 2636">
    <p class='ocr_par' dir='ltr' id='par_1_41' title="bbox 245 2558 1837 2636">
     <span class='ocr_line' id='line_1_41' title="bbox 245 2558 1837 2636; baseline 0.005 -23"><span class='ocrx_word' id='word_1_273' title='bbox 245 2558 698 2629; x_wconf 89' lang='lat' dir='ltr'><strong>detractionibus,</strong></span> <span class='ocrx_word' id='word_1_274' title='bbox 757 2564 1127 2636; x_wconf 88' lang='lat' dir='ltr'><strong>praviloquiis,</strong></span> <span class='ocrx_word' id='word_1_275' title='bbox 1185 2566 1447 2621; x_wconf 91' lang='lat' dir='ltr'><strong>otiositati</strong></span> <span class='ocrx_word' id='word_1_276' title='bbox 1516 2577 1571 2621; x_wconf 89' lang='lat' dir='ltr'><strong>et</strong></span> <span class='ocrx_word' id='word_1_277' title='bbox 1614 2566 1837 2621; x_wconf 61' lang='lat' dir='ltr'><strong>desidiae</strong></span> 
     </span>
    </p>
   </div>
   <div class='ocr_carea' id='block_1_42' title="bbox 243 2656 1836 2727">
    <p class='ocr_par' dir='ltr' id='par_1_42' title="bbox 243 2656 1836 2727">
     <span class='ocr_line' id='line_1_42' title="bbox 243 2656 1836 2727; baseline 0.004 -21"><span class='ocrx_word' id='word_1_278' title='bbox 243 2661 467 2718; x_wconf 76' lang='lat' dir='ltr'><strong>vacant,</strong></span> <span class='ocrx_word' id='word_1_279' title='bbox 518 2667 641 2709; x_wconf 91' lang='lat' dir='ltr'><strong>cum</strong></span> <span class='ocrx_word' id='word_1_280' title='bbox 686 2669 792 2709; x_wconf 83' lang='lat' dir='ltr'><strong>nox</strong></span> <span class='ocrx_word' id='word_1_281' title='bbox 842 2656 1022 2727; x_wconf 88' lang='lat' dir='ltr'><strong>potius</strong></span> <span class='ocrx_word' id='word_1_282' title='bbox 1064 2657 1253 2727; x_wconf 86' lang='lat' dir='ltr'><strong>quieti,</strong></span> <span class='ocrx_word' id='word_1_283' title='bbox 1296 2658 1411 2713; x_wconf 89' lang='lat' dir='ltr'><strong>dies</strong></span> <span class='ocrx_word' id='word_1_284' title='bbox 1460 2658 1530 2712; x_wconf 90' lang='lat' dir='ltr'><strong>sit</strong></span> <span class='ocrx_word' id='word_1_285' title='bbox 1577 2671 1836 2712; x_wconf 85' lang='lat' dir='ltr'><strong>concessa</strong></span> 
     </span>
    </p>
   </div>
   <div class='ocr_carea' id='block_1_43' title="bbox 247 2743 1837 2819">
    <p class='ocr_par' dir='ltr' id='par_1_43' title="bbox 247 2743 1837 2819">
     <span class='ocr_line' id='line_1_43' title="bbox 247 2743 1837 2819; baseline 0.004 -22"><span class='ocrx_word' id='word_1_286' title='bbox 247 2743 454 2811; x_wconf 88' lang='lat' dir='ltr'><strong>labori;</strong></span> <span class='ocrx_word' id='word_1_287' title='bbox 493 2746 654 2816; x_wconf 89' lang='lat' dir='ltr'><strong>quod,</strong></span> <span class='ocrx_word' id='word_1_288' title='bbox 688 2761 893 2815; x_wconf 90' lang='lat' dir='ltr'><strong>remur,</strong></span> <span class='ocrx_word' id='word_1_289' title='bbox 924 2750 1124 2819; x_wconf 90' lang='lat' dir='ltr'><strong>optime</strong></span> <span class='ocrx_word' id='word_1_290' title='bbox 1162 2759 1390 2805; x_wconf 87' lang='lat' dir='ltr'><strong>noverat</strong></span> <span class='ocrx_word' id='word_1_291' title='bbox 1424 2750 1535 2815; x_wconf 92' lang='lat' dir='ltr'><strong>ille,</strong></span> <span class='ocrx_word' id='word_1_292' title='bbox 1564 2750 1653 2819; x_wconf 89' lang='lat' dir='ltr'><strong>qui</strong></span> <span class='ocrx_word' id='word_1_293' title='bbox 1690 2757 1837 2819; x_wconf 91' lang='lat' dir='ltr'><strong>post-</strong></span> 
     </span>
    </p>
   </div>
   <div class='ocr_carea' id='block_1_44' title="bbox 246 2835 1831 2911">
    <p class='ocr_par' dir='ltr' id='par_1_44' title="bbox 246 2835 1831 2911">
     <span class='ocr_line' id='line_1_44' title="bbox 246 2835 1831 2911; baseline 0.003 -23"><span class='ocrx_word' id='word_1_294' title='bbox 246 2850 409 2904; x_wconf 88' lang='lat' dir='ltr'><strong>quam</strong></span> <span class='ocrx_word' id='word_1_295' title='bbox 438 2835 649 2892; x_wconf 78' lang='lat' dir='ltr'><strong>dixerat</strong></span> <span class='ocrx_word' id='word_1_296' title='bbox 680 2855 692 2890; x_wconf 89' lang='lat'><strong>:</strong></span> <span class='ocrx_word' id='word_1_297' title='bbox 721 2838 896 2893; x_wconf 83' lang='lat' dir='ltr'><strong>Media</strong></span> <span class='ocrx_word' id='word_1_298' title='bbox 927 2850 1073 2894; x_wconf 87' lang='lat' dir='ltr'><strong>nocte</strong></span> <span class='ocrx_word' id='word_1_299' title='bbox 1093 2841 1365 2911; x_wconf 87' lang='lat' dir='ltr'><strong>surgebam</strong></span> <span class='ocrx_word' id='word_1_300' title='bbox 1381 2841 1449 2894; x_wconf 85' lang='lat' dir='ltr'><strong>ad</strong></span> <span class='ocrx_word' id='word_1_301' title='bbox 1480 2840 1831 2909; x_wconf 72' lang='lat' dir='ltr'><strong>conﬁtendum</strong></span> 
     </span>
    </p>
   </div>
   <div class='ocr_carea' id='block_1_45' title="bbox 245 2924 1834 3003">
    <p class='ocr_par' dir='ltr' id='par_1_45' title="bbox 245 2924 1834 3003">
     <span class='ocr_line' id='line_1_45' title="bbox 245 2924 1834 3003; baseline 0.003 -22"><span class='ocrx_word' id='word_1_302' title='bbox 245 2928 341 2981; x_wconf 87' lang='lat' dir='ltr'><strong>tibi</strong></span> <span class='ocrx_word' id='word_1_303' title='bbox 364 2924 538 2998; x_wconf 83' lang='lat' dir='ltr'><strong>(Psal.</strong></span> <span class='ocrx_word' id='word_1_304' title='bbox 561 2944 730 2984; x_wconf 74' lang='lat' dir='ltr'><strong>cvaII</strong></span> <span class='ocrx_word' id='word_1_305' title='bbox 761 2931 885 3003; x_wconf 74' lang='lat'><strong>62);</strong></span> <span class='ocrx_word' id='word_1_306' title='bbox 916 2940 971 2987; x_wconf 90' lang='lat' dir='ltr'><strong>et</strong></span> <span class='ocrx_word' id='word_1_307' title='bbox 1004 2951 1016 2986; x_wconf 93' lang='lat'><strong>:</strong></span> <span class='ocrx_word' id='word_1_308' title='bbox 1059 2931 1127 2987; x_wconf 89' lang='lat' dir='ltr'><strong>In</strong></span> <span class='ocrx_word' id='word_1_309' title='bbox 1153 2935 1425 2987; x_wconf 78' lang='lat' dir='ltr'><strong>matutinis</strong></span> <span class='ocrx_word' id='word_1_310' title='bbox 1464 2932 1754 2987; x_wconf 87' lang='lat' dir='ltr'><strong>meditabor</strong></span> <span class='ocrx_word' id='word_1_311' title='bbox 1779 2934 1834 2986; x_wconf 91' lang='lat' dir='ltr'><strong>in</strong></span> 
     </span>
    </p>
   </div>
   <div class='ocr_carea' id='block_1_46' title="bbox 246 3020 1833 3096">
    <p class='ocr_par' dir='ltr' id='par_1_46' title="bbox 246 3020 1833 3096">
     <span class='ocr_line' id='line_1_46' title="bbox 246 3020 1833 3096; baseline 0.004 -21"><span class='ocrx_word' id='word_1_312' title='bbox 246 3031 296 3075; x_wconf 88' lang='lat' dir='ltr'><strong>te</strong></span> <span class='ocrx_word' id='word_1_313' title='bbox 327 3020 502 3092; x_wconf 85' lang='lat' dir='ltr'><strong>(Psal.</strong></span> <span class='ocrx_word' id='word_1_314' title='bbox 530 3040 661 3089; x_wconf 76' lang='lat' dir='ltr'><strong>an,</strong></span> <span class='ocrx_word' id='word_1_315' title='bbox 694 3025 789 3096; x_wconf 84' lang='lat'><strong>7);</strong></span> <span class='ocrx_word' id='word_1_316' title='bbox 827 3025 962 3082; x_wconf 90' lang='lat' dir='ltr'><strong>duas</strong></span> <span class='ocrx_word' id='word_1_317' title='bbox 990 3027 1241 3082; x_wconf 88' lang='lat' dir='ltr'><strong>videlicet</strong></span> <span class='ocrx_word' id='word_1_318' title='bbox 1266 3035 1475 3081; x_wconf 90' lang='lat' dir='ltr'><strong>tantum</strong></span> <span class='ocrx_word' id='word_1_319' title='bbox 1516 3027 1663 3082; x_wconf 92' lang='lat' dir='ltr'><strong>nocti</strong></span> <span class='ocrx_word' id='word_1_320' title='bbox 1707 3041 1833 3081; x_wconf 88' lang='lat' dir='ltr'><strong>con-</strong></span> 
     </span>
    </p>
   </div>
   <div class='ocr_carea' id='block_1_47' title="bbox 244 3116 1831 3188">
    <p class='ocr_par' dir='ltr' id='par_1_47' title="bbox 244 3116 1831 3188">
     <span class='ocr_line' id='line_1_47' title="bbox 244 3116 1831 3188; baseline 0.003 -19"><span class='ocrx_word' id='word_1_321' title='bbox 244 3128 467 3171; x_wconf 84' lang='lat' dir='ltr'><strong>secrans</strong></span> <span class='ocrx_word' id='word_1_322' title='bbox 496 3116 679 3184; x_wconf 86' lang='lat' dir='ltr'><strong>horas,</strong></span> <span class='ocrx_word' id='word_1_323' title='bbox 724 3119 933 3188; x_wconf 77' lang='lat' dir='ltr'><strong>septies,</strong></span> <span class='ocrx_word' id='word_1_324' title='bbox 963 3119 1058 3185; x_wconf 88' lang='lat' dir='ltr'><strong>ait,</strong></span> <span class='ocrx_word' id='word_1_325' title='bbox 1116 3120 1170 3174; x_wconf 90' lang='lat' dir='ltr'><strong>in</strong></span> <span class='ocrx_word' id='word_1_326' title='bbox 1220 3121 1305 3175; x_wconf 86' lang='lat' dir='ltr'><strong>die</strong></span> <span class='ocrx_word' id='word_1_327' title='bbox 1342 3120 1552 3175; x_wconf 87' lang='lat' dir='ltr'><strong>laudem</strong></span> <span class='ocrx_word' id='word_1_328' title='bbox 1578 3121 1689 3175; x_wconf 76' lang='lat' dir='ltr'><strong>dixi</strong></span> <span class='ocrx_word' id='word_1_329' title='bbox 1738 3121 1831 3174; x_wconf 86' lang='lat' dir='ltr'><strong>tibi</strong></span> 
     </span>
    </p>
   </div>
   <div class='ocr_carea' id='block_1_48' title="bbox 2013 1920 3524 1996">
    <p class='ocr_par' dir='ltr' id='par_1_48' title="bbox 2013 1920 3524 1996">
     <span class='ocr_line' id='line_1_48' title="bbox 2013 1920 3524 1996; baseline -0.002 -15"><span class='ocrx_word' id='word_1_330' title='bbox 2013 1928 2100 1983; x_wconf 78' lang='grc'><strong>15.</strong></span> <span class='ocrx_word' id='word_1_331' title='bbox 2139 1927 2215 1982; x_wconf 90' lang='lat' dir='ltr'><strong>De</strong></span> <span class='ocrx_word' id='word_1_332' title='bbox 2260 1926 2599 1982; x_wconf 88' lang='lat' dir='ltr'><strong>orationibus</strong></span> <span class='ocrx_word' id='word_1_333' title='bbox 2630 1926 2811 1995; x_wconf 86' lang='lat' dir='ltr'><strong>itaque</strong></span> <span class='ocrx_word' id='word_1_334' title='bbox 2845 1922 3102 1996; x_wconf 89' lang='lat' dir='ltr'><strong>quoniam</strong></span> <span class='ocrx_word' id='word_1_335' title='bbox 3128 1922 3345 1993; x_wconf 91' lang='lat' dir='ltr'><strong>quidem</strong></span> <span class='ocrx_word' id='word_1_336' title='bbox 3362 1920 3524 1993; x_wconf 72' lang='lat' dir='ltr'><strong>[satis</strong></span> 
     </span>
    </p>
   </div>
   <div class='ocr_carea' id='block_1_49' title="bbox 1937 2016 3520 2090">
    <p class='ocr_par' dir='ltr' id='par_1_49' title="bbox 1937 2016 3520 2090">
     <span class='ocr_line' id='line_1_49' title="bbox 1937 2016 3520 2090; baseline -0.003 -17"><span class='ocrx_word' id='word_1_337' title='bbox 1937 2036 2037 2090; x_wconf 89' lang='lat' dir='ltr'><strong>pro</strong></span> <span class='ocrx_word' id='word_1_338' title='bbox 2086 2029 2329 2089; x_wconf 88' lang='lat' dir='ltr'><strong>tempore</strong></span> <span class='ocrx_word' id='word_1_339' title='bbox 2381 2019 2651 2085; x_wconf 83' lang='lat' dir='ltr'><strong>diximus,</strong></span> <span class='ocrx_word' id='word_1_340' title='bbox 2697 2018 2765 2073; x_wconf 89' lang='lat' dir='ltr'><strong>ad</strong></span> <span class='ocrx_word' id='word_1_341' title='bbox 2806 2018 3178 2088; x_wconf 83' lang='lat' dir='ltr'><strong>elecmosynas</strong></span> <span class='ocrx_word' id='word_1_342' title='bbox 3219 2016 3520 2071; x_wconf 87' lang='lat' dir='ltr'><strong>veniamus.</strong></span> 
     </span>
    </p>
   </div>
   <div class='ocr_carea' id='block_1_50' title="bbox 1938 2109 3525 2184">
    <p class='ocr_par' dir='ltr' id='par_1_50' title="bbox 1938 2109 3525 2184">
     <span class='ocr_line' id='line_1_50' title="bbox 1938 2109 3525 2184; baseline -0.001 -17"><span class='ocrx_word' id='word_1_343' title='bbox 1938 2112 2290 2184; x_wconf 82' lang='lat' dir='ltr'><strong>Eleemosyna</strong></span> <span class='ocrx_word' id='word_1_344' title='bbox 2327 2128 2450 2167; x_wconf 91' lang='lat' dir='ltr'><strong>cum</strong></span> <span class='ocrx_word' id='word_1_345' title='bbox 2482 2128 2512 2165; x_wconf 92' lang='lat' dir='ltr'><strong>a</strong></span> <span class='ocrx_word' id='word_1_346' title='bbox 2546 2112 2918 2168; x_wconf 89' lang='lat' dir='ltr'><strong>misericordia</strong></span> <span class='ocrx_word' id='word_1_347' title='bbox 2945 2110 3269 2167; x_wconf 89' lang='lat' dir='ltr'><strong>vocabulum</strong></span> <span class='ocrx_word' id='word_1_348' title='bbox 3309 2109 3525 2165; x_wconf 82' lang='lat' dir='ltr'><strong>trahere</strong></span> 
     </span>
    </p>
   </div>
   <div class='ocr_carea' id='block_1_51' title="bbox 1936 2200 3523 2275">
    <p class='ocr_par' dir='ltr' id='par_1_51' title="bbox 1936 2200 3523 2275">
     <span class='ocr_line' id='line_1_51' title="bbox 1936 2200 3523 2275; baseline -0.003 -15"><span class='ocrx_word' id='word_1_349' title='bbox 1936 2206 2185 2260; x_wconf 88' lang='lat' dir='ltr'><strong>videatur</strong></span> <span class='ocrx_word' id='word_1_350' title='bbox 2222 2204 2428 2275; x_wconf 75' lang='grc'><strong>(1451),</strong></span> <span class='ocrx_word' id='word_1_351' title='bbox 2467 2202 2609 2258; x_wconf 88' lang='lat' dir='ltr'><strong>nulla</strong></span> <span class='ocrx_word' id='word_1_352' title='bbox 2641 2202 3026 2273; x_wconf 79' lang='lat' dir='ltr'><strong>congruentius</strong></span> <span class='ocrx_word' id='word_1_353' title='bbox 3069 2202 3430 2272; x_wconf 85' lang='lat' dir='ltr'><strong>principatum</strong></span> <span class='ocrx_word' id='word_1_354' title='bbox 3467 2200 3523 2256; x_wconf 87' lang='lat' dir='ltr'><strong>in</strong></span> 
     </span>
    </p>
   </div>
   <div class='ocr_carea' id='block_1_52' title="bbox 1937 2291 3522 2366">
    <p class='ocr_par' dir='ltr' id='par_1_52' title="bbox 1937 2291 3522 2366">
     <span class='ocr_line' id='line_1_52' title="bbox 1937 2291 3522 2366; baseline -0.006 -12"><span class='ocrx_word' id='word_1_355' title='bbox 1937 2299 2153 2363; x_wconf 89' lang='lat' dir='ltr'><strong>ordine,</strong></span> <span class='ocrx_word' id='word_1_356' title='bbox 2181 2306 2243 2352; x_wconf 92' lang='lat' dir='ltr'><strong>ut</strong></span> <span class='ocrx_word' id='word_1_357' title='bbox 2287 2297 2444 2352; x_wconf 89' lang='lat' dir='ltr'><strong>nobis</strong></span> <span class='ocrx_word' id='word_1_358' title='bbox 2471 2296 2706 2359; x_wconf 90' lang='lat' dir='ltr'><strong>videtur,</strong></span> <span class='ocrx_word' id='word_1_359' title='bbox 2736 2303 2916 2366; x_wconf 87' lang='lat' dir='ltr'><strong>potest</strong></span> <span class='ocrx_word' id='word_1_360' title='bbox 2965 2294 3189 2357; x_wconf 86' lang='lat' dir='ltr'><strong>habere,</strong></span> <span class='ocrx_word' id='word_1_361' title='bbox 3214 2307 3373 2363; x_wconf 90' lang='lat' dir='ltr'><strong>quam</strong></span> <span class='ocrx_word' id='word_1_362' title='bbox 3408 2291 3522 2356; x_wconf 90' lang='lat' dir='ltr'><strong>illa,</strong></span> 
     </span>
    </p>
   </div>
   <div class='ocr_carea' id='block_1_53' title="bbox 1938 2381 3523 2460">
    <p class='ocr_par' dir='ltr' id='par_1_53' title="bbox 1938 2381 3523 2460">
     <span class='ocr_line' id='line_1_53' title="bbox 1938 2381 3523 2460; baseline -0.006 -16"><span class='ocrx_word' id='word_1_363' title='bbox 1938 2390 2003 2444; x_wconf 90' lang='lat' dir='ltr'><strong>de</strong></span> <span class='ocrx_word' id='word_1_364' title='bbox 2037 2404 2142 2460; x_wconf 90' lang='lat' dir='ltr'><strong>qua</strong></span> <span class='ocrx_word' id='word_1_365' title='bbox 2174 2389 2400 2458; x_wconf 87' lang='lat' dir='ltr'><strong>Sapiens</strong></span> <span class='ocrx_word' id='word_1_366' title='bbox 2432 2387 2687 2441; x_wconf 88' lang='lat' dir='ltr'><strong>admonet</strong></span> <span class='ocrx_word' id='word_1_367' title='bbox 2713 2386 2786 2439; x_wconf 91' lang='lat' dir='ltr'><strong>ita</strong></span> <span class='ocrx_word' id='word_1_368' title='bbox 2818 2402 2831 2438; x_wconf 92' lang='lat'><strong>:</strong></span> <span class='ocrx_word' id='word_1_369' title='bbox 2862 2382 2993 2451; x_wconf 83' lang='lat' dir='ltr'><strong>Fili,</strong></span> <span class='ocrx_word' id='word_1_370' title='bbox 3056 2383 3301 2437; x_wconf 81' lang='lat' dir='ltr'><strong>miserere</strong></span> <span class='ocrx_word' id='word_1_371' title='bbox 3332 2381 3523 2434; x_wconf 75' lang='lat' dir='ltr'><strong>animat</strong></span> 
     </span>
    </p>
   </div>
   <div class='ocr_carea' id='block_1_54' title="bbox 1936 2467 3521 2548">
    <p class='ocr_par' dir='ltr' id='par_1_54' title="bbox 1936 2467 3521 2548">
     <span class='ocr_line' id='line_1_54' title="bbox 1936 2467 3521 2548; baseline -0.004 -17"><span class='ocrx_word' id='word_1_372' title='bbox 1936 2490 2043 2533; x_wconf 74' lang='lat' dir='ltr'><strong>tua:</strong></span> <span class='ocrx_word' id='word_1_373' title='bbox 2068 2477 2277 2548; x_wconf 79' lang='lat' dir='ltr'><strong>placens</strong></span> <span class='ocrx_word' id='word_1_374' title='bbox 2298 2478 2406 2532; x_wconf 89' lang='lat' dir='ltr'><strong>Deo</strong></span> <span class='ocrx_word' id='word_1_375' title='bbox 2434 2474 2625 2546; x_wconf 86' lang='lat' dir='ltr'><strong>(Eccli.</strong></span> <span class='ocrx_word' id='word_1_376' title='bbox 2666 2491 2797 2539; x_wconf 76' lang='lat' dir='ltr'><strong>xxx,</strong></span> <span class='ocrx_word' id='word_1_377' title='bbox 2820 2472 2914 2543; x_wconf 67' lang='lat'><strong>24)</strong></span> <span class='ocrx_word' id='word_1_378' title='bbox 2950 2491 2962 2526; x_wconf 92' lang='lat'><strong>:</strong></span> <span class='ocrx_word' id='word_1_379' title='bbox 2996 2480 3056 2527; x_wconf 90' lang='lat' dir='ltr'><strong>ut</strong></span> <span class='ocrx_word' id='word_1_380' title='bbox 3076 2471 3328 2526; x_wconf 80' lang='lat' dir='ltr'><strong>videlicet</strong></span> <span class='ocrx_word' id='word_1_381' title='bbox 3358 2467 3521 2539; x_wconf 78' lang='grc'><strong>587</strong></span> 
     </span>
    </p>
   </div>
   <div class='ocr_carea' id='block_1_55' title="bbox 1939 2561 3524 2637">
    <p class='ocr_par' dir='ltr' id='par_1_55' title="bbox 1939 2561 3524 2637">
     <span class='ocr_line' id='line_1_55' title="bbox 1939 2561 3524 2637; baseline -0.006 -14"><span class='ocrx_word' id='word_1_382' title='bbox 1939 2570 2069 2624; x_wconf 93' lang='lat' dir='ltr'><strong>illud</strong></span> <span class='ocrx_word' id='word_1_383' title='bbox 2096 2568 2497 2637; x_wconf 87' lang='lat' dir='ltr'><strong>nobismetipsis</strong></span> <span class='ocrx_word' id='word_1_384' title='bbox 2514 2566 2766 2636; x_wconf 89' lang='lat' dir='ltr'><strong>primitus</strong></span> <span class='ocrx_word' id='word_1_385' title='bbox 2809 2562 3194 2620; x_wconf 60' lang='lat' dir='ltr'><strong>misericordia;</strong></span> <span class='ocrx_word' id='word_1_386' title='bbox 3241 2561 3524 2631; x_wconf 86' lang='lat' dir='ltr'><strong>impenda-</strong></span> 
     </span>
    </p>
   </div>
   <div class='ocr_carea' id='block_1_56' title="bbox 1937 2651 3524 2730">
    <p class='ocr_par' dir='ltr' id='par_1_56' title="bbox 1937 2651 3524 2730">
     <span class='ocr_line' id='line_1_56' title="bbox 1937 2651 3524 2730; baseline -0.007 -13"><span class='ocrx_word' id='word_1_387' title='bbox 1937 2678 2079 2727; x_wconf 87' lang='lat' dir='ltr'><strong>mus,</strong></span> <span class='ocrx_word' id='word_1_388' title='bbox 2110 2669 2168 2715; x_wconf 91' lang='lat' dir='ltr'><strong>ut</strong></span> <span class='ocrx_word' id='word_1_389' title='bbox 2188 2658 2308 2730; x_wconf 72' lang='lat' dir='ltr'><strong>quae</strong></span> <span class='ocrx_word' id='word_1_390' title='bbox 2328 2659 2440 2714; x_wconf 92' lang='lat' dir='ltr'><strong>Deo</strong></span> <span class='ocrx_word' id='word_1_391' title='bbox 2475 2659 2705 2730; x_wconf 90' lang='lat' dir='ltr'><strong>placent,</strong></span> <span class='ocrx_word' id='word_1_392' title='bbox 2733 2671 2894 2729; x_wconf 86' lang='lat' dir='ltr'><strong>agere</strong></span> <span class='ocrx_word' id='word_1_393' title='bbox 2922 2664 3233 2727; x_wconf 86' lang='lat' dir='ltr'><strong>satagamus</strong></span> <span class='ocrx_word' id='word_1_394' title='bbox 3259 2672 3272 2707; x_wconf 91' lang='lat'><strong>:</strong></span> <span class='ocrx_word' id='word_1_395' title='bbox 3305 2662 3360 2708; x_wconf 90' lang='lat' dir='ltr'><strong>et</strong></span> <span class='ocrx_word' id='word_1_396' title='bbox 3395 2651 3524 2721; x_wconf 80' lang='lat' dir='ltr'><strong>quia</strong></span> 
     </span>
    </p>
   </div>
   <div class='ocr_carea' id='block_1_57' title="bbox 1934 2745 3523 2824">
    <p class='ocr_par' dir='ltr' id='par_1_57' title="bbox 1934 2745 3523 2824">
     <span class='ocr_line' id='line_1_57' title="bbox 1934 2745 3523 2824; baseline -0.007 -16"><span class='ocrx_word' id='word_1_397' title='bbox 1934 2754 2239 2824; x_wconf 83' lang='lat' dir='ltr'><strong>proximum</strong></span> <span class='ocrx_word' id='word_1_398' title='bbox 2270 2753 2411 2807; x_wconf 86' lang='lat' dir='ltr'><strong>sicut</strong></span> <span class='ocrx_word' id='word_1_399' title='bbox 2440 2750 2799 2817; x_wconf 90' lang='lat' dir='ltr'><strong>nosmetipsos</strong></span> <span class='ocrx_word' id='word_1_400' title='bbox 2824 2748 3047 2818; x_wconf 79' lang='lat' dir='ltr'><strong>diligere</strong></span> <span class='ocrx_word' id='word_1_401' title='bbox 3067 2745 3340 2817; x_wconf 73' lang='lat' dir='ltr'><strong>iubemur,</strong></span> <span class='ocrx_word' id='word_1_402' title='bbox 3370 2758 3523 2798; x_wconf 88' lang='lat' dir='ltr'><strong>eum-</strong></span> 
     </span>
    </p>
   </div>
   <div class='ocr_carea' id='block_1_58' title="bbox 1936 2835 3517 2907">
    <p class='ocr_par' dir='ltr' id='par_1_58' title="bbox 1936 2835 3517 2907">
     <span class='ocr_line' id='line_1_58' title="bbox 1936 2835 3517 2907; baseline -0.008 -6"><span class='ocrx_word' id='word_1_403' title='bbox 1936 2847 2058 2902; x_wconf 90' lang='lat' dir='ltr'><strong>dem</strong></span> <span class='ocrx_word' id='word_1_404' title='bbox 2107 2855 2256 2900; x_wconf 87' lang='lat' dir='ltr'><strong>recto</strong></span> <span class='ocrx_word' id='word_1_405' title='bbox 2290 2843 2540 2907; x_wconf 91' lang='lat' dir='ltr'><strong>consilio,</strong></span> <span class='ocrx_word' id='word_1_406' title='bbox 2585 2841 2675 2895; x_wconf 90' lang='lat' dir='ltr'><strong>ubi</strong></span> <span class='ocrx_word' id='word_1_407' title='bbox 2718 2840 3061 2896; x_wconf 88' lang='lat' dir='ltr'><strong>commodum</strong></span> <span class='ocrx_word' id='word_1_408' title='bbox 3114 2839 3285 2893; x_wconf 88' lang='lat' dir='ltr'><strong>visum</strong></span> <span class='ocrx_word' id='word_1_409' title='bbox 3332 2835 3517 2898; x_wconf 86' lang='lat' dir='ltr'><strong>fuerit,</strong></span> 
     </span>
    </p>
   </div>
   <div class='ocr_carea' id='block_1_59' title="bbox 1935 2926 3518 3005">
    <p class='ocr_par' dir='ltr' id='par_1_59' title="bbox 1935 2926 3518 3005">
     <span class='ocr_line' id='line_1_59' title="bbox 1935 2926 3518 3005; baseline -0.006 -13"><span class='ocrx_word' id='word_1_410' title='bbox 1935 2937 2047 2993; x_wconf 90' lang='lat' dir='ltr'><strong>sive</strong></span> <span class='ocrx_word' id='word_1_411' title='bbox 2076 2933 2367 3005; x_wconf 83' lang='lat' dir='ltr'><strong>arguendo,</strong></span> <span class='ocrx_word' id='word_1_412' title='bbox 2397 2934 2512 2987; x_wconf 90' lang='lat' dir='ltr'><strong>sive</strong></span> <span class='ocrx_word' id='word_1_413' title='bbox 2547 2931 2904 2997; x_wconf 87' lang='lat' dir='ltr'><strong>obsecrando,</strong></span> <span class='ocrx_word' id='word_1_414' title='bbox 2935 2931 3049 2985; x_wconf 91' lang='lat' dir='ltr'><strong>sive</strong></span> <span class='ocrx_word' id='word_1_415' title='bbox 3078 2927 3424 2999; x_wconf 83' lang='lat' dir='ltr'><strong>increpando,</strong></span> <span class='ocrx_word' id='word_1_416' title='bbox 3461 2926 3518 2983; x_wconf 90' lang='lat' dir='ltr'><strong>in</strong></span> 
     </span>
    </p>
   </div>
   <div class='ocr_carea' id='block_1_60' title="bbox 1934 3020 3505 3096">
    <p class='ocr_par' dir='ltr' id='par_1_60' title="bbox 1934 3020 3505 3096">
     <span class='ocr_line' id='line_1_60' title="bbox 1934 3020 3505 3096; baseline -0.008 -12"><span class='ocrx_word' id='word_1_417' title='bbox 1934 3030 2077 3084; x_wconf 88' lang='lat' dir='ltr'><strong>viam</strong></span> <span class='ocrx_word' id='word_1_418' title='bbox 2108 3027 2319 3081; x_wconf 88' lang='lat' dir='ltr'><strong>Domini</strong></span> <span class='ocrx_word' id='word_1_419' title='bbox 2361 3025 2687 3096; x_wconf 88' lang='lat' dir='ltr'><strong>dirigamus;</strong></span> <span class='ocrx_word' id='word_1_420' title='bbox 2729 3023 2974 3092; x_wconf 88' lang='lat' dir='ltr'><strong>corporis</strong></span> <span class='ocrx_word' id='word_1_421' title='bbox 3013 3022 3058 3076; x_wconf 89' lang='lat' dir='ltr'><strong>si</strong></span> <span class='ocrx_word' id='word_1_422' title='bbox 3084 3020 3287 3090; x_wconf 89' lang='lat' dir='ltr'><strong>indiget</strong></span> <span class='ocrx_word' id='word_1_423' title='bbox 3315 3033 3505 3074; x_wconf 85' lang='lat' dir='ltr'><strong>neces-</strong></span> 
     </span>
    </p>
   </div>
   <div class='ocr_carea' id='block_1_61' title="bbox 1936 3112 3506 3188">
    <p class='ocr_par' dir='ltr' id='par_1_61' title="bbox 1936 3112 3506 3188">
     <span class='ocr_line' id='line_1_61' title="bbox 1936 3112 3506 3188; baseline -0.008 -10"><span class='ocrx_word' id='word_1_424' title='bbox 1936 3122 2134 3187; x_wconf 87' lang='lat' dir='ltr'><strong>sariis,</strong></span> <span class='ocrx_word' id='word_1_425' title='bbox 2185 3122 2251 3175; x_wconf 88' lang='lat' dir='ltr'><strong>de</strong></span> <span class='ocrx_word' id='word_1_426' title='bbox 2300 3118 2459 3188; x_wconf 89' lang='lat' dir='ltr'><strong>jnstis</strong></span> <span class='ocrx_word' id='word_1_427' title='bbox 2510 3116 2785 3173; x_wconf 81' lang='lat' dir='ltr'><strong>laboribus</strong></span> <span class='ocrx_word' id='word_1_428' title='bbox 2824 3114 3024 3169; x_wconf 89' lang='lat' dir='ltr'><strong>nostris</strong></span> <span class='ocrx_word' id='word_1_429' title='bbox 3083 3112 3159 3167; x_wconf 89' lang='lat' dir='ltr'><strong>illi</strong></span> <span class='ocrx_word' id='word_1_430' title='bbox 3210 3112 3506 3167; x_wconf 87' lang='lat' dir='ltr'><strong>secundum</strong></span> 
     </span>
    </p>
   </div>
   <div class='ocr_carea' id='block_1_62' title="bbox 245 3195 3518 3287">
    <p class='ocr_par' dir='ltr' id='par_1_62' title="bbox 245 3195 3518 3287">
     <span class='ocr_line' id='line_1_62' title="bbox 245 3195 3518 3287; baseline -0.001 -24"><span class='ocrx_word' id='word_1_431' title='bbox 245 3203 421 3274; x_wconf 78' lang='lat' dir='ltr'><strong>(Psal.</strong></span> <span class='ocrx_word' id='word_1_432' title='bbox 451 3222 640 3273; x_wconf 73' lang='lat' dir='ltr'><strong>CXVIII,</strong></span> <span class='ocrx_word' id='word_1_433' title='bbox 670 3208 815 3281; x_wconf 71' lang='grc'><strong>164).</strong></span> <span class='ocrx_word' id='word_1_434' title='bbox 847 3209 955 3265; x_wconf 85' lang='lat' dir='ltr'><strong>Nos</strong></span> <span class='ocrx_word' id='word_1_435' title='bbox 985 3224 1133 3275; x_wconf 90' lang='lat' dir='ltr'><strong>vero,</strong></span> <span class='ocrx_word' id='word_1_436' title='bbox 1168 3209 1390 3275; x_wconf 77' lang='lat' dir='ltr'><strong>fratres,</strong></span> <span class='ocrx_word' id='word_1_437' title='bbox 1421 3210 1679 3280; x_wconf 90' lang='lat' dir='ltr'><strong>quidquid</strong></span> <span class='ocrx_word' id='word_1_438' title='bbox 1701 3225 1829 3279; x_wconf 84' lang='lat' dir='ltr'><strong>pcr-</strong></span> <span class='ocrx_word' id='word_1_439' title='bbox 1856 3195 1901 3257; x_wconf 79' lang='lat' dir='ltr'>C</span> <span class='ocrx_word' id='word_1_440' title='bbox 1933 3216 2075 3287; x_wconf 89' lang='lat' dir='ltr'><strong>quod</strong></span> <span class='ocrx_word' id='word_1_441' title='bbox 2106 3228 2395 3283; x_wconf 88' lang='lat' dir='ltr'><strong>possumus</strong></span> <span class='ocrx_word' id='word_1_442' title='bbox 2430 3210 2789 3282; x_wconf 65' lang='lat' dir='ltr'><strong>praebeamus.</strong></span> <span class='ocrx_word' id='word_1_443' title='bbox 2827 3208 3099 3277; x_wconf 79' lang='lat' dir='ltr'><strong>Scriptum</strong></span> <span class='ocrx_word' id='word_1_444' title='bbox 3133 3206 3332 3276; x_wconf 89' lang='lat' dir='ltr'><strong>quippe</strong></span> <span class='ocrx_word' id='word_1_445' title='bbox 3364 3213 3518 3260; x_wconf 88' lang='lat' dir='ltr'><strong>tene-</strong></span> 
     </span>
    </p>
   </div>
   <div class='ocr_carea' id='block_1_63' title="bbox 244 3298 1832 3370">
    <p class='ocr_par' dir='ltr' id='par_1_63' title="bbox 244 3298 1832 3370">
     <span class='ocr_line' id='line_1_63' title="bbox 244 3298 1832 3370; baseline 0.006 -23"><span class='ocrx_word' id='word_1_446' title='bbox 244 3309 435 3365; x_wconf 89' lang='lat' dir='ltr'><strong>peram</strong></span> <span class='ocrx_word' id='word_1_447' title='bbox 466 3298 668 3368; x_wconf 87' lang='lat' dir='ltr'><strong>agitur,</strong></span> <span class='ocrx_word' id='word_1_448' title='bbox 704 3315 828 3354; x_wconf 91' lang='lat' dir='ltr'><strong>cum</strong></span> <span class='ocrx_word' id='word_1_449' title='bbox 863 3298 957 3355; x_wconf 89' lang='lat' dir='ltr'><strong>Dei</strong></span> <span class='ocrx_word' id='word_1_450' title='bbox 1004 3298 1276 3370; x_wconf 76' lang='lat' dir='ltr'><strong>adiutorio</strong></span> <span class='ocrx_word' id='word_1_451' title='bbox 1312 3301 1635 3364; x_wconf 89' lang='lat' dir='ltr'><strong>devitantes,</strong></span> <span class='ocrx_word' id='word_1_452' title='bbox 1669 3309 1832 3370; x_wconf 85' lang='lat' dir='ltr'><strong>atque</strong></span> 
     </span>
    </p>
   </div>
   <div class='ocr_carea' id='block_1_64' title="bbox 244 3388 1829 3464">
    <p class='ocr_par' dir='ltr' id='par_1_64' title="bbox 244 3388 1829 3464">
     <span class='ocr_line' id='line_1_64' title="bbox 244 3388 1829 3464; baseline 0.003 -22"><span class='ocrx_word' id='word_1_453' title='bbox 244 3388 531 3457; x_wconf 88' lang='lat' dir='ltr'><strong>apostolici</strong></span> <span class='ocrx_word' id='word_1_454' title='bbox 576 3391 721 3447; x_wconf 91' lang='lat' dir='ltr'><strong>illius</strong></span> <span class='ocrx_word' id='word_1_455' title='bbox 768 3408 875 3448; x_wconf 92' lang='lat' dir='ltr'><strong>non</strong></span> <span class='ocrx_word' id='word_1_456' title='bbox 920 3393 1306 3450; x_wconf 88' lang='lat' dir='ltr'><strong>immemores:</strong></span> <span class='ocrx_word' id='word_1_457' title='bbox 1345 3392 1467 3451; x_wconf 87' lang='lat' dir='ltr'><strong>Sive</strong></span> <span class='ocrx_word' id='word_1_458' title='bbox 1520 3393 1829 3464; x_wconf 79' lang='lat' dir='ltr'><strong>vigilemus,</strong></span> 
     </span>
    </p>
   </div>
   <div class='ocr_carea' id='block_1_65' title="bbox 242 3481 1827 3554">
    <p class='ocr_par' dir='ltr' id='par_1_65' title="bbox 242 3481 1827 3554">
     <span class='ocr_line' id='line_1_65' title="bbox 242 3481 1827 3554; baseline 0.002 -21"><span class='ocrx_word' id='word_1_459' title='bbox 242 3481 350 3533; x_wconf 81' lang='lat' dir='ltr'><strong>sive</strong></span> <span class='ocrx_word' id='word_1_460' title='bbox 377 3481 727 3548; x_wconf 82' lang='lat' dir='ltr'><strong>dormiamus,</strong></span> <span class='ocrx_word' id='word_1_461' title='bbox 758 3484 917 3537; x_wconf 87' lang='lat' dir='ltr'><strong>simul</strong></span> <span class='ocrx_word' id='word_1_462' title='bbox 946 3501 1063 3538; x_wconf 87' lang='lat' dir='ltr'><strong>cum</strong></span> <span class='ocrx_word' id='word_1_463' title='bbox 1084 3482 1293 3539; x_wconf 79' lang='lat' dir='ltr'><strong>Christo</strong></span> <span class='ocrx_word' id='word_1_464' title='bbox 1315 3485 1545 3539; x_wconf 75' lang='lat' dir='ltr'><strong>vivamus</strong></span> <span class='ocrx_word' id='word_1_465' title='bbox 1570 3483 1623 3554; x_wconf 89' lang='grc'><strong>(1</strong></span> <span class='ocrx_word' id='word_1_466' title='bbox 1648 3481 1827 3537; x_wconf 80' lang='lat' dir='ltr'><strong>Thess.</strong></span> 
     </span>
    </p>
   </div>
   <div class='ocr_carea' id='block_1_66' title="bbox 242 3570 1831 3643">
    <p class='ocr_par' dir='ltr' id='par_1_66' title="bbox 242 3570 1831 3643">
     <span class='ocr_line' id='line_1_66' title="bbox 242 3570 1831 3643; baseline 0.003 -19"><span class='ocrx_word' id='word_1_467' title='bbox 242 3585 297 3635; x_wconf 90' lang='lat' dir='ltr'><strong>v,</strong></span> <span class='ocrx_word' id='word_1_468' title='bbox 331 3570 442 3642; x_wconf 77' lang='grc'><strong>10),</strong></span> <span class='ocrx_word' id='word_1_469' title='bbox 477 3574 529 3627; x_wconf 87' lang='lat' dir='ltr'><strong>in</strong></span> <span class='ocrx_word' id='word_1_470' title='bbox 555 3574 804 3629; x_wconf 90' lang='lat' dir='ltr'><strong>noctibus</strong></span> <span class='ocrx_word' id='word_1_471' title='bbox 829 3574 1151 3633; x_wconf 73' lang='lat' dir='ltr'><strong>extollamus</strong></span> <span class='ocrx_word' id='word_1_472' title='bbox 1183 3590 1396 3638; x_wconf 90' lang='lat' dir='ltr'><strong>manus,</strong></span> <span class='ocrx_word' id='word_1_473' title='bbox 1433 3575 1485 3629; x_wconf 89' lang='lat' dir='ltr'><strong>id</strong></span> <span class='ocrx_word' id='word_1_474' title='bbox 1520 3582 1626 3640; x_wconf 90' lang='lat' dir='ltr'><strong>est,</strong></span> <span class='ocrx_word' id='word_1_475' title='bbox 1664 3587 1831 3643; x_wconf 83' lang='lat' dir='ltr'><strong>opera</strong></span> 
     </span>
    </p>
   </div>
   <div class='ocr_carea' id='block_1_67' title="bbox 243 3663 1826 3737">
    <p class='ocr_par' dir='ltr' id='par_1_67' title="bbox 243 3663 1826 3737">
     <span class='ocr_line' id='line_1_67' title="bbox 243 3663 1826 3737; baseline 0.001 -19"><span class='ocrx_word' id='word_1_476' title='bbox 243 3675 455 3731; x_wconf 85' lang='lat' dir='ltr'><strong>nostra,</strong></span> <span class='ocrx_word' id='word_1_477' title='bbox 505 3667 559 3722; x_wconf 93' lang='lat' dir='ltr'><strong>in</strong></span> <span class='ocrx_word' id='word_1_478' title='bbox 607 3674 816 3733; x_wconf 88' lang='lat' dir='ltr'><strong>sancta,</strong></span> <span class='ocrx_word' id='word_1_479' title='bbox 868 3675 924 3722; x_wconf 90' lang='lat' dir='ltr'><strong>et</strong></span> <span class='ocrx_word' id='word_1_480' title='bbox 966 3667 1347 3723; x_wconf 89' lang='lat' dir='ltr'><strong>benedicamus</strong></span> <span class='ocrx_word' id='word_1_481' title='bbox 1394 3666 1621 3722; x_wconf 92' lang='lat' dir='ltr'><strong>Domino</strong></span> <span class='ocrx_word' id='word_1_482' title='bbox 1652 3663 1826 3737; x_wconf 84' lang='lat' dir='ltr'><strong>(Psal.</strong></span> 
     </span>
    </p>
   </div>
   <div class='ocr_carea' id='block_1_68' title="bbox 240 3754 1831 3830">
    <p class='ocr_par' dir='ltr' id='par_1_68' title="bbox 240 3754 1831 3830">
     <span class='ocr_line' id='line_1_68' title="bbox 240 3754 1831 3830; baseline 0 -20"><span class='ocrx_word' id='word_1_483' title='bbox 240 3771 477 3821; x_wconf 75' lang='lat' dir='ltr'><strong>cxxxnt,</strong></span> <span class='ocrx_word' id='word_1_484' title='bbox 505 3755 560 3826; x_wconf 76' lang='lat'><strong>9.)</strong></span> <span class='ocrx_word' id='word_1_485' title='bbox 592 3775 604 3811; x_wconf 92' lang='lat'><strong>:</strong></span> <span class='ocrx_word' id='word_1_486' title='bbox 639 3767 762 3827; x_wconf 90' lang='lat' dir='ltr'><strong>post</strong></span> <span class='ocrx_word' id='word_1_487' title='bbox 788 3758 1024 3828; x_wconf 90' lang='lat' dir='ltr'><strong>quietem</strong></span> <span class='ocrx_word' id='word_1_488' title='bbox 1053 3772 1182 3813; x_wconf 90' lang='lat' dir='ltr'><strong>vero</strong></span> <span class='ocrx_word' id='word_1_489' title='bbox 1228 3767 1533 3830; x_wconf 89' lang='lat' dir='ltr'><strong>surgentes,</strong></span> <span class='ocrx_word' id='word_1_490' title='bbox 1586 3765 1645 3811; x_wconf 91' lang='lat' dir='ltr'><strong>ut</strong></span> <span class='ocrx_word' id='word_1_491' title='bbox 1674 3754 1831 3824; x_wconf 74' lang='lat' dir='ltr'><strong>juxta</strong></span> 
     </span>
    </p>
   </div>
   <div class='ocr_carea' id='block_1_69' title="bbox 240 3847 1831 3922">
    <p class='ocr_par' dir='ltr' id='par_1_69' title="bbox 240 3847 1831 3922">
     <span class='ocr_line' id='line_1_69' title="bbox 240 3847 1831 3922; baseline 0 -19"><span class='ocrx_word' id='word_1_492' title='bbox 240 3847 496 3903; x_wconf 89' lang='lat' dir='ltr'><strong>eumdem</strong></span> <span class='ocrx_word' id='word_1_493' title='bbox 541 3848 878 3920; x_wconf 81' lang='lat' dir='ltr'><strong>Apostolum,</strong></span> <span class='ocrx_word' id='word_1_494' title='bbox 915 3860 971 3906; x_wconf 90' lang='lat' dir='ltr'><strong>et</strong></span> <span class='ocrx_word' id='word_1_495' title='bbox 1002 3851 1114 3922; x_wconf 88' lang='lat' dir='ltr'><strong>jam</strong></span> <span class='ocrx_word' id='word_1_496' title='bbox 1147 3851 1370 3908; x_wconf 91' lang='lat' dir='ltr'><strong>silentes</strong></span> <span class='ocrx_word' id='word_1_497' title='bbox 1396 3851 1514 3905; x_wconf 91' lang='lat' dir='ltr'><strong>sine</strong></span> <span class='ocrx_word' id='word_1_498' title='bbox 1553 3848 1831 3905; x_wconf 91' lang='lat' dir='ltr'><strong>intermis-</strong></span> 
     </span>
    </p>
   </div>
   <div class='ocr_carea' id='block_1_70' title="bbox 240 3941 1831 4010">
    <p class='ocr_par' dir='ltr' id='par_1_70' title="bbox 240 3941 1831 4010">
     <span class='ocr_line' id='line_1_70' title="bbox 240 3941 1831 4010; baseline 0.003 -15"><span class='ocrx_word' id='word_1_499' title='bbox 240 3941 397 3995; x_wconf 90' lang='lat' dir='ltr'><strong>sione</strong></span> <span class='ocrx_word' id='word_1_500' title='bbox 446 3958 546 3997; x_wconf 92' lang='lat' dir='ltr'><strong>nos</strong></span> <span class='ocrx_word' id='word_1_501' title='bbox 590 3958 751 3999; x_wconf 91' lang='lat' dir='ltr'><strong>orare</strong></span> <span class='ocrx_word' id='word_1_502' title='bbox 800 3944 998 4000; x_wconf 89' lang='lat' dir='ltr'><strong>debere</strong></span> <span class='ocrx_word' id='word_1_503' title='bbox 1046 3945 1352 4010; x_wconf 89' lang='lat' dir='ltr'><strong>credamus,</strong></span> <span class='ocrx_word' id='word_1_504' title='bbox 1408 3944 1554 3999; x_wconf 91' lang='lat' dir='ltr'><strong>illius</strong></span> <span class='ocrx_word' id='word_1_505' title='bbox 1596 3942 1831 3999; x_wconf 88' lang='lat' dir='ltr'><strong>dicentis</strong></span> 
     </span>
    </p>
   </div>
   <div class='ocr_carea' id='block_1_71' title="bbox 239 4031 1831 4100">
    <p class='ocr_par' dir='ltr' id='par_1_71' title="bbox 239 4031 1831 4100">
     <span class='ocr_line' id='line_1_71' title="bbox 239 4031 1831 4100; baseline 0.002 -15"><span class='ocrx_word' id='word_1_506' title='bbox 239 4031 573 4087; x_wconf 89' lang='lat' dir='ltr'><strong>omnimodis</strong></span> <span class='ocrx_word' id='word_1_507' title='bbox 600 4034 951 4089; x_wconf 89' lang='lat' dir='ltr'><strong>recordemur</strong></span> <span class='ocrx_word' id='word_1_508' title='bbox 981 4052 994 4087; x_wconf 94' lang='lat'><strong>:</strong></span> <span class='ocrx_word' id='word_1_509' title='bbox 1027 4034 1131 4100; x_wconf 85' lang='lat' dir='ltr'><strong>Qui</strong></span> <span class='ocrx_word' id='word_1_510' title='bbox 1156 4035 1340 4090; x_wconf 83' lang='lat' dir='ltr'><strong>avertit</strong></span> <span class='ocrx_word' id='word_1_511' title='bbox 1369 4051 1549 4089; x_wconf 86' lang='lat' dir='ltr'><strong>aurem</strong></span> <span class='ocrx_word' id='word_1_512' title='bbox 1577 4050 1729 4089; x_wconf 89' lang='lat' dir='ltr'><strong>suam</strong></span> <span class='ocrx_word' id='word_1_513' title='bbox 1768 4049 1831 4088; x_wconf 92' lang='lat' dir='ltr'><strong>ne</strong></span> 
     </span>
    </p>
   </div>
   <div class='ocr_carea' id='block_1_72' title="bbox 241 4123 1827 4197">
    <p class='ocr_par' dir='ltr' id='par_1_72' title="bbox 241 4123 1827 4197">
     <span class='ocr_line' id='line_1_72' title="bbox 241 4123 1827 4197; baseline 0.005 -24"><span class='ocrx_word' id='word_1_514' title='bbox 241 4124 430 4177; x_wconf 83' lang='lat' dir='ltr'><strong>audiat</strong></span> <span class='ocrx_word' id='word_1_515' title='bbox 474 4123 669 4194; x_wconf 85' lang='lat' dir='ltr'><strong>legem,</strong></span> <span class='ocrx_word' id='word_1_516' title='bbox 712 4128 882 4181; x_wconf 87' lang='lat' dir='ltr'><strong>oratio</strong></span> <span class='ocrx_word' id='word_1_517' title='bbox 934 4127 1047 4196; x_wconf 84' lang='lat' dir='ltr'><strong>ejus</strong></span> <span class='ocrx_word' id='word_1_518' title='bbox 1105 4129 1202 4182; x_wconf 90' lang='lat' dir='ltr'><strong>erit</strong></span> <span class='ocrx_word' id='word_1_519' title='bbox 1253 4126 1584 4182; x_wconf 69' lang='lat' dir='ltr'><strong>exsecrabilis</strong></span> <span class='ocrx_word' id='word_1_520' title='bbox 1641 4124 1827 4197; x_wconf 87' lang='lat' dir='ltr'><strong>(Prov.</strong></span> 
     </span>
    </p>
   </div>
   <div class='ocr_carea' id='block_1_73' title="bbox 238 4214 1831 4285">
    <p class='ocr_par' dir='ltr' id='par_1_73' title="bbox 238 4214 1831 4285">
     <span class='ocr_line' id='line_1_73' title="bbox 238 4214 1831 4285; baseline 0.001 -17"><span class='ocrx_word' id='word_1_521' title='bbox 238 4227 438 4281; x_wconf 75' lang='lat' dir='ltr'><strong>xxvnt,</strong></span> <span class='ocrx_word' id='word_1_522' title='bbox 492 4214 570 4285; x_wconf 89' lang='lat'><strong>9).</strong></span> <span class='ocrx_word' id='word_1_523' title='bbox 625 4216 696 4270; x_wconf 80' lang='lat' dir='ltr'><strong>At</strong></span> <span class='ocrx_word' id='word_1_524' title='bbox 752 4226 939 4270; x_wconf 78' lang='lat' dir='ltr'><strong>contra</strong></span> <span class='ocrx_word' id='word_1_525' title='bbox 996 4217 1111 4271; x_wconf 89' lang='lat' dir='ltr'><strong>veri</strong></span> <span class='ocrx_word' id='word_1_526' title='bbox 1155 4218 1470 4272; x_wconf 88' lang='lat' dir='ltr'><strong>adoratores</strong></span> <span class='ocrx_word' id='word_1_527' title='bbox 1526 4216 1831 4271; x_wconf 89' lang='lat' dir='ltr'><strong>adorabunt</strong></span> 
     </span>
    </p>
   </div>
   <div class='ocr_carea' id='block_1_74' title="bbox 240 4302 1831 4376">
    <p class='ocr_par' dir='ltr' id='par_1_74' title="bbox 240 4302 1831 4376">
     <span class='ocr_line' id='line_1_74' title="bbox 240 4302 1831 4376; baseline 0.003 -18"><span class='ocrx_word' id='word_1_528' title='bbox 240 4302 461 4359; x_wconf 87' lang='lat' dir='ltr'><strong>Patrem</strong></span> <span class='ocrx_word' id='word_1_529' title='bbox 499 4306 551 4361; x_wconf 90' lang='lat' dir='ltr'><strong>in</strong></span> <span class='ocrx_word' id='word_1_530' title='bbox 594 4307 787 4376; x_wconf 88' lang='lat' dir='ltr'><strong>spiritu</strong></span> <span class='ocrx_word' id='word_1_531' title='bbox 816 4318 870 4361; x_wconf 91' lang='lat' dir='ltr'><strong>et</strong></span> <span class='ocrx_word' id='word_1_532' title='bbox 895 4308 1142 4373; x_wconf 87' lang='lat' dir='ltr'><strong>veritate,</strong></span> <span class='ocrx_word' id='word_1_533' title='bbox 1170 4310 1448 4365; x_wconf 90' lang='lat' dir='ltr'><strong>Dominica</strong></span> <span class='ocrx_word' id='word_1_534' title='bbox 1500 4309 1655 4364; x_wconf 89' lang='lat' dir='ltr'><strong>nobis</strong></span> <span class='ocrx_word' id='word_1_535' title='bbox 1695 4308 1831 4363; x_wconf 86' lang='lat' dir='ltr'><strong>dici-</strong></span> 
     </span>
    </p>
   </div>
   <div class='ocr_carea' id='block_1_75' title="bbox 242 4397 1828 4471">
    <p class='ocr_par' dir='ltr' id='par_1_75' title="bbox 242 4397 1828 4471">
     <span class='ocr_line' id='line_1_75' title="bbox 242 4397 1828 4471; baseline 0.001 -18"><span class='ocrx_word' id='word_1_536' title='bbox 242 4408 332 4455; x_wconf 86' lang='lat' dir='ltr'><strong>tur</strong></span> <span class='ocrx_word' id='word_1_537' title='bbox 364 4414 495 4453; x_wconf 82' lang='lat' dir='ltr'><strong>voce</strong></span> <span class='ocrx_word' id='word_1_538' title='bbox 522 4397 707 4469; x_wconf 81' lang='lat' dir='ltr'><strong>(Joan.</strong></span> <span class='ocrx_word' id='word_1_539' title='bbox 738 4413 809 4463; x_wconf 90' lang='lat' dir='ltr'><strong>Iv,</strong></span> <span class='ocrx_word' id='word_1_540' title='bbox 852 4399 965 4470; x_wconf 79' lang='lat'><strong>‘25).</strong></span> <span class='ocrx_word' id='word_1_541' title='bbox 996 4398 1247 4455; x_wconf 86' lang='lat' dir='ltr'><strong>Petamus</strong></span> <span class='ocrx_word' id='word_1_542' title='bbox 1277 4416 1491 4471; x_wconf 84' lang='lat' dir='ltr'><strong>quoque</strong></span> <span class='ocrx_word' id='word_1_543' title='bbox 1523 4416 1551 4454; x_wconf 92' lang='lat' dir='ltr'><strong>a</strong></span> <span class='ocrx_word' id='word_1_544' title='bbox 1581 4401 1690 4454; x_wconf 92' lang='lat' dir='ltr'><strong>Deo</strong></span> <span class='ocrx_word' id='word_1_545' title='bbox 1723 4413 1828 4455; x_wconf 90' lang='lat' dir='ltr'><strong>non</strong></span> 
     </span>
    </p>
   </div>
   <div class='ocr_carea' id='block_1_76' title="bbox 240 4490 1825 4563">
    <p class='ocr_par' dir='ltr' id='par_1_76' title="bbox 240 4490 1825 4563">
     <span class='ocr_line' id='line_1_76' title="bbox 240 4490 1825 4563; baseline 0.003 -21"><span class='ocrx_word' id='word_1_546' title='bbox 240 4492 384 4560; x_wconf 87' lang='lat' dir='ltr'><strong>quod</strong></span> <span class='ocrx_word' id='word_1_547' title='bbox 413 4505 515 4545; x_wconf 90' lang='lat' dir='ltr'><strong>nos</strong></span> <span class='ocrx_word' id='word_1_548' title='bbox 535 4490 788 4560; x_wconf 84' lang='lat' dir='ltr'><strong>prohibet</strong></span> <span class='ocrx_word' id='word_1_549' title='bbox 812 4507 1029 4561; x_wconf 90' lang='lat' dir='ltr'><strong>cupere,</strong></span> <span class='ocrx_word' id='word_1_550' title='bbox 1058 4494 1152 4549; x_wconf 91' lang='lat' dir='ltr'><strong>sed</strong></span> <span class='ocrx_word' id='word_1_551' title='bbox 1177 4495 1318 4563; x_wconf 92' lang='lat' dir='ltr'><strong>quod</strong></span> <span class='ocrx_word' id='word_1_552' title='bbox 1350 4495 1583 4562; x_wconf 86' lang='lat' dir='ltr'><strong>imperat</strong></span> <span class='ocrx_word' id='word_1_553' title='bbox 1611 4492 1825 4547; x_wconf 86' lang='lat' dir='ltr'><strong>deside-</strong></span> 
     </span>
    </p>
   </div>
   <div class='ocr_carea' id='block_1_77' title="bbox 242 4583 1821 4655">
    <p class='ocr_par' dir='ltr' id='par_1_77' title="bbox 242 4583 1821 4655">
     <span class='ocr_line' id='line_1_77' title="bbox 242 4583 1821 4655; baseline 0.003 -20"><span class='ocrx_word' id='word_1_554' title='bbox 242 4598 388 4647; x_wconf 84' lang='lat' dir='ltr'><strong>rare,</strong></span> <span class='ocrx_word' id='word_1_555' title='bbox 425 4590 484 4636; x_wconf 91' lang='lat' dir='ltr'><strong>ut</strong></span> <span class='ocrx_word' id='word_1_556' title='bbox 511 4583 670 4637; x_wconf 89' lang='lat' dir='ltr'><strong>nobis</strong></span> <span class='ocrx_word' id='word_1_557' title='bbox 716 4585 1044 4653; x_wconf 87' lang='lat' dir='ltr'><strong>respondere</strong></span> <span class='ocrx_word' id='word_1_558' title='bbox 1084 4585 1337 4655; x_wconf 88' lang='lat' dir='ltr'><strong>dignetur</strong></span> <span class='ocrx_word' id='word_1_559' title='bbox 1365 4585 1509 4654; x_wconf 89' lang='lat' dir='ltr'><strong>quod</strong></span> <span class='ocrx_word' id='word_1_560' title='bbox 1547 4583 1821 4639; x_wconf 88' lang='lat' dir='ltr'><strong>Salomoni</strong></span> 
     </span>
    </p>
   </div>
   <div class='ocr_carea' id='block_1_78' title="bbox 238 4673 1823 4746">
    <p class='ocr_par' dir='ltr' id='par_1_78' title="bbox 238 4673 1823 4746">
     <span class='ocr_line' id='line_1_78' title="bbox 238 4673 1823 4746; baseline 0.001 -18"><span class='ocrx_word' id='word_1_561' title='bbox 238 4674 567 4742; x_wconf 86' lang='lat' dir='ltr'><strong>sapientiam</strong></span> <span class='ocrx_word' id='word_1_562' title='bbox 610 4673 905 4743; x_wconf 88' lang='lat' dir='ltr'><strong>postulanti</strong></span> <span class='ocrx_word' id='word_1_563' title='bbox 951 4675 1225 4744; x_wconf 90' lang='lat' dir='ltr'><strong>respondit</strong></span> <span class='ocrx_word' id='word_1_564' title='bbox 1266 4675 1388 4741; x_wconf 85' lang='lat' dir='ltr'><strong>(III</strong></span> <span class='ocrx_word' id='word_1_565' title='bbox 1424 4675 1553 4746; x_wconf 85' lang='lat' dir='ltr'><strong>Reg.</strong></span> <span class='ocrx_word' id='word_1_566' title='bbox 1597 4691 1681 4741; x_wconf 72' lang='grc' dir='ltr'>ιιι,</span> <span class='ocrx_word' id='word_1_567' title='bbox 1712 4673 1823 4746; x_wconf 81' lang='grc'><strong>11).</strong></span> 
     </span>
    </p>
   </div>
   <div class='ocr_carea' id='block_1_79' title="bbox 238 4764 1823 4838">
    <p class='ocr_par' dir='ltr' id='par_1_79' title="bbox 238 4764 1823 4838">
     <span class='ocr_line' id='line_1_79' title="bbox 238 4764 1823 4838; baseline 0.001 -18"><span class='ocrx_word' id='word_1_568' title='bbox 238 4764 338 4820; x_wconf 86' lang='lat' dir='ltr'><strong>Cui</strong></span> <span class='ocrx_word' id='word_1_569' title='bbox 387 4766 645 4819; x_wconf 86' lang='lat' dir='ltr'><strong>nimirum</strong></span> <span class='ocrx_word' id='word_1_570' title='bbox 693 4780 952 4835; x_wconf 89' lang='lat' dir='ltr'><strong>responso</strong></span> <span class='ocrx_word' id='word_1_571' title='bbox 994 4766 1122 4821; x_wconf 91' lang='lat' dir='ltr'><strong>illud</strong></span> <span class='ocrx_word' id='word_1_572' title='bbox 1158 4766 1505 4838; x_wconf 89' lang='lat' dir='ltr'><strong>Evangelium</strong></span> <span class='ocrx_word' id='word_1_573' title='bbox 1548 4767 1823 4823; x_wconf 89' lang='lat' dir='ltr'><strong>concinit:</strong></span> 
     </span>
    </p>
   </div>
   <div class='ocr_carea' id='block_1_80' title="bbox 240 4857 1828 4931">
    <p class='ocr_par' dir='ltr' id='par_1_80' title="bbox 240 4857 1828 4931">
     <span class='ocr_line' id='line_1_80' title="bbox 240 4857 1828 4931; baseline 0.001 -20"><span class='ocrx_word' id='word_1_574' title='bbox 240 4857 478 4923; x_wconf 71' lang='lat' dir='ltr'><strong>Qumrite</strong></span> <span class='ocrx_word' id='word_1_575' title='bbox 501 4859 729 4927; x_wconf 84' lang='lat' dir='ltr'><strong>primum</strong></span> <span class='ocrx_word' id='word_1_576' title='bbox 757 4875 973 4930; x_wconf 82' lang='lat' dir='ltr'><strong>regnum</strong></span> <span class='ocrx_word' id='word_1_577' title='bbox 998 4858 1096 4913; x_wconf 87' lang='lat' dir='ltr'><strong>Dei</strong></span> <span class='ocrx_word' id='word_1_578' title='bbox 1119 4872 1166 4914; x_wconf 90' lang='lat' dir='ltr'><strong>et</strong></span> <span class='ocrx_word' id='word_1_579' title='bbox 1187 4861 1456 4931; x_wconf 87' lang='lat' dir='ltr'><strong>justitiam</strong></span> <span class='ocrx_word' id='word_1_580' title='bbox 1485 4863 1619 4931; x_wconf 86' lang='lat' dir='ltr'><strong>ejus,</strong></span> <span class='ocrx_word' id='word_1_581' title='bbox 1642 4869 1691 4917; x_wconf 87' lang='lat' dir='ltr'><strong>et</strong></span> <span class='ocrx_word' id='word_1_582' title='bbox 1717 4861 1828 4914; x_wconf 70' lang='lat' dir='ltr'><strong>haec</strong></span> 
     </span>
    </p>
   </div>
   <div class='ocr_carea' id='block_1_81' title="bbox 238 4950 1819 5033">
    <p class='ocr_par' dir='ltr' id='par_1_81' title="bbox 238 4950 1819 5033">
     <span class='ocr_line' id='line_1_81' title="bbox 238 4950 1819 5033; baseline 0.003 -30"><span class='ocrx_word' id='word_1_583' title='bbox 238 4952 439 5014; x_wconf 84' lang='lat' dir='ltr'><strong>omnia,</strong></span> <span class='ocrx_word' id='word_1_584' title='bbox 480 4950 536 5004; x_wconf 87' lang='lat' dir='ltr'><strong>id</strong></span> <span class='ocrx_word' id='word_1_585' title='bbox 565 4960 647 5006; x_wconf 89' lang='lat' dir='ltr'><strong>est</strong></span> <span class='ocrx_word' id='word_1_586' title='bbox 679 4951 893 5020; x_wconf 90' lang='lat' dir='ltr'><strong>corpori</strong></span> <span class='ocrx_word' id='word_1_587' title='bbox 938 4954 1272 5019; x_wconf 86' lang='lat' dir='ltr'><strong>necessaria,</strong></span> <span class='ocrx_word' id='word_1_588' title='bbox 1319 4953 1638 5023; x_wconf 87' lang='lat' dir='ltr'><strong>adjicientur</strong></span> <span class='ocrx_word' id='word_1_589' title='bbox 1678 4952 1819 5033; x_wconf 72' lang='lat' dir='ltr'><strong>vobis</strong></span> 
     </span>
    </p>
   </div>
   <div class='ocr_carea' id='block_1_82' title="bbox 238 5039 675 5111">
    <p class='ocr_par' dir='ltr' id='par_1_82' title="bbox 238 5039 675 5111">
     <span class='ocr_line' id='line_1_82' title="bbox 238 5039 675 5111; baseline 0 -17"><span class='ocrx_word' id='word_1_590' title='bbox 238 5039 393 5110; x_wconf 87' lang='lat' dir='ltr'><strong>(Luc.</strong></span> <span class='ocrx_word' id='word_1_591' title='bbox 429 5056 529 5107; x_wconf 80' lang='lat' dir='ltr'><strong>xu,</strong></span> <span class='ocrx_word' id='word_1_592' title='bbox 561 5040 675 5111; x_wconf 78' lang='lat' dir='ltr'><strong>Si).</strong></span> 
     </span>
    </p>
   </div>
   <div class='ocr_carea' id='block_1_83' title="bbox 308 5133 1824 5170">
    <p class='ocr_par' dir='ltr' id='par_1_83' title="bbox 308 5133 1824 5170">
     <span class='ocr_line' id='line_1_83' title="bbox 308 5133 1824 5170; baseline 0 0"><span class='ocrx_word' id='word_1_593' title='bbox 308 5134 378 5170; x_wconf 53' lang='lat' dir='ltr'><strong>lx</strong></span> <span class='ocrx_word' id='word_1_594' title='bbox 444 5133 642 5170; x_wconf 74' lang='lat' dir='ltr'><strong>nslnluc</strong></span> <span class='ocrx_word' id='word_1_595' title='bbox 674 5143 853 5170; x_wconf 67' lang='lat' dir='ltr'><strong>arulam</strong></span> <span class='ocrx_word' id='word_1_596' title='bbox 914 5150 1072 5170; x_wconf 68' lang='lat' dir='ltr'><strong>ansam</strong></span> <span class='ocrx_word' id='word_1_597' title='bbox 1101 5135 1433 5170; x_wconf 69' lang='grc' dir='ltr'><strong>ονηιιΑἰΙιῖΙηο</strong></span> <span class='ocrx_word' id='word_1_598' title='bbox 1460 5136 1670 5170; x_wconf 64' lang='lat' dir='ltr'><strong>illa-sum</strong></span> <span class='ocrx_word' id='word_1_599' title='bbox 1699 5141 1824 5170; x_wconf 63' lang='lat' dir='ltr'><strong>erant</strong></span> 
     </span>
    </p>
   </div>
   <div class='ocr_carea' id='block_1_84' title="bbox 1933 3294 3515 3374">
    <p class='ocr_par' dir='ltr' id='par_1_84' title="bbox 1933 3294 3515 3374">
     <span class='ocr_line' id='line_1_84' title="bbox 1933 3294 3515 3374; baseline -0.009 -12"><span class='ocrx_word' id='word_1_600' title='bbox 1933 3323 2052 3362; x_wconf 89' lang='lat' dir='ltr'><strong>mus</strong></span> <span class='ocrx_word' id='word_1_601' title='bbox 2081 3324 2093 3360; x_wconf 93' lang='lat'><strong>:</strong></span> <span class='ocrx_word' id='word_1_602' title='bbox 2121 3306 2223 3372; x_wconf 85' lang='lat' dir='ltr'><strong>Qui</strong></span> <span class='ocrx_word' id='word_1_603' title='bbox 2255 3304 2407 3374; x_wconf 73' lang='lat' dir='ltr'><strong>offert</strong></span> <span class='ocrx_word' id='word_1_604' title='bbox 2452 3301 2772 3370; x_wconf 78' lang='lat' dir='ltr'><strong>sacriﬁcium</strong></span> <span class='ocrx_word' id='word_1_605' title='bbox 2816 3315 2881 3353; x_wconf 69' lang='lat' dir='ltr'><strong>ex</strong></span> <span class='ocrx_word' id='word_1_606' title='bbox 2906 3298 3203 3353; x_wconf 87' lang='lat' dir='ltr'><strong>substantia</strong></span> <span class='ocrx_word' id='word_1_607' title='bbox 3245 3294 3515 3366; x_wconf 82' lang='lat' dir='ltr'><strong>pauperis,</strong></span> 
     </span>
    </p>
   </div>
   <div class='ocr_carea' id='block_1_85' title="bbox 1930 3383 3519 3465">
    <p class='ocr_par' dir='ltr' id='par_1_85' title="bbox 1930 3383 3519 3465">
     <span class='ocr_line' id='line_1_85' title="bbox 1930 3383 3519 3465; baseline -0.009 -14"><span class='ocrx_word' id='word_1_608' title='bbox 1930 3396 2006 3451; x_wconf 86' lang='lat' dir='ltr'><strong>sic</strong></span> <span class='ocrx_word' id='word_1_609' title='bbox 2044 3404 2119 3450; x_wconf 88' lang='lat' dir='ltr'><strong>est</strong></span> <span class='ocrx_word' id='word_1_610' title='bbox 2148 3392 2298 3465; x_wconf 81' lang='lat' dir='ltr'><strong>quasi</strong></span> <span class='ocrx_word' id='word_1_611' title='bbox 2330 3392 2420 3462; x_wconf 85' lang='lat' dir='ltr'><strong>qui</strong></span> <span class='ocrx_word' id='word_1_612' title='bbox 2465 3390 2697 3443; x_wconf 88' lang='lat' dir='ltr'><strong>victimat</strong></span> <span class='ocrx_word' id='word_1_613' title='bbox 2725 3386 2894 3456; x_wconf 83' lang='lat' dir='ltr'><strong>ﬁlium</strong></span> <span class='ocrx_word' id='word_1_614' title='bbox 2940 3388 2995 3440; x_wconf 88' lang='lat' dir='ltr'><strong>in</strong></span> <span class='ocrx_word' id='word_1_615' title='bbox 3036 3393 3310 3454; x_wconf 85' lang='lat' dir='ltr'><strong>conspectu</strong></span> <span class='ocrx_word' id='word_1_616' title='bbox 3350 3383 3519 3453; x_wconf 82' lang='lat' dir='ltr'><strong>patris</strong></span> 
     </span>
    </p>
   </div>
   <div class='ocr_carea' id='block_1_86' title="bbox 1929 3473 3519 3555">
    <p class='ocr_par' dir='ltr' id='par_1_86' title="bbox 1929 3473 3519 3555">
     <span class='ocr_line' id='line_1_86' title="bbox 1929 3473 3519 3555; baseline -0.008 -15"><span class='ocrx_word' id='word_1_617' title='bbox 1929 3486 2014 3540; x_wconf 88' lang='lat' dir='ltr'><strong>sui</strong></span> <span class='ocrx_word' id='word_1_618' title='bbox 2037 3481 2227 3555; x_wconf 84' lang='lat' dir='ltr'><strong>(Eccli.</strong></span> <span class='ocrx_word' id='word_1_619' title='bbox 2270 3496 2454 3545; x_wconf 78' lang='lat' dir='ltr'><strong>xxxw,</strong></span> <span class='ocrx_word' id='word_1_620' title='bbox 2482 3479 2596 3550; x_wconf 67' lang='grc'><strong>24).</strong></span> <span class='ocrx_word' id='word_1_621' title='bbox 2623 3477 2736 3533; x_wconf 83' lang='lat' dir='ltr'><strong>Hoc</strong></span> <span class='ocrx_word' id='word_1_622' title='bbox 2770 3491 2899 3531; x_wconf 85' lang='lat' dir='ltr'><strong>vero</strong></span> <span class='ocrx_word' id='word_1_623' title='bbox 2928 3475 3205 3537; x_wconf 82' lang='lat' dir='ltr'><strong>facientes,</strong></span> <span class='ocrx_word' id='word_1_624' title='bbox 3241 3473 3381 3528; x_wconf 89' lang='lat' dir='ltr'><strong>illius</strong></span> <span class='ocrx_word' id='word_1_625' title='bbox 3414 3474 3519 3528; x_wconf 83' lang='lat' dir='ltr'><strong>Do-</strong></span> 
     </span>
    </p>
   </div>
   <div class='ocr_carea' id='block_1_87' title="bbox 1930 3567 3511 3639">
    <p class='ocr_par' dir='ltr' id='par_1_87' title="bbox 1930 3567 3511 3639">
     <span class='ocr_line' id='line_1_87' title="bbox 1930 3567 3511 3639; baseline -0.01 -7"><span class='ocrx_word' id='word_1_626' title='bbox 1930 3575 2061 3631; x_wconf 88' lang='lat' dir='ltr'><strong>mini</strong></span> <span class='ocrx_word' id='word_1_627' title='bbox 2094 3573 2440 3629; x_wconf 85' lang='lat' dir='ltr'><strong>recordemur</strong></span> <span class='ocrx_word' id='word_1_628' title='bbox 2470 3588 2481 3622; x_wconf 92' lang='lat'><strong>:</strong></span> <span class='ocrx_word' id='word_1_629' title='bbox 2517 3569 2649 3623; x_wconf 80' lang='lat' dir='ltr'><strong>Cum</strong></span> <span class='ocrx_word' id='word_1_630' title='bbox 2671 3569 2804 3639; x_wconf 79' lang='lat' dir='ltr'><strong>facis</strong></span> <span class='ocrx_word' id='word_1_631' title='bbox 2839 3567 3120 3637; x_wconf 83' lang='lat' dir='ltr'><strong>prandium</strong></span> <span class='ocrx_word' id='word_1_632' title='bbox 3160 3575 3251 3618; x_wconf 88' lang='lat' dir='ltr'><strong>aut</strong></span> <span class='ocrx_word' id='word_1_633' title='bbox 3289 3579 3511 3629; x_wconf 75' lang='lat' dir='ltr'><strong>caenam,</strong></span> 
     </span>
    </p>
   </div>
   <div class='ocr_carea' id='block_1_88' title="bbox 1931 3653 3516 3732">
    <p class='ocr_par' dir='ltr' id='par_1_88' title="bbox 1931 3653 3516 3732">
     <span class='ocr_line' id='line_1_88' title="bbox 1931 3653 3516 3732; baseline -0.01 -9"><span class='ocrx_word' id='word_1_634' title='bbox 1931 3668 2039 3723; x_wconf 90' lang='lat' dir='ltr'><strong>noli</strong></span> <span class='ocrx_word' id='word_1_635' title='bbox 2084 3682 2269 3721; x_wconf 86' lang='lat' dir='ltr'><strong>vocare</strong></span> <span class='ocrx_word' id='word_1_636' title='bbox 2302 3664 2509 3727; x_wconf 84' lang='lat' dir='ltr'><strong>divites,</strong></span> <span class='ocrx_word' id='word_1_637' title='bbox 2536 3661 2660 3732; x_wconf 88' lang='lat' dir='ltr'><strong>quia</strong></span> <span class='ocrx_word' id='word_1_638' title='bbox 2703 3659 2890 3713; x_wconf 85' lang='lat' dir='ltr'><strong>habent</strong></span> <span class='ocrx_word' id='word_1_639' title='bbox 2943 3656 3225 3712; x_wconf 86' lang='lat' dir='ltr'><strong>retribuere</strong></span> <span class='ocrx_word' id='word_1_640' title='bbox 3253 3654 3377 3721; x_wconf 87' lang='lat' dir='ltr'><strong>tibi;</strong></span> <span class='ocrx_word' id='word_1_641' title='bbox 3423 3653 3516 3709; x_wconf 83' lang='lat' dir='ltr'><strong>sed</strong></span> 
     </span>
    </p>
   </div>
   <div class='ocr_carea' id='block_1_89' title="bbox 1932 3748 3517 3830">
    <p class='ocr_par' dir='ltr' id='par_1_89' title="bbox 1932 3748 3517 3830">
     <span class='ocr_line' id='line_1_89' title="bbox 1932 3748 3517 3830; baseline -0.007 -15"><span class='ocrx_word' id='word_1_642' title='bbox 1932 3777 2057 3815; x_wconf 85' lang='lat' dir='ltr'><strong>voca</strong></span> <span class='ocrx_word' id='word_1_643' title='bbox 2093 3774 2369 3830; x_wconf 85' lang='lat' dir='ltr'><strong>pauperes,</strong></span> <span class='ocrx_word' id='word_1_644' title='bbox 2413 3766 2459 3810; x_wconf 87' lang='lat' dir='ltr'><strong>et</strong></span> <span class='ocrx_word' id='word_1_645' title='bbox 2500 3752 2815 3808; x_wconf 86' lang='lat' dir='ltr'><strong>retribuetur</strong></span> <span class='ocrx_word' id='word_1_646' title='bbox 2863 3750 2956 3805; x_wconf 84' lang='lat' dir='ltr'><strong>tibi</strong></span> <span class='ocrx_word' id='word_1_647' title='bbox 3034 3751 3089 3804; x_wconf 91' lang='lat' dir='ltr'><strong>in</strong></span> <span class='ocrx_word' id='word_1_648' title='bbox 3138 3748 3517 3804; x_wconf 81' lang='lat' dir='ltr'><strong>resurrectione</strong></span> 
     </span>
    </p>
   </div>
   <div class='ocr_carea' id='block_1_90' title="bbox 1921 3842 3519 3924">
    <p class='ocr_par' dir='ltr' id='par_1_90' title="bbox 1921 3842 3519 3924">
     <span class='ocr_line' id='line_1_90' title="bbox 1921 3842 3519 3924; baseline -0.006 -16"><span class='ocrx_word' id='word_1_649' title='bbox 1921 3854 2194 3924; x_wconf 85' lang='lat' dir='ltr'><strong>justorum</strong></span> <span class='ocrx_word' id='word_1_650' title='bbox 2229 3848 2383 3913; x_wconf 81' lang='lat' dir='ltr'><strong>(Luc.</strong></span> <span class='ocrx_word' id='word_1_651' title='bbox 2416 3845 2765 3915; x_wconf 72' lang='lat' dir='ltr'><strong>x1v,12-M).</strong></span> <span class='ocrx_word' id='word_1_652' title='bbox 2799 3843 3057 3913; x_wconf 84' lang='lat' dir='ltr'><strong>Quamvis</strong></span> <span class='ocrx_word' id='word_1_653' title='bbox 3093 3858 3250 3898; x_wconf 92' lang='lat' dir='ltr'><strong>nemo</strong></span> <span class='ocrx_word' id='word_1_654' title='bbox 3277 3842 3329 3897; x_wconf 89' lang='lat' dir='ltr'><strong>in</strong></span> <span class='ocrx_word' id='word_1_655' title='bbox 3366 3857 3429 3897; x_wconf 88' lang='lat' dir='ltr'><strong>ea</strong></span> <span class='ocrx_word' id='word_1_656' title='bbox 3458 3857 3519 3898; x_wconf 84' lang='lat' dir='ltr'><strong>re</strong></span> 
     </span>
    </p>
   </div>
   <div class='ocr_carea' id='block_1_91' title="bbox 1932 3936 3518 4015">
    <p class='ocr_par' dir='ltr' id='par_1_91' title="bbox 1932 3936 3518 4015">
     <span class='ocr_line' id='line_1_91' title="bbox 1932 3936 3518 4015; baseline -0.007 -11"><span class='ocrx_word' id='word_1_657' title='bbox 1932 3949 2004 4004; x_wconf 90' lang='lat' dir='ltr'><strong>sit</strong></span> <span class='ocrx_word' id='word_1_658' title='bbox 2031 3947 2201 4011; x_wconf 90' lang='lat' dir='ltr'><strong>dives,</strong></span> <span class='ocrx_word' id='word_1_659' title='bbox 2233 3946 2285 4000; x_wconf 94' lang='lat' dir='ltr'><strong>in</strong></span> <span class='ocrx_word' id='word_1_660' title='bbox 2313 3959 2417 4015; x_wconf 90' lang='lat' dir='ltr'><strong>qua</strong></span> <span class='ocrx_word' id='word_1_661' title='bbox 2448 3942 2643 3999; x_wconf 89' lang='lat' dir='ltr'><strong>solatio</strong></span> <span class='ocrx_word' id='word_1_662' title='bbox 2670 3941 2904 4013; x_wconf 85' lang='lat' dir='ltr'><strong>indiget;</strong></span> <span class='ocrx_word' id='word_1_663' title='bbox 2934 3954 2995 3995; x_wconf 88' lang='lat' dir='ltr'><strong>ac</strong></span> <span class='ocrx_word' id='word_1_664' title='bbox 3024 3954 3122 4011; x_wconf 90' lang='lat' dir='ltr'><strong>per</strong></span> <span class='ocrx_word' id='word_1_665' title='bbox 3145 3940 3245 3995; x_wconf 87' lang='lat' dir='ltr'><strong>hoc</strong></span> <span class='ocrx_word' id='word_1_666' title='bbox 3269 3938 3411 4010; x_wconf 91' lang='lat' dir='ltr'><strong>quod</strong></span> <span class='ocrx_word' id='word_1_667' title='bbox 3439 3936 3518 3994; x_wconf 91' lang='lat' dir='ltr'><strong>illi</strong></span> 
     </span>
    </p>
   </div>
   <div class='ocr_carea' id='block_1_92' title="bbox 1930 4029 3518 4108">
    <p class='ocr_par' dir='ltr' id='par_1_92' title="bbox 1930 4029 3518 4108">
     <span class='ocr_line' id='line_1_92' title="bbox 1930 4029 3518 4108; baseline -0.006 -17"><span class='ocrx_word' id='word_1_668' title='bbox 1930 4038 2213 4108; x_wconf 88' lang='lat' dir='ltr'><strong>largimur,</strong></span> <span class='ocrx_word' id='word_1_669' title='bbox 2245 4050 2351 4091; x_wconf 91' lang='lat' dir='ltr'><strong>non</strong></span> <span class='ocrx_word' id='word_1_670' title='bbox 2379 4032 2555 4097; x_wconf 89' lang='lat' dir='ltr'><strong>diviti,</strong></span> <span class='ocrx_word' id='word_1_671' title='bbox 2591 4032 2685 4087; x_wconf 85' lang='lat' dir='ltr'><strong>sed</strong></span> <span class='ocrx_word' id='word_1_672' title='bbox 2710 4030 3041 4086; x_wconf 87' lang='lat' dir='ltr'><strong>conferimus</strong></span> <span class='ocrx_word' id='word_1_673' title='bbox 3072 4029 3349 4100; x_wconf 84' lang='lat' dir='ltr'><strong>indigenti,</strong></span> <span class='ocrx_word' id='word_1_674' title='bbox 3396 4037 3518 4083; x_wconf 82' lang='lat' dir='ltr'><strong>tan-</strong></span> 
     </span>
    </p>
   </div>
   <div class='ocr_carea' id='block_1_93' title="bbox 1932 4120 3518 4201">
    <p class='ocr_par' dir='ltr' id='par_1_93' title="bbox 1932 4120 3518 4201">
     <span class='ocr_line' id='line_1_93' title="bbox 1932 4120 3518 4201; baseline -0.008 -13"><span class='ocrx_word' id='word_1_675' title='bbox 1932 4141 2045 4188; x_wconf 89' lang='lat' dir='ltr'><strong>tum</strong></span> <span class='ocrx_word' id='word_1_676' title='bbox 2076 4145 2175 4201; x_wconf 88' lang='lat' dir='ltr'><strong>pro</strong></span> <span class='ocrx_word' id='word_1_677' title='bbox 2204 4128 2299 4182; x_wconf 89' lang='lat' dir='ltr'><strong>Dei</strong></span> <span class='ocrx_word' id='word_1_678' title='bbox 2326 4125 2653 4189; x_wconf 88' lang='lat' dir='ltr'><strong>reverentia,</strong></span> <span class='ocrx_word' id='word_1_679' title='bbox 2682 4135 2735 4177; x_wconf 88' lang='lat' dir='ltr'><strong>et</strong></span> <span class='ocrx_word' id='word_1_680' title='bbox 2759 4138 2855 4193; x_wconf 92' lang='lat' dir='ltr'><strong>pro</strong></span> <span class='ocrx_word' id='word_1_681' title='bbox 2892 4121 3093 4176; x_wconf 85' lang='lat' dir='ltr'><strong>Christi</strong></span> <span class='ocrx_word' id='word_1_682' title='bbox 3122 4121 3224 4175; x_wconf 88' lang='lat' dir='ltr'><strong>lIoc</strong></span> <span class='ocrx_word' id='word_1_683' title='bbox 3251 4120 3518 4175; x_wconf 83' lang='lat' dir='ltr'><strong>faciamus</strong></span> 
     </span>
    </p>
   </div>
   <div class='ocr_carea' id='block_1_94' title="bbox 1930 4213 3514 4289">
    <p class='ocr_par' dir='ltr' id='par_1_94' title="bbox 1930 4213 3514 4289">
     <span class='ocr_line' id='line_1_94' title="bbox 1930 4213 3514 4289; baseline -0.009 -9"><span class='ocrx_word' id='word_1_684' title='bbox 1930 4239 2149 4286; x_wconf 88' lang='lat' dir='ltr'><strong>amore,</strong></span> <span class='ocrx_word' id='word_1_685' title='bbox 2210 4222 2353 4276; x_wconf 88' lang='lat' dir='ltr'><strong>illius</strong></span> <span class='ocrx_word' id='word_1_686' title='bbox 2400 4220 2589 4289; x_wconf 88' lang='lat' dir='ltr'><strong>utique</strong></span> <span class='ocrx_word' id='word_1_687' title='bbox 2640 4218 2785 4273; x_wconf 92' lang='lat' dir='ltr'><strong>ducti</strong></span> <span class='ocrx_word' id='word_1_688' title='bbox 2835 4216 3158 4271; x_wconf 87' lang='lat' dir='ltr'><strong>auctoritate</strong></span> <span class='ocrx_word' id='word_1_689' title='bbox 3204 4213 3458 4284; x_wconf 63' lang='lat' dir='ltr'><strong>praecepti</strong></span> <span class='ocrx_word' id='word_1_690' title='bbox 3497 4228 3514 4267; x_wconf 93' lang='lat'><strong>:</strong></span> 
     </span>
    </p>
   </div>
   <div class='ocr_carea' id='block_1_95' title="bbox 1931 4302 3519 4380">
    <p class='ocr_par' dir='ltr' id='par_1_95' title="bbox 1931 4302 3519 4380">
     <span class='ocr_line' id='line_1_95' title="bbox 1931 4302 3519 4380; baseline -0.006 -12"><span class='ocrx_word' id='word_1_691' title='bbox 1931 4313 2062 4380; x_wconf 78' lang='lat' dir='ltr'><strong>Qua:</strong></span> <span class='ocrx_word' id='word_1_692' title='bbox 2092 4314 2247 4368; x_wconf 80' lang='lat' dir='ltr'><strong>vultis</strong></span> <span class='ocrx_word' id='word_1_693' title='bbox 2282 4321 2340 4365; x_wconf 86' lang='lat' dir='ltr'><strong>ut</strong></span> <span class='ocrx_word' id='word_1_694' title='bbox 2362 4310 2560 4380; x_wconf 79' lang='lat' dir='ltr'><strong>faciant</strong></span> <span class='ocrx_word' id='word_1_695' title='bbox 2587 4308 2725 4362; x_wconf 83' lang='lat' dir='ltr'><strong>vobis</strong></span> <span class='ocrx_word' id='word_1_696' title='bbox 2750 4307 3012 4371; x_wconf 77' lang='lat' dir='ltr'><strong>homines,</strong></span> <span class='ocrx_word' id='word_1_697' title='bbox 3036 4316 3084 4359; x_wconf 89' lang='lat' dir='ltr'><strong>et</strong></span> <span class='ocrx_word' id='word_1_698' title='bbox 3113 4322 3199 4359; x_wconf 84' lang='lat' dir='ltr'><strong>vos</strong></span> <span class='ocrx_word' id='word_1_699' title='bbox 3228 4303 3384 4373; x_wconf 77' lang='lat' dir='ltr'><strong>facile</strong></span> <span class='ocrx_word' id='word_1_700' title='bbox 3412 4302 3519 4358; x_wconf 85' lang='lat' dir='ltr'><strong>illis</strong></span> 
     </span>
    </p>
   </div>
   <div class='ocr_carea' id='block_1_96' title="bbox 1928 4397 3517 4474">
    <p class='ocr_par' dir='ltr' id='par_1_96' title="bbox 1928 4397 3517 4474">
     <span class='ocr_line' id='line_1_96' title="bbox 1928 4397 3517 4474; baseline -0.006 -15"><span class='ocrx_word' id='word_1_701' title='bbox 1928 4404 2170 4459; x_wconf 85' lang='lat' dir='ltr'><strong>similiter</strong></span> <span class='ocrx_word' id='word_1_702' title='bbox 2201 4402 2416 4474; x_wconf 83' lang='lat' dir='ltr'><strong>(Matth.</strong></span> <span class='ocrx_word' id='word_1_703' title='bbox 2446 4417 2540 4464; x_wconf 85' lang='lat' dir='ltr'><strong>vn,</strong></span> <span class='ocrx_word' id='word_1_704' title='bbox 2586 4400 2699 4469; x_wconf 62' lang='grc' dir='ltr'><strong>Η).</strong></span> <span class='ocrx_word' id='word_1_705' title='bbox 2732 4398 2885 4465; x_wconf 86' lang='lat' dir='ltr'><strong>Quod</strong></span> <span class='ocrx_word' id='word_1_706' title='bbox 2924 4398 3065 4452; x_wconf 90' lang='lat' dir='ltr'><strong>enim</strong></span> <span class='ocrx_word' id='word_1_707' title='bbox 3106 4397 3170 4452; x_wconf 84' lang='lat' dir='ltr'><strong>dc</strong></span> <span class='ocrx_word' id='word_1_708' title='bbox 3210 4409 3517 4451; x_wconf 85' lang='lat' dir='ltr'><strong>mammona</strong></span> 
     </span>
    </p>
   </div>
   <div class='ocr_carea' id='block_1_97' title="bbox 1936 4490 3513 4570">
    <p class='ocr_par' dir='ltr' id='par_1_97' title="bbox 1936 4490 3513 4570">
     <span class='ocr_line' id='line_1_97' title="bbox 1936 4490 3513 4570; baseline -0.006 -16"><span class='ocrx_word' id='word_1_709' title='bbox 1936 4499 2238 4570; x_wconf 89' lang='lat' dir='ltr'><strong>iniquitatis</strong></span> <span class='ocrx_word' id='word_1_710' title='bbox 2265 4498 2468 4551; x_wconf 89' lang='lat' dir='ltr'><strong>amicos</strong></span> <span class='ocrx_word' id='word_1_711' title='bbox 2499 4496 2653 4549; x_wconf 88' lang='lat' dir='ltr'><strong>nobis</strong></span> <span class='ocrx_word' id='word_1_712' title='bbox 2683 4492 2862 4547; x_wconf 90' lang='lat' dir='ltr'><strong>facere</strong></span> <span class='ocrx_word' id='word_1_713' title='bbox 2897 4493 3187 4546; x_wconf 87' lang='lat' dir='ltr'><strong>suademnr</strong></span> <span class='ocrx_word' id='word_1_714' title='bbox 3218 4490 3370 4562; x_wconf 88' lang='lat' dir='ltr'><strong>(Luc.</strong></span> <span class='ocrx_word' id='word_1_715' title='bbox 3394 4505 3513 4557; x_wconf 65' lang='grc' dir='ltr'>χιι,</span> 
     </span>
    </p>
   </div>
   <div class='ocr_carea' id='block_1_98' title="bbox 1936 4582 3513 4661">
    <p class='ocr_par' dir='ltr' id='par_1_98' title="bbox 1936 4582 3513 4661">
     <span class='ocr_line' id='line_1_98' title="bbox 1936 4582 3513 4661; baseline -0.006 -15"><span class='ocrx_word' id='word_1_716' title='bbox 1936 4590 2013 4661; x_wconf 90' lang='lat'><strong>9),</strong></span> <span class='ocrx_word' id='word_1_717' title='bbox 2051 4606 2154 4646; x_wconf 92' lang='lat' dir='ltr'><strong>non</strong></span> <span class='ocrx_word' id='word_1_718' title='bbox 2203 4598 2486 4660; x_wconf 86' lang='lat' dir='ltr'><strong>propterea</strong></span> <span class='ocrx_word' id='word_1_719' title='bbox 2547 4585 2765 4650; x_wconf 88' lang='lat' dir='ltr'><strong>dicitur,</strong></span> <span class='ocrx_word' id='word_1_720' title='bbox 2794 4593 2852 4639; x_wconf 94' lang='lat' dir='ltr'><strong>nt</strong></span> <span class='ocrx_word' id='word_1_721' title='bbox 2900 4584 2994 4637; x_wconf 91' lang='lat' dir='ltr'><strong>uni</strong></span> <span class='ocrx_word' id='word_1_722' title='bbox 3027 4582 3336 4637; x_wconf 83' lang='lat' dir='ltr'><strong>auferamus</strong></span> <span class='ocrx_word' id='word_1_723' title='bbox 3367 4582 3513 4651; x_wconf 87' lang='lat' dir='ltr'><strong>quod</strong></span> 
     </span>
    </p>
   </div>
   <div class='ocr_carea' id='block_1_99' title="bbox 1935 4671 3519 4743">
    <p class='ocr_par' dir='ltr' id='par_1_99' title="bbox 1935 4671 3519 4743">
     <span class='ocr_line' id='line_1_99' title="bbox 1935 4671 3519 4743; baseline -0.006 -9"><span class='ocrx_word' id='word_1_724' title='bbox 1935 4680 2088 4734; x_wconf 89' lang='lat' dir='ltr'><strong>alteri</strong></span> <span class='ocrx_word' id='word_1_725' title='bbox 2120 4677 2440 4742; x_wconf 89' lang='lat' dir='ltr'><strong>tribuamus,</strong></span> <span class='ocrx_word' id='word_1_726' title='bbox 2470 4690 2594 4730; x_wconf 92' lang='lat' dir='ltr'><strong>cum</strong></span> <span class='ocrx_word' id='word_1_727' title='bbox 2644 4673 2800 4743; x_wconf 79' lang='lat' dir='ltr'><strong>juxta</strong></span> <span class='ocrx_word' id='word_1_728' title='bbox 2834 4674 3206 4743; x_wconf 76' lang='lat' dir='ltr'><strong>Augustinum,</strong></span> <span class='ocrx_word' id='word_1_729' title='bbox 3234 4671 3422 4725; x_wconf 88' lang='lat' dir='ltr'><strong>melius</strong></span> <span class='ocrx_word' id='word_1_730' title='bbox 3446 4671 3519 4726; x_wconf 88' lang='lat' dir='ltr'><strong>sit</strong></span> 
     </span>
    </p>
   </div>
   <div class='ocr_carea' id='block_1_100' title="bbox 1934 4761 3515 4837">
    <p class='ocr_par' dir='ltr' id='par_1_100' title="bbox 1934 4761 3515 4837">
     <span class='ocr_line' id='line_1_100' title="bbox 1934 4761 3515 4837; baseline -0.007 -11"><span class='ocrx_word' id='word_1_731' title='bbox 1934 4772 2067 4826; x_wconf 91' lang='lat' dir='ltr'><strong>nulli</strong></span> <span class='ocrx_word' id='word_1_732' title='bbox 2095 4769 2249 4834; x_wconf 86' lang='lat' dir='ltr'><strong>dare,</strong></span> <span class='ocrx_word' id='word_1_733' title='bbox 2282 4783 2446 4837; x_wconf 89' lang='lat' dir='ltr'><strong>quam</strong></span> <span class='ocrx_word' id='word_1_734' title='bbox 2492 4766 2651 4821; x_wconf 89' lang='lat' dir='ltr'><strong>alicui</strong></span> <span class='ocrx_word' id='word_1_735' title='bbox 2686 4764 2904 4828; x_wconf 90' lang='lat' dir='ltr'><strong>tollere;</strong></span> <span class='ocrx_word' id='word_1_736' title='bbox 2958 4763 3055 4817; x_wconf 91' lang='lat' dir='ltr'><strong>sed</strong></span> <span class='ocrx_word' id='word_1_737' title='bbox 3085 4772 3141 4816; x_wconf 93' lang='lat' dir='ltr'><strong>ut</strong></span> <span class='ocrx_word' id='word_1_738' title='bbox 3183 4761 3515 4826; x_wconf 84' lang='lat' dir='ltr'><strong>noverimus,</strong></span> 
     </span>
    </p>
   </div>
   <div class='ocr_carea' id='block_1_101' title="bbox 1935 4852 3518 4932">
    <p class='ocr_par' dir='ltr' id='par_1_101' title="bbox 1935 4852 3518 4932">
     <span class='ocr_line' id='line_1_101' title="bbox 1935 4852 3518 4932; baseline -0.007 -15"><span class='ocrx_word' id='word_1_739' title='bbox 1935 4863 2061 4932; x_wconf 88' lang='lat' dir='ltr'><strong>quia</strong></span> <span class='ocrx_word' id='word_1_740' title='bbox 2091 4859 2291 4916; x_wconf 76' lang='lat' dir='ltr'><strong>divitia:</strong></span> <span class='ocrx_word' id='word_1_741' title='bbox 2319 4873 2441 4913; x_wconf 91' lang='lat' dir='ltr'><strong>cum</strong></span> <span class='ocrx_word' id='word_1_742' title='bbox 2471 4858 2619 4912; x_wconf 91' lang='lat' dir='ltr'><strong>omni</strong></span> <span class='ocrx_word' id='word_1_743' title='bbox 2668 4856 2777 4911; x_wconf 90' lang='lat' dir='ltr'><strong>sint</strong></span> <span class='ocrx_word' id='word_1_744' title='bbox 2806 4855 3005 4910; x_wconf 79' lang='lat' dir='ltr'><strong>szeculo</strong></span> <span class='ocrx_word' id='word_1_745' title='bbox 3038 4852 3401 4909; x_wconf 85' lang='lat' dir='ltr'><strong>comumniter</strong></span> <span class='ocrx_word' id='word_1_746' title='bbox 3422 4853 3518 4906; x_wconf 86' lang='lat' dir='ltr'><strong>da-</strong></span> 
     </span>
    </p>
   </div>
   <div class='ocr_carea' id='block_1_102' title="bbox 1937 4943 3522 5022">
    <p class='ocr_par' dir='ltr' id='par_1_102' title="bbox 1937 4943 3522 5022">
     <span class='ocr_line' id='line_1_102' title="bbox 1937 4943 3522 5022; baseline -0.006 -12"><span class='ocrx_word' id='word_1_747' title='bbox 1937 4964 2024 5020; x_wconf 70' lang='lat' dir='ltr'><strong>tte,</strong></span> <span class='ocrx_word' id='word_1_748' title='bbox 2055 4970 2085 5008; x_wconf 89' lang='lat' dir='ltr'><strong>a</strong></span> <span class='ocrx_word' id='word_1_749' title='bbox 2107 4952 2253 5007; x_wconf 90' lang='lat' dir='ltr'><strong>nullo</strong></span> <span class='ocrx_word' id='word_1_750' title='bbox 2273 4951 2588 5022; x_wconf 83' lang='lat' dir='ltr'><strong>congregari</strong></span> <span class='ocrx_word' id='word_1_751' title='bbox 2617 4950 2734 5004; x_wconf 92' lang='lat' dir='ltr'><strong>sine</strong></span> <span class='ocrx_word' id='word_1_752' title='bbox 2762 4946 3004 5002; x_wconf 72' lang='lat' dir='ltr'><strong>avaritiae</strong></span> <span class='ocrx_word' id='word_1_753' title='bbox 3040 4944 3176 5000; x_wconf 80' lang='lat' dir='ltr'><strong>male</strong></span> <span class='ocrx_word' id='word_1_754' title='bbox 3205 4943 3390 4998; x_wconf 83' lang='lat' dir='ltr'><strong>valent</strong></span> <span class='ocrx_word' id='word_1_755' title='bbox 3411 4946 3522 5000; x_wconf 90' lang='lat' dir='ltr'><strong>ullo</strong></span> 
     </span>
    </p>
   </div>
   <div class='ocr_carea' id='block_1_103' title="bbox 1934 5039 3523 5112">
    <p class='ocr_par' dir='ltr' id='par_1_103' title="bbox 1934 5039 3523 5112">
     <span class='ocr_line' id='line_1_103' title="bbox 1934 5039 3523 5112; baseline -0.005 -7"><span class='ocrx_word' id='word_1_756' title='bbox 1934 5050 2114 5106; x_wconf 90' lang='lat' dir='ltr'><strong>modo.</strong></span> <span class='ocrx_word' id='word_1_757' title='bbox 2143 5048 2333 5105; x_wconf 92' lang='lat' dir='ltr'><strong>Omnis</strong></span> <span class='ocrx_word' id='word_1_758' title='bbox 2358 5048 2527 5112; x_wconf 90' lang='lat' dir='ltr'><strong>enim,</strong></span> <span class='ocrx_word' id='word_1_759' title='bbox 2570 5045 2648 5100; x_wconf 89' lang='lat' dir='ltr'><strong>ait</strong></span> <span class='ocrx_word' id='word_1_760' title='bbox 2675 5042 3060 5111; x_wconf 85' lang='lat' dir='ltr'><strong>Hieronymus,</strong></span> <span class='ocrx_word' id='word_1_761' title='bbox 3085 5039 3259 5099; x_wconf 81' lang='lat' dir='ltr'><strong>dives,</strong></span> <span class='ocrx_word' id='word_1_762' title='bbox 3291 5048 3381 5092; x_wconf 87' lang='lat' dir='ltr'><strong>aut</strong></span> <span class='ocrx_word' id='word_1_763' title='bbox 3414 5041 3523 5097; x_wconf 86' lang='lat' dir='ltr'><strong>ini-</strong></span> 
     </span>
    </p>
   </div>
   <div class='ocr_carea' id='block_1_104' title="bbox 1936 5129 3530 5170">
    <p class='ocr_par' dir='ltr' id='par_1_104' title="bbox 1936 5129 3530 5170">
     <span class='ocr_line' id='line_1_104' title="bbox 1936 5129 3530 5170; baseline 0 0"><span class='ocrx_word' id='word_1_764' title='bbox 1936 5159 2071 5170; x_wconf 65' lang='grc' dir='ltr'><strong>ηιμ...</strong></span> <span class='ocrx_word' id='word_1_765' title='bbox 2137 5152 2220 5170; x_wconf 61' lang='grc' dir='ltr'><strong>Α...</strong></span> <span class='ocrx_word' id='word_1_766' title='bbox 2258 5140 2425 5170; x_wconf 67' lang='grc' dir='ltr'>ζηῖηιιξ</span> <span class='ocrx_word' id='word_1_767' title='bbox 2461 5147 2536 5170; x_wconf 73' lang='lat' dir='ltr'><strong>nol</strong></span> <span class='ocrx_word' id='word_1_768' title='bbox 2586 5139 2758 5170; x_wconf 54' lang='lat' dir='ltr'><strong>lumnae</strong></span> <span class='ocrx_word' id='word_1_769' title='bbox 2806 5134 2870 5170; x_wconf 62' lang='lat' dir='ltr'>pl</span> <span class='ocrx_word' id='word_1_770' title='bbox 2901 5134 3028 5170; x_wconf 63' lang='lat' dir='ltr'><strong>nni-x</strong></span> <span class='ocrx_word' id='word_1_771' title='bbox 3068 5129 3369 5170; x_wconf 62' lang='lat' dir='ltr'><strong>Dcnltnielm</strong></span> <span class='ocrx_word' id='word_1_772' title='bbox 3395 5135 3530 5170; x_wconf 68' lang='grc' dir='ltr'><strong>ιῖἶηῖ-</strong></span> 
     </span>
    </p>
   </div>
  </div>
