4044 5348
560 138 665 208 ὸὶθ

1484 150 1816 209 RATIIERII
1852 151 2068 219 EPISC,
2110 150 2364 210 VERON.
2405 150 2558 211 ΟΡΡ.
2601 152 2781 210 PARS
2817 152 2907 210 Ill.

3716 161 3815 235 ἸΨ

556 268 753 320 minus.
804 263 870 318 Et
888 264 1011 333 quia
1054 262 1159 317 hoc
1186 278 1403 335 quoque
1449 248 1627 320 nabis~
1654 267 1987 337 praccipitur,
2041 265 2135 319 tri-
2161 270 2212 333 Α
2238 265 2446 335 prodest
2473 266 2523 337 (I
2550 266 2670 321 Cor.
2706 284 2827 331 xm,
2867 265 2945 337 ὅ).
3001 266 3068 323 Ut
3103 268 3347 339 ejusdem
3373 269 3663 343 charitatis
3702 273 3821 344 jura

554 355 784 411 buamus
814 355 991 426 potius
1033 355 1172 410 bono
1215 371 1377 425 quam
1407 357 1570 419 malo,
1602 358 1647 411 si
1693 368 1869 413 tamen
1908 372 2005 414 eos
2045 372 2136 412 va-

556 446 726 503 lemus
769 446 1114 511 discernere;
1165 448 1209 501 si
1260 462 1405 513 non,
1444 464 1739 519 sequamur
1802 450 2071 506 dicentem
2118 467 2132 505 :

555 537 639 592 Ne
661 538 823 610 eligas
855 541 940 594 cui
962 541 1279 595 miserearis.
1342 542 1643 598 Caveamus
1669 545 1855 609 etiam,
1888 562 1953 600 ne
1976 560 2136 613 quem

553 644 934 701 exasperemus
961 632 1318 702 importunius
1357 632 1484 688 licet
1537 646 1814 707 rogantem
1847 654 1860 689 :
1899 635 2138 693 Hilarem

552 724 689 777 enim
728 724 964 777 datorem
1003 725 1174 793 diligit
1221 724 1360 780 Deus
1380 726 1463 797 (Il
1510 727 1632 782 Cor.
1668 745 1746 793 Ix,
1779 730 1853 797 7).
1892 730 1955 784 Et
1986 731 2138 800 quia,

552 812 766 877 beatus,
800 822 856 867 ut
887 814 964 868 ait
1004 813 1346 880 Ambrosius,
1382 820 1641 873 bonorum
1691 823 1956 877 cxhibitio
1998 840 2140 892 saepe

552 920 652 976 per
681 923 887 963 moram
918 912 1191 977 contraztit
1230 909 1510 979 olfensam,
1544 914 1880 982 praebeamus
1923 916 2141 972 solliciti

554 1008 741 1052 aurem
771 998 968 1053 dicenti
1003 1017 1015 1053 :
1050 997 1133 1055 Ne
1164 1002 1311 1056 dicas
1338 1005 1507 1058 amico
1550 1014 1682 1059 tuo:
1722 1006 1868 1060 Vade
1890 1018 1936 1061 et
1970 1025 2141 1062 rerer-

550 1097 677 1153 tere,
719 1099 767 1145 et
787 1107 906 1145 cras
931 1092 1066 1146 dabo
1095 1094 1205 1156 tibi,
1243 1111 1358 1148 cum
1390 1097 1568 1150 statim
1607 1098 1775 1168 possis
1800 1100 1929 1152 dare
1953 1099 2136 1170 (μνον.

548 1196 641 1251 ιιι,
681 1183 794 1256 28).
832 1184 891 1240 In
938 1186 1021 1240 his
1051 1201 1179 1242 vero
1215 1188 1467 1243 omnibus
1516 1190 1619 1244 hoc
1669 1192 2033 1259 attendamus,
2084 1203 2142 1248 ut

550 1288 665 1332 non
696 1291 795 1346 pro
820 1277 963 1332 inani
1000 1278 1188 1348 gloria,
1225 1282 1317 1335 sed
1359 1297 1458 1352 pro
1498 1283 1590 1337 Dei
1615 1282 1881 1351 jussione,
1913 1295 1968 1339 et
1994 1303 2145 1341 roni-

548 1370 740 1425 munis
768 1379 974 1426 natura:
1000 1372 1455 1441 consideratione,
1486 1376 1684 1431 bonum
1717 1378 1859 1447 quod
1892 1376 2139 1447 facimus,

559 1476 719 1543 agere
767 1462 1101 1527 studeamus,
1154 1464 1384 1520 Domino
1436 1466 1776 1536 ita-iubente
1807 1489 1820 1524 :
1857 1468 1927 1524 Te
1968 1483 2141 1525 autem

556 1556 782 1626 faciente
805 1555 1205 1628 eleemosynam,
1238 1561 1433 1614 nesciat
1454 1563 1671 1616 sinistra
1695 1574 1787 1616 tua
1816 1564 1957 1631 quod
1983 1564 2141 1632 faciet

561 1648 776 1702 dextera
820 1657 911 1701 tua
944 1647 1161 1720 (Matth.
1192 1666 1268 1717 γι,
1310 1652 1387 1721 5).
1422 1652 1740 1721 Quanquam
1773 1662 1831 1707 et
1870 1655 1972 1708 hoc
1999 1655 2145 1710 dicto

536 1728 780 1812 'I'prazcipi
821 1741 994 1811 possit
1031 1742 1223 1809 videri,
1260 1752 1318 1798 ιιι
1364 1745 1416 1798 in
1468 1755 1651 1800 nostra
1699 1746 2038 1818 eleemosyna
2071 1748 2146 1803 nil

542 1832 733 1903 possit
775 1832 1027 1897 inveniri,
1054 1834 1195 1903 quod
1247 1836 1312 1891 de
1366 1836 1585 1891 sinistro
1617 1854 1800 1908 opere,
1845 1840 1895 1893 id
1941 1848 2047 1905 est,
2080 1842 2146 1895 de

558 1925 758 1996 injusto
787 1926 858 1980 sit
901 1927 1224 1996 acquisitum
1270 1928 1454 1986 labore
1487 1949 1499 1985 :
1537 1934 1782 2003 sequitur
1810 1934 1993 2006 (1152)
2034 1951 2148 1991 ma-

532 2017 640 2088 ‘gis
684 2020 1100 2076 ostentationem
1145 2022 1336 2077 innuat
1384 2023 1489 2079 hoc
1530 2025 1674 2080 dicto
1721 2029 1918 2081 notari.
1958 2027 2025 2083 Ut
2055 2029 2142 2094 sit,

559 2106 834 2179 inquiens,
879 2109 1206 2182 eleemosyna
1261 2122 1351 2168 tua
1400 2115 1457 2168 in
1508 2117 1835 2183 abscondito,
1892 2129 1938 2173 et
1982 2117 2148 2176 Pater

556 2211 680 2257 tuus
703 2204 793 2274 qui
828 2204 966 2259 ridet
1012 2205 1067 2259 in
1101 2207 1433 2274 abscondito,
1470 2210 1645 2264 reddet
1688 2212 1782 2264 tibi
1823 2211 2014 2283 (Ibid,
2060 2213 2143 2285 4).

552 2292 779 2349 Dicente
806 2310 1021 2365 quoque
1052 2298 1315 2367 Apostolo
1341 2318 1353 2354 :
1387 2299 1491 2366 Qui
1522 2319 1677 2372 parce
1705 2305 1946 2369 seminat,
1988 2322 2146 2377 parce

559 2393 606 2438 et
628 2394 782 2439 metet
815 2384 897 2455 (ΙΙ
927 2383 1052 2441 Cor.
1085 2403 1160 2453 Ix,
1189 2386 1277 2460 6);
1303 2398 1355 2445 et
1383 2392 1507 2459 quia
1540 2392 1673 2446 sicut
1703 2412 1841 2464 aqua
1864 2397 2145 2467 exstinguit

520 2534 525 2541 _
559 2479 754 2547 ignem,
787 2479 862 2532 ita
887 2478 1211 2552 eleemosyna
1239 2485 1521 2555 exstinguit
1547 2498 1816 2556 peccatum
1846 2489 2035 2557 (Eccli.
2061 2505 2144 2557 tn,

560 2569 684 2642 53);
740 2573 1183 2644 consideremus,
1242 2580 1479 2633 maximo
1522 2581 1631 2652 igni
1692 2581 1884 2649 injecta
1934 2585 2145 2639 modica

532 2662 688 2732 quid
731 2662 893 2718 faciat
922 2664 1088 2739 588
1115 2683 1274 2739 aqua.
1323 2671 1404 2725 Ad
1444 2686 1605 2741 quam
1651 2674 2145 2730 considerationem

524 2748 533 2767 "
561 2768 668 2807 non
696 2753 908 2809 modice
943 2755 1082 2809 valet
1114 2758 1422 2823 consilium,
1453 2760 1593 2831 quod
1635 2762 1836 2818 Tobias
1864 2765 2142 2834 aequivoco

540 2838 789 2912 praebuit
817 2844 927 2900 ﬁlio
956 2863 969 2899 :
1004 2844 1134 2913 Fili,
1168 2849 1434 2919 inquiens,
1486 2852 1533 2905 si
1571 2852 1792 2906 multum
1838 2854 1931 2908 tibi
1963 2855 2144 2922 fuerit,

540 2934 893 2990 abundanter
929 2938 1134 3001 tribue;
1180 2941 1224 2994 si
1254 2951 1463 3009 parum,
1506 2944 1660 2996 etiam
1702 2944 1873 3013 ipsum
1926 2944 2146 3000 libenter

2243 371 2461 411 servare
2500 372 2763 426 queamus
2811 358 2996 423 illaesa,
3026 357 3363 429 praebeamus
3406 362 3591 417 cordis
3638 380 3822 425 aurem

2240 447 2444 503 dicenti
2476 466 2488 501 :
2521 446 2578 503 Si
2602 448 2756 518 offers
2784 464 2974 503 munus
2995 459 3143 504 tuum
3165 450 3233 504 ad
3265 453 3452 518 altare,
3481 465 3531 506 et
3559 454 3634 507 ibi
3660 470 3829 509 recor-

2242 538 2398 593 datus
2420 540 2584 608 [ueris
2622 541 2745 609 quia
2785 540 2953 610 frater
2984 551 3107 596 tuus
3141 542 3292 596 habet
3323 543 3527 615 aliquid
3552 547 3826 601 adversus:

2243 638 2292 684 te
2304 647 2323 695 ;
2355 632 2584 703 relinque
2604 632 2676 686 ibi
2704 649 2894 687 munus
2918 642 3208 699 tuumaute
3239 634 3427 702 altare,
3458 648 3506 690 et
3527 637 3663 693 vade
3685 639 3830 709 prius

2244 725 2573 779 reconciliari
2602 726 2755 790 fratri
2787 736 2912 791 tuo;
2941 736 2989 780 et
3021 737 3144 780 tunc
3178 729 3385 783 veniens
3423 731 3617 800 offeres
3644 746 3831 789 munus

2242 824 2392 871 tuum
2424 815 2639 884 (Matth.
2684 831 2740 881 v,
2769 815 2838 871 25
2871 816 2985 886 24).
3030 815 3181 882 Quod
3224 819 3270 873 si
3312 819 3426 886 ille,
3452 820 3546 890 qui
3596 820 3834 876 laedendo

2242 906 2505 971 fratrem,
2559 909 2614 964 in
2667 909 2846 978 aliquo
2914 911 3257 965 contristavit
3308 912 3606 978 eumdem,
3663 914 3835 968 suasit

2246 1000 2429 1069 (1455)
2459 1016 2620 1070 agere
2648 1016 2752 1055 non
2790 1002 3111 1070 dedignatus
3141 1004 3387 1069 Domini;
3424 1006 3513 1060 ille
3541 1006 3640 1076 qui
3677 1006 3836 1061 laesus

2245 1091 2506 1146 adversus
2551 1091 2773 1146 fratrem
2814 1093 3015 1162 aliquid
3066 1093 3248 1161 habet,
3282 1095 3466 1151 taliter
3508 1112 3572 1151 se
3620 1111 3837 1168 quoque

2245 1186 2486 1240 monenti
2519 1187 2737 1241 surdam
2772 1187 2973 1241 mentis
3014 1204 3121 1242 non
3169 1190 3409 1259 praetreat
3436 1205 3629 1245 aurem
3660 1209 3675 1244 :
3707 1190 3835 1244 Cum

2245 1276 2397 1331 statis
2429 1278 2498 1329 ad
2546 1277 2815 1330 orandum'
2840 1278 3081 1332 dimittite
3102 1278 3147 1332 si
3178 1279 3304 1349 quid
3344 1280 3544 1335 lmbetis
3586 1281 3835 1337 adversus

2245 1367 2491 1437 aliquem,
2540 1379 2594 1422 ut
2643 1378 2691 1422 et
2736 1366 2901 1422 Pater
2954 1381 3118 1423 vester
3158 1371 3373 1425 caelestis
3420 1372 3653 1427 dimittat
3695 1372 3837 1429 vobis

2245 1470 2457 1529 peccata
2497 1471 2686 1515 vestra.
2720 1460 2874 1526 Quod
2895 1463 2942 1515 si
2967 1479 3053 1516 vos
3091 1480 3195 1517 non
3232 1464 3559 1529 dimiseritis,
3609 1481 3705 1519 nec
3734 1465 3838 1532 ipse

2247 1554 2466 1609 dimittet
2495 1554 2637 1608 vobis
2663 1563 2873 1623 peccata
2902 1566 3070 1610 vestra
3104 1554 3297 1627 (Marc.
3324 1572 3402 1621 XI,
3433 1556 3649 1627 25-26).

2177 1633 2222 1693 Β
2321 1647 2408 1701 17,
2452 1646 2589 1702 Sunt
2620 1663 2748 1702 vero
2771 1660 2959 1702 contra
2990 1650 3160 1707 nostri
3188 1649 3520 1715 consimiles,
3552 1650 3624 1704 ad
3654 1649 3836 1706 dimit-

2248 1738 2468 1794 tendum
2506 1740 2650 1809 quod
2677 1739 2728 1794 in
2768 1740 2938 1796 Deum
2966 1741 3321 1805 committitur
3346 1741 3668 1811 perfaciles;
3700 1741 3838 1812 quod

2247 1839 2437 1886 contra
2468 1830 2588 1885 illos
2618 1831 2819 1902 agitur,
2855 1832 2994 1889 odiis
3040 1832 3084 1888 si
3134 1843 3354 1903 possent
3377 1833 3663 1903 perpetuis
3700 1833 3841 1888 inse-

2247 1932 2491 1990 ctantes;
2522 1940 2648 1980 cum
2675 1926 2846 1995 magis
2866 1926 3107 1981 cbaritas
3130 1934 3451 1997 exposceret
3478 1935 3539 1979 ut
3566 1933 3762 1981 contra
3781 1940 3838 1981 se

2249 2023 2370 2069 acta
2416 2014 2577 2069 facile
2605 2015 2963 2081 dimitterent,
3010 2026 3198 2071 contra
3250 2014 3420 2070 Deum
3469 2029 3605 2071 vero
3648 2030 3839 2085 perpe-

2248 2116 2391 2162 trata
2437 2108 2766 2179 rigidissime
2810 2108 3170 2174 vindicarent,
3224 2123 3330 2163 non
3367 2109 3724 2165 itnmemores
3763 2117 3839 2161 ta-

2246 2212 2375 2252 men
2403 2198 2633 2253 dicentis
2665 2216 2677 2251 :
2709 2196 2814 2263 Qui
2850 2199 2962 2253 sine
2997 2207 3210 2266 peccato
3244 2208 3319 2253 est
3358 2208 3606 2263 vestrum,
3641 2197 3838 2267 primus

2246 2290 2306 2342 in
2330 2287 2478 2342 illam
2519 2288 2744 2356 lapidem
2781 2288 2952 2343 mittat
2986 2287 3168 2359 (Joan.
3194 2304 3309 2354 vnt,
3338 2288 3411 2357 7).
3446 2287 3667 2343 Nullum
3705 2302 3839 2358 pra.

2249 2388 2397 2434 terea
2427 2380 2629 2435 bonum
2655 2380 3098 2450 ceinpensatione
3126 2380 3254 2436 mali
3275 2380 3392 2436 fieri
3422 2381 3626 2436 debere
3652 2379 3839 2439 creda-

2248 2487 2408 2537 mus;
2458 2480 2518 2525 ut
2572 2472 2823 2528 videlicet
2874 2471 2995 2527 ideo
3024 2470 3260 2541 jejunes,
3309 2473 3431 2528 ideo
3466 2473 3835 2544 eleemosynas

2214 2598 2217 2599 ν
2249 2564 2441 2629 facias,
2494 2566 2615 2620 ideo
2648 2565 2989 2623 orationibus
3033 2582 3213 2621 aerem
3252 2566 3417 2621 istum
3459 2565 3683 2636 fatiges,
3718 2566 3837 2625 ideo

2248 2658 2391 2727 quod
2443 2667 2632 2713 contra
2678 2668 2730 2714 te
2776 2668 2861 2714 est
2910 2667 3284 2730 perpetratum
3332 2659 3602 2725 dimittas,
3648 2667 3836 2714 utaut

2249 2749 2594 2814 adulterium,
2639 2760 2734 2805 aut
2779 2750 3218 2818 fornicationem,
3267 2762 3364 2808 aut
3409 2753 3615 2822 aliquid
3664 2752 3836 2809 simile

2249 2842 2403 2911 quasi
2433 2842 2697 2913 impunite
2743 2842 2923 2899 facere
2966 2844 3177 2909 credas,
3220 2858 3351 2899 cum
3381 2842 3513 2899 nulli
3553 2843 3835 2914 promitta-

2252 2942 2694 3004 turpeccatornm
2711 2936 2886 2998 venia,
2905 2936 3005 2991 nisi
3028 2938 3119 3006 qui
3135 2950 3427 2991 conversus
3442 2933 3734 3005 reliquerit
3748 2948 3834 2990 ea.

562 3022 818 3096 impertiri
851 3031 1000 3085 stude
1026 3029 1177 3102 (Tob.
1204 3006 1279 3097 ιφ,
1311 3033 1387 3103 9).
1417 3006 1560 3089 Nihil
1601 3006 1745 3091 enim
1777 3036 1888 3093 Deo
1924 3038 2145 3095 charius
2171 3006 2219 3070 ο
2319 3025 2485 3097 589
2516 3026 2599 3081 I8.
2630 3025 2776 3081 Talia
2816 3026 2978 3096 igitur
3008 3042 3130 3081 cum
3176 3035 3359 3081 nostra
3398 3035 3659 3095 tanquam
3703 3039 3836 3081 eon-

564 3115 702 3174 bona
725 3118 1022 3188 voluntate,
1044 3136 1166 3178 cum
1196 3134 1249 3180 et
1277 3126 1418 3181 calix
1446 3143 1597 3196 aquae
1620 3128 1829 3200 frigidae
1856 3146 1978 3186 cum
2003 3131 2147 3188 bona

564 3208 845 3269 voluntate
924 3214 1153 3288 largitus
1220 3220 1679 3275 remunerationis
1733 3221 1984 3277 mercede
2041 3238 2148 3279 non

513 3290 521 3301 ’
565 3311 771 3370 careat,
800 3311 857 3359 ut
884 3305 998 3376 ipse
1026 3306 1103 3361 ait
1128 3307 1180 3363 in
1213 3307 1506 3381 Evangelio
1550 3313 1809 3367 Dominus
1841 3312 2058 3383 (Matth.
2087 3329 2146 3381 ιι,

560 3391 674 3466 42).
705 3391 805 3452 Cui
836 3398 983 3453 canit
1007 3397 1292 3455 Psalmista
1318 3403 1541 3458 devotus
1573 3421 1585 3458 :
1617 3403 1685 3459 In
1712 3420 1792 3458 me
1814 3413 1955 3468 sunt,
1983 3404 2148 3472 Deus,

562 3494 682 3540 vota
725 3495 817 3542 tua
855 3486 1029 3559 (Psal.
1070 3507 1156 3567 tv,
1185 3493 1295 3564 15),
1326 3494 1376 3547 id
1408 3503 1513 3562 est,
1546 3495 1813 3561 voluntas,
1844 3511 2005 3567 quam
2049 3497 2151 3552 tibi

516 3582 519 3587 ’
565 3590 763 3637 cuncta
789 3583 1031 3638 cernenti
1058 3582 1228 3639 offero
1252 3583 1472 3641 bonam.
1506 3587 1768 3654 Quocirca
1802 3588 1846 3642 si
1876 3596 1983 3642 tam
2017 3602 2149 3657 pau-

565 3687 664 3743 per
711 3681 793 3728 est
821 3674 962 3743 quis,
997 3684 1056 3729 ut
1084 3675 1216 3731 nihil
1257 3662 1467 3747 penitus
1495 3680 1637 3750 quod
1682 3680 1883 3735 tribuat
1912 3680 2146 3746 habeat;
2201 3696 2205 3700 ’

510 3777 513 3781 '
566 3765 914 3836 semetipsum
943 3768 989 3822 si
1029 3767 1247 3831 tribuat,
1283 3770 1383 3824 sibi
1414 3769 1659 3827 suﬂicere
1689 3773 1895 3828 credat.
1931 3772 2146 3827 Dictum

508 3848 521 3931 7‘
565 3867 651 3915 est
686 3860 830 3914 enim
861 3878 873 3914 :
904 3858 1063 3914 Omni
1107 3863 1300 3931 petenti
1348 3873 1394 3917 te
1433 3863 1601 3918 tribue
1634 3864 1785 3934 (Luc.
1831 3881 1903 3927 v1,
1949 3864 2061 3936 50),
2094 3864 2150 3919 id

568 3957 672 4014 est,
712 3957 767 4004 et
807 3950 891 4005 cui
939 3951 1158 4016 tribuis,
1201 3961 1256 4005 et
1304 3952 1388 4006 cui
1449 3968 1555 4007 non
1602 3954 1816 4020 tribuis,
1865 3962 1920 4009 te
1950 3955 2146 4009 tribue.

510 4021 521 4054 ³
570 4037 733 4093 Verbi
757 4038 949 4111 gratia,
989 4049 1141 4111 rogat
1165 4040 1358 4110 aliquis
1388 4042 1491 4098 sibi
1522 4043 1683 4097 tribui
1717 4058 1931 4114 panem,
1964 4053 2018 4099 et
2041 4059 2149 4101 non

510 4204 513 4208 _
569 4129 738 4185 babes
772 4144 931 4200 quem
963 4131 1167 4188 tribuas
1192 4148 1422 4203 panem;
1472 4134 1645 4188 tribue
1674 4144 1745 4197 te,
1778 4135 1829 4189 id
1860 4142 1961 4199 est,
2004 4144 2151 4195 tuam

504 4232 507 4236 '
567 4220 765 4277 bonam
794 4222 1125 4279 voluntatem
1177 4240 1281 4294 qua
1316 4226 1503 4296 utique
1533 4226 1799 4281 tribueres
1848 4227 1946 4294 illi,
1978 4228 2022 4283 si
2056 4231 2151 4286 ha-

570 4311 803 4379 buisses,
852 4313 1205 4370 libentissime
1244 4331 1470 4386 panem;
1500 4327 1554 4372 et
1599 4318 1723 4387 quia
1762 4334 1932 4373 sermo
1981 4320 2146 4381 bonus

570 4418 730 4474 super
755 4404 938 4460 datum
968 4407 1216 4478 optimum
1245 4382 1633 4479 '(Eccli.vxvm,
1667 4410 1779 4481 17),
1812 4412 2018 4467 enitere
2047 4429 2146 4484 pro
2175 4382 2226 4445 θ

564 4495 796 4564 viribus,
838 4505 898 4552 ut
928 4496 971 4554 si
1013 4497 1165 4554 deeSt
1215 4501 1419 4565 manui,
1463 4516 1622 4570 quem
1671 4500 1937 4571 porrigas,
1971 4502 2146 4571 cibus,

568 4603 750 4644 sermo
771 4587 968 4660 lingua:
994 4604 1099 4644 non
1128 4592 1284 4657 desit,
1317 4606 1477 4661 quem
1501 4593 1849 4661 respondeas,
1880 4594 2074 4649 bonus.

502 4676 509 4679 ’
639 4678 727 4737 16.
768 4679 903 4747 Quia
948 4696 1079 4736 vero
1127 4683 1308 4737 omnia
1358 4684 1473 4739 haec
1518 4683 1635 4739 sine
1662 4683 1951 4749 cbaritate,
1984 4685 2147 4739 mira-

567 4770 673 4827 nile
726 4771 912 4826 dictu!
964 4771 1236 4837 exhibita,
1294 4773 1427 4828 nihil
1478 4782 1617 4829 teste
1666 4774 1959 4843 proderunt
2002 4774 2150 4844 Apo-

498 4862 505 4868 ’
565 4861 724 4924 stolo,
748 4862 839 4932 qui
869 4865 947 4919 ait
973 4877 989 4917 :
1023 4862 1085 4920 Si
1119 4865 1436 4920 distribuero
1458 4867 1511 4921 in
1540 4866 1683 4920 cibos
1710 4882 2000 4935 pauperum
2023 4882 2143 4919 om-

568 4967 657 5006 nes
692 4952 969 5021 facultates
1003 4971 1169 5022 meas,
1194 4966 1242 5011 et
1269 4958 1314 5012 si
1339 4957 1608 5012 tradidero
1647 4972 1836 5025 corpus
1868 4973 2039 5010 meum
2066 4958 2144 5010 ita

497 5048 503 5054 ’
566 5053 622 5099 ιιι
651 5046 834 5103 ardeat
861 5061 879 5101 :
903 5048 1210 5106 charitatem
1239 5063 1412 5108 autem
1446 5068 1553 5107 non
1580 5050 1833 5115 habuero,
1861 5048 1991 5102 nihil
2018 5048 2146 5103 mihi

637 5202 820 5279 (M52)
858 5205 1002 5279 Idem
1027 5208 1203 5279 editor
1246 5210 1451 5279 optime
1490 5206 1740 5279 notavit:
1776 5204 2147 5279 Legerem,_’si

566 5285 657 5348 res
704 5275 809 5329 mei
863 5278 1072 5333 arbitrii
1117 5288 1262 5335 esset
1282 5275 1316 5333 ἐ
1354 5280 1494 5348 quod
1550 5277 1785 5338 sequitur
1827 5314 1840 5330 .
1885 5314 1898 5328 .
1945 5315 1958 5329 .
2000 5313 2015 5330 .
2062 5277 2148 5329 in—

2249 3118 2570 3189 temptibilia
2622 3118 2771 3184 sint,
2837 3118 2972 3187 proh
3020 3117 3208 3173 dolor!
3270 3115 3510 3186 jejunia,
3560 3116 3837 3171 orationes

2210 3256 2213 3259 η
2248 3227 2463 3283 quoque
2506 3220 2562 3265 et
2597 3211 2993 3281 eleemosynae;
3044 3210 3110 3266 de
3157 3209 3313 3267 nobis
3354 3209 3697 3279 deploratum
3742 3222 3839 3279 per

2249 3300 2538 3357 Jeremiam
2573 3301 2813 3357 valemus
2860 3301 3088 3357 timere;
3123 3300 3377 3356 Viderunt
3401 3317 3516 3356 eam
3542 3301 3741 3366 hostes,
3783 3309 3835 3353 et

2248 3393 2539 3447 deriserunt
2564 3390 2790 3447 Sabbata
2810 3399 2924 3463 ejus
2948 3391 3163 3463 (Thren.
3182 3409 3222 3457 ι,
3246 3392 3300 3462 7)
3324 3407 3340 3458 ;
3362 3400 3419 3447 et
3436 3407 3536 3461 per
3554 3390 3719 3453 alium
3739 3405 3839 3445 no-

2251 3485 2336 3540 bis
2356 3485 2637 3541 Dominum
2666 3484 2990 3554 praecepisse
3015 3502 3029 3538 :
3056 3483 3239 3539 Nolite
3254 3483 3659 3563 jejunare’sicut
3681 3496 3842 3553 usque

2250 3577 2320 3632 ad
2349 3576 2485 3631 hanc
2511 3576 2647 3631 diem
2674 3575 2828 3648 (lsai.
2861 3590 3012 3641 LVIII,
3039 3574 3119 3646 4).

2324 3667 2412 3722 19.
2446 3666 2604 3722 Teste
2637 3681 2766 3723 vero
2787 3666 3064 3737 Apostolo,
3093 3681 3219 3723 cum
3256 3666 3402 3736 quod
3429 3666 3549 3722 sine
3590 3663 3698 3721 ﬁde
3729 3662 3845 3736 agi-

2254 3767 2343 3814 tur
2362 3766 2643 3830 peccatum
2668 3759 2738 3815 sit
2772 3758 2950 3829 (Rom.
2981 3773 3095 3825 xw,
3120 3757 3238 3831 25).
3265 3759 3381 3829 ipsa
3404 3773 3537 3814 vero
3564 3757 3687 3813 sine
3714 3772 3846 3828 ope-

2253 3852 2403 3908 ribus
2432 3851 2566 3907 iides
2593 3866 2716 3907 cum
2746 3852 2923 3908 otiosa
2953 3851 3039 3909 vel
3088 3861 3299 3909 mortua
3328 3851 3400 3906 sit
3431 3851 3576 3922 (Jac.
3611 3866 3674 3916 ιι,
3705 3850 3840 3920 20);

2252 3945 2570 4013 deceptores
2597 3944 2716 4000 illos
2748 3945 3028 4015 praeterire
3069 3943 3374 4000 nullatenus
3414 3943 3726 3999 animarum
3754 3942 3848 4005 de-

2252 4037 2472 4100 bemus,
2506 4036 2598 4107 qui
2640 4045 2829 4093 contra
2869 4036 3336 4093 confirmationem
3379 4035 3669 4093 catholicae
3696 4035 3843 4101 ﬁdei,

2254 4130 2306 4185 in
2338 4144 2442 4200 qua
2472 4129 2801 4194 continetur,
2830 4130 2971 4199 quod
3016 4138 3259 4184 venturus
3287 4128 3359 4184 sit
3389 4128 3653 4185 Dominus
3686 4127 3848 4197 judi-

2253 4242 2371 4280 care
2391 4225 2526 4280 vivos
2554 4234 2603 4278 et
2632 4236 2863 4279 mortuos
2885 4222 3143 4296 (Symbol.
3174 4222 3478 4293 Albanam),
3508 4230 3563 4277 et
3586 4220 3844 4277 saeculum

2255 4335 2350 4391 per
2380 4318 2595 4389 ignem;
2627 4308 2719 4372 et:
2742 4317 2846 4382 Qui
2870 4317 3004 4371 bona
3025 4327 3272 4387 tegerunt,
3294 4316 3422 4369 ituri
3434 4315 3488 4368 in
3507 4315 3669 4369 vitam
3692 4323 3847 4369 mter—

2255 4427 2415 4475 nam;
2439 4410 2529 4480 qui
2559 4425 2675 4465 vero
2694 4409 2860 4473 mala,
2884 4408 2941 4462 in
2962 4408 3131 4477 ignem
3159 4416 3409 4461 internum
3433 4404 3620 4476 (Joan.
3650 4420 3701 4466 v,
3728 4404 3843 4474 29),

2256 4500 2630 4570 impunitatem
2676 4496 2926 4554 omnibus
2964 4496 3253 4568 baptizatis
3296 4497 3620 4568 promittunt
3656 4496 3847 4551 miser-

2257 4591 2379 4645 rimi
2407 4590 2693 4646 scelerum.
2733 4589 2832 4655 ita,
2858 4589 3140 4658 inquiunt,
3169 4589 3290 4659 pius
3316 4597 3399 4644 est
3427 4587 3572 4644 Deus
3597 4598 3655 4643 et
3683 4589 3851 4642 raise.

2247 4686 2445 4751 ricors,
2478 4693 2536 4739 ut
2581 4684 2857 4740 neminem
2890 4681 3258 4737 Christianum
3305 4681 3590 4752 permittat
3636 4681 3848 4736 intrare

2253 4779 2307 4835 in
2336 4780 2624 4835 infernum.
2652 4779 2969 4847 Quanquam
2993 4786 3178 4831 verum
3204 4775 3468 4837 dicerent,
3505 4772 3549 4828 si
3585 4770 3851 4829 Christia-

2252 4886 2379 4924 num
2409 4868 2524 4925 fore
2555 4869 2702 4924 illum
2741 4867 3097 4931 solummodo,
3143 4865 3235 4935 qui
3264 4862 3466 4920 Christi
3507 4862 3848 4918 voluntatem

2252 4962 2402 5031 facit,
2441 4962 2663 5017 credere
2704 4969 2942 5031 possent.
2984 4958 3118 5015 Cum
3168 4971 3302 5012 vero
3349 4956 3567 5012 Petrum
3616 4952 3847 5009 audiant

2252 5052 2519 5109 dicentem
2544 5051 2847 5108 apostolum
2872 5069 2886 5106 :
2911 5049 3100 5105 Melius
3122 5048 3293 5102 fuerat
3313 5047 3390 5103 eis
3411 5063 3513 5102 non
3530 5058 3848 5116 cognoscere

2256 5212 2571 5285 o/fers,_etc.
2595 5209 2670 5264 Ita
2699 5207 3188 5285 quidemsermone
3213 5219 3251 5285 ιι
3284 5201 3350 5285 de
3381 5200 3584 5255 Pascha
3614 5197 3844 5285 pnm.2_.

2253 5272 2573 5340 S'itadebam,
2624 5290 2678 5332 ut
2720 5272 2815 5348 qui
2860 5277 3084 5348 aliquem
3122 5290 3186 5348 se
3228 5272 3425 5327 (arsisse
3469 5272 3844 5348 meminerunt:
