4044 5348
251 178 359 238 701

1711 205 2088 266 ΞΕΒΜΟΝΕΞ-

3441 217 3628 308 ποα-

254 297 396 398 aviam
424 301 686 403 ueritatis,
711 319 869 403 quam
885 315 1010 403 post
1043 309 1388 379 cognitionem
1421 323 1701 369 retrorsum
1731 335 1853 372 con-
1880 325 1928 383 Α
1959 321 2184 376 fcciutus
2213 326 2550 394 recipiemus.
2582 328 2734 395 Quod
2756 340 2810 384 et
2839 331 2882 385 si
2907 331 3101 402 aliquis
3127 347 3224 403 pro
3254 333 3408 387 nobis
3439 335 3543 388 ali-

252 390 384 440 r-erti
417 388 503 452 (ll
537 390 683 448 Petr.
718 411 790 463 ιι,
840 396 928 469 2-1)
953 415 974 464 ;
1022 400 1087 455 de
1131 401 1345 470 quibus,
1397 419 1600 474 quaeso,
1647 407 1850 464 dictqu

247 478 554 547 conjiciunt
576 485 599 538 ?

326 572 416 628 20.
448 576 513 630 Et
545 593 666 632 cum
689 581 910 637 ordines
948 592 1181 654 quatuor
1214 602 1368 643 sacra
1407 598 1585 644 teneat
1617 593 1852 646 auctori-

248 671 338 718 tas
383 664 439 720 in
463 665 668 734 judicio
699 683 943 729 extremo
985 674 1197 732 futuros
1229 697 1240 732 :
1268 695 1431 734 unum
1479 681 1707 747 scilicet,
1759 683 1849 753 qui

236 753 460 830 judicet
491 775 615 815 cum
643 763 912 835 Domino;
944 769 1196 840 alterum,
1231 774 1321 842 qui
1345 789 1441 844 per
1465 775 1729 845 judicium
1760 791 1847 832 re-

242 863 608 918 muneretur;
659 857 899 922 tertium,
941 862 1031 929 qui
1080 877 1177 931 per
1207 863 1471 934 judicium
1519 867 1840 934 damnetur;

233 953 524 1010 quartum,
553 947 643 1016 qui
670 966 843 1019 neque
887 953 1262 1022 perjudicium
1295 957 1444 1012 illum
1480 958 1539 1032 [Ι.
1571 961 1723 1034 illud]
1763 978 1847 1018 re-

210 1046 580 1103 ,muneretur,
613 1055 786 1112 neque
806 1044 1115 1113 daumetur,
1141 1064 1263 1103 cum
1290 1052 1552 1119 scriptum
1585 1054 1636 1108 in
1667 1055 1845 1110 Evan-

213 1123 384 1212 gelia
412 1127 654 1196 sitzQui
701 1145 875 1188 autem
917 1154 1020 1191 non
1066 1141 1253 1204 credit,
1293 1142 1410 1210 jam
1447 1143 1719 1212 judicatus
1767 1156 1844 1202 est

229 1211 423 1310 (locu.
459 1235 558 1284 tu,
605 1223 726 1293 l0);
778 1237 832 1280 et
877 1228 1178 1284 Psalmistm
1224 1211 1457 1286 verbum
1497 1235 1603 1306 [f.,
1634 1237 1839 1310 verbo‘l

229 1304 459 1366 dicatur
475 1329 487 1362 :
503 1311 634 1367 Ideo
649 1332 751 1370 non
770 1333 1040 1388 resurgunt
1058 1322 1480 1394 impiiinjudicio
1499 1304 1670 1398 (I’sal.
1693 1347 1705 1384 l
1729 1371 1743 1394 ,
1761 1304 1836 1403 5),

228 1400 392 1470 quasi
409 1404 658 1471 apertius
673 1407 818 1462 dicat
837 1427 849 1462 :
871 1411 934 1464 Et
957 1413 1235 1482 siquidem
1267 1430 1348 1472 res
1369 1427 1575 1488 ‘Jl‘gttttl,
1598 1435 1702 1474 non
1721 1400 1840 1476 ideo

225 1503 526 1579 resurgunt
555 1506 614 1550 ut
638 1497 970 1568 judicentur,
1003 1505 1128 1574 quia
1152 1505 1262 1574 jam
1306 1511 1414 1562 sint
1445 1509 1704 1579 judicati,
1743 1515 1838 1568 sed

224 1578 351 1635 ideo
383 1599 696 1657 resurgunt,
723 1601 799 1656 ut,
826 1596 1057 1663 receptis
1081 1598 1420 1667 corporibus,
1446 1600 1569 1655 illuc
1597 1578 1725 1658 eaut
1747 1604 1836 1660 ubi

1953 418 2080 484 quid
2121 417 2310 479 fecerit
2338 419 2484 486 boui,
2517 422 2618 474 etsi
2650 438 2754 476 non
2786 423 3023 493 proderit
3075 425 3252 491 nobis,
3301 425 3542 496 proderit

1953 504 2047 558 illi.
2105 505 2179 559 De
2228 507 2328 563 illis
2383 525 2511 563 vero
2557 513 2885 581 purgatoriis
2928 525 3049 584 post
3096 515 3302 570 obitum
3342 516 3540 586 pmnis,

1951 615 2112 655 nemo
2142 601 2242 655 sibi
2273 601 2596 668 blandiatur,
2628 623 2948 674 monemus;
2984 610 3107 680 quia
3137 625 3242 663 non
3269 618 3392 664 sunt
3434 619 3544 667 sta-

1955 702 2080 747 tutze
2111 695 2451 760 criminibus,
2480 698 2573 752 sed
2602 700 2843 768 peccatis
2867 701 3181 765 leviorilms,
3207 718 3326 771 quae
3349 702 3537 770 utique

1950 801 2046 855 per
2096 786 2257 855 ligna,
2300 786 2478 842 fenum
2526 799 2580 842 et
2621 791 2875 861 stipulam
2923 792 3278 863 designantur
3327 791 3377 862 (Ι
3412 791 3537 846 Cor.

1949 894 2031 941 ιιι,
2068 880 2178 948 12).
2211 878 2317 934 Sed
2347 882 2474 950 quid
2504 885 2715 953 agimus
2756 885 2840 940 his
2868 886 2938 940 ita
2977 901 3075 956 pro
3105 897 3252 942 certo
3288 897 3542 940 constan-

1951 971 2209 1036 tantibus,
2241 973 2334 1042 qui
2367 974 2614 1030 novimus
2652 979 2916 1046 quosdam
2943 995 3106 1049 prava
3126 980 3536 1042 consuetudine,

1947 1063 2209 1130 quosdam
2235 1074 2599 1130 sacramento,
2634 1069 2894 1138 quosdam
2926 1070 3088 1123 etiam
3116 1070 3415 1133 maleﬁciis,
3447 1078 3538 1122 aut

1947 1153 2268 1221 quibusdam
2296 1155 2448 1222 aliis,
2477 1165 2536 1210 ut
2561 1160 2904 1227 praetendunt
2928 1202 2942 1226 ,
2977 1159 3378 1215 inevitabilibus
3409 1174 3538 1214 cau-

1947 1248 2020 1302 sis
2059 1248 2132 1303 ita
2171 1250 2456 1319 obligatos,
2500 1262 2558 1306 ut
2607 1253 2741 1323 erigi
2793 1255 2858 1307 ad
2905 1255 3342 1310 etiieudationem
3390 1251 3537 1307 nullo

1945 1341 2106 1394 modo
2133 1341 2366 1405 valeant,
2405 1342 2533 1412 quid
2560 1343 2639 1398 eis
2680 1345 2859 1399 dicere
2881 1345 3200 1400 valeamus?
3243 1344 3386 1415 quod
3412 1360 3536 1400 con-

1944 1435 2122 1489 silium
2171 1436 2342 1490 dare?
2388 1435 2658 1508 Quidquid
2706 1437 2851 1493 enim
2908 1439 2988 1492 eis
3035 1437 3370 1504 dixerimus,
3432 1439 3536 1494 hoc

1943 1528 2133 1596 procul
2162 1529 2324 1583 dubio
2353 1530 2780 1599 respondebunt,
2819 1531 2920 1586 etsi
2968 1547 3074 1586 non
3106 1531 3288 1595 verbo,
3337 1530 3534 1586 ellectu

1943 1627 2181 1673 attamen
2213 1620 2416 1690 operis,
2449 1621 2591 1689 quod
2639 1620 2712 1674 illi
2762 1622 2828 1676 de
2871 1621 3158 1692 Evangelio
3207 1619 3276 1675 ad
3319 1635 3533 1676 coenam

205 1679 567 1783 (antesaecula
586 1685 980 1783 suntdestiuati
1008 1690 1212 1760 (impios
1251 1702 1431 1748 autem
1468 1697 1602 1751 istos
1633 1697 1829 1752 iutclli-
1859 1695 1904 1755 B
1935 1711 2109 1764 vocali
2138 1679 2291 1779 (an.
2325 1679 2439 1776 stv,
2466 1679 2574 1776 ⁵18,
2604 1710 2722 1783 20),
2753 1719 2808 1766 et
2851 1679 3144 1766 verendum
3176 1726 3246 1766 ne
3283 1710 3532 1766 similiter

221 1781 354 1835 gere
368 1769 711 1829 solummodo
725 1776 983 1834 debemus
1001 1780 1323 1846 incredulos,
1353 1793 1406 1839 et
1423 1787 1642 1842 minime
1658 1788 1832 1859 bapti-

221 1863 435 1931 zatos);
475 1865 597 1933 quis
620 1883 750 1937 ergo
780 1870 1065 1926 datnualus
1094 1875 1280 1928 tertius
1303 1878 1434 1930 mulo
1464 1877 1556 1932 tibi
1597 1880 1828 1946 videtur,

221 1952 322 2006 nisi
346 1959 712 2025 credentium,
739 1960 789 2014 id
806 1970 884 2015 est
913 1963 1309 2032 baptizatorum
1336 1967 1592 2035 existere,
1618 1972 1706 2039 qui
1732 1988 1830 2041 pro

219 2059 283 2097 eo
301 2047 448 2114 quod
475 2046 634 2103 ﬁdem
657 2051 983 2120 babuemnt,
1007 2056 1100 2110 sed
1128 2060 1382 2127 operibus
1409 2061 1552 2128 ﬁdei,
1577 2079 1697 2132 qua:
1721 2063 1829 2119 illic

219 2135 600 2203 requiruntur,
633 2153 947 2208 caruerunt,
975 2145 1122 2214 juste
1154 2148 1394 2205 damnati
1420 2153 1472 2207 in
1496 2154 1671 2222 ignem
1702 2163 1830 2210 sunt.

217 2241 512 2298 a-tcrnum,
549 2236 640 2304 qui
665 2237 871 2309 absque
901 2241 1063 2296 dubio
1101 2243 1348 2301 infernus
1372 2248 1497 2313 erit,
1534 2249 1681 2304 ituri.

285 2324 378 2377 2|.
415 2325 645 2400 Constat
691 2347 821 2402 ergo
863 2335 1170 2391 certissime
1212 2339 1499 2395 Dominum
1528 2347 1818 2412 quemdam

218 2413 339 2468 ideo
377 2419 697 2474 monuisse:
724 2419 858 2476 Ecce
883 2442 1045 2480 sanus
1077 2426 1249 2495 factus
1275 2447 1351 2495 es,
1386 2433 1535 2498 valle,
1568 2434 1686 2503 jam
1717 2434 1824 2489 noli

217 2523 456 2575 neccare,
493 2527 552 2565 ne
582 2514 808 2569 deterius
841 2517 934 2570 tibi
981 2520 1184 2588 aliquid
1234 2523 1498 2593 contingat
1546 2526 1728 2596 (Joan.
1765 2545 1819 2595 ν,

217 2598 344 2664 li);
390 2610 448 2655 et
497 2603 604 2658 alio
638 2604 758 2660 loco
807 2609 1008 2664 dixisse
1033 2630 1046 2665 :
1075 2610 1236 2667 Fiunt
1284 2616 1564 2670 novissima
1594 2620 1820 2675 hominis

215 2692 354 2748 illius
383 2696 570 2765 pejora
601 2701 865 2767 prioribus
909 2702 1124 2774 (Matth.
1161 2723 1272 2773 xu,
1301 2707 1416 2778 45),
1467 2717 1523 2762 ut
1553 2711 1821 2783 intelligas

221 2797 359 2841 tanta
393 2788 771 2848 bumiliatione
800 2793 893 2850 Dei
922 2798 986 2851 dc
1013 2799 1150 2853 cd-lo
1181 2801 1245 2853 ad
1287 2810 1485 2856 terram
1517 2821 1612 2873 pro
1641 2807 1818 2862 homi-

200 2880 372 2943 ζιδὶὺιιδ
409 2881 810 2954 descendentis,
843 2895 918 2942 tot
947 2889 1378 2960 indignitatibus,
1409 2905 1487 2951 tot
1511 2899 1817 2967 opprobriis

1931 1801 1999 1855 ab
2028 1801 2288 1856 invitante
2311 1802 2504 1866 relicti,
2538 1811 2782 1872 pereant,
2816 1811 2872 1857 ut
2912 1801 3146 1868 Pharao,
3177 1802 3435 1857 indurati.

2002 1895 2094 1949 2'5.
2135 1894 2199 1949 Hi
2247 1896 2504 1950 nimirum
2537 1904 2662 1950 sunt
2691 1897 2867 1960 enim,
2903 1896 2994 1966 qui
3037 1911 3158 1950 cum
3209 1894 3362 1950 liberi
3408 1907 3532 1950 esse

1931 1985 2197 2052 valerent,
2228 1987 2573 2042 immiserunt
2595 1997 2785 2057 sponte
2807 2002 2904 2042 sua
2929 1987 2981 2041 in
3011 1995 3127 2041 rete
3153 1986 3318 2056 pedes
3340 1985 3524 2040 miseri

1931 2094 2077 2142 suos,
2113 2089 2167 2133 et
2211 2080 2262 2132 in
2295 2077 2412 2148 ejus
2442 2079 2670 2135 maculis
2699 2079 3038 2134 ambulantes
3089 2079 3211 2150 (Job
3258 2093 3412 2144 xvtu,
3445 2078 3526 2150 8),

1929 2173 2054 2228 dum
2083 2174 2376 2244 expediunt
2404 2189 2463 2228 se
2494 2175 2562 2228 ab
2602 2190 2731 2239 uno,
2759 2173 2812 2227 iu
2841 2172 2986 2226 aliud
3024 2173 3272 2227 incidunt
3307 2172 3528 2242 pericu-

1927 2265 2060 2330 lum,
2094 2275 2148 2320 et
2177 2266 2524 2320 metuendum
2552 2281 2620 2321 ne
2647 2265 3044 2320 inevadibiliter
3073 2281 3105 2318 a
3142 2265 3367 2319 Domino
3394 2279 3524 2319 con-

1926 2355 2082 2412 clusi.
2118 2357 2224 2412 Sed
2246 2357 2539 2422 enitamur,
2564 2358 2810 2412 dicamus
2830 2357 3053 2427 aliquid.
3087 2356 3390 2411 Suademus
3421 2355 3527 2412 illis

1926 2464 1995 2504 ne
2023 2450 2077 2502 in
2111 2448 2511 2519 desperationis
2540 2463 2598 2505 se
2643 2450 2983 2520 praecipitent
3021 2448 3130 2503 ullo
3160 2450 3320 2503 modo
3367 2442 3525 2503 bara-

1927 2545 2134 2609 thrum,
2165 2545 2335 2614 ignari
2371 2545 2502 2615 quid
2529 2545 2609 2600 eis
2637 2545 2708 2600 sit
2746 2544 3094 2599 destinatum.
3131 2542 3312 2596 Nescit
3355 2541 3522 2607 enim,

1924 2637 2020 2701 ait,
2051 2638 2226 2702 homo,
2259 2636 2573 2707 Scriptura,
2609 2647 2785 2690 utrum
2823 2636 2946 2692 odio
2993 2653 3061 2690 an
3111 2651 3290 2690 amore
3321 2635 3514 2704 dignus

1921 2727 2008 2792 sit,
2038 2728 2129 2780 sed
2177 2729 2354 2782 omnia
2385 2729 2438 2782 in
2469 2728 2706 2798 futurum
2745 2738 3022 2782 servantur
3057 2727 3258 2780 incerta
3307 2723 3510 2797 (Ecclc.

1921 2834 1998 2881 Ix,
2031 2817 2106 2886 1).
2141 2817 2574 2885 Quatriduamim
2628 2820 2930 2890 recogitent
2977 2818 3244 2872 Lazarum
3293 2816 3521 2871 suscita-

1922 2920 2032 2966 tum
2062 2929 2075 2977 ;
2103 2911 2338 2967 clament
2360 2928 2482 2968 cum
2509 2927 2660 2968 caeco
2686 2912 2776 2966 illo
2797 2911 3192 2982 importunius;
3219 2908 3518 2981 jejunando

214 2973 280 3079 ἃς)
309 2989 373 3075 (ξο
408 2974 666 3079 P.81'lal35._
689 2977 860 3079 filmfb.
900 2983 1009 3047 Sili.
1055 2983 1396 3051 Ῑθδεὶιυάίιιθν
1423 2991 1616 3057 SPUliS.
1648 3007 1816 3063 geIIU-
1843 3056 1886 3079 η
1919 3003 2125 3074 utique,
2155 3004 2381 3067 orando,
2412 3003 2770 3075 eleemosynis
2801 3002 3122 3067 insistcudo,
3155 3011 3346 3056 nonut
3388 3014 3519 3069 pec-

213 3060 536 3122 ﬂexionibus
572 3069 856 3136 irrisoriis,
901 3075 1049 3130 falsis
1081 3079 1430 3146 testimoniis,
1461 3096 1638 3149 aceto,
1667 3086 1809 3152 felle,
1842 3056 1888 3120 (ἶ
1918 3056 2042 3153 (ιω-ξε
2071 3099 2150 3153 eis
2205 3108 2384 3152 tamen
2439 3056 2774 3162 liceat:th
2823 3107 2880 3150 ut
2926 3113 2956 3150 a
3004 3103 3230 3166 peccato
3274 3108 3369 3148 803
3421 3105 3520 3162 μοι·

215 3159 393 3226 spinea
435 3177 660 3229 corona,
693 3165 758 3218 ad
801 3178 1132 3236 postremum
1163 3174 1341 3230 crucis
1387 3176 1646 3245 patibulo,
1678 3178 1812 3236 late—

219 3249 289 3303 ris
311 3252 670 3323 perfossioue,
693 3257 954 3329 eﬂ'usioue
979 3266 1253 3335 sanguinis
1273 3277 1328 3336 et
1348 3285 1520 3338 aqum,
1555 3288 1810 3328 manuum

218 3345 519 3417 pedumque
547 3352 874 3421 conlisione,
906 3356 1276 3428 ignominiosae
1304 3365 1495 3418 mortis
1520 3365 1810 3435 opprobrio

219 3436 558 3510 redemptos,
586 3457 744 3499 sacro
783 3447 1109 3517 baptismate
1157 3451 1317 3518 lotos,
1369 3453 1605 3522 Spiritus
1635 3459 1806 3512 sancti

218 3524 609 3588 illuminatione
641 3534 843 3592 ditatos
867 3578 882 3602 ,
932 3542 1243 3611 cognitione
1274 3545 1569 3602 voluntatis
1611 3548 1704 3602 Dei
1736 3548 1812 3604 lo-

217 3619 538 3688 cupletatos,
569 3625 732 3696 590
761 3629 900 3684 male
941 3639 1164 3702 agentes
1193 3633 1498 3690 diutissime
1530 3636 1807 3705 toleratos,

216 3708 431 3782 ﬂagellis
461 3719 814 3785 paterualiter
834 3723 1096 3796 eruditos,
1125 3726 1578 3794 promissionibus
1610 3729 1808 3784 dulcis-

219 3805 364 3862 simis
417 3817 682 3867 attractos
710 3853 724 3878 ,
770 3815 1067 3872 honoribus
1107 3818 1272 3872 variis
1303 3827 1412 3873 tam
1459 3819 1808 3876 smcularibus

207 3911 372 3968 quam
409 3902 797 3962 ecclesiasticis
830 3907 1104 3978 infulatos,
1151 3915 1558 3969 commodorum
1606 3900 1809 3972 inresti-

207 3990 496 4047 mabilium
549 3995 826 4054 blanditiis
892 4001 1189 4070 invitatos,
1245 4005 1627 4064 inﬁnitissimis
1686 4009 1808 4065 aliis

222 4079 602 4169 beneﬁciorum
653 4094 1029 4162 praerogativis
1066 4096 1299 4162 ditatos,
1351 4099 1555 4169 majora
1607 4102 1805 4157 mereri

215 4167 351 4236 iuste
375 4184 664 4245 tonneuta,
689 4197 850 4250 quam
879 4184 997 4240 illos
1025 4188 1219 4258 quibus
1247 4190 1374 4244 talia
1401 4167 1656 4247 concessa
1681 4203 1807 4249 sunt

207 4269 395 4327 .uulla:
429 4273 525 4328 Cui
563 4280 703 4331 enim
740 4279 858 4348 plus
907 4284 1270 4349 committitur,
1312 4285 1428 4354 plus
1461 4286 1524 4339 ab
1554 4305 1612 4340 eo
1641 4290 1806 4358 exigi-

225 4373 322 4425 tur.
345 4375 403 4419 ut
430 4367 508 4422 ait
529 4371 749 4439 quidam
775 4373 1182 4429 Benedictorum
1209 4392 1312 4431 nou
1339 4378 1554 4433 inﬁmus
1581 4378 1664 4451 (S.
1701 4380 1802 4434 Be-

1915 3189 2348 3244 misericordiam
2387 3188 2604 3243 liberari
2635 3189 2952 3260 contingat;
2981 3186 3351 3241 vociferentur
3392 3198 3516 3240 cum

1914 3279 2246 3346 Chanauasa,
2265 3281 2507 3335 dicentes
2531 3299 2544 3335 :
2575 3280 2822 3335 Miserere
2851 3282 2972 3344 mei,
2997 3279 3075 3348 ﬁli
3106 3279 3309 3341 David;
3334 3277 3515 3331 anima

1913 3388 2035 3427 mea
2069 3372 2206 3426 male
2234 3390 2265 3426 α
2304 3373 2565 3428 dmmanio
2591 3383 2808 3426 vexatur
2833 3371 3051 3442 (Matth.
3091 3385 3178 3433 xv,
3226 3368 3317 3436 22)
3346 3385 3360 3434 ;
3410 3375 3466 3421 et
3494 3384 3510 3421 :

1917 3465 2068 3532 Noli,
2098 3466 2344 3530 Domine,
2371 3464 2478 3518 noli
2514 3467 2648 3519 vinci
2687 3483 2716 3517 a
2751 3464 2888 3517 malo
2921 3478 3039 3518 meo
3066 3503 3082 3528 ,
3129 3462 3218 3516 sed
3266 3460 3412 3515 vince
3454 3459 3512 3514 in

1914 3559 2048 3614 bono
2077 3569 2170 3615 tuo
2197 3558 2392 3613 malum
2419 3574 2597 3613 meum
2623 3557 2802 3627 (Rom.
2835 3574 2928 3620 xu,
2956 3557 3048 3627 21)
3075 3573 3089 3622 ;
3122 3565 3176 3610 et
3203 3573 3215 3607 :
3243 3553 3404 3624 Eripe
3427 3568 3511 3609 me

1912 3648 2155 3714 Domine,
2197 3649 2260 3704 ab
2299 3650 2508 3704 homine
2553 3648 2716 3716 malo,
2765 3666 2795 3702 a
2845 3651 2956 3702 viro
3002 3648 3178 3717 iniquo
3225 3647 3387 3700 libera
3428 3661 3510 3702 me

1913 3741 2087 3814 (Psal.
2116 3759 2336 3808 cxxxrx,
2369 3743 2442 3813 2),
2477 3743 2662 3813 utique
2700 3758 2806 3806 me,
2855 3751 2908 3797 et
2949 3742 3043 3797 tibi
3075 3741 3378 3818 factori'ac
3417 3755 3507 3796 re-

1910 3833 2177 3906 demptori
2208 3851 2328 3891 meo
2351 3835 2597 3906 piissimo
2625 3835 2847 3891 restitue
2879 3850 2964 3890 me
2989 3852 3002 3898 ;
3037 3836 3178 3904 quod
3203 3835 3386 3903 utique
3407 3834 3511 3888 mi-

1911 3929 2146 3983 sericors
2177 3929 2308 3999 agis,
2341 3927 2386 3982 si
2415 3927 2556 3997 quod
2587 3936 2777 3982 contra
2811 3936 2861 3982 te
2893 3927 3142 3989 meditor,
3167 3925 3352 3997 (1454)
3381 3940 3465 3980 me
3487 3965 3503 3991 ,

1909 4019 2094 4084 velim,
2129 4019 2319 4084 nolim,
2349 4019 2606 4075 omittere
2631 4020 2785 4075 iacis.
2830 4018 2887 4074 Si
2923 4029 3100 4074 autem
3131 4032 3279 4074 meos
3319 4017 3513 4072 morti-

1909 4110 2055 4166 t‘eros
2120 4120 2346 4166 conatus
2410 4112 2714 4182 prosperari
2765 4110 3078 4181 permittis,
3139 4126 3305 4180 quam
3372 4109 3508 4166 mihi

1911 4203 2160 4258 ﬁduciam
2191 4204 2453 4259 evadendi
2486 4204 2792 4274 relinquis?
2822 4203 2888 4258 Et
2914 4204 2958 4258 si
2986 4222 3014 4258 a
3047 4203 3204 4274 59],
3251 4218 3494 4272 praesen-

1911 4296 2055 4350 tibus
2089 4295 2246 4351 malis
2276 4311 2384 4351 non
2415 4311 2569 4352 cesso
2596 4337 2609 4361 ,
2653 4312 2815 4366 quam
2868 4295 3080 4350 veniam
3117 4296 3184 4350 de
3216 4293 3497 4364 praeteriti,

1910 4403 2068 4457 spero
2092 4389 2114 4441 ?
2143 4388 2490 4458 Gcmcusque
2517 4387 2701 4443 talium
2733 4389 2855 4459 quis
2887 4388 3151 4442 instanter
3179 4387 3333 4456 quasi
3365 4401 3500 4440 cou-

226 4457 405 4511 nedict.
439 4459 632 4528 regula:
661 4478 710 4516 c.
742 4463 798 4533 2)
826 4481 839 4529 ;
864 4474 917 4520 et
944 4484 956 4519 :
984 4464 1174 4521 Servus
1206 4469 1294 4538 qui
1337 4469 1430 4522 scit
1479 4471 1798 4524 voluntatem
1830 4443 1883 4506 Β
1908 4481 2184 4548 querendo
2211 4521 2225 4544 ,
2277 4480 2451 4535 donec
2496 4481 2742 4535 exaudiri
2790 4491 3063 4535 mereatur
3086 4522 3100 4544 ,
3153 4480 3447 4548 proclamet
3481 4495 3496 4533 :

227 4550 411 4606 domini
439 4555 520 4607 sui
547 4564 594 4609 et
623 4571 724 4610 non
747 4555 896 4625 facit,
930 4561 1084 4630 digne
1111 4560 1281 4632 plagis
1314 4562 1492 4615 multis
1537 4562 1801 4632 vapulabit

229 4640 368 4710 (Luc.
409 4661 506 4712 xu,
539 4647 652 4717 47).

292 4740 376 4794 2‘2.
417 4741 521 4798 Sed
553 4745 681 4814 quia
707 4747 1051 4818 omnipotens
1080 4757 1162 4803 est
1188 4751 1352 4814 Deus,
1396 4758 1452 4804 et
1475 4765 1591 4819 ejus
1631 4751 1805 4820 pietas

232 4828 350 4884 nihil
371 4833 535 4898 aliud,
557 4852 718 4904 quam
743 4840 856 4908 ipse
880 4850 959 4894 est
985 4841 1156 4906 Deus;
1180 4841 1522 4910 omnipotens
1541 4857 1670 4896 vero
1691 4841 1806 4912 pie-

235 4930 306 4977 tas
328 4924 454 4993 ejus,
482 4929 558 4983 uti
577 4938 634 4984 et
653 4931 860 5000 justitia
881 4935 1015 5004 ejus,
1043 4933 1288 5006 [subaudi
1312 4936 1443 4989 nihil
1475 4937 1619 4990 aliud
1643 4951 1806 5006 quam

234 5012 336 5082 ipse
367 5028 446 5073 est
480 5019 646 5094 Deus]
701 5025 767 5080 de
795 5041 902 5094 quo
929 5027 1116 5083 saltem
1161 5027 1414 5082 dubitare
1445 5030 1805 5098 apostaticum

238 5108 489 5167 credimus
510 5126 667 5178 esse;
698 5117 762 5169 ad
797 5115 963 5183 illam,
1015 5119 1136 5175 dum
1169 5118 1426 5184 vivimus,
1478 5137 1578 5176 nos
1622 5118 1806 5175 confe-

239 5211 422 5256 ramus.
449 5204 640 5260 Μοτιυί
663 5211 804 5264 enim
837 5211 965 5266 nihil
988 5218 1208 5271 oruniuo
1240 5212 1527 5281 faciemus,
1549 5217 1804 5287 sedquod

298 5313 472 5348 [Διξιλ
504 5317 627 5348 nm-
671 5322 951 5348 ηι...ηε-...-..
1006 5343 1108 5348 ._--__
1161 5327 1266 5348 -n3..
1300 5325 1546 5348 n_-|__e_-
1596 5329 1624 5348 ε.
1721 5343 1767 5348 __-

1914 4569 2189 4642 Usquequo
2253 4571 2569 4626 exaltabitur
2629 4573 2870 4627 inimicus
2931 4573 3123 4627 meus?
3175 4569 3390 4640 Respice
3455 4577 3504 4622 rt

1911 4664 2104 4718 exaudi
2135 4679 2236 4728 me,
2262 4663 2484 4719 Domine
2513 4664 2650 4719 Deus
2674 4663 2844 4735 (Psal.
2879 4681 2975 4729 xu,
3007 4665 3098 4735 3);
3129 4673 3219 4715 et:
3250 4660 3364 4715 Fac
3391 4677 3501 4715 me-

1913 4774 2051 4824 cum,
2083 4758 2328 4823 Domine,
2352 4759 2558 4828 signum
2585 4761 2637 4812 in
2668 4760 2819 4824 bono,
2851 4768 2906 4812 ut
2934 4760 3141 4814 videant
3165 4754 3254 4824 qui
3287 4754 3506 4808 oderunt

1916 4867 2020 4915 me,
2051 4860 2096 4904 et
2124 4849 2541 4919 confundantur,
2570 4853 2818 4921 quoniam
2853 4862 2927 4912 tu,
2969 4848 3208 4909 Domine,
3257 4846 3511 4914 adjuvisti

1916 4958 2016 5004 me,
2046 4951 2092 4994 et
2124 4942 2423 4996 consolatus
2450 4958 2502 4996 es
2525 4959 2602 4995 nte
2625 4939 2797 5012 (Psal.
2829 4953 3042 5005 Lxxxv,
3073 4935 3181 5006 Π).
3205 4933 3302 4988 llis
3326 4935 3512 5004 (M55)

1911 5045 1965 5092 et
1995 5035 2299 5105 IlUjllSandi
2331 5033 2662 5089 clamoribus
2689 5047 2846 5086 aures
2871 5035 3145 5092 exaudire
3179 5027 3524 5095 cupientissi-

1912 5132 1986 5186 mi
2018 5129 2250 5195 Domini,
2284 5128 2470 5194 corde,
2505 5144 2600 5183 ore
2639 5138 2909 5192 manuque
2939 5125 3211 5198 fatigans,
3257 5119 3363 5173 uisi
3397 5129 3526 5176 ante

1911 5226 2200 5280 terminum
2239 5224 2364 5278 vita:
2402 5223 2683 5292 quiescat;
2718 5217 2950 5273 forsitan
3016 5223 3188 5295 pietas
3215 5211 3361 5268 illius
3410 5215 3528 5287 (qui

2775 5343 2835 5348 -_-
2879 5323 2954 5348 h-
3043 5335 3054 5346 ο
3099 5331 3111 5342 ο
3158 5324 3533 5348 --...ἔ...-ιε-.ε--.3
