4044 5348
557 279 664 337 703

1508 290 1838 352 RATllERll
1876 297 2090 356 st-tsc.
2136 274 2398 358 vsaou’
2430 302 2580 361 ore.
2621 305 2804 365 rans
2838 307 2928 366 ιιι.

3729 297 3841 373 ’ἳῦ4

559 412 681 452 cum
712 396 846 464 vult,
874 407 1056 469 potens
1080 411 1153 457 est
1179 402 1243 458 de
1278 403 1540 476 lapidibus
1565 409 1704 478 ﬁlios
1733 412 1959 468 Abrahaz
1983 414 2150 470 suscio
2177 420 2229 480 Λ
2259 426 2345 473 ιιιι·
2373 433 2388 473 :
2418 417 2625 488 Pereat,
2661 423 2856 495 inquit,
2884 425 3029 497 prior
3056 442 3184 492 ates,
3210 442 3264 484 in
3301 443 3404 501 quo
3433 437 3592 484 natus
3618 445 3755 494 sum,
3797 442 3843 487 ει

560 498 672 544 tare
697 487 913 561 (Matth.
941 507 1020 558 ut,
1049 493 1103 565 9)
1133 512 1144 547 :
1169 494 1271 563 Qui
1301 514 1404 552 non
1434 500 1539 554 uult
1583 512 1800 557 mortem
1843 507 2152 575 peccatoris.

555 586 645 635 sed
672 591 729 634 ut
757 594 1091 639 convertatur
1116 597 1163 642 et
1194 590 1327 643 vivat
1352 588 1568 660 (Ezecll.
1599 610 1791 658 χχχιιι,
1821 597 1909 666 11)
1933 608 2153 655 sancto-

557 685 679 725 rum
704 673 954 742 precibus
966 676 1176 747 pulsata
1195 683 1608 752 respondebitet
1631 686 1731 753 illi,
1753 690 1895 757 quod
1911 690 2050 746 idem
2065 692 2153 747 in-

556 775 767 822 stanter
787 767 1041 826 clamanti
1068 790 1080 826 :
1113 772 1158 827 0
1184 774 1394 843 mulier,
1433 778 1709 849 inquiens,
1750 797 2017 853 nusquam
2048 785 2153 843 huc

557 857 764 914 scilicet
781 859 1008 917 viriliter
1020 877 1208 934 agens.
1224 868 1319 922 sed
1334 867 1556 924 mollitia
1575 870 1825 928 muliebri
1841 873 1984 930 vitiis
1996 891 2155 932 euer-

536 950 699 1006 vviter
722 954 1100 1025 succumbens,
1124 973 1316 1028 magna
1343 969 1419 1014 est
1444 976 1587 1016 nunc
1607 961 1760 1032 ﬁdes,
1786 963 1838 1019 id
1861 976 1945 1021 est
1960 968 2148 1024 orandi

559 1046 983 1115 perseverantia,
1001 1057 1124 1116 tua;
1149 1050 1245 1119 fiat
1276 1051 1369 1106 tibi
1383 1054 1518 1108 sicut
1545 1054 1618 1110 vis
1641 1055 1859 1127 (Matth.
1887 1075 1955 1115 xv
1974 1101 1989 1127 ,
2017 1060 2110 1129 28)
2134 1080 2146 1117 :

557 1143 615 1189 et
642 1135 925 1192 sanabitur
951 1141 1134 1196 anima
1182 1141 1328 1199 illius
1379 1142 1433 1198 in
1486 1144 1575 1201 illa
1621 1147 1961 1221 horazquod
1998 1154 2151 1211 nobis

559 1228 811 1283 omnibus
850 1241 1109 1301 praestare
1140 1234 1392 1306 dignetur
1421 1235 1798 1310 Redemptoris
1829 1245 1997 1300 nostri
2044 1246 2151 1303 cle-

565 1320 786 1376 mentia.

531 1448 539 1452 .
629 1407 720 1464 24.
749 1410 846 1497 Est
872 1422 929 1469 et
956 1414 1061 1470 alia
1090 1421 1432 1487 pereuntium
1480 1422 1535 1479 in
1571 1436 1891 1497 perpetuum
1927 1430 2149 1489 evidens

560 1494 919 1572 approbatio,
957 1509 1101 1578 quod
1149 1525 1271 1567 cum
1322 1521 1431 1570 tres
1485 1515 1539 1570 in
1572 1494 1868 1588 Evangelio
1909 1520 2151 1593 legamus

560 1600 804 1649 mortuos
827 1610 858 1650 a
900 1595 1130 1655 Domino
1159 1603 1472 1670 suscitatus,
1505 1617 1758 1677 quartum
1798 1611 1900 1667 sibi
1929 1614 2150 1670 nuntia-

559 1690 674 1740 tum
723 1686 960 1744 noluerit
1012 1694 1315 1763 suscitare,
1378 1698 1474 1754 sed
1527 1703 1838 1758 ccontrario
1884 1704 2082 1762 dixerit
2130 1723 2144 1761 :

2258 532 2363 571 uox
2391 518 2445 573 in
2469 536 2573 591 qua
2595 521 2791 575 dictum
2819 532 2894 577 est
2917 537 2933 576 :
2965 522 3255 596 Conceptus
3282 535 3357 581 est
3385 527 3541 581 homo
3592 525 3720 599 (Job
3765 543 3840 593 tn,

2255 608 2311 678 5)
2338 625 2352 673 ;
2380 608 2517 664 alter
2545 626 2676 666 vero
2699 630 2711 666 :
2737 611 3076 681 Maledictus,
3105 616 3204 682 ait,
3227 617 3318 688 qui
3344 617 3680 671 annuntiavit
3709 620 3844 688 patri

2254 721 2388 770 meo,
2424 707 2603 763 dicens
2630 725 2647 763 :
2680 706 2855 765 Natus
2876 719 2952 766 est
2980 712 3074 766 tibi
3099 729 3230 784 puer
3256 712 3525 768 masculus
3566 709 3706 784 (Jer.
3753 726 3845 777 xx,

2256 796 2343 866 15)
2372 813 2386 863 ;
2415 797 2699 855 Psalmista
2733 810 2922 858 contra
2955 802 3075 859 illos
3112 804 3372 860 auxilium
3404 803 3623 861 Domini
3649 804 3847 875 impre-

2253 891 2425 945 cando
2452 905 2471 943 :
2496 892 2813 949 Aeertautur
2866 896 3046 951 statim
3090 890 3479 963 erubescentes,
3525 897 3621 967 qui
3668 893 3849 951 dicunt

2251 982 2382 1036 mihi
2411 1000 2424 1037 :
2451 982 2618 1056 Euge,
2650 1002 2778 1058 euge
2802 985 3162 1058 (Psal.-Lx1x,
3193 987 3270 1062 4).

2323 1071 2412 1131 26.
2444 1073 2731 1133 Abstinere
2780 1094 2916 1135 vero
2963 1089 3113 1136 tanto
3159 1082 3333 1151 magis
3373 1096 3474 1138 nos
3508 1087 3730 1152 oportet
3780 1077 3849 1136 ab

2251 1166 2399 1220 omni
2427 1168 2729 1237 mendacio,
2761 1179 2965 1241 quanto
2997 1173 3200 1229 certius
3222 1172 3358 1230 illud
3388 1188 3420 1229 a
3454 1170 3678 1230 diabolo
3721 1186 3849 1244 pro-

2252 1259 2444 1315 cedere
2465 1259 2708 1317 valemus
2723 1262 3026 1331 advertere,
3043 1257 3270 1321 Domino
3290 1266 3363 1322 ita
3384 1268 3452 1322 de
3480 1280 3549 1323 eo
3578 1271 3846 1322 testante:

2228 1349 2387 1406 Cum
2429 1350 2663 1422 loquitur
2704 1353 3059 1423 mendacium,
3086 1374 3152 1413 ea:
3177 1359 3403 1430 propriis
3430 1357 3689 1430 loquitur,
3727 1356 3850 1428 quia

2251 1442 2481 1497 mendax
2509 1452 2606 1508 est,
2638 1453 2688 1497 ει
2715 1454 2865 1514 pater
2891 1445 3006 1517 ejus
3038 1445 3213 1519 (Psal.
3257 1462 3311 1515 v,
3338 1449 3417 1521 7),
3464 1449 3660 1521 utique
3699 1462 3850 1504 mea-

2252 1533 2391 1589 dacii
2424 1533 2606 1605 (Joau.
2654 1549 2774 1600 vnt,
2824 1535 2939 1608 44).
2990 1536 3059 1592 Ει
3107 1537 3565 1611 Psalmographus
3617 1538 3850 1595 Domino

2253 1624 2395 1679 dicat
2420 1623 2511 1697 [f.,
2537 1624 2732 1698 dicit]j:
2761 1626 2956 1683 Perdes
2981 1645 3068 1684 eos
3101 1631 3192 1701 qui
3208 1630 3495 1702 loquuntur
3516 1631 3849 1686 mendacius

2254 1712 2426 1787 (Psal.
2456 1731 2508 1779 ν,
2538 1718 2614 1790 7).
2647 1718 2800 1785 Quod
2823 1728 3001 1774 tamen
3025 1720 3070 1776 si
3093 1722 3160 1777 de
3183 1721 3331 1777 omni
3369 1721 3660 1778 mendacio
3689 1719 3848 1776 intel-

557 1773 774 1832 Dimitte
811 1792 1041 1838 mortuos
1086 1787 1302 1857 sepelire
1330 1798 1562 1847 mortuos
1608 1809 1733 1849 suos
1775 1794 1991 1866 (Matt/5.
2021 1814 2142 1865 vttt,

2251 1773 2498 1878 ligamns,
2514 1773 2719 1863 nullum
2734 1826 2763 1864 a
2787 1810 3090 1880 perditione
3112 1812 3342 1868 liberum
3358 1813 3671 1885 judieamus
3687 1830 3704 1881 ;
3720 1812 3849 1870 dicit

559 1865 673 1938 22).
706 1869 839 1927 Tres
869 1889 995 1931 vero
1026 1877 1112 1932 isti
1165 1882 1367 1936 mortui
1417 1884 1518 1940 tria
1558 1887 1866 1958 signiﬁcant
1912 1892 2149 1948 morien-

532 1988 537 1993 -
565 1957 699 2012 tintn
733 1962 926 2019 animm.
952 1981 1149 2037 genera
1180 1988 1192 2024 :
1218 1988 1382 2027 unum
1413 1957 1628 2032 scilicet
1652 1978 1706 2032 in
1739 1980 1974 2048 occulto,
2002 1982 2148 2039 aliud

557 2050 610 2106 in
643 2054 879 2121 publico,
913 2060 1129 2117 tertium
1161 2063 1215 2118 in
1242 2069 1633 2126 consuetudine
1659 2111 1674 2136 ,
1716 2074 1860 2142 quod
1884 2085 1938 2128 et
1958 2075 2149 2133 laetere

533 2145 773 2216 .dicitur,
809 2150 861 2206 id
905 2165 989 2209 est
1019 2153 1402 2226 desperatione
1429 2166 1784 2236 recuperandi
1822 2168 2030 2225 vicinos
2066 2170 2149 2225 in-

557 2238 763 2308 licere;
810 2245 904 2300 sed
944 2248 1073 2317 quia
1108 2251 1220 2306 Deo
1270 2253 1344 2308 nil
1387 2264 1473 2311 est
1521 2257 1874 2329 impossibile,
1916 2271 1971 2317 et
2012 2263 2148 2321 tales

532 2333 627 2386 -ab
660 2333 813 2390 initio
839 2352 1027 2393 otnnes
1056 2338 1279 2398 fuerunt
1301 2345 1353 2400 in
1380 2346 1552 2403 oculis
1582 2350 1721 2421 ejus,
1749 2353 1936 2423 quales
1958 2354 2011 2408 in
2041 2354 2149 2410 line

556 2425 767 2485 futuros
814 2429 934 2486 illos
967 2435 1236 2502 prtevidit,
1291 2437 1542 2496 dilexisse
1589 2456 1681 2498 eos
1722 2446 2143 2517 comprobatur,

554 2532 678 2575 cum
711 2521 984 2592 insperata
1008 2541 1196 2582 eorum
1239 2532 1547 2588 emendatio
1590 2535 1850 2591 cernitur.
1883 2536 2147 2605 Quartqu

532 2625 687 2671 ,vero
705 2612 833 2669 illud
863 2632 1033 2687 genus
1059 2630 1142 2676 est
1166 2623 1378 2689 mortis,
1411 2628 1479 2680 de
1527 2642 1635 2698 quo
1670 2626 1972 2686 Psalmistre
2015 2631 2149 2687 dici—

537 2710 646 2757 tur
682 2719 816 2761 voce
840 2723 853 2759 :
881 2707 1143 2775 Quoniam
1191 2713 1446 2771 laudatur
1493 2730 1736 2789 peccator
1777 2725 1832 2778 in
1875 2724 2146 2783 desideriis

540 2796 747 2849 .auimre
771 2802 925 2866 sure;
955 2810 1003 2855 et
1052 2803 1265 2875 iniquus
1294 2806 1617 2864 benedieitur
1643 2811 1816 2883 (Psal.
1866 2831 1921 2881 ιι,
1950 2814 2004 2887 5)
2032 2834 2046 2884 ;
2093 2825 2148 2874 et

532 2884 622 2939 .de
661 2887 856 2955 quibus
890 2893 1153 2967 propheta
1182 2894 1423 2966 :Popule
1466 2916 1645 2969 meus,
1697 2906 1786 2976 qui
1837 2884 2043 2962 beatum
2097 2918 2148 2965 ιε

552 2976 758 3046 dicunt,
787 2980 887 3051 ipsi
932 2994 981 3039 te
1010 2987 1271 3059 decipiunt
1317 2990 1474 3062 (Isai.
1519 3011 1605 3060 ιιι,
1655 2996 1766 3069 12).
1815 2999 1948 3055 Cum
1999 3001 2144 3058 enim

554 3072 677 3143 quis
713 3083 768 3129 et
797 3075 995 3133 malum
1036 3082 1177 3150 quod
1222 3081 1352 3140 facit
1378 3086 1492 3156 ipse
1542 3088 1800 3157 defendit,
1833 3102 1889 3147 et
1917 3094 2143 3151 adulan-

554 3164 689 3218 tium
739 3167 1004 3225 attollitur
1051 3172 1270 3245 insuper
1305 3176 1577 3246 laudibus,
1624 3197 1900 3252 nunquam
1948 3186 2017 3241 ad
2059 3187 2143 3243 sui

528 3258 914 3329 cognitionem
959 3265 1193 3332 rediens,
1228 3278 1286 3323 ut
1313 3270 1605 3343 sepultum
1635 3285 1883 3333 mortuus
1922 3264 2143 3352 aggere,

551 3348 628 3405 ita
688 3350 777 3407 ille
834 3352 1169 3416 adulantium
1224 3360 1358 3420 falsa
1417 3368 1685 3437 premitur
1739 3348 2144 3433 infelicissimus

532 3440 731 3498 .laude.
764 3442 1050 3519 Nunquam
1078 3454 1264 3525 utique
1296 3459 1591 3530 reviviscit,
1625 3463 1717 3534 qui
1765 3480 1826 3521 se
1863 3478 2137 3526 mortuum

532 3534 667 3593 fore
690 3554 966 3612 nunquam
989 3550 1303 3618 cognoscit;
1345 3568 1445 3609 nec
1470 3555 1537 3611 ad
1580 3556 1808 3614 salutem
1854 3561 2015 3630 redit,
2048 3563 2141 3636 qui

550 3628 725 3686 salute
749 3647 808 3689 se
834 3633 1078 3709 indigere
1108 3641 1334 3699 minime
1359 3647 1553 3707 credit.
1583 3648 1639 3703 In
1666 3661 1984 3723 perpetuum
2001 3628 2141 3729 ﬁer-go

549 3720 747 3814 periise
770 3738 876 3780 non
910 3727 1207 3798 dubitatur,
1237 3735 1327 3805 qui
1361 3736 1455 3793 tali
1481 3739 1587 3796 line
1614 3720 1941 3814 defungitur.
1975 3720 2132 3813 Quod

547 3808 717 3884 genius
752 3821 944 3877 mortis
997 3838 1341 3899 summopere
1390 3846 1585 3889 cavere
1639 3852 1761 3891 cum
1793 3836 1888 3894 Dei
1935 3840 2140 3896 auxilio

549 3905 856 3967 laboremus
875 3953 890 3977 ,
921 3929 1020 3971 nec
1048 3917 1380 3977 adulantium
1416 3925 1713 3983 mendaciis
1741 3928 1809 3985 de
1833 3930 1993 3987 nobis
2019 3946 2140 3988 cre-

550 3994 780 4066 damus,
828 4003 923 4059 sed
969 4016 1191 4077 peccata
1235 4020 1419 4067 nostra
1456 4024 1510 4070 et
1551 4014 1652 4086 ipsi
1697 4033 2034 4085 accusemus,
2083 4032 2139 4081 et

547 4095 927 4153 accusantibus
980 4114 1087 4155 non
1134 4102 1454 4162 irascamur.
1495 4106 1612 4164 Non
1658 4124 1786 4182 ergo
1827 4112 1945 4170 leve
1986 4124 2138 4185 putet

526 4184 669 4255 .quis
695 4201 754 4242 se
800 4193 1141 4252 committere
1186 4209 1495 4269 peceatum,
1543 4218 1665 4258 eum
1714 4206 1946 4277 aliquem
1994 4210 2136 4266 male

545 4289 790 4348 ageutem
818 4281 966 4341 falsis
992 4286 1237 4347 laudibus
1259 4294 1476 4362 attollit,
1515 4311 1637 4352 cum
1679 4297 1959 4357 Dominica
2002 4319 2137 4362 voce

543 4367 612 4424 de
638 4385 697 4425 se
728 4372 857 4442 dici,
890 4380 1030 4446 quod
1063 4391 1309 4439 mortuus
1341 4396 1613 4444 mortuum
1654 4391 1901 4461 sepeliat,
1932 4394 2125 4451 audit:

542 4460 1035 4534 irrecuperabiliter
1075 4475 1220 4529 enim
1251 4491 1375 4532 eum
1422 4460 1723 4549 interﬁcit,
1752 4485 1842 4555 qui
1879 4484 2131 4546 fortassis

540 4556 607 4610 ad
629 4561 1023 4621 emendationis
1061 4568 1223 4623 vitam
1258 4582 1582 4644 resurgeret,
1614 4576 1715 4632 nisi
1740 4591 1863 4634 eum
1894 4578 1982 4634 ille
2007 4580 2123 4638 suis

539 4648 940 4711 adulationibus
969 4656 1307 4717 incessanter
1343 4663 1618 4723 obrueret.

606 4738 698 4794 25.
740 4742 873 4798 Cum
904 4760 1035 4803 vero
1059 4759 1204 4817 octo,
1238 4761 1298 4807 ut
1320 4753 1508 4810 beatus
1540 4755 1744 4814 fatetur
1787 4760 2122 4834 Augustinus

538 4831 640 4903 (De
668 4833 908 4892 Mendac.
946 4857 995 4895 c.
1031 4842 1119 4914 14)
1144 4885 1159 4908 ,
1211 4844 1372 4918 592
1420 4851 1528 4905 sint
1578 4853 1847 4910 mendacii
1881 4831 2121 4928 vgeuera,

538 4925 879 4984 adulatorum
907 4941 993 4988 est
1022 4933 1166 4991 inter
1193 4941 1408 5007 omnia,
1456 4941 1649 5010 fateor,
1683 4925 1995 5016 pessimum.
2047 4950 2124 5006 llli

535 5020 679 5074 enim
712 5025 981 5096 praecipue
1024 5037 1080 5083 et
1129 5031 1508 5091 interfectores
1555 5047 1611 5093 et
1658 5041 1962 5110 sepultorcs
2003 5052 2131 5099 sunt

535 5111 860 5182 animarum,
890 5134 1075 5189 regum
1106 5124 1363 5189 maxime,
1401 5127 1595 5183 ducum
1621 5170 1636 5195 ,
1670 5133 1970 5199 comitum,
2016 5136 2130 5206 cpi-

534 5215 851 5272 scoparum,
879 5207 1152 5275 abbatum,
1186 5228 1249 5268 ac
1274 5214 1452 5271 saeculi
1481 5216 1637 5286 hujus
1668 5221 1989 5288 potentium,
2022 5237 2129 5278 non

535 5294 693 5348 veriti
721 5298 962 5348 terribile
990 5302 1117 5348 illud
1156 5320 1252 5348 nor
1298 5309 1613 5348 nrnnlsnlntn
1653 5311 1862 5348 nnnnini
1910 5313 2130 5348 mulus“-

2249 1900 2393 1955 enim
2411 1900 2535 1956 alibi
2563 1901 2702 1956 idem
2728 1916 2741 1956 :
2762 1899 2947 1958 Omnis
2971 1904 3125 1959 homo
3145 1905 3373 1959 mendax
3393 1904 3568 1977 (Psal.
3583 1919 3715 1970 ειν,
3738 1903 3845 1978 li).

2251 1990 2392 2063 Ergo
2438 2001 2493 2047 tu
2542 1993 2658 2063 ipse
2685 1993 2800 2049 lucc
2828 1994 3014 2050 dicens
3050 1997 3281 2053 mendax
3311 1996 3577 2068 propheta
3598 1997 3625 2050 ?
3671 1995 3846 2063 Absit,

2250 2096 2374 2136 nam
2401 2091 2457 2137 et
2495 2081 2608 2138 illic
2649 2092 2858 2139 certum
2887 2085 3155 2154 quoddam
3175 2126 3190 2153 ,
3223 2088 3367 2158 quod
3397 2086 3727 2157 perditionis
3755 2086 3846 2144 ﬁlii

2252 2173 2593 2230 solummodo
2631 2174 2945 2246 loquuntur,
2989 2178 3102 2233 dixi
3144 2178 3507 2247 mendacium,
3536 2189 3594 2235 et
3621 2193 3838 2235 omnem

2250 2266 2526 2323 hominem
2557 2267 2610 2322 in
2637 2268 2811 2324 extasi
2839 2269 3044 2341 (1456),
3073 2270 3125 2325 id
3167 2280 3270 2337 est,
3299 2271 3353 2327 in
3383 2272 3844 2343 contemplatione

2249 2359 2566 2414 veracitatis
2595 2359 2710 2425 Dei,
2743 2361 2931 2417 vocavi
2960 2364 3316 2430 mendacem;
3358 2364 3501 2419 sicut
3544 2372 3631 2419 et.
3660 2362 3845 2419 Eccle-

2251 2451 2447 2507 siastes
2472 2467 2627 2508 meus
2671 2452 2870 2524 (Eccle.
2902 2470 2985 2522 ιιι,
3016 2455 3127 2527 19),
3150 2465 3205 2510 et
3242 2463 3362 2526 post
3384 2455 3534 2511 illum
3560 2456 3847 2527 Apostolus

2252 2543 2432 2616 (Rom.
2472 2560 2590 2609 vnt,
2618 2545 2734 2618 20),
2768 2544 2993 2603 vanitati
3022 2549 3346 2620 subjectum.
3374 2548 3549 2618 Quam
3585 2559 3847 2621 praeterea

2250 2636 2473 2690 noxium
2510 2637 2583 2692 sit
2622 2651 2785 2693 omne
2831 2639 3206 2706 mendacium,
3257 2639 3398 2695 alius
3439 2651 3539 2695 nos
3592 2641 3845 2697 admonet

2249 2727 2436 2782 dicens
2461 2744 2474 2781 :
2503 2726 2577 2783 0s
2613 2730 2753 2800 quod
2790 2732 3040 2786 mentitur
3069 2772 3084 2799 ,
3115 2732 3302 2787 occidit
3331 2732 3566 2787 animam
3615 2731 3775 2804 (Sap.
3804 2749 3844 2800 ι,

2252 2821 2340 2891 ll)
2376 2837 2390 2885 ;
2447 2831 2504 2877 et
2541 2838 2557 2878 :
2600 2820 2800 2880 Falsus
2849 2824 2993 2880 testis
3033 2841 3138 2880 non
3169 2825 3267 2880 erit
3317 2824 3609 2896 impunitus
3650 2823 3841 2898 (Prov.

2250 2929 2368 2980 xrx,
2403 2914 2481 2985 5).

2319 3006 2406 3061 27.
2450 3007 2789 3065 Mendacium
2850 3024 2981 3066 sane
3028 3025 3191 3083 quam
3238 3009 3398 3081 longe
3447 3026 3478 3065 a
3523 3008 3844 3081 praesulibus

2249 3097 2506 3154 Ecclesiae
2544 3100 2737 3156 debeat
2761 3115 2903 3168 esse,
2934 3102 3200 3159 invectiva
3232 3102 3512 3174 cujusdam
3564 3103 3840 3160 sententis

2247 3185 2574 3256 lntjusmodi,
2612 3206 2677 3246 ac
2704 3191 3023 3262 populorum
3051 3193 3446 3249 consuetudine
3486 3194 3619 3249 trita
3651 3235 3667 3261 ,
3696 3194 3841 3252 vale-

2246 3296 2366 3338 mus
2394 3281 2710 3340 advertere:
2737 3283 2935 3352 Verba,
2967 3285 3237 3357 inquiunt,
3262 3286 3567 3342 sacerdotis
3595 3296 3697 3343 aut
3715 3303 3841 3345 vera

2245 3378 2338 3424 aut
2376 3372 2660 3442 sacrilega.
2685 3373 2859 3442 Quam
2909 3389 2941 3429 e
2972 3376 3250 3433 contrario
3297 3386 3480 3432 autem
3527 3378 3738 3434 veritas
3772 3378 3842 3437 sit

2243 3462 2355 3519 Deo
2384 3464 2602 3531 dilecta,
2627 3464 2741 3537 ipse
2768 3469 2835 3522 de
2860 3481 2935 3523 [sc
2981 3466 3207 3538 loquens
3237 3468 3378 3524 Deus
3410 3468 3576 3524 homo
3609 3470 3836 3526 demou-

2244 3563 2402 3620 strat,
2430 3570 2551 3610 cum
2589 3557 2664 3609 ait
2704 3573 2716 3608 :
2746 3555 2859 3628 Ego
2886 3574 3000 3611 sum
3034 3558 3151 3621 via,
3197 3558 3387 3612 ueritas
3415 3568 3464 3613 et
3507 3559 3613 3613 cita
3659 3557 3839 3630 (locu.

2242 3660 2354 3711 xtv,
2386 3645 2441 3715 6)
2468 3662 2482 3712 ;
2510 3655 2565 3700 et
2589 3661 2685 3716 per
2709 3648 3028 3718 prophetam
3059 3664 3073 3701 :
3103 3647 3294 3702 Pacem
3326 3657 3374 3702 et
3413 3650 3687 3703 veritatem
3726 3647 3843 3703 dili-

2239 3739 2364 3809 gite,
2392 3739 2465 3792 ait
2494 3738 2749 3794 Dominus
2781 3739 2922 3796 Deus
2964 3739 3149 3813 (Zaclt.
3180 3758 3299 3808 vut,
3328 3741 3417 3812 19)
3443 3758 3458 3808 ;
3492 3741 3712 3798 Pascha
3740 3758 3838 3799 cu-

2234 3826 2325 3898 jus
2370 3828 2647 3884 eclebrare
2675 3831 2729 3884 in
2764 3833 2965 3902 azymis
3010 3832 3328 3886 sinceritatis
3373 3841 3422 3886 et
3464 3834 3702 3889 veritatis
3745 3849 3841 3892 nos

2238 3929 2425 3976 monet
2458 3921 2749 3992 Apostolus
2779 3922 2829 3995 (Ι
2855 3923 2977 3978 Cor.
3009 3939 3062 3990 v,
3099 3925 3178 3997 8).
3203 3924 3268 3980 Et
3297 3940 3423 3982 cum
3467 3925 3721 3997 quamam
3747 3940 3846 3996 po-

2238 4011 2350 4083 puli
2381 4012 2464 4067 sui
2509 4022 2631 4068 acta
2669 4016 3034 4086 reprobassel,
3084 4014 3354 4086 subjecit:
3382 4014 3515 4071 Han:
3552 4028 3679 4070 sunt
3717 4033 3843 4089 ergo

2237 4101 2422 4168 verba,
2464 4119 2581 4175 qua:
2620 4104 2818 4173 facitis,
2848 4104 3123 4176 loquimini
3171 4106 3441 4161 veritatem
3482 4107 3843 4179 unusquisque

2237 4209 2354 4247 cum
2382 4197 2622 4265 proximo
2644 4212 2741 4251 suo
2769 4194 2956 4269 (lactt.
2988 4214 3106 4267 vnt,
3139 4198 3228 4269 16)
3255 4216 3270 4267 ;
3306 4208 3364 4255 et
3389 4199 3703 4271 replicans:
3740 4199 3842 4256 Ve-

2236 4288 2444 4342 ritatem
2465 4298 2513 4343 et
2531 4288 2795 4359 justitiam
2816 4290 3053 4361 judicate
3081 4293 3135 4346 in
3155 4293 3317 4363 portis
3346 4294 3548 4348 uestris.
3576 4292 3771 4365 (ll-id.)

2305 4380 2394 4437 28.
2428 4381 2585 4449 Ecce,
2622 4385 2821 4439 fratres
2857 4395 2914 4440 et
2952 4385 3046 4440 lilii
3096 4386 3260 4456 (Deus
3285 4387 3575 4458 concedat)
3607 4386 3679 4443 ab
3724 4388 3840 4457 ipso

2234 4473 2531 4532 clementer
2580 4478 2813 4547 respecti
2846 4518 2861 4543 ,
2894 4491 3021 4534 ecce
3052 4486 3253 4548 quanta
3284 4478 3838 4543 commemoravimus

2238 4554 2362 4623 vera
2394 4570 2566 4637 mala,
2595 4581 2796 4641 quanta
2836 4573 2968 4629 falsa
3014 4573 3178 4642 bona,
3219 4583 3421 4644 quanta
3468 4574 3638 4630 etiam
3674 4574 3836 4631 mist:

2235 4662 2392 4719 bonis
2423 4664 2584 4720 mala.
2626 4663 2765 4732 Quid
2793 4667 2950 4722 nobis
2993 4668 3260 4738 agendum
3292 4669 3359 4726 ad
3404 4668 3507 4724 ista
3537 4709 3553 4736 ,
3600 4669 3709 4724 nisi
3732 4710 3747 4733 ,
3780 4677 3835 4723 ut

2235 4755 2583 4824 prtedixiutus
2628 4758 2914 4813 Dominum
2951 4759 3293 4830 prascepisse,
3347 4776 3456 4815 non
3505 4761 3581 4815 ita
3618 4759 3833 4829 jejuno.

2236 4861 2376 4914 tuus,
2408 4864 2512 4903 non
2544 4849 2614 4903 ita
2639 4864 2879 4918 oremus,
2906 4865 3011 4906 non
3041 4852 3118 4906 ita
3143 4852 3521 4924 eleemosynas
3541 4852 3828 4919 faciamus,

2235 4939 2379 4993 sicut
2409 4955 2579 5011 usque
2614 4940 2679 4996 ad
2729 4942 2868 4997 hanc
2914 4943 3057 4998 diem
3095 4941 3495 5012 jejunavimus,
3550 4946 3830 5000 oravimus

2236 5034 2613 5106 eleemosynas
2636 5035 2884 5103 fecimus,
2914 5052 2981 5094 ne
3018 5038 3265 5094 hosnbus
3289 5038 3496 5095 nostris
3521 5078 3539 5104 ,
3571 5038 3822 5109 malignis

2233 5127 2423 5197 utique
2448 5127 2609 5199 593
2642 5128 2945 5199 spiritibus,
2974 5130 3314 5186 occasionem
3348 5146 3448 5186 nos
3474 5131 3709 5202 amplius
3730 5132 3821 5185 de-

2233 5217 2440 5273 ridendi
2468 5230 2807 5289 prazstemus.
2835 5218 2941 5275 Sed
2972 5216 3446 5277 rationabiliter'in
3479 5220 3823 5291 simplicitate

2231 5312 2409 5348 nnmlic
2432 5311 2661 5348 nnnsinn
2684 5312 2982 5348 cnnvinnlnc
3030 5327 3279 5348 nul-samum
3309 5314 3560 5348 nrimilnn
3589 5328 3657 5348 nn
3681 5313 3815 5348 hanc
