4044 5348
219 177 324 238 703

1684 173 2073 233 SERMONES.

3402 181 3505 238 7C6

218 297 565 371 lcgimnsita,
603 296 858 360 Peccasti,
881 295 1086 366 quiesce
1116 296 1306 366 (Eccli.
1335 312 1448 363 χιιι,
1483 296 1552 359 1).
1587 295 1813 352 Nostro-
1842 307 1889 364 Α
1922 294 2070 359 bato,
2109 296 2347 365 quidam,
2382 297 2482 351 heu
2537 296 2719 350 dolor!
2757 304 3064 354 nostrorum
3118 307 3506 361 murmuranth

220 410 340 460 rum
369 390 650 459 cujusdam
676 389 1006 460 perlepidam
1039 388 1085 443 ei
1111 390 1481 445 concinentem
1512 389 1816 444 recolamus

219 486 430 557 pariter
447 483 750 538 istiusmodi
775 481 1100 537 sententiam
1128 499 1139 534 :
1170 481 1297 536 Noli
1320 500 1430 537 esse
1451 482 1711 536 malorum
1735 482 1817 550 fa-

221 589 353 638 ctor,
373 586 424 630 el
439 575 542 631 eris
570 575 791 637 occisor,
819 573 1006 643 utique
1035 573 1300 628 malorum
1328 573 1626 639 factorum;
1651 572 1821 628 illius-

220 683 328 739 que
344 683 452 722 non
469 668 816 722 immemores
837 681 850 718 :
871 662 998 730 Fili,
1017 664 1212 734 inquit,
1233 683 1295 718 ne
1311 665 1536 736 adjicias
1549 674 1818 735 peccatum

219 780 380 832 super
436 771 750 828 peccatum,
805 759 981 813 dicens
1017 774 1036 812 :
1083 757 1448 812 Misericordia
1504 757 1600 812 Dei
1625 773 1819 827 magna

219 866 296 909 est
368 853 578 926 (Eccli.
629 868 701 918 v,
747 852 861 921 5);
931 863 987 905 et
1033 851 1175 919 quod
1228 852 1475 920 sequitur
1520 850 1820 922 cogitantes

221 963 330 1003 non
359 947 499 1002 adeo
534 947 894 1017 despiciamus
923 985 937 1010 ,
989 953 1049 999 ut
1088 945 1342 1014 precibus
1388 945 1454 998 ad
1498 941 1818 1014 placandum

223 1038 374 1094 illum
407 1037 745 1108 compositis,
777 1044 832 1090 et
862 1046 971 1090 tam
1003 1036 1187 1105 pravis
1219 1045 1278 1091 ut
1305 1051 1474 1106 usque
1515 1051 1658 1090 nunc
1679 1032 1820 1104 jeju-

221 1131 348 1194 niis,
398 1129 756 1194 orationibus,
787 1111 1165 1201 eleemosynis,
1199 1137 1253 1183 et
1299 1128 1496 1183 rationi
1527 1127 1822 1183 contrariis

219 1226 446 1295 vigiliis,
476 1239 580 1279 nos
624 1237 771 1287 eum,
819 1224 909 1294 qui
946 1221 1237 1278 invisibilis
1279 1222 1528 1277 omnibus
1571 1229 1824 1292 penetrat

222 1334 323 1374 suo
352 1317 609 1372 universa
642 1315 860 1380 intuitu,
899 1315 1154 1370 deludere
1181 1329 1339 1386 posse
1374 1313 1680 1371 credamus.
1717 1311 1823 1368 Sed

220 1412 266 1466 si
301 1410 555 1466 volumus
592 1409 643 1465 ei
665 1408 895 1479 placere,
921 1407 1062 1464 sicut
1086 1407 1362 1478 praecepit,
1408 1407 1722 1461 Studeamus
1749 1403 1824 1458 illi

221 1503 434 1558 servire
460 1542 476 1568 ,
526 1509 586 1554 ut
625 1507 971 1569 peccatorum
1021 1498 1398 1553 remissionem
1446 1498 1694 1568 accipere
1723 1536 1738 1561 ,
1769 1502 1826 1550 et

221 1595 459 1664 gratiam
505 1591 675 1662 ipsius
715 1605 1024 1646 mereamur
1054 1605 1377 1661 recuperare
1419 1589 1588 1660 ipsius
1623 1587 1825 1644 solum-

1921 388 2161 442 dicercut
2207 388 2370 442 etiam
2428 388 2771 443 sacerdotum
2804 407 2815 442 :
2845 389 2981 456 Quid
3016 393 3174 446 modo
3199 391 3504 450 faciemus?

1918 477 2102 550 Usque
2131 496 2274 534 nunc
2321 480 2523 550 aliquid
2553 480 2725 535 visum
2755 493 2840 536 est
2870 482 3025 537 nobis
3064 483 3130 539 de
3164 483 3274 539 Deo
3322 487 3464 540 scire
3493 503 3506 549 ;

1919 570 2084 625 modo
2116 569 2330 625 videtur
2361 571 2515 625 nobis
2543 571 2685 640 quod
2728 572 2860 627 nihil
2907 575 3129 630 omnino
3158 576 3230 631 sit
3266 576 3432 642 Deus,
3463 579 3511 634 si

1919 670 2082 731 caput
2102 677 2206 717 non
2239 663 2422 728 habet,
2454 663 2640 718 oculos
2665 679 2770 718 non
2798 663 2978 730 habet,
3005 681 3166 722 aures
3195 684 3302 723 non
3330 668 3514 736 habet,

1921 769 2116 808 manus
2149 771 2254 810 non
2309 756 2492 822 habet,
2548 756 2712 826 pedes
2760 774 2867 813 non
2898 759 3082 815 habet.
3117 761 3200 817 Ad
3229 762 3373 832 quod
3420 765 3516 820 uni

1921 858 2107 899 eorum
2137 847 2280 900 istud
2307 846 2610 916 praebemus
2641 863 2958 918 responsum
2989 869 3002 904 :
3029 851 3392 909 Stolidissimc
3421 871 3513 911 er-

1923 950 2064 1006 gone
2092 937 2270 991 anima
2302 947 2410 1000 tua,
2431 939 2512 992 vel
2545 954 2664 993 mea
2694 939 2768 994 nil
2810 940 2906 996 tibi
2936 957 3057 997 esse
3089 943 3303 999 videtur
3325 962 3423 1016 pro
3449 962 3516 1004 eo

1925 1028 2068 1096 quod
2095 1042 2214 1082 eam
2244 1029 2428 1084 videre
2458 1045 2564 1084 non
2596 1030 2784 1085 vales?
2812 1030 2980 1098 Quale
3011 1049 3140 1089 vero
3169 1043 3330 1107 caput
3357 1037 3520 1094 habet

1925 1119 2108 1174 anima
2147 1129 2259 1185 tua,
2294 1135 2432 1191 quas
2461 1136 2832 1193 manus,quos
2860 1124 3046 1192 pedes,
3071 1141 3192 1196 qua:
3209 1127 3313 1182 alia
3343 1143 3516 1183 mem-

1924 1209 2057 1264 bra?
2093 1209 2332 1266 Monstra
2366 1213 2497 1266 mihi
2523 1212 2713 1268 saltem
2746 1214 2791 1268 si
2823 1213 2972 1270 vales
3007 1216 3242 1273 colorem
3287 1217 3434 1288 ejus;
3467 1221 3514 1276 si

1925 1318 2031 1358 non
2059 1305 2228 1370 vales,
2260 1320 2360 1377 ego
2383 1305 2498 1374 ejus
2523 1307 2618 1362 tibi
2649 1308 2964 1365 demonstro
2989 1310 3298 1368 valentiam.
3326 1313 3518 1373 Statue

1928 1395 2059 1450 mihi
2090 1396 2179 1451 hic
2209 1398 2314 1451 duo
2355 1412 2608 1468 corpora,
2649 1414 2814 1453 unum
2839 1415 2965 1480 cum
2993 1401 3194 1470 anima,
3226 1403 3370 1460 aliud
3400 1406 3520 1463 sine

1927 1485 2129 1540 anima.
2172 1487 2326 1554 Quod
2359 1503 2427 1541 ex
2465 1487 2572 1543 illis
2597 1488 2807 1544 duobus
2824 1490 3049 1558 videbit,
3099 1494 3302 1561 audiet,
3335 1495 3520 1568 loque-

1930 1586 2039 1644 tur,
2057 1578 2390 1634 ambulabit?
2412 1578 2540 1633 illud
2563 1580 2706 1649 quod
2730 1589 2813 1635 est
2842 1596 2967 1636 cum
2996 1582 3283 1650 anima,an
3311 1585 3436 1641 illud
3462 1587 3519 1644 in

223 1687 386 1742 modo
417 1685 638 1756 pietate,
662 1699 823 1755 quam
847 1682 1182 1754 perdidimus
1203 1681 1410 1737 arbitrii
1434 1681 1605 1737 nostri
1628 1679 1822 1736 merito
1851 1681 1899 1742 B
1925 1687 2163 1743 quonon
2179 1683 2260 1728 εει
2275 1674 2492 1728 anima?
2512 1673 2628 1729 Non
2645 1675 3179 1749 dubiumdquinﬁillud
3203 1682 3345 1751 quod
3362 1681 3526 1740 habet

221 1776 501 1833 libertate.

289 1868 386 1923 29.
421 1866 616 1923 Finem
656 1881 784 1924 sane
806 1867 1058 1938 loquendi
1081 1866 1314 1922 cumhic
1336 1865 1521 1939 (1457)
1546 1865 1703 1921 nobis
1729 1881 1826 1936 pu-

225 1959 564 2016 tavissemus
589 1971 900 2024 occurrere,
931 1957 1176 2013 occurrit
1195 1957 1502 2012 eeontrario
1540 1973 1645 2011 non
1668 1957 1827 2012 silere

224 2052 442 2107 valendi
473 2051 804 2107 omnimodis
838 2051 997 2106 ratio.
1026 2049 1259 2105 Haeresis
1289 2050 1473 2123 (1458)
1498 2067 1731 2121 namque
1757 2065 1826 2106 ex

225 2145 473 2215 antiquis
497 2145 743 2215 quaedam
764 2142 853 2200 hic
879 2143 1021 2214 apud
1052 2159 1170 2207 nos,
1189 2159 1314 2199 cum
1339 2144 1602 2200 exhausta
1630 2143 1833 2214 ubique

226 2239 572 2303 crederetur,
587 2238 868 2307 consopita
893 2238 1075 2308 potius
1103 2237 1374 2308 apparuit,
1392 2252 1554 2308 quam
1584 2243 1832 2293 mutuato

229 2348 258 2385 a
307 2317 608 2386 Grzccitate
659 2329 922 2385 vocabulo
954 2319 1632 2401 Anthropomorphitarum
1665 2332 1832 2385 etiam

227 2423 508 2480 Latinitas
554 2423 826 2495 appellare
855 2423 1157 2480 consuevit.
1211 2423 1421 2479 Nudius
1456 2424 1600 2480 enim
1643 2425 1834 2480 tertius

229 2515 456 2585 quidam
488 2515 810 2572 nostratium
857 2515 1043 2570 retulit
1074 2515 1231 2571 nobis
1267 2516 1616 2587 presbyteros
1640 2513 1836 2572 Vicen-

232 2609 362 2663 tina:
397 2609 685 2675 dioecesis,
718 2618 933 2664 nostros
971 2609 1158 2680 utique
1189 2609 1418 2674 vicinos,
1465 2618 1662 2678 putare
1715 2624 1840 2665 cor-

229 2713 467 2772 poreum
522 2703 692 2757 Deum
753 2717 874 2759 esse
919 2720 934 2767 ;
974 2703 1078 2757 hac
1127 2702 1396 2773 siquidem
1433 2703 1720 2760 occasione
1751 2705 1835 2759 in-

231 2793 462 2858 ductos,
505 2794 734 2863 quodin
786 2792 1086 2864 Scripturis
1126 2793 1336 2864 legatur
1381 2812 1394 2848 :
1439 2794 1595 2850 Oculi
1625 2795 1840 2851 Domini

229 2900 395 2954 super
442 2883 646 2951 iustos,
683 2892 732 2938 et
767 2901 921 2938 aures
951 2883 1065 2953 ejus
1113 2885 1169 2938 in
1217 2901 1394 2956 preces
1446 2902 1627 2940 eorum
1661 2883 1838 2956 (Psal.

234 2987 440 3040 χχχιιι,
472 2974 597 3045 16);
650 2984 704 3029 et
764 2993 776 3028 :
820 2974 1014 3030 Manus
1050 2985 1155 3029 tua:
1193 2975 1427 3045 fecerunt
1481 2975 1737 3046 me(Job
1781 2991 1839 3041 Χ,

1933 1765 2192 1833 animam,
2226 1767 2599 1838 respondebis.
2619 1767 2731 1840 Ego
2759 1781 2984 1826 econtra
3016 1791 3029 1826 :
3055 1772 3237 1840 Quare
3264 1791 3370 1832 non
3395 1777 3526 1834 illud

1938 1857 2082 1926 quod
2099 1857 2335 1912 animam
2362 1873 2468 1913 non
2501 1859 2698 1914 habet?
2713 1860 2972 1916 nimirum
2999 1865 3123 1934 quia
3139 1864 3295 1922 deest
3315 1867 3390 1923 illi
3411 1869 3524 1941 ipsa

1933 1947 2052 2012 vis,
2089 1949 2205 2019 ipsa
2262 1958 2533 2020 potestas,
2590 1951 2766 2021 ipsum
2823 1953 3277 2013 inaestimabiliter
3329 1960 3526 2017 melius

1935 2048 2098 2110 atque
2129 2041 2384 2108 validius,
2415 2041 2558 2114 quod
2588 2042 2717 2098 illud
2764 2045 3006 2116 regebat,
3040 2056 3099 2102 ut
3136 2048 3342 2120 aliquid
3382 2050 3531 2109 face—

1938 2141 2041 2199 ret,
2093 2134 2211 2190 sine
2265 2150 2374 2206 quo
2425 2136 2562 2191 nihil
2613 2136 2838 2192 omnino
2880 2137 3064 2196 facere
3106 2151 3362 2212 poterat:
3395 2145 3531 2202 nihil

1937 2224 2082 2280 enim
2109 2239 2233 2280 esse
2263 2224 2577 2294 visibilium,
2595 2228 2743 2298 quod
2773 2242 2880 2284 non
2909 2229 2978 2285 ab
3001 2229 3259 2289 invisibili
3284 2245 3526 2309 regatur,

1938 2317 2080 2372 ratio
2109 2317 2286 2373 docet.

2008 2411 2100 2466 51.
2148 2411 2289 2468 Ecce
2333 2412 2620 2471 invisibilis
2671 2416 2851 2473 anima
2902 2433 3066 2490 quam
3117 2424 3388 2492 potentior
3434 2427 3530 2495 sit,

1941 2519 2104 2574 quam
2127 2505 2343 2561 visibile
2362 2522 2582 2578 corpus.
2612 2509 2688 2565 De
2723 2511 2837 2581 ipsa
2883 2513 2995 2568 vita
3039 2515 3235 2573 animae
3265 2519 3394 2589 quid
3430 2521 3529 2578 tibi

1939 2595 2196 2650 videtur?
2221 2595 2412 2654 Nonne
2443 2600 2555 2671 ipsa
2587 2601 2913 2660 invisibilior
2938 2607 3196 2676 multum,
3226 2626 3387 2682 quam
3415 2613 3533 2684 ipsa

1942 2697 2028 2743 est
2057 2689 2275 2744 anima?
2303 2689 2442 2758 Quid
2467 2702 2647 2750 autem
2681 2695 2797 2766 ipsa
2826 2698 3026 2755 valeret
3049 2701 3377 2770 anima,imo
3401 2706 3531 2776 quid

1943 2779 2060 2850 ipsa
2076 2789 2220 2835 esset
2235 2781 2414 2836 anima
2434 2783 2551 2839 sine
2566 2785 2713 2841 vita?
2734 2787 2957 2860 Absque
2974 2791 3139 2846 dubio
3157 2793 3321 2848 nihil:
3341 2794 3536 2865 legitur

1945 2873 2090 2927 enim
2123 2873 2194 2928 ita
2222 2892 2234 2927 :
2265 2871 2467 2931 Factus
2501 2887 2575 2931 est
2613 2880 2818 2948 primus
2840 2882 3012 2936 Adam
3041 2884 3094 2937 in
3117 2886 3296 2941 anima
3320 2888 3535 2957 vivente,

1948 2966 2210 3045 secundus
2232 2967 2286 3020 in
2319 2969 2506 3037 spiritu
2526 2969 2816 3040 viviﬁcante
2839 2971 2890 3044 (Ι
2914 2971 3147 3042 Cor.xv,
3176 2976 3290 3050 45).
3323 2978 3379 3035 Si
3407 2995 3538 3051 ergo

231 3065 320 3136 8);
353 3075 416 3121 et
447 3084 460 3120 :
492 3064 778 3120 Faciamus
808 3067 1069 3121 hominem
1109 3066 1178 3119 ad
1208 3067 1490 3136 imaginem
1519 3076 1566 3121 et
1594 3066 1842 3121 similitu-
1868 3056 1912 3118 C
1946 3058 2150 3124 anima,
2185 3075 2306 3130 quae
2334 3062 2523 3132 Illique
2546 3063 2770 3133 ερίιυίιυε
2797 3075 2901 3133 est,
2927 3077 3135 3124 tantum
3160 3071 3427 3130 valentior
3453 3083 3542 3132 est

231 3161 418 3214 dinem
470 3169 707 3213 nostram
745 3155 898 3228 (Gen.
932 3174 970 3220 ι,
997 3157 1123 3228 26);
1154 3173 1279 3213 eum
1321 3159 1504 3226 utique
1534 3158 1650 3213 haec
1684 3157 1840 3212 simi-

230 3252 437 3311 litudo.
490 3251 576 3306 vel
629 3250 1037 3316 dissimilitudo,
1091 3265 1198 3306 non
1254 3251 1319 3305 ad
1372 3267 1590 3320 corpus,
1637 3251 1729 3306 scd
1773 3251 1842 3306 ad

231 3343 410 3400 solam
454 3343 726 3413 pertineat
761 3341 1040 3408 animam,
1084 3358 1204 3412 qua:
1252 3349 1336 3397 est
1364 3341 1550 3411 utique
1596 3342 1838 3412 spiritus,

229 3451 562 3506 quanquam
613 3435 1061 3506 circumscriptus
1091 3445 1146 3490 et
1188 3434 1696 3504 comprehensibilis
1729 3435 1841 3505 spi-

229 3527 396 3592 ritus,
446 3536 502 3580 et
552 3525 925 3595 hujuscemodi
983 3526 1036 3580 in
1089 3525 1387 3596 Scripturis
1433 3524 1535 3580 alia
1574 3523 1842 3597 |subaudi

229 3619 499 3690 lcgantur
521 3616 564 3690 ],
607 3633 715 3673 non
774 3616 1138 3688 intelligentes
1175 3617 1502 3683 stultissimi,
1541 3616 1684 3686 quod
1733 3625 1841 3670 tam

228 3707 704 3779 inexcogitabilis,
751 3715 860 3761 tam
909 3707 1313 3774 inscrutabilis,
1366 3715 1474 3761 tam
1508 3703 1839 3771 inell'abilis,

228 3807 346 3851 tam
381 3797 962 3866 incomprehensibilis
997 3807 1082 3852 est
1120 3799 1282 3863 Deus,
1310 3806 1369 3851 ut
1401 3796 1533 3851 nihil
1559 3797 1842 3867 proprium

231 3889 390 3945 eﬂ’ari
447 3890 517 3944 de
544 3904 610 3944 eo
650 3889 899 3943 humana:
946 3888 1238 3944 locutionis
1268 3888 1445 3944 valeat
1471 3903 1619 3943 usus.

305 3984 402 4039 50.
432 3982 570 4050 Quis
611 3983 757 4037 enim
813 3980 1008 4036 audeat
1057 3979 1396 4036 solummodo
1454 3979 1692 4051 cogitare
1741 3980 1844 4050 (ut

230 4076 336 4131 hoc
362 4090 537 4130 unum
573 4073 912 4143 proferamus
948 4072 1015 4128 de
1047 4073 1263 4142 multis)
1292 4072 1436 4144 quod
1464 4088 1560 4143 per
1591 4081 1842 4128 naturam

210 4169 499 4233 Christus
546 4154 713 4223 fuerit
775 4167 978 4222 vermis
1025 4175 1119 4221 aut
1176 4166 1500 4222 scarabeus?
1548 4165 1616 4221 Et
1662 4174 1842 4220 tamen

232 4275 334 4331 per
395 4259 697 4332 quamdam
759 4258 1170 4333 similitudinem
1205 4258 1318 4327 ipse
1366 4259 1431 4313 de
1483 4271 1562 4321 sc,
1597 4259 1844 4328 quamvis

234 4352 550 4425 ﬁguraliter
579 4352 833 4423 loquens,
863 4352 1133 4407 veraciter
1157 4351 1289 4405 dicit
1321 4369 1334 4404 :
1379 4350 1490 4421 Ego
1521 4360 1697 4405 autem
1726 4368 1844 4405 sum

236 4446 460 4509 vermis,
481 4453 529 4498 et
571 4460 675 4497 non
721 4444 878 4498 homo
919 4441 1093 4513 (Psal.
1127 4459 1240 4506 xxi,
1271 4442 1359 4514 7);
1405 4453 1459 4497 et
1490 4457 1588 4512 per
1617 4443 1849 4514 prOphe-
1875 4427 1928 4488 Ῑ)

230 4545 349 4589 tam
385 4553 399 4589 :
429 4532 732 4589 Scarabeus
756 4533 822 4588 de
848 4533 988 4604 ligno
1031 4533 1281 4587 clamabit
1331 4533 1562 4604 (flavae.
1594 4550 1654 4598 ιι,
1689 4535 1749 4590 11
1785 4551 1851 4589 ea:

237 4624 394 4679 LXX
419 4625 464 4696 ).
516 4624 677 4692 Quod
724 4640 849 4680 cum
893 4641 992 4680 nos
1050 4641 1158 4680 non
1218 4625 1431 4679 modice
1490 4627 1852 4696 permovisset

236 4717 437 4789 (1459)
466 4757 479 4782 ,
509 4719 646 4787 proh
677 4715 864 4772 nefas!
897 4717 1051 4772 nobis
1097 4717 1384 4773 commisso
1419 4718 1565 4788 gregi
1603 4719 1852 4774 eamdem

239 4812 382 4866 adeo
412 4811 786 4880 comperimus
821 4811 1102 4882 perfidiam
1154 4810 1457 4874 inlucsisse,
1509 4819 1568 4863 ut
1616 4810 1758 4866 facto
1785 4811 1851 4866 de

238 4903 497 4975 periculo
532 4905 585 4958 in
617 4905 818 4976 populo
851 4919 1119 4970 sermone,
1144 4913 1198 4960 et
1221 4903 1471 4974 spiritum
1499 4917 1622 4959 esse
1658 4903 1851 4972 Deum,

239 4999 673 5069 incorporeum,
743 4996 912 5070 595,
971 4996 1343 5060 invisibilcm,
1407 4996 1806 5052 intractabilem
1835 5037 1852 5062 ,

243 5101 299 5148 et
325 5089 790 5158 inaestimabilem,
844 5091 1248 5162 Scripturarum
1289 5089 1620 5146 testimoniis
1651 5104 1850 5161 appro-

315 5249 624 5348 (l'4§7)klta
649 5266 765 5307 cum
803 5248 1100 5348 novissimo
1125 5247 1406 5329 Spicilegii
1449 5249 1680 5304 editore.
1713 5249 1849 5304 Erat

243 5320 389 5348 ειηέιιι
429 5320 709 5348 λιιιιΑ-εηηι
763 5341 802 5348 --

981 5338 997 5348 ,ε
1025 5339 1122 5348 μοι..
1163 5338 1322 5348 ..-ι-Αι-

1943 3165 2189 3222 corpore,
2235 3159 2294 3206 ut
2325 3153 2441 3208 sine
2472 3153 2561 3208 illa
2606 3171 2666 3212 se
2718 3158 2909 3214 saltem
2947 3177 3054 3217 non
3085 3165 3256 3234 possit
3285 3183 3536 3235 movere;

1943 3242 2055 3297 vita
2083 3257 2214 3298 vero
2243 3245 2458 3311 animae,
2483 3261 2604 3316 quae
2629 3249 2817 3318 utique
2839 3249 3165 3308 invisibilior
3185 3263 3300 3322 est,
3328 3265 3538 3315 tantum

1942 3335 2222 3406 potentior
2253 3336 2458 3402 anima,
2489 3347 2547 3393 ut
2599 3339 2718 3394 sine
2750 3341 2840 3395 illa
2872 3342 3062 3398 saltem
3089 3347 3264 3415 possit
3289 3364 3389 3404 nec
3416 3365 3538 3408 esse

1945 3426 2167 3496 spiritus
2193 3425 2476 3483 viviﬁcans
2499 3470 2514 3494 ,
2541 3429 2633 3498 qui
2656 3431 2844 3501 utique
2873 3433 3015 3490 Deus
3042 3444 3156 3502 est;
3188 3446 3242 3494 ct
3267 3454 3372 3509 quo
3397 3440 3540 3499 Deus

1945 3517 2296 3584 invisibilior,
2344 3533 2410 3574 eo
2461 3520 2716 3577 omnibus
2756 3524 2984 3580 interior
3024 3526 3158 3584 adeo
3203 3530 3447 3601 spiritus,
3487 3534 3538 3591 si

1945 3611 2266 3682 regulariter
2296 3612 2368 3668 ita
2396 3613 2503 3667 dici
2535 3614 2763 3683 valeret,
2808 3616 3268 3680 invisibilissimus
3291 3626 3534 3683 omnium

1943 3703 2232 3774 spirituum
2299 3705 2534 3774 spritus,
2586 3714 2642 3762 et
2703 3708 2928 3780 spiritus
2984 3712 3367 3784 Spiritissimus
3421 3734 3542 3775 om-

1944 3795 2093 3848 nium
2138 3794 2400 3865 appellari
2461 3798 2634 3867 possit
2675 3801 2962 3871 spirituum
3011 3814 3112 3862 :et
3147 3821 3254 3876 quo
3287 3811 3544 3868 omnibus

1946 3887 2230 3956 spiritibus
2275 3887 2617 3955 invisibilior,
2651 3906 2716 3946 eo
2745 3893 2997 3950 omnibus
3026 3895 3290 3965 interior;
3332 3909 3389 3958 et
3432 3919 3542 3974 quo

1947 3981 2196 4045 interior,
2246 3995 2313 4037 eo
2349 3981 2524 4053 magis
2567 3984 2870 4041 credendus
2920 3989 3162 4045 omnium
3207 4000 3408 4060 rector,
3455 3995 3541 4051 iu-

1946 4072 2204 4142 spirator,
2235 4083 2433 4140 motor,
2467 4074 2772 4130 vivificator
2811 4077 3133 4148 spirituum,
3168 4083 3310 4140 sicut
3355 4084 3535 4142 anima

1946 4163 2188 4218 omnium
2240 4180 2551 4235 corporum,
2607 4166 2715 4220 imo
2751 4168 2894 4224 sicut
2937 4171 3047 4226 vita
3083 4175 3324 4230 omnium
3357 4177 3546 4236 viven-

1947 4253 2102 4320 tium,
2123 4265 2177 4310 et
2204 4263 2355 4310 tanto
2374 4256 2720 4326 praestantius
2737 4297 2752 4326 ,
2795 4271 2997 4330 quanto
3025 4263 3352 4324 inell‘abilius
3382 4279 3547 4340 atque

1952 4347 2251 4417 potentius.

2025 4443 2113 4497 52.
2164 4442 2316 4499 Sicut
2369 4450 2514 4500 enim
2567 4447 2749 4503 anima
2805 4451 2938 4507 nihil
2975 4464 3122 4512 esset
3167 4459 3212 4513 si
3243 4447 3356 4514 non
3403 4472 3548 4518 esset

1955 4535 2090 4600 vita,
2123 4535 2198 4590 ita
2235 4538 2415 4591 omnis
2441 4548 2693 4594 creatura
2737 4543 2853 4598 sive
2882 4545 3136 4614 visibilis,
3165 4547 3279 4604 sive
3307 4549 3554 4608 invisibi~

1901 4690 1906 4700 ι
1956 4629 2042 4694 iis,
2095 4631 2209 4685 sive
2246 4646 2533 4702 corporea,
2576 4633 2692 4689 sive
2743 4635 3092 4708 incorporea,
3147 4641 3279 4696 nihil
3334 4646 3557 4700 omnino

1957 4734 2121 4790 esset,
2146 4726 2188 4780 si
2234 4741 2338 4779 non
2367 4733 2513 4780 esset
2557 4727 2695 4783 Deus
2724 4730 2908 4784 omnia
2962 4732 3176 4804 utique,
3216 4740 3274 4786 ut
3303 4733 3378 4787 ita
3414 4736 3562 4791 dica-

1959 4829 2080 4886 tur,
2138 4819 2427 4884 animans,
2466 4821 2607 4876 sicut
2663 4822 2952 4878 virilicans
2996 4822 3259 4894 Spiritus,
3315 4825 3406 4893 qui
3462 4844 3568 4898 quo

1962 4912 2216 4967 omnibus
2272 4911 2540 4976 interior,
2610 4927 2677 4968 co
2733 4925 2819 4968 cst
2877 4910 3248 4978 invisibilior;
3322 4913 3466 4969 sicut
3521 4926 3578 4972 et.

1959 5003 2185 5072 Spiritus
2239 5003 2292 5057 in
2351 5004 2672 5072 corporibus
2722 5018 2791 5059 eo
2842 5002 3131 5074 interior,
3183 5015 3289 5075 quo
3338 5000 3580 5062 invisibi-

1957 5095 2079 5164 lior,
2118 5113 2184 5153 eo
2229 5093 2589 5159 invisibilior,
2647 5110 2757 5168 quo
2790 5103 2960 5162 usque
3017 5098 3095 5151 ad
3158 5090 3584 5153 inell‘abilitatem

1956 5251 2561 5348 nitasnmuluqto'eliam
2599 5270 2630 5305 a
2675 5248 2966 5348 (gravitate
3023 5249 3290 5348 vocabul:
3331 5254 3595 5348 consuerit

1967 5344 2056 5348 ---η
2075 5327 2222 5348 -ΙΙ-..--
2278 5324 2927 5348 Α.-ΙΛιοΑοςι-ιιιι...ιι-ιιξιριιιριιιι
2978 5334 3114 5348 ΠΙ...-
3172 5324 3460 5348 -..ιληαιηοιιιι
3487 5324 3572 5348 ..Ιιὲ

2315 5321 2927 5348 .-ΙΙιιοΑοςι-ιιιι...ιι-Ι-ξιριιιριιιι
2978 5334 3114 5348 ΠΙ...-
3172 5319 3460 5348 -..ιληαιηοιιιι
3487 5324 3571 5348 ..Ιιζ

2978 5334 3114 5348 ΠΙ...-
