4044 5348
538 172 643 235 ῚΟἸ

1462 165 1792 224 RATHERll
1826 164 2041 224 EPISC.
2084 164 2338 224 VERON.
2378 164 2530 224 OPP.
2567 162 2747 223 PARS
2782 162 2874 221 111.

3694 161 3799 233 ⁷08

542 284 793 352 interior,
825 297 891 341 ac
908 296 1004 356 per
1038 282 1144 339 hoc
1171 297 1343 353 usque
1390 282 1457 339 ad
1487 283 1930 354 omnipotentiam
1959 282 2119 356 595
2148 289 2374 350 Amos;
2419 291 2548 338 tunc
2592 297 2718 339 eum
2762 279 2919 353 quasi
2960 295 3030 337 ex
3083 287 3238 351 parte
3281 278 3548 344 videmus,
3599 246 3724 335 cuni
3768 295 3801 335 a

540 381 615 435 ita
645 377 942 450 potentior,
980 385 1038 432 ut
1066 376 1326 448 quidquid
1353 383 1458 442 est,
1487 392 1585 447 per
1610 376 1786 445 ipsum
1824 377 1930 443 sit;
1960 377 2117 447 quid-

538 470 667 541 quid
690 469 842 535 vivit,
884 483 982 539 per
1006 468 1177 540 ipsum
1206 467 1383 534 vivat,
1432 456 1693 537 quidquid
1720 477 1986 534 movetur,
2021 482 2118 538 per

538 564 717 635 ipsum
774 575 945 633 usque
980 560 1050 616 ad
1098 558 1521 615 inetiabilitatem
1562 558 1759 615 iterum
1810 568 2116 616 moveatur.

541 653 727 723 Usque
754 653 821 707 ad
852 649 1277 707 inetl‘ahilitatem
1305 665 1435 706 vero
1479 650 1819 723 protulimus,
1861 652 1991 721 quia
2025 636 2115 706 re-

538 746 768 804 colimus
813 755 992 800 motus
1040 745 1458 811 homicidarum,
1492 743 1691 809 furum,
1723 743 2117 811 adulterorum,

537 838 629 911 qui
669 838 855 909 utique
891 837 992 893 nisi
1022 852 1054 891 a
1079 837 1208 917 _Deo
1240 837 1415 908 ipsum
1464 837 1689 903 habent,
1725 852 1832 906 quo
1880 836 2117 907 pessime

466 990 479 996 ,
536 928 833 984 abutuntur
860 928 1063 994 miseri,
1095 937 1321 993 motum,
1372 945 1495 985 cum
1524 942 1555 984 a
1595 928 1788 999 seipsis
1814 928 1966 984 malae
1997 943 2115 984 mo-

537 1020 703 1077 tionis
726 1021 968 1077 habeant
1003 1021 1216 1075 vitium.

607 1112 699 1168 35.
724 1111 896 1167 Tanta
942 1111 1105 1182 igitur
1128 1113 1233 1177 vis,
1265 1121 1416 1187 tanta
1445 1122 1687 1189 potestas
1709 1155 1724 1181 ,
1772 1122 1884 1169 tam
1919 1113 2121 1169 intesti-

537 1202 768 1267 mabilis,
808 1212 917 1259 tam
940 1203 1366 1273 impenetrabilis
1398 1213 1614 1271 natura,
1645 1212 1755 1261 tam
1787 1206 2116 1260 inscrutabi—

537 1294 605 1351 lis
635 1295 956 1363 substantia,
1002 1303 1112 1350 tam
1164 1295 1720 1365 incomprehensibilis
1767 1296 1963 1361 deitas,
2006 1305 2117 1350 tam

539 1386 1001 1446 immensurabilis
1045 1388 1397 1460 magnitudo,
1451 1397 1600 1444 tanta
1650 1390 1717 1446 de
1747 1405 1806 1446 se
1850 1390 1965 1461 ipsa
1994 1390 2117 1444 uni-

535 1494 693 1554 versa
716 1480 987 1539 irradians
1015 1480 1387 1551 pulchritudo,
1406 1490 1516 1537 tam
1547 1493 1743 1540 cuncta
1775 1482 1893 1545 visu
1926 1482 2120 1538 intimo

428 1608 433 1613 -
534 1579 829 1643 penetrans
856 1578 1127 1641 aspectus,
1157 1581 1267 1625 tam
1290 1571 1472 1626 omnia
1505 1572 1787 1627 continens
1832 1572 2120 1628 invisibilis

538 1674 749 1724 manus,
777 1667 886 1714 tam
913 1658 1165 1714 universa
1199 1659 1510 1715 illuminans
1534 1659 1777 1726 claritas,
1804 1669 1913 1714 tam
1935 1661 2121 1717 omnia

538 1748 950 1820 supereminens
994 1748 1333 1820 proceritas,
1392 1757 1502 1803 tam
1549 1758 1745 1805 cuncta
1793 1748 2121 1805 concludens

537 1838 899 1912 profunditas,
942 1849 1046 1895 tam
1086 1841 1267 1896 omnia
1299 1839 1508 1897 faciens
1528 1842 1794 1912 operatio,
1845 1850 1951 1895 tam
1986 1840 2122 1895 nihil

538 1931 989 1989 inaccessibiliter
1056 1931 1395 1987 inaccessum
1462 1930 1771 2002 relinquens
1831 1930 2122 1986 immobilis

538 2025 741 2093 motio,
784 2033 892 2080 tam
937 2023 1118 2080 omnia
1172 2024 1419 2080 nutriens
1458 2024 1643 2093 sapida
1689 2023 1953 2088 dulcedo,
2013 2031 2122 2079 tam

535 2126 731 2176 cuncta
758 2116 1099 2173 discernendi
1129 2130 1236 2171 non
1268 2117 1536 2188 impotens
1574 2115 1752 2181 ﬂatus,
1779 2125 1886 2170 tam
1911 2115 2124 2171 subtilis

535 2213 913 2270 universorum
945 2225 1050 2267 non
1074 2210 1235 2266 modo
1261 2225 1417 2265 voces
1440 2209 1646 2281 (“60),
1676 2211 1770 2265 sed
1797 2210 2125 2266 intentiones

539 2321 571 2363 a
625 2303 784 2377 longe
830 2316 1163 2374 cognoscens
1188 2341 1204 2367 ,
1258 2301 1345 2356 cui
1405 2300 1634 2356 tacendo
1681 2299 1890 2371 Moyses
1937 2300 2125 2370 utique

536 2397 803 2455 clamasse
832 2396 1091 2462 refertur,
1127 2395 1363 2450 auditus.
1412 2392 1480 2449 Et
1508 2408 1579 2449 ne
1622 2394 1675 2449 in
1721 2393 1990 2449 infinitum
2026 2394 2126 2449 dn-

536 2503 743 2555 camus,
770 2501 935 2558 quem
974 2484 1136 2541 llnire
1188 2483 1431 2540 omnium
1474 2484 1566 2555 qui
1595 2484 1835 2548 fuerunt,
1879 2492 2006 2539 sunt
2032 2490 2127 2539 aut

539 2584 723 2643 erunt,
759 2591 865 2631 non
915 2573 1224 2640 valuerunt,
1279 2573 1500 2640 valent,
1553 2572 1810 2629 valebunt
1856 2573 2127 2645 loquendo

538 2681 853 2734 sermones;
887 2666 1015 2721 illud
1059 2663 1328 2722 ineffabile
1350 2705 1366 2731 ,
1415 2664 1544 2719 illud
1574 2664 1985 2735 inexcogitabile
2009 2679 2127 2718 om-

540 2762 699 2818 nibus
736 2774 888 2826 esse;
936 2744 1025 2815 ille
1076 2759 1145 2813 ad
1187 2764 1525 2833 postremum
1577 2755 2124 2826 incircumscriptus,

2232 2767 2428 2837 quibus
2458 2766 2718 2823 divinitus
2748 2744 2853 2823 hoc
2880 2767 3090 2834 videre,
3121 2764 3208 2821 vel
3239 2764 3429 2820 audire
3469 2762 3815 2829 conceditur,

2174 2922 2180 2941 ;
2231 2859 2668 2931 cognoscibiliter
2696 2859 2947 2914 reddunt.

539 2853 743 2924 ubique
773 2858 941 2918 totus,
972 2865 1237 2922 nusquam
1269 2849 1468 2915 minor,
1497 2863 1763 2918 nusquam
1794 2845 2000 2917 major,
2032 2845 2125 2916 qui

540 2945 803 3002 ctelorum
859 2943 1099 3009 contith
1146 2942 1413 3008 thronos,
1467 2947 1523 2996 et
1574 2940 1798 3012 abyssos
1859 2941 2123 3005 intuetur,

2221 376 2433 433 nemine
2459 374 2629 430 videri
2657 387 2779 429 eum
2813 388 2972 444 posse
3001 388 3109 428 non
3138 374 3468 443 ignoramus.

2290 471 2379 525 54.
2405 468 2879 537 Consideravimus,
2903 472 3177 543 inquiunt,
3203 480 3250 525 et
3275 486 3377 525 non
3401 478 3513 525 erat
3537 478 3802 539 aspectus,

2221 559 2386 634 596
2417 561 2553 615 unde
2575 578 2666 617 nec
2689 563 3039 632 reputavimus
3061 579 3181 618 eum
3208 560 3364 635 (Isai.
3389 576 3510 626 uti,
3535 559 3615 633 5).
3650 559 3805 629 Quod

2219 654 2437 724 quidem
2468 654 2543 709 illi
2570 655 2647 710 tui
2677 655 2969 725 complices
2995 657 3062 711 de
3085 656 3363 711 incarnata
3399 669 3499 724 pro
3520 653 3683 709 nobis
3711 653 3805 707 Dei

2222 745 2489 816 sapientia
2521 746 2770 818 leguntur
2792 748 2993 803 dixisse
3021 766 3034 801 :
3060 755 3116 802 tu
3139 761 3269 802 vero
3307 737 3551 801 insanius
3593 743 3663 798 de
3698 753 3805 797 tota

2221 834 2505 901 Trinitate,
2533 837 2776 892 imitatus
2797 838 2982 908 utique
3008 852 3123 901 eos,
3151 836 3246 906 qui
3287 835 3417 890 dum
3447 834 3662 905 Moyses
3697 843 3807 886 tar-

2220 926 2372 982 daret
2406 926 2460 980 in
2494 924 2644 982 Sinai
2692 936 2898 995 monte,
2945 928 3203 984 dixerunt
3238 925 3305 979 ad
3348 923 3531 978 Aaron
3579 921 3804 977 fratrem

2218 1015 2334 1086 eius
2362 1035 2375 1071 :
2411 1014 2520 1087 Fac
2543 1017 2689 1072 nobis
2724 1017 2846 1074 deos
2873 1018 2962 1089 qui
2996 1017 3291 1088 prtecedant
3313 1032 3438 1081 nos;
3470 1014 3649 1084 Moysi
3671 1014 3807 1066 enim

2221 1110 2480 1163 nescimus
2519 1109 2644 1178 quid
2691 1110 2961 1180 contigerit
3001 1107 3197 1180 (Exod.
3230 1124 3402 1173 xxxn,
3436 1108 3511 1178 l).
3544 1104 3623 1160 Ita
3671 1115 3725 1160 et
3754 1114 3807 1159 tu

2221 1217 2344 1256 cum
2386 1211 2437 1256 te
2483 1200 2782 1258 fastidisset
2819 1202 2886 1258 de
2935 1199 3192 1272 Egypto,
3222 1201 3273 1255 id
3317 1209 3423 1264 est,
3466 1198 3535 1253 de
3568 1196 3809 1252 tenebris

2221 1292 2541 1365 ignorantia:
2565 1293 2636 1348 ad
2664 1293 2843 1348 lumen
2887 1293 3216 1364 cognitionis
3244 1290 3529 1347 invisibilis
3570 1290 3671 1346 Dei
3719 1289 3810 1344 ad-

2223 1385 2379 1452 duci;
2421 1386 2802 1457 quoquomodo
2831 1385 2972 1443 idola
3005 1387 3097 1442 tibi
3139 1386 3194 1440 in
3237 1384 3402 1441 corde
3431 1383 3646 1453 coepisti
3679 1380 3810 1437 stul-

2223 1477 2432 1533 tissime
2481 1477 2751 1534 fabricare
2777 1519 2792 1545 ,
2858 1478 3347 1548 immensitatisque
3404 1475 3503 1530 Dei
3564 1475 3809 1542 oblitus,

2226 1585 2480 1641 magnum
2517 1570 2808 1641 quemdam
2859 1571 3015 1642 quasi
3066 1586 3248 1643 regem
3302 1570 3358 1624 in
3400 1569 3601 1623 throno
3648 1580 3812 1624 aureo

2225 1663 2476 1718 videlicet
2507 1663 2789 1719 sedentem
2838 1664 3153 1735 depingere,
3194 1663 3444 1718 militiam
3489 1662 3810 1735 angelorum

2226 1755 2378 1825 quasi
2401 1756 2660 1824 quosdam
2686 1754 2937 1810 homines
2956 1755 3151 1821 alatos,
3179 1761 3237 1807 ut
3262 1753 3315 1807 in
3344 1753 3652 1824 parietibus
3673 1752 3812 1808 soles

2225 1844 2436 1917 videre,
2481 1845 2721 1900 vestibus
2762 1843 2901 1899 albis
2936 1843 3154 1899 indutos
3188 1844 3240 1900 ei
3266 1844 3560 1907 assistere;
3601 1858 3729 1898 cum
3756 1848 3814 1897 et

2227 1938 2304 1993 illi
2365 1916 2588 2008 spiritus
2636 1937 2762 2003 sint,
2819 1945 2874 1993 et
2918 1953 3018 2009 pro
3071 1952 3171 1993 sua
3220 1944 3420 1992 natura
3468 1934 3811 2002 invisibiles,

2226 2038 2282 2085 et
2311 2045 2432 2084 cum
2474 2030 2782 2087 hominibus
2807 2036 3104 2100 apparent,
3128 2044 3233 2085 non
3264 2028 3321 2084 in
3347 2042 3444 2084 sua
3472 2036 3699 2092 natura,
3721 2025 3814 2082 sed

2228 2123 2282 2176 in
2311 2123 2512 2193 specie,
2550 2137 2712 2192 quam
2744 2121 2851 2178 illis
2875 2121 3016 2178 Deus
3045 2130 3138 2175 aut
3166 2135 3235 2176 ex
3267 2121 3373 2177 isto
3396 2134 3525 2176 aere
3548 2133 3812 2189 corporeo

2228 2213 2357 2270 licet
2388 2214 2702 2269 tenuissimo
2733 2216 2860 2269 dare
2907 2214 3041 2278 vult,
3081 2222 3176 2269 aut
3201 2213 3342 2269 unde
3374 2212 3510 2277 vult,
3538 2219 3636 2267 aut
3666 2210 3813 2279 sici,

2227 2314 2288 2362 ut
2336 2305 2585 2381 [subaudi
2610 2305 2862 2378 placuit.]
2897 2306 2949 2361 in
2980 2305 3278 2377 primordio
3306 2304 3613 2374 omnigenm
3665 2316 3815 2358 crea-

2231 2399 2415 2467 tionis,
2463 2400 2671 2471 placet,
2713 2415 2780 2455 ex
2832 2398 3025 2463 nihilo,
3087 2398 3163 2453 uti
3224 2395 3393 2453 videri
3438 2394 3819 2467 corporalibus

2230 2493 2401 2549 oculis
2449 2492 2681 2563 possint,
2712 2503 3007 2562 apparent,
3037 2505 3332 2561 vocemque
3360 2504 3428 2545 ex
3465 2503 3595 2545 aere
3625 2486 3818 2544 eodem

2220 2583 2427 2665 aereis,
2453 2592 2511 2637 ut
2545 2584 2616 2638 ita
2643 2582 2880 2648 dicatur,
2906 2582 3008 2653 ipsi
3048 2581 3208 2637 labiis
3238 2588 3295 2636 et
3317 2580 3564 2635 faucibus
3594 2594 3663 2635 ac
3692 2587 3814 2650 gut-

2231 2682 2352 2729 ture
2400 2674 2556 2729 nobis
2606 2672 3265 2745 incomprehensibiliter,
3318 2671 3412 2727 sed
3466 2680 3657 2726 tamen
3712 2669 3816 2737 his,

2304 2950 2395 3006 55.
2428 2949 2695 3019 Secunda,
2723 2953 2994 3024 inquiunt,
3023 2951 3152 3007 l‘eria
3193 2949 3421 3008 Michael
3460 2948 3819 3021 archangelus

541 3046 755 3096 montes
778 3036 1056 3106 ponderat,
1087 3042 1283 3091 terram
1311 3033 1491 3106 palmo
1526 3034 1816 3098 concludit,
1847 3034 1929 3089 cui
1963 3033 2127 3089 coele-

2237 3001 2367 3099 οεξ
2381 3001 3815 3115 ⁷ιιῖίὲὲξιῆῗὲιῐιὲῖιῙ-ᾇὲῖ’ὃ’ὲῷοῖξῖῐὸι)“ὲιέέιῖἕιῖίίξὶ

540 3129 665 3195 stia,
704 3126 1003 3193 terrestria,
1040 3136 1096 3182 et
1139 3124 1349 3181 inferna
1379 3124 1745 3197 genuﬂectunt
1772 3126 1985 3194 omnia,
2017 3127 2126 3196 spi-

540 3222 703 3288 ritus,
732 3219 940 3290 quiest
982 3218 1168 3288 utique
1212 3214 1396 3281 Pater,
1447 3225 1503 3272 et
1545 3214 1845 3284 Filiushet
1892 3215 2127 3288 Spiritus

542 3320 780 3376 sanctus,
811 3325 946 3365 unus
974 3307 1139 3372 Deus,
1169 3308 1482 3378 singillatim
1507 3308 1752 3379 spiritus,
1780 3308 2125 3364 indivisibili-

544 3409 631 3458 ter
657 3401 904 3472 spiritus,
933 3399 1023 3471 qui
1051 3407 1135 3456 est
1160 3412 1323 3471 super
1358 3399 1540 3454 omnia
1587 3407 1644 3455 et
1683 3415 1781 3470 per
1808 3398 1988 3453 omnia
2010 3440 2023 3464 ,
2070 3407 2129 3455 et

528 3480 600 3550 'in
638 3492 888 3548 omnibus
951 3490 1267 3547 benedictus
1320 3490 1375 3545 in
1423 3490 1617 3547 saecula
1676 3490 1836 3547 Deus.
1884 3490 1972 3545 Nil
2033 3489 2130 3545 tibi

543 3585 777 3648 videtur,
805 3597 873 3639 eo
913 3584 1057 3652 quod
1097 3597 1203 3637 non
1252 3581 1482 3648 habeat,
1519 3582 1662 3652 quod
1691 3580 1876 3637 videre
1924 3580 2129 3647 valeas,

544 3672 779 3744 corpus?
834 3671 945 3728 Nec
1001 3671 1225 3743 legendo
1288 3670 1496 3727 discere
1523 3712 1538 3738 ,
1596 3679 1689 3726 aut
1737 3688 1767 3725 a
1829 3669 2132 3743 legentibus

547 3766 813 3822 sciscitari
842 3765 1067 3831 curasti,
1097 3765 1186 3837 qui
1219 3764 1330 3820 sint
1368 3763 1447 3819 illi
1473 3781 1630 3835 super
1661 3765 1833 3834 justas
1859 3765 1998 3819 oculi
2024 3763 2134 3818 Do-

549 3858 720 3913 mini?
747 3857 920 3930 (Psal.
951 3870 1125 3912 xxxm
1151 3899 1166 3923 ,
1218 3857 1307 3929 16)
1343 3873 1462 3929 qua:
1517 3872 1670 3912 aures
1708 3858 1822 3928 ejus
1857 3858 1912 3911 in
1957 3874 2135 3928 preces

548 3948 766 4005 eorum?
802 3948 923 4019 quis
972 3948 1145 4027 vultus
1198 3948 1362 4018 ipsius
1396 3964 1552 4016 super
1589 3947 1839 4016 facientes
1879 3948 2047 4011 ntala,
2078 3956 2137 4000 ut

548 4047 733 4119 perdat
756 4045 821 4099 de
856 4055 996 4100 terra
1035 4044 1339 4099 memoriam
1378 4042 1598 4097 eorum?
1632 4041 1824 4112 (lbid.,
1860 4038 1975 4113 l7.)
2018 4057 2138 4111 qum

551 4153 765 4205 manus,
797 4137 887 4210 qui
915 4136 1115 4208 pedes?
1147 4136 1241 4192 sed
1268 4137 1449 4190 omnia
1483 4136 1597 4191 haec
1627 4133 1806 4190 fabrili
1856 4132 2140 4188 revolvens

555 4230 996 4303 insipientissime
1035 4230 1270 4301 cogitatu
1299 4227 1505 4293 dixisti,
1527 4243 1632 4281 non
1664 4227 1715 4281 in
1741 4226 1903 4281 corde
1942 4225 2138 4290 solum,

553 4324 648 4381 sed
673 4322 840 4380 multo
877 4323 1129 4378 vesanius
1160 4323 1215 4376 in
1246 4337 1332 4375 me
1360 4339 1372 4373 :
1414 4319 1534 4374 Non
1558 4329 1633 4374 est
1676 4318 1854 4385 Deus;
1888 4319 1995 4374 imo
2026 4329 2140 4374 tur-

555 4417 675 4486 pius
706 4433 719 4471 :
748 4414 889 4471 Nihil
911 4425 997 4471 est
1022 4414 1162 4470 Deus
1185 4455 1199 4480 ,
1240 4414 1285 4468 si
1311 4429 1414 4468 non
1434 4414 1601 4468 habet
1628 4412 1794 4482 pedes
1824 4420 1880 4465 et
1921 4427 2136 4468 manus.

555 4510 688 4566 Cum
719 4510 897 4582 potius
927 4524 992 4565 eo
1025 4509 1140 4580 ipso
1171 4523 1277 4578 quo
1317 4505 1597 4562 rationalis
1637 4520 1696 4561 es
1739 4505 2013 4571 conditus,
2047 4505 2143 4560 de-

555 4606 714 4661 beres
762 4618 830 4657 ex
870 4601 1083 4656 ratione
1130 4600 1385 4671 colligere
1422 4614 1543 4652 eum
1574 4596 1664 4668 qui
1700 4607 1750 4652 te
1784 4596 2044 4663 condidit,
2075 4611 2142 4652 eo

559 4693 733 4765 magis
762 4694 926 4747 Deum
967 4704 1105 4756 esse,
1133 4706 1240 4761 quo
1263 4689 1441 4744 minus
1460 4704 1581 4747 eum
1623 4687 1770 4743 vales
1803 4687 2139 4758 conspicere.

560 4784 730 4853 Quem
766 4781 1333 4857 nimirum,\utbeatns
1361 4780 1439 4834 ait
1466 4779 1780 4851 Gregorius,
1804 4776 1916 4847 jam
1956 4779 2143 4833 videre

559 4885 668 4941 est,
693 4874 805 4946 jam
859 4874 1125 4928 rationem
1174 4870 1316 4925 illius
1364 4869 1737 4925 ratiocinando
1793 4868 2141 4937 conspicere;

563 4965 897 5036 cujns'tunc
951 4963 1153 5035 aliquid
1207 4961 1359 5033 quasi
1417 4975 1485 5016 ex
1541 4966 1699 5031 parte
1748 4959 2143 5030 cognoscimus,

566 5056 784 5127 quando
810 5070 934 5111 eum
974 5069 1074 5110 nos
1098 5053 1257 5127 digne
1285 5065 1615 5123 cognoscere
1653 5065 1760 5105 non
1791 5063 1949 5119 posse
1975 5045 2144 5103 senti-

641 5315 687 5348 ΙΙ
705 5313 824 5348 mm
857 5313 909 5348 LI
942 5320 1023 5348 an!
1096 5310 1309 5348 mulir.“
1362 5320 1464 5348 tam
1518 5306 1719 5348 ...ιιήιει
1768 5322 2078 5348 rnnnnxnpne
2113 5319 2149 5348 ll

2232 3134 2363 3203 Quae
2395 3137 2491 3192 tibi
2524 3137 2668 3191 enim
2700 3137 2915 3192 videtur
2942 3151 3129 3202 causa,
3147 3150 3267 3205 quae
3291 3134 3432 3204 apud
3461 3148 3561 3189 nos
3586 3133 3818 3204 primam

2232 3226 2317 3281 vel
2339 3229 2630 3283 secundam
2661 3227 2789 3283 facit
2814 3227 3046 3283 feriam?
3079 3243 3257 3281 nonne
3286 3226 3415 3283 solis
3444 3235 3602 3281 ortus
3624 3236 3685 3279 et
3709 3224 3821 3293 ejus

2233 3316 2551 3374 occubitus?
2598 3318 2663 3372 Et
2695 3318 2817 3387 quis
2870 3326 2957 3373 est
2998 3315 3079 3372 sol
3120 3316 3258 3371 alius
3307 3316 3360 3370 in
3395 3313 3556 3382 cmlo,
3594 3314 3701 3369 nisi
3733 3310 3821 3368 Sol

2228 3407 2473 3476 iustitiae,
2527 3425 2651 3465 cum
2690 3408 2849 3465 Patre
2904 3418 2959 3465 et
3009 3409 3213 3481 Spiritu
3266 3417 3476 3474 sancto,
3530 3403 3820 3462 Christus?

2233 3503 2317 3556 An
2360 3502 2495 3557 adeo
2535 3501 2767 3568 insanis,
2803 3511 2859 3556 ut
2914 3510 3070 3572 putes
3117 3509 3329 3556 noctem
3386 3514 3508 3555 esse
3554 3499 3608 3554 in
3661 3497 3817 3563 cmlo,

2238 3595 2392 3665 cujus
2434 3596 2756 3651 illuminatio
2786 3596 3080 3651 crastinam
3129 3596 3294 3651 faciat
3325 3596 3508 3650 diem?
3539 3593 3821 3662 Quomodo

2238 3705 2367 3761 ergo
2397 3690 2488 3745 lux
2526 3689 2635 3746 illic
2669 3700 2893 3755 aeterna,
2924 3690 2969 3746 si
3016 3690 3323 3747 obscuritas
3356 3704 3477 3743 eam
3532 3688 3822 3758 interpolat

2241 3782 2385 3836 ulla?
2408 3781 2463 3836 in
2485 3782 2628 3851 quali
2659 3782 2861 3850 templo
2888 3782 3036 3836 canit
3058 3791 3284 3836 sanctus
3323 3779 3549 3835 Michael
3580 3781 3821 3847 missam,

2239 3888 2362 3929 cum
2399 3871 2634 3929 Joannes
2661 3874 2715 3927 in
2736 3873 3054 3945 Apocalypsi
3075 3872 3256 3928 dicat:
3291 3871 3559 3941 Templum
3592 3889 3700 3927 non
3720 3871 3824 3927 ridi

2239 3965 2296 4019 in
2341 3965 2446 4019 ea?
2490 3965 2675 4035 (Apoc.
2706 3982 2832 4032 xxi,
2881 3965 2996 4037 22.)
3035 3965 3308 4028 Dominus,
3332 3962 3475 4030 ‘ait,
3526 3965 3584 4019 in
3637 3961 3823 4034 templo

2242 4066 2421 4109 sancto
2466 4072 2560 4109 suo
2592 4069 2609 4107 :
2648 4055 2902 4110 Dominus
2933 4056 2985 4110 in
3012 4054 3137 4110 cwlo
3161 4053 3333 4126 (Psal.
3369 4071 3426 4119 ι,
3474 4054 3587 4125 15).
3619 4054 3716 4110 Vis
3760 4052 3824 4109 de

2244 4147 2336 4201 illo
2368 4146 2562 4215 templo
2609 4147 2701 4201 tibi
2732 4146 2874 4216 quod
2918 4162 3060 4200 nunc
3099 4146 3247 4201 cordi
3295 4145 3556 4213 occurrit,
3606 4160 3824 4215 respon-

2246 4238 2439 4293 deam?
2465 4238 2725 4293 Dominus
2757 4238 2809 4294 in
2844 4226 2997 4294 utero
3020 4238 3209 4292 matris
3247 4237 3471 4308 virginis
3498 4253 3607 4292 non
3638 4237 3826 4294 relicto

2245 4330 2408 4387 Patre
2434 4331 2486 4386 in
2514 4331 2674 4399 ctelo,
2708 4347 2813 4387 uno
2841 4332 3027 4402 utique
3053 4333 3350 4401 eodemque
3382 4342 3663 4386 momento
3688 4341 3742 4386 et
3772 4329 3827 4385 in

2246 4424 2404 4489 cmlo,
2435 4432 2490 4478 et
2521 4425 2573 4479 in
2603 4424 2837 4495 Virginis
2872 4432 3027 4478 utero
3059 4442 3072 4479 :
3103 4423 3196 4479 sed
3242 4424 3296 4478 in
3327 4423 3465 4479 cmlo
3498 4425 3829 4495 intempora-

2246 4516 2387 4572 liter.
2415 4514 2469 4570 in
2495 4524 2668 4571 matre
2701 4531 2767 4570 ex
2798 4526 3036 4585 tempore
3066 4533 3079 4569 :
3131 4514 3315 4575 Sedes'
3338 4531 3492 4583 super
3539 4516 3787 4571 thronum
3806 4551 3827 4583 ,

2249 4607 2353 4673 ais,
2389 4607 2520 4662 dicit
2554 4606 2876 4673 Psalmista,
2914 4609 3003 4679 qui
3039 4607 3255 4676 judicas
3299 4608 3599 4676 «quitatem
3655 4604 3825 4678 (Psol.

2248 4717 2327 4766 ιχ,
2352 4700 2427 4772 6).
2454 4700 2562 4757 Nos
2586 4716 2800 4772 quoque
2822 4700 2915 4771 qui
2945 4701 3091 4755 sedes
3128 4716 3286 4770 super
3327 4699 3616 4755 cherubim.
3653 4696 3845 4772 (PsaL'

2249 4809 2435 4859 uxrx,
2461 4794 2519 4866 2)
2550 4808 2690 4862 saepe
2731 4792 3097 4855 cantavimus;
3131 4802 3188 4846 et
3226 4790 3576 4847 intelliximus
3631 4792 3828 4848 ehem-

2248 4884 2357 4940 bim
2410 4886 2803 4956 plenitudinem
2854 4886 3094 4941 scientiae
3144 4885 3534 4958 interpretari,
3575 4895 3634 4940 et
3688 4885 3826 4957 quod

2249 4977 2505 5033 thronum
2531 4977 2771 5043 hoc,hoc
2800 4976 2943 5033 idem
2984 4977 3265 5033 cherubim
3295 4976 3575 5047 appellari,
3600 4976 3706 5031 hoc
3725 4983 3823 5040 est.

2251 5069 2557 5141 angelicum
2606 5067 2880 5140 spiritum,
2928 5069 3036 5124 imo
3084 5066 3267 5140 (M62)
3319 5069 3551 5140 legiones
3599 5076 3827 5139 utraque

3351 5310 3378 5348 Δ
3390 5308 3495 5348 mni
3540 5307 3572 5348 Δ
3581 5306 3824 5348 rhesi-inm

2328 5316 2373 5348 ΙΙ
2392 5313 2511 5348 ΙΩΙὶ
2540 5315 2617 5348 lla
2658 5314 2891 5348 nni-Mr“
2938 5313 3077 5348 ἔλθω
3109 5314 3282 5348 Λιιῖιηιο
