  <div class='ocr_page' id='page_1' title='image "/cluster/home/n/w/nwhite01/storage/ocr_20150623/136/hvd.32044015471766/358.png"; bbox 0 0 4044 5348; ppageno 0'>
   <div class='ocr_carea' id='block_1_1' title="bbox 192 134 1975 197">
    <p class='ocr_par' dir='ltr' id='par_1_1' title="bbox 192 134 1975 197">
     <span class='ocr_line' id='line_1_1' title="bbox 192 134 1975 197; baseline -0.004 -1"><span class='ocrx_word' id='word_1_1' title='bbox 192 141 283 197; x_wconf 87' lang='lat'><strong>709</strong></span> <span class='ocrx_word' id='word_1_2' title='bbox 1582 134 1975 189; x_wconf 59' lang='lat' dir='ltr'><strong>Sl‘lliMONl&#39;iS.</strong></span> 
     </span>
    </p>
   </div>
   <div class='ocr_carea' id='block_1_2' title="bbox 3337 137 3440 191">
    <p class='ocr_par' dir='ltr' id='par_1_2' title="bbox 3337 137 3440 191">
     <span class='ocr_line' id='line_1_2' title="bbox 3337 137 3440 191; baseline 0.01 -1"><span class='ocrx_word' id='word_1_3' title='bbox 3337 137 3440 191; x_wconf 77' lang='grc'><strong>710</strong></span> 
     </span>
    </p>
   </div>
   <div class='ocr_carea' id='block_1_3' title="bbox 190 244 3439 321">
    <p class='ocr_par' dir='ltr' id='par_1_3' title="bbox 190 244 3439 321">
     <span class='ocr_line' id='line_1_3' title="bbox 190 244 3439 321; baseline -0.001 -11"><span class='ocrx_word' id='word_1_4' title='bbox 190 264 292 310; x_wconf 71' lang='lat' dir='ltr'><strong>bare</strong></span> <span class='ocrx_word' id='word_1_5' title='bbox 322 250 650 321; x_wconf 78' lang='lat' dir='ltr'><strong>angelorum.</strong></span> <span class='ocrx_word' id='word_1_6' title='bbox 687 251 862 320; x_wconf 89' lang='lat' dir='ltr'><strong>Super</strong></span> <span class='ocrx_word' id='word_1_7' title='bbox 888 266 1047 321; x_wconf 83' lang='lat' dir='ltr'><strong>quem</strong></span> <span class='ocrx_word' id='word_1_8' title='bbox 1083 261 1260 304; x_wconf 90' lang='lat' dir='ltr'><strong>autem</strong></span> <span class='ocrx_word' id='word_1_9' title='bbox 1299 249 1607 319; x_wconf 76' lang='lat' dir='ltr'><strong>angelorum</strong></span> <span class='ocrx_word' id='word_1_10' title='bbox 1641 265 1744 300; x_wconf 88' lang='lat' dir='ltr'><strong>non</strong></span> <span class='ocrx_word' id='word_1_11' title='bbox 1778 255 1823 309; x_wconf 84' lang='grc' dir='ltr'><strong>Α</strong></span> <span class='ocrx_word' id='word_1_12' title='bbox 1852 245 2102 298; x_wconf 83' lang='lat' dir='ltr'><strong>otnnibus</strong></span> <span class='ocrx_word' id='word_1_13' title='bbox 2130 253 2183 298; x_wconf 87' lang='lat' dir='ltr'><strong>et</strong></span> <span class='ocrx_word' id='word_1_14' title='bbox 2215 260 2313 301; x_wconf 78' lang='lat' dir='ltr'><strong>vox</strong></span> <span class='ocrx_word' id='word_1_15' title='bbox 2346 244 2642 310; x_wconf 92' lang='lat' dir='ltr'><strong>formatur,</strong></span> <span class='ocrx_word' id='word_1_16' title='bbox 2677 255 2731 301; x_wconf 89' lang='lat' dir='ltr'><strong>et</strong></span> <span class='ocrx_word' id='word_1_17' title='bbox 2761 246 2960 303; x_wconf 89' lang='lat' dir='ltr'><strong>locutio</strong></span> <span class='ocrx_word' id='word_1_18' title='bbox 2989 249 3198 320; x_wconf 80' lang='lat' dir='ltr'><strong>agitur,</strong></span> <span class='ocrx_word' id='word_1_19' title='bbox 3241 251 3439 321; x_wconf 84' lang='lat' dir='ltr'><strong>quibus</strong></span> 
     </span>
    </p>
   </div>
   <div class='ocr_carea' id='block_1_4' title="bbox 191 340 1749 412">
    <p class='ocr_par' dir='ltr' id='par_1_4' title="bbox 191 340 1749 412">
     <span class='ocr_line' id='line_1_4' title="bbox 191 340 1749 412; baseline -0.004 -13"><span class='ocrx_word' id='word_1_20' title='bbox 191 348 323 400; x_wconf 63' lang='lat' dir='ltr'><strong>sctlct</strong></span> <span class='ocrx_word' id='word_1_21' title='bbox 354 344 630 408; x_wconf 84' lang='lat' dir='ltr'><strong>Dominus,</strong></span> <span class='ocrx_word' id='word_1_22' title='bbox 655 359 776 398; x_wconf 91' lang='lat' dir='ltr'><strong>cum</strong></span> <span class='ocrx_word' id='word_1_23' title='bbox 805 353 857 398; x_wconf 88' lang='lat' dir='ltr'><strong>et</strong></span> <span class='ocrx_word' id='word_1_24' title='bbox 888 345 953 398; x_wconf 88' lang='lat' dir='ltr'><strong>de</strong></span> <span class='ocrx_word' id='word_1_25' title='bbox 981 344 1159 398; x_wconf 88' lang='lat' dir='ltr'><strong>anima</strong></span> <span class='ocrx_word' id='word_1_26' title='bbox 1179 343 1308 412; x_wconf 88' lang='lat' dir='ltr'><strong>justi</strong></span> <span class='ocrx_word' id='word_1_27' title='bbox 1346 343 1573 410; x_wconf 85' lang='lat' dir='ltr'><strong>legatur,</strong></span> <span class='ocrx_word' id='word_1_28' title='bbox 1608 340 1749 408; x_wconf 89' lang='lat' dir='ltr'><strong>quod</strong></span> 
     </span>
    </p>
   </div>
   <div class='ocr_carea' id='block_1_5' title="bbox 189 433 1749 505">
    <p class='ocr_par' dir='ltr' id='par_1_5' title="bbox 189 433 1749 505">
     <span class='ocr_line' id='line_1_5' title="bbox 189 433 1749 505; baseline -0.005 -12"><span class='ocrx_word' id='word_1_29' title='bbox 189 438 328 493; x_wconf 85' lang='lat' dir='ltr'><strong>sedes</strong></span> <span class='ocrx_word' id='word_1_30' title='bbox 351 437 422 490; x_wconf 92' lang='lat' dir='ltr'><strong>sit</strong></span> <span class='ocrx_word' id='word_1_31' title='bbox 464 435 763 505; x_wconf 70' lang='lat' dir='ltr'><strong>sapientiae,</strong></span> <span class='ocrx_word' id='word_1_32' title='bbox 789 436 1052 503; x_wconf 89' lang='lat' dir='ltr'><strong>sapientia</strong></span> <span class='ocrx_word' id='word_1_33' title='bbox 1100 450 1230 488; x_wconf 88' lang='lat' dir='ltr'><strong>vero</strong></span> <span class='ocrx_word' id='word_1_34' title='bbox 1279 435 1368 487; x_wconf 88' lang='lat' dir='ltr'><strong>Dei</strong></span> <span class='ocrx_word' id='word_1_35' title='bbox 1403 433 1578 487; x_wconf 87' lang='lat' dir='ltr'><strong>Patris</strong></span> <span class='ocrx_word' id='word_1_36' title='bbox 1610 434 1749 486; x_wconf 86' lang='lat' dir='ltr'><strong>Deus</strong></span> 
     </span>
    </p>
   </div>
   <div class='ocr_carea' id='block_1_6' title="bbox 185 515 1748 597">
    <p class='ocr_par' dir='ltr' id='par_1_6' title="bbox 185 515 1748 597">
     <span class='ocr_line' id='line_1_6' title="bbox 185 515 1748 597; baseline -0.007 -9"><span class='ocrx_word' id='word_1_37' title='bbox 185 533 338 588; x_wconf 83' lang='lat' dir='ltr'><strong>Filius</strong></span> <span class='ocrx_word' id='word_1_38' title='bbox 356 531 462 585; x_wconf 90' lang='lat' dir='ltr'><strong>sit?</strong></span> <span class='ocrx_word' id='word_1_39' title='bbox 490 531 608 596; x_wconf 88' lang='lat' dir='ltr'><strong>Quo</strong></span> <span class='ocrx_word' id='word_1_40' title='bbox 651 515 779 582; x_wconf 87' lang='lat' dir='ltr'><strong>vero</strong></span> <span class='ocrx_word' id='word_1_41' title='bbox 822 530 972 583; x_wconf 84' lang='lat' dir='ltr'><strong>sedet</strong></span> <span class='ocrx_word' id='word_1_42' title='bbox 1005 529 1270 597; x_wconf 88' lang='lat' dir='ltr'><strong>sapientia</strong></span> <span class='ocrx_word' id='word_1_43' title='bbox 1301 528 1418 582; x_wconf 90' lang='lat' dir='ltr'><strong>sine</strong></span> <span class='ocrx_word' id='word_1_44' title='bbox 1457 542 1542 589; x_wconf 91' lang='lat' dir='ltr'><strong>eo,</strong></span> <span class='ocrx_word' id='word_1_45' title='bbox 1594 524 1748 593; x_wconf 84' lang='lat' dir='ltr'><strong>cujus</strong></span> 
     </span>
    </p>
   </div>
   <div class='ocr_carea' id='block_1_7' title="bbox 187 621 588 690">
    <p class='ocr_par' dir='ltr' id='par_1_7' title="bbox 187 621 588 690">
     <span class='ocr_line' id='line_1_7' title="bbox 187 621 588 690; baseline -0.015 -12"><span class='ocrx_word' id='word_1_46' title='bbox 187 633 256 677; x_wconf 83' lang='lat' dir='ltr'><strong>est</strong></span> <span class='ocrx_word' id='word_1_47' title='bbox 288 621 588 690; x_wconf 80' lang='lat' dir='ltr'><strong>sapientia?</strong></span> 
     </span>
    </p>
   </div>
   <div class='ocr_carea' id='block_1_8' title="bbox 249 708 1748 779">
    <p class='ocr_par' dir='ltr' id='par_1_8' title="bbox 249 708 1748 779">
     <span class='ocr_line' id='line_1_8' title="bbox 249 708 1748 779; baseline -0.003 -13"><span class='ocrx_word' id='word_1_48' title='bbox 249 715 328 766; x_wconf 78' lang='lat'><strong>56.</strong></span> <span class='ocrx_word' id='word_1_49' title='bbox 364 711 564 764; x_wconf 86' lang='lat' dir='ltr'><strong>Verum</strong></span> <span class='ocrx_word' id='word_1_50' title='bbox 612 709 735 779; x_wconf 87' lang='lat' dir='ltr'><strong>quia</strong></span> <span class='ocrx_word' id='word_1_51' title='bbox 781 709 1095 764; x_wconf 77' lang='lat' dir='ltr'><strong>haereticum</strong></span> <span class='ocrx_word' id='word_1_52' title='bbox 1155 710 1258 763; x_wconf 90' lang='lat' dir='ltr'><strong>hoc</strong></span> <span class='ocrx_word' id='word_1_53' title='bbox 1300 708 1576 779; x_wconf 90' lang='lat' dir='ltr'><strong>proprium</strong></span> <span class='ocrx_word' id='word_1_54' title='bbox 1626 717 1748 772; x_wconf 87' lang='lat' dir='ltr'><strong>est,</strong></span> 
     </span>
    </p>
   </div>
   <div class='ocr_carea' id='block_1_9' title="bbox 189 799 1749 870">
    <p class='ocr_par' dir='ltr' id='par_1_9' title="bbox 189 799 1749 870">
     <span class='ocr_line' id='line_1_9' title="bbox 189 799 1749 870; baseline 0.001 -18"><span class='ocrx_word' id='word_1_55' title='bbox 189 811 237 855; x_wconf 92' lang='lat' dir='ltr'><strong>ut</strong></span> <span class='ocrx_word' id='word_1_56' title='bbox 277 799 540 854; x_wconf 81' lang='lat' dir='ltr'><strong>confutari</strong></span> <span class='ocrx_word' id='word_1_57' title='bbox 583 800 810 870; x_wconf 88' lang='lat' dir='ltr'><strong>oppido,</strong></span> <span class='ocrx_word' id='word_1_58' title='bbox 851 800 995 856; x_wconf 88' lang='lat' dir='ltr'><strong>vinci</strong></span> <span class='ocrx_word' id='word_1_59' title='bbox 1033 815 1163 855; x_wconf 88' lang='lat' dir='ltr'><strong>vero</strong></span> <span class='ocrx_word' id='word_1_60' title='bbox 1206 816 1312 854; x_wconf 91' lang='lat' dir='ltr'><strong>non</strong></span> <span class='ocrx_word' id='word_1_61' title='bbox 1362 801 1554 856; x_wconf 82' lang='lat' dir='ltr'><strong>leviter</strong></span> <span class='ocrx_word' id='word_1_62' title='bbox 1588 800 1749 870; x_wconf 81' lang='lat'><strong>597</strong></span> 
     </span>
    </p>
   </div>
   <div class='ocr_carea' id='block_1_10' title="bbox 189 892 1801 968">
    <p class='ocr_par' dir='ltr' id='par_1_10' title="bbox 189 892 1801 968">
     <span class='ocr_line' id='line_1_10' title="bbox 189 892 1801 968; baseline -0.001 -21"><span class='ocrx_word' id='word_1_63' title='bbox 189 897 415 957; x_wconf 73' lang='lat' dir='ltr'><strong>valeant;</strong></span> <span class='ocrx_word' id='word_1_64' title='bbox 469 903 577 948; x_wconf 84' lang='lat' dir='ltr'><strong>tota</strong></span> <span class='ocrx_word' id='word_1_65' title='bbox 637 894 736 947; x_wconf 89' lang='lat' dir='ltr'><strong>ista</strong></span> <span class='ocrx_word' id='word_1_66' title='bbox 791 893 1130 964; x_wconf 87' lang='lat' dir='ltr'><strong>allegatione,</strong></span> <span class='ocrx_word' id='word_1_67' title='bbox 1163 908 1269 948; x_wconf 90' lang='lat' dir='ltr'><strong>non</strong></span> <span class='ocrx_word' id='word_1_68' title='bbox 1302 892 1428 962; x_wconf 88' lang='lat' dir='ltr'><strong>quid</strong></span> <span class='ocrx_word' id='word_1_69' title='bbox 1461 893 1530 946; x_wconf 91' lang='lat' dir='ltr'><strong>sit</strong></span> <span class='ocrx_word' id='word_1_70' title='bbox 1589 892 1749 958; x_wconf 88' lang='lat' dir='ltr'><strong>Deus,</strong></span> <span class='ocrx_word' id='word_1_71' title='bbox 1796 959 1801 968; x_wconf 36' lang='grc' dir='ltr'>ι</span> 
     </span>
    </p>
   </div>
   <div class='ocr_carea' id='block_1_11' title="bbox 187 986 1749 1058">
    <p class='ocr_par' dir='ltr' id='par_1_11' title="bbox 187 986 1749 1058">
     <span class='ocr_line' id='line_1_11' title="bbox 187 986 1749 1058; baseline -0.003 -16"><span class='ocrx_word' id='word_1_72' title='bbox 187 990 266 1042; x_wconf 86' lang='lat' dir='ltr'><strong>sed</strong></span> <span class='ocrx_word' id='word_1_73' title='bbox 292 987 417 1058; x_wconf 89' lang='lat' dir='ltr'><strong>quid</strong></span> <span class='ocrx_word' id='word_1_74' title='bbox 445 1001 554 1041; x_wconf 89' lang='lat' dir='ltr'><strong>non</strong></span> <span class='ocrx_word' id='word_1_75' title='bbox 587 987 678 1052; x_wconf 86' lang='lat' dir='ltr'><strong>sit,</strong></span> <span class='ocrx_word' id='word_1_76' title='bbox 721 987 765 1042; x_wconf 91' lang='lat' dir='ltr'><strong>si</strong></span> <span class='ocrx_word' id='word_1_77' title='bbox 822 987 1090 1056; x_wconf 85' lang='lat' dir='ltr'><strong>possimus</strong></span> <span class='ocrx_word' id='word_1_78' title='bbox 1133 987 1498 1056; x_wconf 86' lang='lat' dir='ltr'><strong>persuadere,</strong></span> <span class='ocrx_word' id='word_1_79' title='bbox 1541 986 1590 1039; x_wconf 92' lang='lat' dir='ltr'><strong>id</strong></span> <span class='ocrx_word' id='word_1_80' title='bbox 1648 994 1749 1051; x_wconf 87' lang='lat' dir='ltr'><strong>est,</strong></span> 
     </span>
    </p>
   </div>
   <div class='ocr_carea' id='block_1_12' title="bbox 187 1082 1752 1153">
    <p class='ocr_par' dir='ltr' id='par_1_12' title="bbox 187 1082 1752 1153">
     <span class='ocr_line' id='line_1_12' title="bbox 187 1082 1752 1153; baseline 0 -17"><span class='ocrx_word' id='word_1_81' title='bbox 187 1086 310 1153; x_wconf 87' lang='lat' dir='ltr'><strong>quod</strong></span> <span class='ocrx_word' id='word_1_82' title='bbox 369 1099 466 1138; x_wconf 89' lang='lat' dir='ltr'><strong>nec.</strong></span> <span class='ocrx_word' id='word_1_83' title='bbox 525 1098 848 1153; x_wconf 87' lang='lat' dir='ltr'><strong>corporeus,</strong></span> <span class='ocrx_word' id='word_1_84' title='bbox 904 1098 1003 1137; x_wconf 89' lang='lat' dir='ltr'><strong>nec</strong></span> <span class='ocrx_word' id='word_1_85' title='bbox 1051 1082 1316 1146; x_wconf 81' lang='lat' dir='ltr'><strong>visibilis,</strong></span> <span class='ocrx_word' id='word_1_86' title='bbox 1369 1096 1466 1135; x_wconf 89' lang='lat' dir='ltr'><strong>nec</strong></span> <span class='ocrx_word' id='word_1_87' title='bbox 1521 1082 1752 1136; x_wconf 79' lang='lat' dir='ltr'><strong>:estima-</strong></span> 
     </span>
    </p>
   </div>
   <div class='ocr_carea' id='block_1_13' title="bbox 189 1171 1752 1244">
    <p class='ocr_par' dir='ltr' id='par_1_13' title="bbox 189 1171 1752 1244">
     <span class='ocr_line' id='line_1_13' title="bbox 189 1171 1752 1244; baseline -0.001 -17"><span class='ocrx_word' id='word_1_88' title='bbox 189 1175 294 1228; x_wconf 87' lang='lat' dir='ltr'><strong>bilis</strong></span> <span class='ocrx_word' id='word_1_89' title='bbox 334 1175 417 1237; x_wconf 89' lang='lat' dir='ltr'><strong>sit,</strong></span> <span class='ocrx_word' id='word_1_90' title='bbox 470 1183 657 1244; x_wconf 88' lang='lat' dir='ltr'><strong>utpote</strong></span> <span class='ocrx_word' id='word_1_91' title='bbox 713 1173 934 1242; x_wconf 84' lang='lat' dir='ltr'><strong>spiritus</strong></span> <span class='ocrx_word' id='word_1_92' title='bbox 957 1173 1266 1242; x_wconf 88' lang='lat' dir='ltr'><strong>spirituum,</strong></span> <span class='ocrx_word' id='word_1_93' title='bbox 1295 1171 1752 1225; x_wconf 87' lang='lat' dir='ltr'><strong>invisibilissinms</strong></span> 
     </span>
    </p>
   </div>
   <div class='ocr_carea' id='block_1_14' title="bbox 191 1264 1752 1334">
    <p class='ocr_par' dir='ltr' id='par_1_14' title="bbox 191 1264 1752 1334">
     <span class='ocr_line' id='line_1_14' title="bbox 191 1264 1752 1334; baseline 0.001 -15"><span class='ocrx_word' id='word_1_94' title='bbox 191 1267 410 1320; x_wconf 89' lang='lat' dir='ltr'><strong>omnium</strong></span> <span class='ocrx_word' id='word_1_95' title='bbox 479 1267 809 1334; x_wconf 84' lang='lat' dir='ltr'><strong>spirituum;</strong></span> <span class='ocrx_word' id='word_1_96' title='bbox 874 1267 1178 1320; x_wconf 86' lang='lat' dir='ltr'><strong>confutatos</strong></span> <span class='ocrx_word' id='word_1_97' title='bbox 1214 1264 1460 1318; x_wconf 75' lang='lat' dir='ltr'><strong>veritatis</strong></span> <span class='ocrx_word' id='word_1_98' title='bbox 1505 1265 1752 1320; x_wconf 77' lang='lat' dir='ltr'><strong>inimicos</strong></span> 
     </span>
    </p>
   </div>
   <div class='ocr_carea' id='block_1_15' title="bbox 186 1354 1747 1427">
    <p class='ocr_par' dir='ltr' id='par_1_15' title="bbox 186 1354 1747 1427">
     <span class='ocr_line' id='line_1_15' title="bbox 186 1354 1747 1427; baseline 0 -18"><span class='ocrx_word' id='word_1_99' title='bbox 186 1358 508 1427; x_wconf 75' lang='lat' dir='ltr'><strong>gaudeamus.</strong></span> <span class='ocrx_word' id='word_1_100' title='bbox 543 1354 650 1410; x_wconf 83' lang='lat' dir='ltr'><strong>Vos</strong></span> <span class='ocrx_word' id='word_1_101' title='bbox 675 1367 876 1421; x_wconf 90' lang='lat' dir='ltr'><strong>autem,</strong></span> <span class='ocrx_word' id='word_1_102' title='bbox 907 1373 939 1410; x_wconf 95' lang='lat' dir='ltr'><strong>o</strong></span> <span class='ocrx_word' id='word_1_103' title='bbox 968 1355 1082 1420; x_wconf 86' lang='lat' dir='ltr'><strong>filii,</strong></span> <span class='ocrx_word' id='word_1_104' title='bbox 1112 1357 1306 1425; x_wconf 79' lang='lat' dir='ltr'><strong>quibus</strong></span> <span class='ocrx_word' id='word_1_105' title='bbox 1336 1355 1626 1425; x_wconf 81' lang='lat' dir='ltr'><strong>loquimur,</strong></span> <span class='ocrx_word' id='word_1_106' title='bbox 1646 1356 1747 1409; x_wconf 87' lang='lat' dir='ltr'><strong>hoc</strong></span> 
     </span>
    </p>
   </div>
   <div class='ocr_carea' id='block_1_16' title="bbox 186 1451 1752 1523">
    <p class='ocr_par' dir='ltr' id='par_1_16' title="bbox 186 1451 1752 1523">
     <span class='ocr_line' id='line_1_16' title="bbox 186 1451 1752 1523; baseline -0.001 -18"><span class='ocrx_word' id='word_1_107' title='bbox 186 1453 557 1515; x_wconf 85' lang='lat' dir='ltr'><strong>admonemus,</strong></span> <span class='ocrx_word' id='word_1_108' title='bbox 620 1461 679 1505; x_wconf 92' lang='lat' dir='ltr'><strong>ut</strong></span> <span class='ocrx_word' id='word_1_109' title='bbox 733 1453 956 1523; x_wconf 78' lang='lat' dir='ltr'><strong>objectis</strong></span> <span class='ocrx_word' id='word_1_110' title='bbox 1014 1451 1318 1522; x_wconf 89' lang='lat' dir='ltr'><strong>bujusmodi</strong></span> <span class='ocrx_word' id='word_1_111' title='bbox 1378 1452 1531 1520; x_wconf 78' lang='lat' dir='ltr'><strong>nugis</strong></span> <span class='ocrx_word' id='word_1_112' title='bbox 1591 1460 1752 1520; x_wconf 85' lang='lat' dir='ltr'><strong>atque</strong></span> 
     </span>
    </p>
   </div>
   <div class='ocr_carea' id='block_1_17' title="bbox 187 1541 1752 1607">
    <p class='ocr_par' dir='ltr' id='par_1_17' title="bbox 187 1541 1752 1607">
     <span class='ocr_line' id='line_1_17' title="bbox 187 1541 1752 1607; baseline -0.002 -11"><span class='ocrx_word' id='word_1_113' title='bbox 187 1543 478 1607; x_wconf 86' lang='lat' dir='ltr'><strong>mendaciis,</strong></span> <span class='ocrx_word' id='word_1_114' title='bbox 516 1542 658 1596; x_wconf 89' lang='lat' dir='ltr'><strong>illius</strong></span> <span class='ocrx_word' id='word_1_115' title='bbox 688 1544 956 1596; x_wconf 84' lang='lat' dir='ltr'><strong>monentis</strong></span> <span class='ocrx_word' id='word_1_116' title='bbox 987 1560 1090 1596; x_wconf 91' lang='lat' dir='ltr'><strong>non</strong></span> <span class='ocrx_word' id='word_1_117' title='bbox 1138 1543 1517 1604; x_wconf 82' lang='lat' dir='ltr'><strong>immemores;</strong></span> <span class='ocrx_word' id='word_1_118' title='bbox 1551 1541 1752 1593; x_wconf 76' lang='lat' dir='ltr'><strong>Attium</strong></span> 
     </span>
    </p>
   </div>
   <div class='ocr_carea' id='block_1_18' title="bbox 1853 335 3459 413">
    <p class='ocr_par' dir='ltr' id='par_1_18' title="bbox 1853 335 3459 413">
     <span class='ocr_line' id='line_1_18' title="bbox 1853 335 3459 413; baseline 0.006 -26"><span class='ocrx_word' id='word_1_119' title='bbox 1853 335 2078 389; x_wconf 72' lang='lat' dir='ltr'><strong>Michael</strong></span> <span class='ocrx_word' id='word_1_120' title='bbox 2138 336 2356 391; x_wconf 87' lang='lat' dir='ltr'><strong>missam</strong></span> <span class='ocrx_word' id='word_1_121' title='bbox 2405 352 2600 392; x_wconf 90' lang='lat' dir='ltr'><strong>canere</strong></span> <span class='ocrx_word' id='word_1_122' title='bbox 2653 338 2886 392; x_wconf 89' lang='lat' dir='ltr'><strong>dicitur?</strong></span> <span class='ocrx_word' id='word_1_123' title='bbox 2938 338 3015 393; x_wconf 88' lang='lat' dir='ltr'><strong>Tu</strong></span> <span class='ocrx_word' id='word_1_124' title='bbox 3069 349 3289 395; x_wconf 89' lang='lat' dir='ltr'><strong>econtra</strong></span> <span class='ocrx_word' id='word_1_125' title='bbox 3339 343 3459 413; x_wconf 89' lang='lat' dir='ltr'><strong>qui&#39;</strong></span> 
     </span>
    </p>
   </div>
   <div class='ocr_carea' id='block_1_19' title="bbox 1854 425 3439 504">
    <p class='ocr_par' dir='ltr' id='par_1_19' title="bbox 1854 425 3439 504">
     <span class='ocr_line' id='line_1_19' title="bbox 1854 425 3439 504; baseline 0.008 -26"><span class='ocrx_word' id='word_1_126' title='bbox 1854 441 2062 494; x_wconf 87' lang='lat' dir='ltr'><strong>supra:</strong></span> <span class='ocrx_word' id='word_1_127' title='bbox 2111 425 2293 480; x_wconf 83' lang='lat' dir='ltr'><strong>Gloria</strong></span> <span class='ocrx_word' id='word_1_128' title='bbox 2332 429 2384 480; x_wconf 87' lang='lat' dir='ltr'><strong>in</strong></span> <span class='ocrx_word' id='word_1_129' title='bbox 2436 428 2652 481; x_wconf 78' lang='lat' dir='ltr'><strong>excelsis</strong></span> <span class='ocrx_word' id='word_1_130' title='bbox 2705 429 2810 482; x_wconf 86' lang='lat' dir='ltr'><strong>Deo</strong></span> <span class='ocrx_word' id='word_1_131' title='bbox 2861 429 3012 498; x_wconf 88' lang='lat' dir='ltr'><strong>(Luc.</strong></span> <span class='ocrx_word' id='word_1_132' title='bbox 3049 447 3106 496; x_wconf 88' lang='lat' dir='ltr'><strong>tt,</strong></span> <span class='ocrx_word' id='word_1_133' title='bbox 3152 431 3266 502; x_wconf 74' lang='lat'><strong>14),</strong></span> <span class='ocrx_word' id='word_1_134' title='bbox 3313 435 3439 504; x_wconf 87' lang='lat' dir='ltr'><strong>quis</strong></span> 
     </span>
    </p>
   </div>
   <div class='ocr_carea' id='block_1_20' title="bbox 1852 520 3442 592">
    <p class='ocr_par' dir='ltr' id='par_1_20' title="bbox 1852 520 3442 592">
     <span class='ocr_line' id='line_1_20' title="bbox 1852 520 3442 592; baseline 0.007 -21"><span class='ocrx_word' id='word_1_135' title='bbox 1852 520 2059 587; x_wconf 86' lang='lat' dir='ltr'><strong>primus</strong></span> <span class='ocrx_word' id='word_1_136' title='bbox 2089 521 2321 574; x_wconf 84' lang='lat' dir='ltr'><strong>cecinit?</strong></span> <span class='ocrx_word' id='word_1_137' title='bbox 2343 521 2555 590; x_wconf 88' lang='lat' dir='ltr'><strong>Angeli,</strong></span> <span class='ocrx_word' id='word_1_138' title='bbox 2590 524 2994 592; x_wconf 71' lang='lat' dir='ltr'><strong>respondemus.</strong></span> <span class='ocrx_word' id='word_1_139' title='bbox 3028 524 3342 590; x_wconf 86' lang='lat' dir='ltr'><strong>Quomodo?</strong></span> <span class='ocrx_word' id='word_1_140' title='bbox 3371 527 3442 582; x_wconf 87' lang='lat' dir='ltr'><strong>Ut</strong></span> 
     </span>
    </p>
   </div>
   <div class='ocr_carea' id='block_1_21' title="bbox 1856 613 3443 686">
    <p class='ocr_par' dir='ltr' id='par_1_21' title="bbox 1856 613 3443 686">
     <span class='ocr_line' id='line_1_21' title="bbox 1856 613 3443 686; baseline 0.004 -21"><span class='ocrx_word' id='word_1_141' title='bbox 1856 613 1963 667; x_wconf 87' lang='lat' dir='ltr'><strong>Deo</strong></span> <span class='ocrx_word' id='word_1_142' title='bbox 1988 613 2188 683; x_wconf 88' lang='lat' dir='ltr'><strong>placuit</strong></span> <span class='ocrx_word' id='word_1_143' title='bbox 2213 614 2317 668; x_wconf 91' lang='lat' dir='ltr'><strong>illis</strong></span> <span class='ocrx_word' id='word_1_144' title='bbox 2345 615 2465 679; x_wconf 91' lang='lat' dir='ltr'><strong>hoc,</strong></span> <span class='ocrx_word' id='word_1_145' title='bbox 2490 616 2630 685; x_wconf 91' lang='lat' dir='ltr'><strong>quod</strong></span> <span class='ocrx_word' id='word_1_146' title='bbox 2655 626 2895 686; x_wconf 89' lang='lat' dir='ltr'><strong>pastores</strong></span> <span class='ocrx_word' id='word_1_147' title='bbox 2919 618 3107 672; x_wconf 87' lang='lat' dir='ltr'><strong>audire</strong></span> <span class='ocrx_word' id='word_1_148' title='bbox 3138 619 3216 672; x_wconf 88' lang='lat' dir='ltr'><strong>vel</strong></span> <span class='ocrx_word' id='word_1_149' title='bbox 3244 619 3443 674; x_wconf 79' lang='lat' dir='ltr'><strong>intelli-</strong></span> 
     </span>
    </p>
   </div>
   <div class='ocr_carea' id='block_1_22' title="bbox 1857 709 3442 778">
    <p class='ocr_par' dir='ltr' id='par_1_22' title="bbox 1857 709 3442 778">
     <span class='ocr_line' id='line_1_22' title="bbox 1857 709 3442 778; baseline 0.006 -22"><span class='ocrx_word' id='word_1_150' title='bbox 1857 717 1983 773; x_wconf 88' lang='lat' dir='ltr'><strong>gere</strong></span> <span class='ocrx_word' id='word_1_151' title='bbox 2019 715 2258 772; x_wconf 85' lang='lat' dir='ltr'><strong>possent,</strong></span> <span class='ocrx_word' id='word_1_152' title='bbox 2286 714 2566 775; x_wconf 65' lang='lat' dir='ltr'><strong>praestare,</strong></span> <span class='ocrx_word' id='word_1_153' title='bbox 2594 709 2716 776; x_wconf 87' lang='lat' dir='ltr'><strong>quia</strong></span> <span class='ocrx_word' id='word_1_154' title='bbox 2750 709 2799 761; x_wconf 88' lang='lat' dir='ltr'><strong>itt</strong></span> <span class='ocrx_word' id='word_1_155' title='bbox 2827 709 3089 778; x_wconf 89' lang='lat' dir='ltr'><strong>spirituali</strong></span> <span class='ocrx_word' id='word_1_156' title='bbox 3124 719 3311 764; x_wconf 89' lang='lat' dir='ltr'><strong>natura</strong></span> <span class='ocrx_word' id='word_1_157' title='bbox 3340 711 3442 765; x_wconf 90' lang='lat' dir='ltr'><strong>hoc</strong></span> 
     </span>
    </p>
   </div>
   <div class='ocr_carea' id='block_1_23' title="bbox 1856 793 3441 870">
    <p class='ocr_par' dir='ltr' id='par_1_23' title="bbox 1856 793 3441 870">
     <span class='ocr_line' id='line_1_23' title="bbox 1856 793 3441 870; baseline 0.006 -24"><span class='ocrx_word' id='word_1_158' title='bbox 1856 793 2000 849; x_wconf 89' lang='lat' dir='ltr'><strong>nullo</strong></span> <span class='ocrx_word' id='word_1_159' title='bbox 2019 796 2176 849; x_wconf 91' lang='lat' dir='ltr'><strong>modo</strong></span> <span class='ocrx_word' id='word_1_160' title='bbox 2190 805 2442 866; x_wconf 86' lang='lat' dir='ltr'><strong>poterant</strong></span> <span class='ocrx_word' id='word_1_161' title='bbox 2460 797 2481 850; x_wconf 92' lang='lat' dir='ltr'><strong>f</strong></span> <span class='ocrx_word' id='word_1_162' title='bbox 2481 811 2656 862; x_wconf 88' lang='lat' dir='ltr'><strong>acere,</strong></span> <span class='ocrx_word' id='word_1_163' title='bbox 2675 807 2727 851; x_wconf 89' lang='lat' dir='ltr'><strong>et</strong></span> <span class='ocrx_word' id='word_1_164' title='bbox 2753 799 2852 852; x_wconf 93' lang='lat' dir='ltr'><strong>hoc</strong></span> <span class='ocrx_word' id='word_1_165' title='bbox 2877 801 2924 853; x_wconf 90' lang='lat' dir='ltr'><strong>in</strong></span> <span class='ocrx_word' id='word_1_166' title='bbox 2943 816 3087 866; x_wconf 76' lang='lat' dir='ltr'><strong>aere,</strong></span> <span class='ocrx_word' id='word_1_167' title='bbox 3107 801 3194 870; x_wconf 91' lang='lat' dir='ltr'><strong>qui</strong></span> <span class='ocrx_word' id='word_1_168' title='bbox 3218 816 3441 870; x_wconf 87' lang='lat' dir='ltr'><strong>percus-</strong></span> 
     </span>
    </p>
   </div>
   <div class='ocr_carea' id='block_1_24' title="bbox 1854 883 3442 960">
    <p class='ocr_par' dir='ltr' id='par_1_24' title="bbox 1854 883 3442 960">
     <span class='ocr_line' id='line_1_24' title="bbox 1854 883 3442 960; baseline 0.008 -26"><span class='ocrx_word' id='word_1_169' title='bbox 1854 897 1944 937; x_wconf 89' lang='lat' dir='ltr'><strong>sus</strong></span> <span class='ocrx_word' id='word_1_170' title='bbox 1969 898 2156 938; x_wconf 89' lang='lat' dir='ltr'><strong>vocem</strong></span> <span class='ocrx_word' id='word_1_171' title='bbox 2190 883 2338 951; x_wconf 82' lang='lat' dir='ltr'><strong>facit,</strong></span> <span class='ocrx_word' id='word_1_172' title='bbox 2383 887 2567 954; x_wconf 86' lang='lat' dir='ltr'><strong>utique</strong></span> <span class='ocrx_word' id='word_1_173' title='bbox 2594 895 2650 941; x_wconf 91' lang='lat' dir='ltr'><strong>et</strong></span> <span class='ocrx_word' id='word_1_174' title='bbox 2691 887 2886 942; x_wconf 62' lang='lat' dir='ltr'><strong>coelum</strong></span> <span class='ocrx_word' id='word_1_175' title='bbox 2933 891 3250 960; x_wconf 83' lang='lat' dir='ltr'><strong>appellatur,</strong></span> <span class='ocrx_word' id='word_1_176' title='bbox 3302 894 3442 946; x_wconf 85' lang='lat' dir='ltr'><strong>unde</strong></span> 
     </span>
    </p>
   </div>
   <div class='ocr_carea' id='block_1_25' title="bbox 1853 975 3440 1046">
    <p class='ocr_par' dir='ltr' id='par_1_25' title="bbox 1853 975 3440 1046">
     <span class='ocr_line' id='line_1_25' title="bbox 1853 975 3440 1046; baseline 0.006 -18"><span class='ocrx_word' id='word_1_177' title='bbox 1853 982 1907 1028; x_wconf 89' lang='lat' dir='ltr'><strong>et</strong></span> <span class='ocrx_word' id='word_1_178' title='bbox 1936 975 2180 1029; x_wconf 87' lang='lat' dir='ltr'><strong>volucres</strong></span> <span class='ocrx_word' id='word_1_179' title='bbox 2231 976 2354 1030; x_wconf 63' lang='grc' dir='ltr'><strong>εαξη</strong></span> <span class='ocrx_word' id='word_1_180' title='bbox 2395 979 2683 1042; x_wconf 86' lang='lat' dir='ltr'><strong>dicuntur;</strong></span> <span class='ocrx_word' id='word_1_181' title='bbox 2737 994 2838 1032; x_wconf 92' lang='lat' dir='ltr'><strong>non</strong></span> <span class='ocrx_word' id='word_1_182' title='bbox 2881 981 2932 1033; x_wconf 89' lang='lat' dir='ltr'><strong>in</strong></span> <span class='ocrx_word' id='word_1_183' title='bbox 3014 983 3253 1046; x_wconf 81' lang='lat' dir='ltr'><strong>a-there,</strong></span> <span class='ocrx_word' id='word_1_184' title='bbox 3333 999 3440 1039; x_wconf 88' lang='lat' dir='ltr'><strong>non</strong></span> 
     </span>
    </p>
   </div>
   <div class='ocr_carea' id='block_1_26' title="bbox 1854 1066 3443 1142">
    <p class='ocr_par' dir='ltr' id='par_1_26' title="bbox 1854 1066 3443 1142">
     <span class='ocr_line' id='line_1_26' title="bbox 1854 1066 3443 1142; baseline 0.005 -22"><span class='ocrx_word' id='word_1_185' title='bbox 1854 1066 1907 1120; x_wconf 90' lang='lat' dir='ltr'><strong>in</strong></span> <span class='ocrx_word' id='word_1_186' title='bbox 1939 1066 2096 1132; x_wconf 65' lang='lat' dir='ltr'><strong>caelo,</strong></span> <span class='ocrx_word' id='word_1_187' title='bbox 2130 1067 2312 1137; x_wconf 71' lang='lat' dir='ltr'><strong>(I465)</strong></span> <span class='ocrx_word' id='word_1_188' title='bbox 2345 1068 2434 1122; x_wconf 78' lang='lat' dir='ltr'><strong>ubi</strong></span> <span class='ocrx_word' id='word_1_189' title='bbox 2464 1068 2640 1122; x_wconf 91' lang='lat' dir='ltr'><strong>nullus</strong></span> <span class='ocrx_word' id='word_1_190' title='bbox 2673 1069 2874 1140; x_wconf 87' lang='lat' dir='ltr'><strong>indiget</strong></span> <span class='ocrx_word' id='word_1_191' title='bbox 2904 1070 3068 1142; x_wconf 77' lang='lat'><strong>598</strong></span> <span class='ocrx_word' id='word_1_192' title='bbox 3095 1073 3319 1142; x_wconf 88' lang='lat' dir='ltr'><strong>strepitu</strong></span> <span class='ocrx_word' id='word_1_193' title='bbox 3350 1073 3443 1128; x_wconf 85' lang='lat' dir='ltr'><strong>ali-</strong></span> 
     </span>
    </p>
   </div>
   <div class='ocr_carea' id='block_1_27' title="bbox 1855 1157 3444 1234">
    <p class='ocr_par' dir='ltr' id='par_1_27' title="bbox 1855 1157 3444 1234">
     <span class='ocr_line' id='line_1_27' title="bbox 1855 1157 3444 1234; baseline 0.007 -26"><span class='ocrx_word' id='word_1_194' title='bbox 1855 1157 1982 1226; x_wconf 89' lang='lat' dir='ltr'><strong>quid</strong></span> <span class='ocrx_word' id='word_1_195' title='bbox 2021 1158 2198 1222; x_wconf 86' lang='lat' dir='ltr'><strong>vocis,</strong></span> <span class='ocrx_word' id='word_1_196' title='bbox 2241 1159 2436 1213; x_wconf 84' lang='lat' dir='ltr'><strong>nedum</strong></span> <span class='ocrx_word' id='word_1_197' title='bbox 2479 1159 2649 1224; x_wconf 85' lang='lat' dir='ltr'><strong>Deus,</strong></span> <span class='ocrx_word' id='word_1_198' title='bbox 2693 1161 2784 1230; x_wconf 88' lang='lat' dir='ltr'><strong>qui</strong></span> <span class='ocrx_word' id='word_1_199' title='bbox 2826 1162 3004 1214; x_wconf 87' lang='lat' dir='ltr'><strong>omnia</strong></span> <span class='ocrx_word' id='word_1_200' title='bbox 3035 1164 3216 1230; x_wconf 67' lang='lat' dir='ltr'><strong>novitf,</strong></span> <span class='ocrx_word' id='word_1_201' title='bbox 3247 1178 3444 1234; x_wconf 86' lang='lat' dir='ltr'><strong>cogno-</strong></span> 
     </span>
    </p>
   </div>
   <div class='ocr_carea' id='block_1_28' title="bbox 1855 1248 3440 1322">
    <p class='ocr_par' dir='ltr' id='par_1_28' title="bbox 1855 1248 3440 1322">
     <span class='ocr_line' id='line_1_28' title="bbox 1855 1248 3440 1322; baseline 0.005 -20"><span class='ocrx_word' id='word_1_202' title='bbox 1855 1264 2025 1302; x_wconf 87' lang='lat' dir='ltr'><strong>scere.</strong></span> <span class='ocrx_word' id='word_1_203' title='bbox 2057 1248 2173 1303; x_wconf 72' lang='lat' dir='ltr'><strong>Vox</strong></span> <span class='ocrx_word' id='word_1_204' title='bbox 2204 1252 2345 1304; x_wconf 86' lang='lat' dir='ltr'><strong>enim</strong></span> <span class='ocrx_word' id='word_1_205' title='bbox 2380 1253 2432 1305; x_wconf 91' lang='lat' dir='ltr'><strong>in</strong></span> <span class='ocrx_word' id='word_1_206' title='bbox 2460 1253 2598 1306; x_wconf 63' lang='lat' dir='ltr'><strong>caelo</strong></span> <span class='ocrx_word' id='word_1_207' title='bbox 2628 1253 2938 1322; x_wconf 74' lang='lat' dir='ltr'><strong>angelorum</strong></span> <span class='ocrx_word' id='word_1_208' title='bbox 2969 1255 3102 1308; x_wconf 87' lang='lat' dir='ltr'><strong>nihil</strong></span> <span class='ocrx_word' id='word_1_209' title='bbox 3141 1265 3223 1310; x_wconf 86' lang='lat' dir='ltr'><strong>est</strong></span> <span class='ocrx_word' id='word_1_210' title='bbox 3250 1257 3394 1310; x_wconf 86' lang='lat' dir='ltr'><strong>aliud</strong></span> <span class='ocrx_word' id='word_1_211' title='bbox 3423 1295 3440 1322; x_wconf 93' lang='lat'><strong>,</strong></span> 
     </span>
    </p>
   </div>
   <div class='ocr_carea' id='block_1_29' title="bbox 1855 1341 3444 1412">
    <p class='ocr_par' dir='ltr' id='par_1_29' title="bbox 1855 1341 3444 1412">
     <span class='ocr_line' id='line_1_29' title="bbox 1855 1341 3444 1412; baseline 0.006 -19"><span class='ocrx_word' id='word_1_212' title='bbox 1855 1341 1954 1394; x_wconf 87' lang='lat' dir='ltr'><strong>nisi</strong></span> <span class='ocrx_word' id='word_1_213' title='bbox 1987 1341 2274 1394; x_wconf 89' lang='lat' dir='ltr'><strong>admiratio</strong></span> <span class='ocrx_word' id='word_1_214' title='bbox 2324 1353 2580 1412; x_wconf 86' lang='lat' dir='ltr'><strong>perpetua</strong></span> <span class='ocrx_word' id='word_1_215' title='bbox 2634 1344 2896 1399; x_wconf 79' lang='lat' dir='ltr'><strong>claritatis</strong></span> <span class='ocrx_word' id='word_1_216' title='bbox 2945 1355 3000 1399; x_wconf 93' lang='lat' dir='ltr'><strong>et</strong></span> <span class='ocrx_word' id='word_1_217' title='bbox 3053 1345 3444 1403; x_wconf 72' lang='lat' dir='ltr'><strong>ineﬂabilitatis</strong></span> 
     </span>
    </p>
   </div>
   <div class='ocr_carea' id='block_1_30' title="bbox 1857 1433 3446 1505">
    <p class='ocr_par' dir='ltr' id='par_1_30' title="bbox 1857 1433 3446 1505">
     <span class='ocr_line' id='line_1_30' title="bbox 1857 1433 3446 1505; baseline 0.006 -19"><span class='ocrx_word' id='word_1_218' title='bbox 1857 1433 1947 1486; x_wconf 91' lang='lat' dir='ltr'><strong>Dei</strong></span> <span class='ocrx_word' id='word_1_219' title='bbox 1980 1433 2098 1486; x_wconf 91' lang='lat' dir='ltr'><strong>sine</strong></span> <span class='ocrx_word' id='word_1_220' title='bbox 2134 1444 2278 1487; x_wconf 92' lang='lat' dir='ltr'><strong>mqu</strong></span> <span class='ocrx_word' id='word_1_221' title='bbox 2309 1434 2502 1504; x_wconf 72' lang='lat' dir='ltr'><strong>lingua:</strong></span> <span class='ocrx_word' id='word_1_222' title='bbox 2526 1476 2540 1497; x_wconf 94' lang='lat'><strong>,</strong></span> <span class='ocrx_word' id='word_1_223' title='bbox 2571 1436 2688 1490; x_wconf 89' lang='lat' dir='ltr'><strong>sine</strong></span> <span class='ocrx_word' id='word_1_224' title='bbox 2731 1438 2956 1505; x_wconf 89' lang='lat' dir='ltr'><strong>strepitu</strong></span> <span class='ocrx_word' id='word_1_225' title='bbox 2992 1438 3155 1491; x_wconf 82' lang='lat' dir='ltr'><strong>vocis.</strong></span> <span class='ocrx_word' id='word_1_226' title='bbox 3215 1437 3348 1492; x_wconf 82' lang='lat' dir='ltr'><strong>Nam</strong></span> <span class='ocrx_word' id='word_1_227' title='bbox 3385 1446 3446 1495; x_wconf 85' lang='lat' dir='ltr'><strong>et</strong></span> 
     </span>
    </p>
   </div>
   <div class='ocr_carea' id='block_1_31' title="bbox 1857 1525 3442 1600">
    <p class='ocr_par' dir='ltr' id='par_1_31' title="bbox 1857 1525 3442 1600">
     <span class='ocr_line' id='line_1_31' title="bbox 1857 1525 3442 1600; baseline 0.005 -24"><span class='ocrx_word' id='word_1_228' title='bbox 1857 1525 1910 1577; x_wconf 90' lang='lat' dir='ltr'><strong>in</strong></span> <span class='ocrx_word' id='word_1_229' title='bbox 1943 1535 2086 1578; x_wconf 89' lang='lat' dir='ltr'><strong>terra</strong></span> <span class='ocrx_word' id='word_1_230' title='bbox 2115 1527 2214 1580; x_wconf 88' lang='lat' dir='ltr'><strong>hoc</strong></span> <span class='ocrx_word' id='word_1_231' title='bbox 2247 1528 2417 1594; x_wconf 78' lang='lat' dir='ltr'><strong>magis</strong></span> <span class='ocrx_word' id='word_1_232' title='bbox 2453 1527 2681 1581; x_wconf 85' lang='lat' dir='ltr'><strong>delectat</strong></span> <span class='ocrx_word' id='word_1_233' title='bbox 2716 1529 2903 1593; x_wconf 84' lang='lat' dir='ltr'><strong>Deum,</strong></span> <span class='ocrx_word' id='word_1_234' title='bbox 2929 1530 3037 1598; x_wconf 90' lang='lat' dir='ltr'><strong>qui,</strong></span> <span class='ocrx_word' id='word_1_235' title='bbox 3075 1540 3130 1582; x_wconf 92' lang='lat' dir='ltr'><strong>ut</strong></span> <span class='ocrx_word' id='word_1_236' title='bbox 3163 1531 3320 1600; x_wconf 85' lang='lat' dir='ltr'><strong>paulo</strong></span> <span class='ocrx_word' id='word_1_237' title='bbox 3345 1546 3442 1586; x_wconf 82' lang='lat' dir='ltr'><strong>su—</strong></span> 
     </span>
    </p>
   </div>
   <div class='ocr_carea' id='block_1_32' title="bbox 186 1613 1751 1703">
    <p class='ocr_par' dir='ltr' id='par_1_32' title="bbox 186 1632 1748 1703">
     <span class='ocr_line' id='line_1_32' title="bbox 186 1632 1748 1703; baseline 0 -18"><span class='ocrx_word' id='word_1_238' title='bbox 186 1644 226 1685; x_wconf 84' lang='lat' dir='ltr'><strong>te</strong></span> <span class='ocrx_word' id='word_1_239' title='bbox 253 1651 309 1686; x_wconf 83' lang='lat' dir='ltr'><strong>ne</strong></span> <span class='ocrx_word' id='word_1_240' title='bbox 332 1633 630 1702; x_wconf 62' lang='lat' dir='ltr'><strong>quasieris,</strong></span> <span class='ocrx_word' id='word_1_241' title='bbox 660 1644 706 1687; x_wconf 83' lang='lat' dir='ltr'><strong>et</strong></span> <span class='ocrx_word' id='word_1_242' title='bbox 727 1634 1076 1703; x_wconf 76' lang='lat' dir='ltr'><strong>profundiore</strong></span> <span class='ocrx_word' id='word_1_243' title='bbox 1106 1645 1152 1686; x_wconf 93' lang='lat' dir='ltr'><strong>te</strong></span> <span class='ocrx_word' id='word_1_244' title='bbox 1198 1650 1258 1688; x_wconf 85' lang='lat' dir='ltr'><strong>ne</strong></span> <span class='ocrx_word' id='word_1_245' title='bbox 1292 1642 1551 1686; x_wconf 87' lang='lat' dir='ltr'><strong>scrutatus</strong></span> <span class='ocrx_word' id='word_1_246' title='bbox 1583 1632 1748 1701; x_wconf 78' lang='lat' dir='ltr'><strong>fueris</strong></span> 
     </span>
    </p>
   </div>
   <div class='ocr_carea' id='block_1_33' title="bbox 1856 1613 3447 1703">
    <p class='ocr_par' dir='ltr' id='par_1_33' title="bbox 1859 1618 3447 1694">
     <span class='ocr_line' id='line_1_33' title="bbox 1859 1618 3447 1694; baseline 0.008 -28"><span class='ocrx_word' id='word_1_247' title='bbox 1859 1619 2037 1685; x_wconf 84' lang='lat' dir='ltr'><strong>pcrius</strong></span> <span class='ocrx_word' id='word_1_248' title='bbox 2081 1619 2421 1687; x_wconf 86' lang='lat' dir='ltr'><strong>protulimus,</strong></span> <span class='ocrx_word' id='word_1_249' title='bbox 2445 1621 2517 1673; x_wconf 85' lang='lat' dir='ltr'><strong>ait</strong></span> <span class='ocrx_word' id='word_1_250' title='bbox 2537 1639 2560 1672; x_wconf 58' lang='grc' dir='ltr'><strong>ηε</strong></span> <span class='ocrx_word' id='word_1_251' title='bbox 2587 1618 2815 1690; x_wconf 88' lang='lat' dir='ltr'><strong>Spiritus</strong></span> <span class='ocrx_word' id='word_1_252' title='bbox 2843 1633 2914 1674; x_wconf 84' lang='lat' dir='ltr'><strong>est</strong></span> <span class='ocrx_word' id='word_1_253' title='bbox 2946 1622 3102 1681; x_wconf 85' lang='lat' dir='ltr'><strong>Deus,</strong></span> <span class='ocrx_word' id='word_1_254' title='bbox 3151 1632 3198 1676; x_wconf 88' lang='lat' dir='ltr'><strong>et</strong></span> <span class='ocrx_word' id='word_1_255' title='bbox 3237 1639 3323 1678; x_wconf 85' lang='lat' dir='ltr'><strong>eos</strong></span> <span class='ocrx_word' id='word_1_256' title='bbox 3353 1619 3447 1694; x_wconf 74' lang='lat' dir='ltr'><strong>qui</strong></span> 
     </span>
    </p>
   </div>
   <div class='ocr_carea' id='block_1_34' title="bbox 187 1721 1748 1793">
    <p class='ocr_par' dir='ltr' id='par_1_34' title="bbox 187 1721 1748 1793">
     <span class='ocr_line' id='line_1_34' title="bbox 187 1721 1748 1793; baseline 0 -18"><span class='ocrx_word' id='word_1_257' title='bbox 187 1721 352 1790; x_wconf 78' lang='lat' dir='ltr'><strong>(Ereti.</strong></span> <span class='ocrx_word' id='word_1_258' title='bbox 387 1739 472 1784; x_wconf 90' lang='lat' dir='ltr'><strong>ttt,</strong></span> <span class='ocrx_word' id='word_1_259' title='bbox 506 1722 623 1793; x_wconf 72' lang='lat'><strong>2‘2),</strong></span> <span class='ocrx_word' id='word_1_260' title='bbox 662 1723 814 1776; x_wconf 89' lang='lat' dir='ltr'><strong>multi</strong></span> <span class='ocrx_word' id='word_1_261' title='bbox 848 1726 990 1777; x_wconf 86' lang='lat' dir='ltr'><strong>enim</strong></span> <span class='ocrx_word' id='word_1_262' title='bbox 1024 1721 1312 1792; x_wconf 30' lang='lat' dir='ltr'><strong>sunt,‘qui,</strong></span> <span class='ocrx_word' id='word_1_263' title='bbox 1346 1725 1469 1775; x_wconf 88' lang='lat' dir='ltr'><strong>dum</strong></span> <span class='ocrx_word' id='word_1_264' title='bbox 1501 1722 1748 1790; x_wconf 81' lang='lat' dir='ltr'><strong>discipuli</strong></span> 
     </span>
    </p>
   </div>
   <div class='ocr_carea' id='block_1_35' title="bbox 189 1814 1746 1885">
    <p class='ocr_par' dir='ltr' id='par_1_35' title="bbox 189 1814 1746 1885">
     <span class='ocr_line' id='line_1_35' title="bbox 189 1814 1746 1885; baseline -0.001 -18"><span class='ocrx_word' id='word_1_265' title='bbox 189 1814 285 1868; x_wconf 84' lang='lat' dir='ltr'><strong>fieri</strong></span> <span class='ocrx_word' id='word_1_266' title='bbox 317 1815 677 1884; x_wconf 78' lang='lat' dir='ltr'><strong>dedignantur</strong></span> <span class='ocrx_word' id='word_1_267' title='bbox 724 1816 988 1881; x_wconf 82' lang='lat' dir='ltr'><strong>veritatis,</strong></span> <span class='ocrx_word' id='word_1_268' title='bbox 1041 1816 1284 1885; x_wconf 73' lang='lat' dir='ltr'><strong>magistri</strong></span> <span class='ocrx_word' id='word_1_269' title='bbox 1339 1817 1468 1868; x_wconf 86' lang='lat' dir='ltr'><strong>fiunt</strong></span> <span class='ocrx_word' id='word_1_270' title='bbox 1525 1815 1746 1880; x_wconf 84' lang='lat' dir='ltr'><strong>erroris,</strong></span> 
     </span>
    </p>
   </div>
   <div class='ocr_carea' id='block_1_36' title="bbox 186 1903 1748 1975">
    <p class='ocr_par' dir='ltr' id='par_1_36' title="bbox 186 1903 1748 1975">
     <span class='ocr_line' id='line_1_36' title="bbox 186 1903 1748 1975; baseline 0.002 -19"><span class='ocrx_word' id='word_1_271' title='bbox 186 1919 274 1958; x_wconf 88' lang='lat' dir='ltr'><strong>non</strong></span> <span class='ocrx_word' id='word_1_272' title='bbox 300 1903 658 1973; x_wconf 88' lang='lat' dir='ltr'><strong>intclligcntes</strong></span> <span class='ocrx_word' id='word_1_273' title='bbox 687 1904 912 1967; x_wconf 84' lang='lat' dir='ltr'><strong>scilicet,</strong></span> <span class='ocrx_word' id='word_1_274' title='bbox 946 1923 1118 1975; x_wconf 82' lang='lat' dir='ltr'><strong>neque</strong></span> <span class='ocrx_word' id='word_1_275' title='bbox 1146 1922 1264 1975; x_wconf 72' lang='lat' dir='ltr'><strong>qme</strong></span> <span class='ocrx_word' id='word_1_276' title='bbox 1296 1905 1607 1974; x_wconf 89' lang='lat' dir='ltr'><strong>loquuntur,</strong></span> <span class='ocrx_word' id='word_1_277' title='bbox 1653 1920 1748 1959; x_wconf 82' lang='lat' dir='ltr'><strong>ne-</strong></span> 
     </span>
    </p>
   </div>
   <div class='ocr_carea' id='block_1_37' title="bbox 187 1997 1748 2070">
    <p class='ocr_par' dir='ltr' id='par_1_37' title="bbox 187 1997 1748 2070">
     <span class='ocr_line' id='line_1_37' title="bbox 187 1997 1748 2070; baseline 0.001 -20"><span class='ocrx_word' id='word_1_278' title='bbox 187 2013 272 2066; x_wconf 88' lang='lat' dir='ltr'><strong>que</strong></span> <span class='ocrx_word' id='word_1_279' title='bbox 303 1997 364 2052; x_wconf 84' lang='lat' dir='ltr'><strong>de</strong></span> <span class='ocrx_word' id='word_1_280' title='bbox 390 1999 590 2067; x_wconf 84' lang='lat' dir='ltr'><strong>quibus</strong></span> <span class='ocrx_word' id='word_1_281' title='bbox 630 1997 899 2070; x_wconf 75' lang='lat' dir='ltr'><strong>afﬁrmant</strong></span> <span class='ocrx_word' id='word_1_282' title='bbox 929 1999 978 2069; x_wconf 92' lang='grc'><strong>(1</strong></span> <span class='ocrx_word' id='word_1_283' title='bbox 1013 1999 1144 2052; x_wconf 87' lang='lat' dir='ltr'><strong>Tim.</strong></span> <span class='ocrx_word' id='word_1_284' title='bbox 1184 2015 1221 2062; x_wconf 92' lang='lat' dir='ltr'><strong>t,</strong></span> <span class='ocrx_word' id='word_1_285' title='bbox 1255 2000 1330 2069; x_wconf 82' lang='lat'><strong>7),</strong></span> <span class='ocrx_word' id='word_1_286' title='bbox 1365 2000 1427 2050; x_wconf 86' lang='lat' dir='ltr'><strong>ad</strong></span> <span class='ocrx_word' id='word_1_287' title='bbox 1459 1999 1603 2051; x_wconf 85' lang='lat' dir='ltr'><strong>illum</strong></span> <span class='ocrx_word' id='word_1_288' title='bbox 1634 2015 1748 2051; x_wconf 78' lang='lat' dir='ltr'><strong>tua-</strong></span> 
     </span>
    </p>
   </div>
   <div class='ocr_carea' id='block_1_38' title="bbox 186 2085 1749 2160">
    <p class='ocr_par' dir='ltr' id='par_1_38' title="bbox 186 2085 1749 2160">
     <span class='ocr_line' id='line_1_38' title="bbox 186 2085 1749 2160; baseline 0 -18"><span class='ocrx_word' id='word_1_289' title='bbox 186 2088 258 2158; x_wconf 85' lang='lat' dir='ltr'><strong>gni</strong></span> <span class='ocrx_word' id='word_1_290' title='bbox 294 2089 496 2144; x_wconf 84' lang='lat' dir='ltr'><strong>consilii</strong></span> <span class='ocrx_word' id='word_1_291' title='bbox 542 2091 802 2160; x_wconf 86' lang='lat' dir='ltr'><strong>Angelum</strong></span> <span class='ocrx_word' id='word_1_292' title='bbox 833 2106 927 2144; x_wconf 91' lang='lat' dir='ltr'><strong>vos</strong></span> <span class='ocrx_word' id='word_1_293' title='bbox 957 2085 1282 2155; x_wconf 75' lang='lat' dir='ltr'><strong>coafci-atis,</strong></span> <span class='ocrx_word' id='word_1_294' title='bbox 1323 2092 1409 2159; x_wconf 91' lang='lat' dir='ltr'><strong>qui</strong></span> <span class='ocrx_word' id='word_1_295' title='bbox 1451 2091 1522 2144; x_wconf 95' lang='lat' dir='ltr'><strong>ait</strong></span> <span class='ocrx_word' id='word_1_296' title='bbox 1568 2105 1580 2143; x_wconf 91' lang='lat'><strong>:</strong></span> <span class='ocrx_word' id='word_1_297' title='bbox 1642 2088 1749 2158; x_wconf 75' lang='lat' dir='ltr'><strong>Ego</strong></span> 
     </span>
    </p>
   </div>
   <div class='ocr_carea' id='block_1_39' title="bbox 186 2179 1748 2251">
    <p class='ocr_par' dir='ltr' id='par_1_39' title="bbox 186 2179 1748 2251">
     <span class='ocr_line' id='line_1_39' title="bbox 186 2179 1748 2251; baseline 0 -18"><span class='ocrx_word' id='word_1_298' title='bbox 186 2197 280 2233; x_wconf 84' lang='lat' dir='ltr'><strong>sum</strong></span> <span class='ocrx_word' id='word_1_299' title='bbox 309 2183 403 2244; x_wconf 83' lang='lat' dir='ltr'><strong>via,</strong></span> <span class='ocrx_word' id='word_1_300' title='bbox 424 2181 617 2234; x_wconf 85' lang='lat' dir='ltr'><strong>veritas</strong></span> <span class='ocrx_word' id='word_1_301' title='bbox 643 2190 690 2232; x_wconf 91' lang='lat' dir='ltr'><strong>et</strong></span> <span class='ocrx_word' id='word_1_302' title='bbox 723 2183 823 2234; x_wconf 86' lang='lat' dir='ltr'><strong>vita</strong></span> <span class='ocrx_word' id='word_1_303' title='bbox 857 2182 1035 2251; x_wconf 81' lang='lat' dir='ltr'><strong>(Joan.</strong></span> <span class='ocrx_word' id='word_1_304' title='bbox 1066 2198 1171 2242; x_wconf 76' lang='lat' dir='ltr'><strong>xtv,</strong></span> <span class='ocrx_word' id='word_1_305' title='bbox 1203 2182 1284 2246; x_wconf 77' lang='lat' dir='ltr'><strong>li);</strong></span> <span class='ocrx_word' id='word_1_306' title='bbox 1310 2193 1362 2234; x_wconf 87' lang='lat' dir='ltr'><strong>et</strong></span> <span class='ocrx_word' id='word_1_307' title='bbox 1393 2200 1402 2233; x_wconf 80' lang='grc' dir='ltr'>ε</span> <span class='ocrx_word' id='word_1_308' title='bbox 1427 2179 1593 2233; x_wconf 77' lang='lat' dir='ltr'><strong>Nemo</strong></span> <span class='ocrx_word' id='word_1_309' title='bbox 1618 2182 1748 2233; x_wconf 85' lang='lat' dir='ltr'><strong>venit</strong></span> 
     </span>
    </p>
   </div>
   <div class='ocr_carea' id='block_1_40' title="bbox 185 2273 1748 2344">
    <p class='ocr_par' dir='ltr' id='par_1_40' title="bbox 185 2273 1748 2344">
     <span class='ocr_line' id='line_1_40' title="bbox 185 2273 1748 2344; baseline 0 -20"><span class='ocrx_word' id='word_1_310' title='bbox 185 2275 241 2324; x_wconf 81' lang='lat' dir='ltr'><strong>ad</strong></span> <span class='ocrx_word' id='word_1_311' title='bbox 270 2273 496 2340; x_wconf 84' lang='lat' dir='ltr'><strong>Patrem,</strong></span> <span class='ocrx_word' id='word_1_312' title='bbox 530 2275 632 2326; x_wconf 88' lang='lat' dir='ltr'><strong>nisi</strong></span> <span class='ocrx_word' id='word_1_313' title='bbox 659 2291 750 2344; x_wconf 81' lang='lat' dir='ltr'><strong>per</strong></span> <span class='ocrx_word' id='word_1_314' title='bbox 780 2291 858 2327; x_wconf 88' lang='lat' dir='ltr'><strong>me</strong></span> <span class='ocrx_word' id='word_1_315' title='bbox 889 2274 1078 2344; x_wconf 86' lang='lat' dir='ltr'><strong>(lbid.)</strong></span> <span class='ocrx_word' id='word_1_316' title='bbox 1123 2293 1134 2327; x_wconf 89' lang='lat'>:</span> <span class='ocrx_word' id='word_1_317' title='bbox 1165 2284 1557 2341; x_wconf 65' lang='lat' dir='ltr'><strong>consequenter</strong></span> <span class='ocrx_word' id='word_1_318' title='bbox 1606 2274 1748 2327; x_wconf 86' lang='lat' dir='ltr'><strong>enim</strong></span> 
     </span>
    </p>
   </div>
   <div class='ocr_carea' id='block_1_41' title="bbox 185 2366 1749 2436">
    <p class='ocr_par' dir='ltr' id='par_1_41' title="bbox 185 2366 1749 2436">
     <span class='ocr_line' id='line_1_41' title="bbox 185 2366 1749 2436; baseline 0.001 -18"><span class='ocrx_word' id='word_1_319' title='bbox 185 2382 268 2419; x_wconf 87' lang='lat' dir='ltr'><strong>nec</strong></span> <span class='ocrx_word' id='word_1_320' title='bbox 287 2367 346 2420; x_wconf 91' lang='lat' dir='ltr'><strong>ad</strong></span> <span class='ocrx_word' id='word_1_321' title='bbox 371 2366 633 2436; x_wconf 90' lang='lat' dir='ltr'><strong>Spiritum</strong></span> <span class='ocrx_word' id='word_1_322' title='bbox 667 2375 936 2421; x_wconf 89' lang='lat' dir='ltr'><strong>sanctum.</strong></span> <span class='ocrx_word' id='word_1_323' title='bbox 986 2368 1101 2436; x_wconf 89' lang='lat' dir='ltr'><strong>Ipse</strong></span> <span class='ocrx_word' id='word_1_324' title='bbox 1149 2370 1310 2430; x_wconf 84' lang='lat' dir='ltr'><strong>enim,</strong></span> <span class='ocrx_word' id='word_1_325' title='bbox 1348 2384 1467 2421; x_wconf 76' lang='lat' dir='ltr'><strong>cum</strong></span> <span class='ocrx_word' id='word_1_326' title='bbox 1508 2367 1749 2436; x_wconf 78' lang='lat' dir='ltr'><strong>Philippo</strong></span> 
     </span>
    </p>
   </div>
   <div class='ocr_carea' id='block_1_42' title="bbox 187 2456 1747 2527">
    <p class='ocr_par' dir='ltr' id='par_1_42' title="bbox 187 2456 1747 2527">
     <span class='ocr_line' id='line_1_42' title="bbox 187 2456 1747 2527; baseline 0 -19"><span class='ocrx_word' id='word_1_327' title='bbox 187 2457 526 2525; x_wconf 83' lang='lat' dir='ltr'><strong>respondisset</strong></span> <span class='ocrx_word' id='word_1_328' title='bbox 587 2457 794 2527; x_wconf 82' lang='lat' dir='ltr'><strong>roganti</strong></span> <span class='ocrx_word' id='word_1_329' title='bbox 854 2467 910 2511; x_wconf 87' lang='lat' dir='ltr'><strong>ttt</strong></span> <span class='ocrx_word' id='word_1_330' title='bbox 973 2459 1288 2511; x_wconf 67' lang='lat' dir='ltr'><strong>ostenderet</strong></span> <span class='ocrx_word' id='word_1_331' title='bbox 1349 2457 1452 2510; x_wconf 89' lang='lat' dir='ltr'><strong>illis</strong></span> <span class='ocrx_word' id='word_1_332' title='bbox 1490 2456 1747 2520; x_wconf 87' lang='lat' dir='ltr'><strong>Patrem,</strong></span> 
     </span>
    </p>
   </div>
   <div class='ocr_carea' id='block_1_43' title="bbox 184 2546 1749 2618">
    <p class='ocr_par' dir='ltr' id='par_1_43' title="bbox 184 2546 1749 2618">
     <span class='ocr_line' id='line_1_43' title="bbox 184 2546 1749 2618; baseline 0.002 -18"><span class='ocrx_word' id='word_1_333' title='bbox 184 2549 478 2617; x_wconf 80' lang='lat' dir='ltr'><strong>respondit:</strong></span> <span class='ocrx_word' id='word_1_334' title='bbox 518 2546 629 2613; x_wconf 80' lang='lat' dir='ltr'><strong>Qui</strong></span> <span class='ocrx_word' id='word_1_335' title='bbox 678 2565 757 2601; x_wconf 86' lang='lat' dir='ltr'><strong>me</strong></span> <span class='ocrx_word' id='word_1_336' title='bbox 807 2550 969 2613; x_wconf 84' lang='lat' dir='ltr'><strong>vidit,</strong></span> <span class='ocrx_word' id='word_1_337' title='bbox 1014 2550 1199 2618; x_wconf 82' lang='lat' dir='ltr'><strong>utique</strong></span> <span class='ocrx_word' id='word_1_338' title='bbox 1250 2550 1598 2602; x_wconf 78' lang='lat' dir='ltr'><strong>interioribus</strong></span> <span class='ocrx_word' id='word_1_339' title='bbox 1644 2549 1749 2603; x_wconf 90' lang='lat' dir='ltr'><strong>illis</strong></span> 
     </span>
    </p>
   </div>
   <div class='ocr_carea' id='block_1_44' title="bbox 183 2639 1750 2709">
    <p class='ocr_par' dir='ltr' id='par_1_44' title="bbox 183 2639 1750 2709">
     <span class='ocr_line' id='line_1_44' title="bbox 183 2639 1750 2709; baseline 0.002 -18"><span class='ocrx_word' id='word_1_340' title='bbox 183 2639 348 2703; x_wconf 87' lang='lat' dir='ltr'><strong>oculis,</strong></span> <span class='ocrx_word' id='word_1_341' title='bbox 389 2640 592 2708; x_wconf 82' lang='lat' dir='ltr'><strong>quibus</strong></span> <span class='ocrx_word' id='word_1_342' title='bbox 632 2639 773 2692; x_wconf 88' lang='lat' dir='ltr'><strong>Deus</strong></span> <span class='ocrx_word' id='word_1_343' title='bbox 821 2649 996 2708; x_wconf 77' lang='lat' dir='ltr'><strong>potest</strong></span> <span class='ocrx_word' id='word_1_344' title='bbox 1038 2649 1308 2709; x_wconf 80' lang='lat' dir='ltr'><strong>utcunque</strong></span> <span class='ocrx_word' id='word_1_345' title='bbox 1344 2642 1509 2693; x_wconf 78' lang='lat' dir='ltr'><strong>videri</strong></span> <span class='ocrx_word' id='word_1_346' title='bbox 1553 2659 1564 2694; x_wconf 91' lang='lat'><strong>:</strong></span> <span class='ocrx_word' id='word_1_347' title='bbox 1599 2639 1750 2694; x_wconf 84' lang='lat' dir='ltr'><strong>Beati</strong></span> 
     </span>
    </p>
   </div>
   <div class='ocr_carea' id='block_1_45' title="bbox 183 2731 1750 2802">
    <p class='ocr_par' dir='ltr' id='par_1_45' title="bbox 183 2731 1750 2802">
     <span class='ocr_line' id='line_1_45' title="bbox 183 2731 1750 2802; baseline 0.003 -20"><span class='ocrx_word' id='word_1_348' title='bbox 183 2731 299 2782; x_wconf 83' lang='lat' dir='ltr'><strong>enim</strong></span> <span class='ocrx_word' id='word_1_349' title='bbox 343 2731 542 2784; x_wconf 84' lang='lat' dir='ltr'><strong>mundo</strong></span> <span class='ocrx_word' id='word_1_350' title='bbox 593 2731 748 2784; x_wconf 83' lang='lat' dir='ltr'><strong>corde</strong></span> <span class='ocrx_word' id='word_1_351' title='bbox 777 2773 788 2794; x_wconf 94' lang='lat'><strong>,</strong></span> <span class='ocrx_word' id='word_1_352' title='bbox 837 2733 1082 2802; x_wconf 82' lang='lat' dir='ltr'><strong>quoniam</strong></span> <span class='ocrx_word' id='word_1_353' title='bbox 1134 2733 1236 2801; x_wconf 77' lang='lat' dir='ltr'><strong>ipsi</strong></span> <span class='ocrx_word' id='word_1_354' title='bbox 1283 2732 1450 2786; x_wconf 83' lang='lat' dir='ltr'><strong>Deum</strong></span> <span class='ocrx_word' id='word_1_355' title='bbox 1509 2733 1750 2787; x_wconf 87' lang='lat' dir='ltr'><strong>videbunt</strong></span> 
     </span>
    </p>
   </div>
   <div class='ocr_carea' id='block_1_46' title="bbox 184 2818 1749 2894">
    <p class='ocr_par' dir='ltr' id='par_1_46' title="bbox 184 2818 1749 2894">
     <span class='ocr_line' id='line_1_46' title="bbox 184 2818 1749 2894; baseline 0.005 -22"><span class='ocrx_word' id='word_1_356' title='bbox 184 2818 370 2886; x_wconf 73' lang='lat' dir='ltr'><strong>(Matth.</strong></span> <span class='ocrx_word' id='word_1_357' title='bbox 395 2837 441 2885; x_wconf 86' lang='lat' dir='ltr'><strong>v,</strong></span> <span class='ocrx_word' id='word_1_358' title='bbox 460 2821 543 2890; x_wconf 89' lang='lat'><strong>8),</strong></span> <span class='ocrx_word' id='word_1_359' title='bbox 564 2823 690 2874; x_wconf 82' lang='lat' dir='ltr'><strong>vidit</strong></span> <span class='ocrx_word' id='word_1_360' title='bbox 713 2833 758 2876; x_wconf 88' lang='lat' dir='ltr'><strong>et</strong></span> <span class='ocrx_word' id='word_1_361' title='bbox 776 2822 984 2876; x_wconf 84' lang='lat' dir='ltr'><strong>Patrem</strong></span> <span class='ocrx_word' id='word_1_362' title='bbox 1010 2823 1189 2893; x_wconf 81' lang='lat' dir='ltr'><strong>(Joan.</strong></span> <span class='ocrx_word' id='word_1_363' title='bbox 1218 2825 1416 2894; x_wconf 51' lang='grc' dir='ltr'><strong>κυνέη,</strong></span> <span class='ocrx_word' id='word_1_364' title='bbox 1442 2833 1496 2878; x_wconf 91' lang='lat' dir='ltr'><strong>et</strong></span> <span class='ocrx_word' id='word_1_365' title='bbox 1517 2825 1749 2893; x_wconf 86' lang='lat' dir='ltr'><strong>adjecit:</strong></span> 
     </span>
    </p>
   </div>
   <div class='ocr_carea' id='block_1_47' title="bbox 188 2909 1746 2988">
    <p class='ocr_par' dir='ltr' id='par_1_47' title="bbox 188 2909 1746 2988">
     <span class='ocr_line' id='line_1_47' title="bbox 188 2909 1746 2988; baseline 0.004 -26"><span class='ocrx_word' id='word_1_366' title='bbox 188 2909 484 2978; x_wconf 54' lang='lat' dir='ltr'><strong>Nonfcredis,</strong></span> <span class='ocrx_word' id='word_1_367' title='bbox 503 2915 632 2982; x_wconf 83' lang='lat' dir='ltr'><strong>quia</strong></span> <span class='ocrx_word' id='word_1_368' title='bbox 649 2930 739 2983; x_wconf 86' lang='lat' dir='ltr'><strong>ego</strong></span> <span class='ocrx_word' id='word_1_369' title='bbox 756 2915 807 2968; x_wconf 88' lang='lat' dir='ltr'><strong>in</strong></span> <span class='ocrx_word' id='word_1_370' title='bbox 826 2913 986 2968; x_wconf 87' lang='lat' dir='ltr'><strong>Patre</strong></span> <span class='ocrx_word' id='word_1_371' title='bbox 1007 2925 1053 2968; x_wconf 87' lang='lat' dir='ltr'><strong>et</strong></span> <span class='ocrx_word' id='word_1_372' title='bbox 1080 2912 1238 2968; x_wconf 84' lang='lat' dir='ltr'><strong>Pater</strong></span> <span class='ocrx_word' id='word_1_373' title='bbox 1252 2917 1302 2970; x_wconf 88' lang='lat' dir='ltr'><strong>in</strong></span> <span class='ocrx_word' id='word_1_374' title='bbox 1324 2933 1402 2968; x_wconf 88' lang='lat' dir='ltr'><strong>me</strong></span> <span class='ocrx_word' id='word_1_375' title='bbox 1423 2925 1493 2970; x_wconf 87' lang='lat' dir='ltr'><strong>est</strong></span> <span class='ocrx_word' id='word_1_376' title='bbox 1513 2917 1538 2969; x_wconf 80' lang='lat'><strong>.&quot;</strong></span> <span class='ocrx_word' id='word_1_377' title='bbox 1552 2916 1716 2988; x_wconf 69' lang='lat' dir='ltr'><strong>(Ibid.</strong></span> <span class='ocrx_word' id='word_1_378' title='bbox 1730 2956 1746 2984; x_wconf 89' lang='lat'><strong>,</strong></span> 
     </span>
    </p>
   </div>
   <div class='ocr_carea' id='block_1_48' title="bbox 1851 1710 3444 1785">
    <p class='ocr_par' dir='ltr' id='par_1_48' title="bbox 1851 1710 3444 1785">
     <span class='ocr_line' id='line_1_48' title="bbox 1851 1710 3444 1785; baseline 0.006 -24"><span class='ocrx_word' id='word_1_379' title='bbox 1851 1710 2222 1781; x_wconf 76' lang='lat' dir='ltr'><strong>tulerantjeum,</strong></span> <span class='ocrx_word' id='word_1_380' title='bbox 2238 1710 2546 1780; x_wconf 82' lang='lat' dir='ltr'><strong>inspirituet</strong></span> <span class='ocrx_word' id='word_1_381' title='bbox 2565 1713 2776 1765; x_wconf 82' lang='lat' dir='ltr'><strong>veritate</strong></span> <span class='ocrx_word' id='word_1_382' title='bbox 2789 1722 2982 1781; x_wconf 81' lang='lat' dir='ltr'><strong>oportet</strong></span> <span class='ocrx_word' id='word_1_383' title='bbox 2999 1715 3239 1766; x_wconf 82' lang='lat' dir='ltr'><strong>adorare.</strong></span> <span class='ocrx_word' id='word_1_384' title='bbox 3258 1713 3444 1785; x_wconf 71' lang='lat' dir='ltr'><strong>(Joa‘t.</strong></span> 
     </span>
    </p>
   </div>
   <div class='ocr_carea' id='block_1_49' title="bbox 1852 1799 3440 1876">
    <p class='ocr_par' dir='ltr' id='par_1_49' title="bbox 1852 1799 3440 1876">
     <span class='ocr_line' id='line_1_49' title="bbox 1852 1799 3440 1876; baseline 0.004 -24"><span class='ocrx_word' id='word_1_385' title='bbox 1852 1815 1926 1863; x_wconf 91' lang='lat' dir='ltr'><strong>tv,</strong></span> <span class='ocrx_word' id='word_1_386' title='bbox 1949 1799 2062 1869; x_wconf 61' lang='grc'><strong>2-1).</strong></span> <span class='ocrx_word' id='word_1_387' title='bbox 2084 1801 2144 1854; x_wconf 84' lang='lat' dir='ltr'><strong>Et</strong></span> <span class='ocrx_word' id='word_1_388' title='bbox 2160 1803 2285 1869; x_wconf 85' lang='lat' dir='ltr'><strong>quia</strong></span> <span class='ocrx_word' id='word_1_389' title='bbox 2305 1803 2466 1854; x_wconf 87' lang='lat' dir='ltr'><strong>missa</strong></span> <span class='ocrx_word' id='word_1_390' title='bbox 2484 1803 2612 1855; x_wconf 89' lang='lat' dir='ltr'><strong>dum</strong></span> <span class='ocrx_word' id='word_1_391' title='bbox 2633 1803 2868 1867; x_wconf 89' lang='lat' dir='ltr'><strong>canitur,</strong></span> <span class='ocrx_word' id='word_1_392' title='bbox 2886 1806 3125 1872; x_wconf 86' lang='lat' dir='ltr'><strong>corporis</strong></span> <span class='ocrx_word' id='word_1_393' title='bbox 3143 1812 3196 1858; x_wconf 91' lang='lat' dir='ltr'><strong>et</strong></span> <span class='ocrx_word' id='word_1_394' title='bbox 3216 1806 3440 1876; x_wconf 82' lang='lat' dir='ltr'><strong>sangui-</strong></span> 
     </span>
    </p>
   </div>
   <div class='ocr_carea' id='block_1_50' title="bbox 1853 1891 3441 1964">
    <p class='ocr_par' dir='ltr' id='par_1_50' title="bbox 1853 1891 3441 1964">
     <span class='ocr_line' id='line_1_50' title="bbox 1853 1891 3441 1964; baseline 0.006 -21"><span class='ocrx_word' id='word_1_395' title='bbox 1853 1891 1936 1943; x_wconf 86' lang='lat' dir='ltr'><strong>nis</strong></span> <span class='ocrx_word' id='word_1_396' title='bbox 1977 1891 2187 1944; x_wconf 80' lang='lat' dir='ltr'><strong>Domitii</strong></span> <span class='ocrx_word' id='word_1_397' title='bbox 2236 1893 2650 1962; x_wconf 84' lang='lat' dir='ltr'><strong>participatione</strong></span> <span class='ocrx_word' id='word_1_398' title='bbox 2691 1893 2801 1962; x_wconf 90' lang='lat' dir='ltr'><strong>ipse</strong></span> <span class='ocrx_word' id='word_1_399' title='bbox 2851 1895 2940 1962; x_wconf 91' lang='lat' dir='ltr'><strong>qui</strong></span> <span class='ocrx_word' id='word_1_400' title='bbox 2969 1896 3132 1959; x_wconf 88' lang='lat' dir='ltr'><strong>canit,</strong></span> <span class='ocrx_word' id='word_1_401' title='bbox 3169 1895 3441 1964; x_wconf 85' lang='lat' dir='ltr'><strong>reficitur;</strong></span> 
     </span>
    </p>
   </div>
   <div class='ocr_carea' id='block_1_51' title="bbox 1852 1985 3436 2058">
    <p class='ocr_par' dir='ltr' id='par_1_51' title="bbox 1852 1985 3436 2058">
     <span class='ocr_line' id='line_1_51' title="bbox 1852 1985 3436 2058; baseline 0.004 -22"><span class='ocrx_word' id='word_1_402' title='bbox 1852 1993 2093 2037; x_wconf 87' lang='lat' dir='ltr'><strong>monstra</strong></span> <span class='ocrx_word' id='word_1_403' title='bbox 2151 1985 2279 2038; x_wconf 90' lang='lat' dir='ltr'><strong>mihi</strong></span> <span class='ocrx_word' id='word_1_404' title='bbox 2337 2000 2528 2054; x_wconf 88' lang='lat' dir='ltr'><strong>panem</strong></span> <span class='ocrx_word' id='word_1_405' title='bbox 2580 1993 2635 2038; x_wconf 91' lang='lat' dir='ltr'><strong>et</strong></span> <span class='ocrx_word' id='word_1_406' title='bbox 2682 1985 2864 2039; x_wconf 80' lang='lat' dir='ltr'><strong>vinum</strong></span> <span class='ocrx_word' id='word_1_407' title='bbox 2907 1987 3046 2040; x_wconf 87' lang='lat' dir='ltr'><strong>unde</strong></span> <span class='ocrx_word' id='word_1_408' title='bbox 3095 1987 3196 2040; x_wconf 90' lang='lat' dir='ltr'><strong>hoc</strong></span> <span class='ocrx_word' id='word_1_409' title='bbox 3241 1989 3436 2058; x_wconf 88' lang='lat' dir='ltr'><strong>agitur.</strong></span> 
     </span>
    </p>
   </div>
   <div class='ocr_carea' id='block_1_52' title="bbox 1857 2071 3430 2146">
    <p class='ocr_par' dir='ltr' id='par_1_52' title="bbox 1857 2071 3430 2146">
     <span class='ocr_line' id='line_1_52' title="bbox 1857 2071 3430 2146; baseline 0.004 -21"><span class='ocrx_word' id='word_1_410' title='bbox 1857 2071 2053 2128; x_wconf 81' lang='lat' dir='ltr'><strong>Panem</strong></span> <span class='ocrx_word' id='word_1_411' title='bbox 2075 2076 2188 2128; x_wconf 74' lang='lat' dir='ltr'><strong>coeli</strong></span> <span class='ocrx_word' id='word_1_412' title='bbox 2215 2076 2350 2128; x_wconf 80' lang='lat' dir='ltr'><strong>dedit</strong></span> <span class='ocrx_word' id='word_1_413' title='bbox 2377 2077 2449 2130; x_wconf 82' lang='lat' dir='ltr'><strong>eis</strong></span> <span class='ocrx_word' id='word_1_414' title='bbox 2474 2075 2644 2145; x_wconf 85' lang='lat' dir='ltr'><strong>(Psat.</strong></span> <span class='ocrx_word' id='word_1_415' title='bbox 2673 2091 2876 2140; x_wconf 74' lang='lat' dir='ltr'><strong>Lxxvu,</strong></span> <span class='ocrx_word' id='word_1_416' title='bbox 2901 2077 3015 2144; x_wconf 63' lang='grc'><strong>⁸24),</strong></span> <span class='ocrx_word' id='word_1_417' title='bbox 3042 2077 3301 2146; x_wconf 83' lang='lat' dir='ltr'><strong>scriptum</strong></span> <span class='ocrx_word' id='word_1_418' title='bbox 3325 2086 3430 2140; x_wconf 86' lang='lat' dir='ltr'><strong>est,</strong></span> 
     </span>
    </p>
   </div>
   <div class='ocr_carea' id='block_1_53' title="bbox 1854 2165 3444 2237">
    <p class='ocr_par' dir='ltr' id='par_1_53' title="bbox 1854 2165 3444 2237">
     <span class='ocr_line' id='line_1_53' title="bbox 1854 2165 3444 2237; baseline 0.001 -19"><span class='ocrx_word' id='word_1_419' title='bbox 1854 2165 2148 2234; x_wconf 85' lang='lat' dir='ltr'><strong>respondes</strong></span> <span class='ocrx_word' id='word_1_420' title='bbox 2198 2180 2212 2219; x_wconf 89' lang='lat'><strong>:</strong></span> <span class='ocrx_word' id='word_1_421' title='bbox 2269 2165 2466 2219; x_wconf 86' lang='lat' dir='ltr'><strong>Panem</strong></span> <span class='ocrx_word' id='word_1_422' title='bbox 2533 2166 2839 2237; x_wconf 84' lang='lat' dir='ltr'><strong>angelorum</strong></span> <span class='ocrx_word' id='word_1_423' title='bbox 2903 2168 3240 2222; x_wconf 82' lang='lat' dir='ltr'><strong>manducavit</strong></span> <span class='ocrx_word' id='word_1_424' title='bbox 3286 2169 3444 2222; x_wconf 84' lang='lat' dir='ltr'><strong>homo</strong></span> 
     </span>
    </p>
   </div>
   <div class='ocr_carea' id='block_1_54' title="bbox 1855 2256 3450 2329">
    <p class='ocr_par' dir='ltr' id='par_1_54' title="bbox 1855 2256 3450 2329">
     <span class='ocr_line' id='line_1_54' title="bbox 1855 2256 3450 2329; baseline 0.005 -21"><span class='ocrx_word' id='word_1_425' title='bbox 1855 2256 2016 2326; x_wconf 84' lang='lat' dir='ltr'><strong>(Ibid.</strong></span> <span class='ocrx_word' id='word_1_426' title='bbox 2030 2298 2044 2320; x_wconf 95' lang='lat'><strong>,</strong></span> <span class='ocrx_word' id='word_1_427' title='bbox 2057 2256 2171 2325; x_wconf 63' lang='lat'><strong>‘23»).</strong></span> <span class='ocrx_word' id='word_1_428' title='bbox 2191 2259 2322 2324; x_wconf 87' lang='lat' dir='ltr'><strong>Quis</strong></span> <span class='ocrx_word' id='word_1_429' title='bbox 2338 2258 2570 2326; x_wconf 80' lang='lat' dir='ltr'><strong>estalter</strong></span> <span class='ocrx_word' id='word_1_430' title='bbox 2586 2260 2736 2329; x_wconf 86' lang='lat' dir='ltr'><strong>panis</strong></span> <span class='ocrx_word' id='word_1_431' title='bbox 2750 2261 2884 2325; x_wconf 65' lang='lat' dir='ltr'><strong>caeli,</strong></span> <span class='ocrx_word' id='word_1_432' title='bbox 2903 2261 3002 2314; x_wconf 91' lang='lat' dir='ltr'><strong>nisi</strong></span> <span class='ocrx_word' id='word_1_433' title='bbox 3021 2259 3280 2317; x_wconf 89' lang='lat' dir='ltr'><strong>Dominus</strong></span> <span class='ocrx_word' id='word_1_434' title='bbox 3293 2261 3450 2316; x_wconf 85' lang='lat' dir='ltr'><strong>Chri-</strong></span> 
     </span>
    </p>
   </div>
   <div class='ocr_carea' id='block_1_55' title="bbox 1853 2348 3446 2423">
    <p class='ocr_par' dir='ltr' id='par_1_55' title="bbox 1853 2348 3446 2423">
     <span class='ocr_line' id='line_1_55' title="bbox 1853 2348 3446 2423; baseline 0.007 -23"><span class='ocrx_word' id='word_1_435' title='bbox 1853 2348 2004 2400; x_wconf 86' lang='lat' dir='ltr'><strong>stus?</strong></span> <span class='ocrx_word' id='word_1_436' title='bbox 2051 2351 2194 2404; x_wconf 89' lang='lat' dir='ltr'><strong>unde</strong></span> <span class='ocrx_word' id='word_1_437' title='bbox 2233 2350 2474 2405; x_wconf 66' lang='lat' dir='ltr'><strong>caelestia</strong></span> <span class='ocrx_word' id='word_1_438' title='bbox 2505 2351 2838 2420; x_wconf 87' lang='lat' dir='ltr'><strong>spiritualem</strong></span> <span class='ocrx_word' id='word_1_439' title='bbox 2861 2368 3041 2407; x_wconf 89' lang='lat' dir='ltr'><strong>escam</strong></span> <span class='ocrx_word' id='word_1_440' title='bbox 3075 2354 3362 2423; x_wconf 91' lang='lat' dir='ltr'><strong>accipiunt,</strong></span> <span class='ocrx_word' id='word_1_441' title='bbox 3387 2363 3446 2411; x_wconf 87' lang='lat' dir='ltr'><strong>et</strong></span> 
     </span>
    </p>
   </div>
   <div class='ocr_carea' id='block_1_56' title="bbox 1853 2439 3448 2517">
    <p class='ocr_par' dir='ltr' id='par_1_56' title="bbox 1853 2439 3448 2517">
     <span class='ocr_line' id='line_1_56' title="bbox 1853 2439 3448 2517; baseline 0.006 -25"><span class='ocrx_word' id='word_1_442' title='bbox 1853 2439 2212 2496; x_wconf 88' lang='lat' dir='ltr'><strong>delectatione</strong></span> <span class='ocrx_word' id='word_1_443' title='bbox 2229 2443 2489 2496; x_wconf 64' lang='lat' dir='ltr'><strong>inazstima</strong></span> <span class='ocrx_word' id='word_1_444' title='bbox 2500 2442 2588 2496; x_wconf 91' lang='lat' dir='ltr'><strong>bili</strong></span> <span class='ocrx_word' id='word_1_445' title='bbox 2605 2441 2972 2513; x_wconf 87' lang='lat' dir='ltr'><strong>perfruuntur.</strong></span> <span class='ocrx_word' id='word_1_446' title='bbox 2991 2445 3050 2499; x_wconf 79' lang='lat' dir='ltr'><strong>Et</strong></span> <span class='ocrx_word' id='word_1_447' title='bbox 3067 2447 3218 2514; x_wconf 85' lang='lat' dir='ltr'><strong>panis</strong></span> <span class='ocrx_word' id='word_1_448' title='bbox 3233 2446 3448 2517; x_wconf 58' lang='lat' dir='ltr'><strong>angelum</strong></span> 
     </span>
    </p>
   </div>
   <div class='ocr_carea' id='block_1_57' title="bbox 1856 2533 3440 2604">
    <p class='ocr_par' dir='ltr' id='par_1_57' title="bbox 1856 2533 3440 2604">
     <span class='ocr_line' id='line_1_57' title="bbox 1856 2533 3440 2604; baseline 0.007 -23"><span class='ocrx_word' id='word_1_449' title='bbox 1856 2546 1972 2582; x_wconf 88' lang='lat' dir='ltr'><strong>rum</strong></span> <span class='ocrx_word' id='word_1_450' title='bbox 2026 2542 2170 2585; x_wconf 87' lang='lat' dir='ltr'><strong>recte</strong></span> <span class='ocrx_word' id='word_1_451' title='bbox 2196 2533 2392 2586; x_wconf 90' lang='lat' dir='ltr'><strong>dicitur</strong></span> <span class='ocrx_word' id='word_1_452' title='bbox 2418 2534 2688 2599; x_wconf 71' lang='lat' dir='ltr'><strong>(lhristus,</strong></span> <span class='ocrx_word' id='word_1_453' title='bbox 2726 2534 2850 2604; x_wconf 87' lang='lat' dir='ltr'><strong>quia</strong></span> <span class='ocrx_word' id='word_1_454' title='bbox 2882 2550 3070 2590; x_wconf 85' lang='lat' dir='ltr'><strong>revera</strong></span> <span class='ocrx_word' id='word_1_455' title='bbox 3106 2535 3249 2590; x_wconf 90' lang='lat' dir='ltr'><strong>illius</strong></span> <span class='ocrx_word' id='word_1_456' title='bbox 3284 2537 3440 2592; x_wconf 88' lang='lat' dir='ltr'><strong>laude</strong></span> 
     </span>
    </p>
   </div>
   <div class='ocr_carea' id='block_1_58' title="bbox 1853 2617 3512 2695">
    <p class='ocr_par' dir='ltr' id='par_1_58' title="bbox 1853 2617 3512 2695">
     <span class='ocr_line' id='line_1_58' title="bbox 1853 2617 3512 2695; baseline 0.007 -25"><span class='ocrx_word' id='word_1_457' title='bbox 1853 2630 2166 2690; x_wconf 84' lang='lat' dir='ltr'><strong>pascuntur.</strong></span> <span class='ocrx_word' id='word_1_458' title='bbox 2186 2621 2369 2693; x_wconf 80' lang='lat' dir='ltr'><strong>Neque</strong></span> <span class='ocrx_word' id='word_1_459' title='bbox 2384 2624 2526 2676; x_wconf 92' lang='lat' dir='ltr'><strong>enim</strong></span> <span class='ocrx_word' id='word_1_460' title='bbox 2550 2625 2884 2693; x_wconf 86' lang='lat' dir='ltr'><strong>corporalem</strong></span> <span class='ocrx_word' id='word_1_461' title='bbox 2909 2640 3103 2695; x_wconf 85' lang='lat' dir='ltr'><strong>partem</strong></span> <span class='ocrx_word' id='word_1_462' title='bbox 3122 2627 3449 2682; x_wconf 88' lang='lat' dir='ltr'><strong>manducare</strong></span> <span class='ocrx_word' id='word_1_463' title='bbox 3505 2617 3512 2622; x_wconf 74' lang='grc'><em>’</em></span> 
     </span>
    </p>
   </div>
   <div class='ocr_carea' id='block_1_59' title="bbox 1855 2712 3443 2785">
    <p class='ocr_par' dir='ltr' id='par_1_59' title="bbox 1855 2712 3443 2785">
     <span class='ocr_line' id='line_1_59' title="bbox 1855 2712 3443 2785; baseline 0.004 -21"><span class='ocrx_word' id='word_1_464' title='bbox 1855 2712 2030 2781; x_wconf 82' lang='lat' dir='ltr'><strong>angeli</strong></span> <span class='ocrx_word' id='word_1_465' title='bbox 2058 2714 2311 2768; x_wconf 87' lang='lat' dir='ltr'><strong>credendi</strong></span> <span class='ocrx_word' id='word_1_466' title='bbox 2340 2724 2483 2766; x_wconf 89' lang='lat' dir='ltr'><strong>sunt.</strong></span> <span class='ocrx_word' id='word_1_467' title='bbox 2504 2715 2576 2768; x_wconf 87' lang='lat' dir='ltr'><strong>De</strong></span> <span class='ocrx_word' id='word_1_468' title='bbox 2591 2716 2715 2770; x_wconf 92' lang='lat' dir='ltr'><strong>vino</strong></span> <span class='ocrx_word' id='word_1_469' title='bbox 2734 2715 2863 2785; x_wconf 91' lang='lat' dir='ltr'><strong>quid</strong></span> <span class='ocrx_word' id='word_1_470' title='bbox 2883 2714 3089 2772; x_wconf 87' lang='lat' dir='ltr'><strong>facies?</strong></span> <span class='ocrx_word' id='word_1_471' title='bbox 3114 2716 3236 2770; x_wconf 84' lang='lat' dir='ltr'><strong>Non</strong></span> <span class='ocrx_word' id='word_1_472' title='bbox 3251 2717 3443 2772; x_wconf 80' lang='lat' dir='ltr'><strong>bibam.</strong></span> 
     </span>
    </p>
   </div>
   <div class='ocr_carea' id='block_1_60' title="bbox 1854 2806 3448 2880">
    <p class='ocr_par' dir='ltr' id='par_1_60' title="bbox 1854 2806 3448 2880">
     <span class='ocr_line' id='line_1_60' title="bbox 1854 2806 3448 2880; baseline 0.005 -24"><span class='ocrx_word' id='word_1_473' title='bbox 1854 2806 2172 2872; x_wconf 85' lang='lat' dir='ltr'><strong>respondes,</strong></span> <span class='ocrx_word' id='word_1_474' title='bbox 2196 2806 2385 2860; x_wconf 86' lang='lat' dir='ltr'><strong>amodo</strong></span> <span class='ocrx_word' id='word_1_475' title='bbox 2399 2807 2463 2860; x_wconf 86' lang='lat' dir='ltr'><strong>de</strong></span> <span class='ocrx_word' id='word_1_476' title='bbox 2481 2808 2740 2876; x_wconf 85' lang='lat' dir='ltr'><strong>genimine</strong></span> <span class='ocrx_word' id='word_1_477' title='bbox 2759 2809 2874 2863; x_wconf 83' lang='lat' dir='ltr'><strong>vitis</strong></span> <span class='ocrx_word' id='word_1_478' title='bbox 2890 2823 3051 2880; x_wconf 86' lang='lat' dir='ltr'><strong>usque</strong></span> <span class='ocrx_word' id='word_1_479' title='bbox 3066 2811 3119 2863; x_wconf 88' lang='lat' dir='ltr'><strong>in</strong></span> <span class='ocrx_word' id='word_1_480' title='bbox 3142 2810 3279 2864; x_wconf 85' lang='lat' dir='ltr'><strong>diem</strong></span> <span class='ocrx_word' id='word_1_481' title='bbox 3295 2810 3448 2864; x_wconf 85' lang='lat' dir='ltr'><strong>illum</strong></span> 
     </span>
    </p>
   </div>
   <div class='ocr_carea' id='block_1_61' title="bbox 1856 2895 3446 2972">
    <p class='ocr_par' dir='ltr' id='par_1_61' title="bbox 1856 2895 3446 2972">
     <span class='ocr_line' id='line_1_61' title="bbox 1856 2895 3446 2972; baseline 0.006 -26"><span class='ocrx_word' id='word_1_482' title='bbox 1856 2909 1974 2947; x_wconf 88' lang='lat' dir='ltr'><strong>cum</strong></span> <span class='ocrx_word' id='word_1_483' title='bbox 2004 2895 2136 2949; x_wconf 83' lang='lat' dir='ltr'><strong>illud</strong></span> <span class='ocrx_word' id='word_1_484' title='bbox 2160 2897 2330 2949; x_wconf 87' lang='lat' dir='ltr'><strong>bibam</strong></span> <span class='ocrx_word' id='word_1_485' title='bbox 2357 2899 2616 2952; x_wconf 77' lang='lat' dir='ltr'><strong>vobiscum</strong></span> <span class='ocrx_word' id='word_1_486' title='bbox 2650 2915 2838 2953; x_wconf 84' lang='lat' dir='ltr'><strong>novum</strong></span> <span class='ocrx_word' id='word_1_487' title='bbox 2865 2900 2918 2953; x_wconf 89' lang='lat' dir='ltr'><strong>in</strong></span> <span class='ocrx_word' id='word_1_488' title='bbox 2945 2917 3100 2971; x_wconf 81' lang='lat' dir='ltr'><strong>regno</strong></span> <span class='ocrx_word' id='word_1_489' title='bbox 3121 2901 3218 2954; x_wconf 89' lang='lat' dir='ltr'><strong>Dei</strong></span> <span class='ocrx_word' id='word_1_490' title='bbox 3248 2901 3446 2972; x_wconf 77' lang='lat' dir='ltr'><strong>(Marc.</strong></span> 
     </span>
    </p>
   </div>
   <div class='ocr_carea' id='block_1_62' title="bbox 187 2988 1751 3069">
    <p class='ocr_par' dir='ltr' id='par_1_62' title="bbox 187 2999 1751 3069">
     <span class='ocr_line' id='line_1_62' title="bbox 187 2999 1751 3069; baseline 0.006 -17"><span class='ocrx_word' id='word_1_491' title='bbox 187 2999 280 3069; x_wconf 79' lang='grc'><strong>10.)</strong></span> <span class='ocrx_word' id='word_1_492' title='bbox 305 3000 449 3067; x_wconf 84' lang='lat' dir='ltr'><strong>Quod</strong></span> <span class='ocrx_word' id='word_1_493' title='bbox 485 3011 658 3057; x_wconf 92' lang='lat' dir='ltr'><strong>totum</strong></span> <span class='ocrx_word' id='word_1_494' title='bbox 689 3004 786 3056; x_wconf 85' lang='lat' dir='ltr'><strong>nisi</strong></span> <span class='ocrx_word' id='word_1_495' title='bbox 818 3005 884 3057; x_wconf 91' lang='lat' dir='ltr'><strong>ad</strong></span> <span class='ocrx_word' id='word_1_496' title='bbox 924 3005 1246 3059; x_wconf 79' lang='lat' dir='ltr'><strong>invisibilem</strong></span> <span class='ocrx_word' id='word_1_497' title='bbox 1279 3005 1534 3060; x_wconf 87' lang='lat' dir='ltr'><strong>deitatem</strong></span> <span class='ocrx_word' id='word_1_498' title='bbox 1576 3006 1751 3062; x_wconf 84' lang='lat' dir='ltr'><strong>Patris</strong></span> 
     </span>
    </p>
   </div>
   <div class='ocr_carea' id='block_1_63' title="bbox 1856 2988 3449 3069">
    <p class='ocr_par' dir='ltr' id='par_1_63' title="bbox 1857 2988 3449 3062">
     <span class='ocr_line' id='line_1_63' title="bbox 1857 2988 3449 3062; baseline 0.006 -22"><span class='ocrx_word' id='word_1_499' title='bbox 1857 2988 2077 3058; x_wconf 72' lang='lat' dir='ltr'><strong>le,25)</strong></span> <span class='ocrx_word' id='word_1_500' title='bbox 2101 2988 2242 3043; x_wconf 82' lang='lat' dir='ltr'><strong>Nihil</strong></span> <span class='ocrx_word' id='word_1_501' title='bbox 2267 2991 2480 3060; x_wconf 87' lang='lat' dir='ltr'><strong>tejuvat</strong></span> <span class='ocrx_word' id='word_1_502' title='bbox 2506 2991 2571 3045; x_wconf 86' lang='lat' dir='ltr'><strong>ad</strong></span> <span class='ocrx_word' id='word_1_503' title='bbox 2597 2992 2716 3046; x_wconf 90' lang='lat' dir='ltr'><strong>hoc.</strong></span> <span class='ocrx_word' id='word_1_504' title='bbox 2753 2990 2995 3062; x_wconf 79' lang='lat' dir='ltr'><strong>Regnum</strong></span> <span class='ocrx_word' id='word_1_505' title='bbox 3027 2993 3170 3048; x_wconf 89' lang='lat' dir='ltr'><strong>enim</strong></span> <span class='ocrx_word' id='word_1_506' title='bbox 3194 2994 3290 3048; x_wconf 87' lang='lat' dir='ltr'><strong>Dei</strong></span> <span class='ocrx_word' id='word_1_507' title='bbox 3317 2995 3449 3050; x_wconf 78' lang='lat' dir='ltr'><strong>dicit</strong></span> 
     </span>
    </p>
   </div>
   <div class='ocr_carea' id='block_1_64' title="bbox 185 3091 1750 3171">
    <p class='ocr_par' dir='ltr' id='par_1_64' title="bbox 185 3091 1750 3171">
     <span class='ocr_line' id='line_1_64' title="bbox 185 3091 1750 3171; baseline 0.007 -27"><span class='ocrx_word' id='word_1_508' title='bbox 185 3100 229 3144; x_wconf 88' lang='lat' dir='ltr'><strong>et</strong></span> <span class='ocrx_word' id='word_1_509' title='bbox 259 3091 368 3147; x_wconf 78' lang='lat' dir='ltr'><strong>Filii</strong></span> <span class='ocrx_word' id='word_1_510' title='bbox 403 3095 655 3161; x_wconf 84' lang='lat' dir='ltr'><strong>referas,</strong></span> <span class='ocrx_word' id='word_1_511' title='bbox 705 3105 850 3150; x_wconf 85' lang='lat' dir='ltr'><strong>stare</strong></span> <span class='ocrx_word' id='word_1_512' title='bbox 912 3113 1016 3151; x_wconf 90' lang='lat' dir='ltr'><strong>non</strong></span> <span class='ocrx_word' id='word_1_513' title='bbox 1071 3106 1263 3166; x_wconf 89' lang='lat' dir='ltr'><strong>potest.</strong></span> <span class='ocrx_word' id='word_1_514' title='bbox 1300 3097 1415 3152; x_wconf 89' lang='lat' dir='ltr'><strong>Non</strong></span> <span class='ocrx_word' id='word_1_515' title='bbox 1464 3099 1607 3154; x_wconf 88' lang='lat' dir='ltr'><strong>enim</strong></span> <span class='ocrx_word' id='word_1_516' title='bbox 1658 3101 1750 3171; x_wconf 91' lang='lat' dir='ltr'><strong>qui</strong></span> 
     </span>
    </p>
   </div>
   <div class='ocr_carea' id='block_1_65' title="bbox 185 3184 1750 3260">
    <p class='ocr_par' dir='ltr' id='par_1_65' title="bbox 185 3184 1750 3260">
     <span class='ocr_line' id='line_1_65' title="bbox 185 3184 1750 3260; baseline 0.006 -24"><span class='ocrx_word' id='word_1_517' title='bbox 185 3184 298 3238; x_wconf 81' lang='lat' dir='ltr'><strong>vidit</strong></span> <span class='ocrx_word' id='word_1_518' title='bbox 324 3187 372 3240; x_wconf 90' lang='lat' dir='ltr'><strong>in</strong></span> <span class='ocrx_word' id='word_1_519' title='bbox 403 3203 594 3251; x_wconf 87' lang='lat' dir='ltr'><strong>carne,</strong></span> <span class='ocrx_word' id='word_1_520' title='bbox 632 3203 793 3257; x_wconf 88' lang='lat' dir='ltr'><strong>quam</strong></span> <span class='ocrx_word' id='word_1_521' title='bbox 829 3204 925 3258; x_wconf 91' lang='lat' dir='ltr'><strong>pro</strong></span> <span class='ocrx_word' id='word_1_522' title='bbox 960 3188 1114 3242; x_wconf 88' lang='lat' dir='ltr'><strong>nobis</strong></span> <span class='ocrx_word' id='word_1_523' title='bbox 1153 3191 1477 3260; x_wconf 74' lang='lat' dir='ltr'><strong>assumpsit,</strong></span> <span class='ocrx_word' id='word_1_524' title='bbox 1522 3190 1712 3244; x_wconf 82' lang='lat' dir='ltr'><strong>Filium</strong></span> <span class='ocrx_word' id='word_1_525' title='bbox 1735 3234 1750 3258; x_wconf 93' lang='lat'><strong>,</strong></span> 
     </span>
    </p>
   </div>
   <div class='ocr_carea' id='block_1_66' title="bbox 186 3280 1751 3349">
    <p class='ocr_par' dir='ltr' id='par_1_66' title="bbox 186 3280 1751 3349">
     <span class='ocr_line' id='line_1_66' title="bbox 186 3280 1751 3349; baseline 0.004 -21"><span class='ocrx_word' id='word_1_526' title='bbox 186 3287 556 3346; x_wconf 78' lang='lat' dir='ltr'><strong>consequenter</strong></span> <span class='ocrx_word' id='word_1_527' title='bbox 616 3280 746 3332; x_wconf 86' lang='lat' dir='ltr'><strong>vidit</strong></span> <span class='ocrx_word' id='word_1_528' title='bbox 789 3289 844 3333; x_wconf 90' lang='lat' dir='ltr'><strong>et</strong></span> <span class='ocrx_word' id='word_1_529' title='bbox 895 3281 1130 3333; x_wconf 87' lang='lat' dir='ltr'><strong>Patrem.</strong></span> <span class='ocrx_word' id='word_1_530' title='bbox 1191 3280 1438 3349; x_wconf 87' lang='lat' dir='ltr'><strong>Alioquin</strong></span> <span class='ocrx_word' id='word_1_531' title='bbox 1485 3290 1539 3335; x_wconf 91' lang='lat' dir='ltr'><strong>et</strong></span> <span class='ocrx_word' id='word_1_532' title='bbox 1581 3280 1751 3336; x_wconf 75' lang='lat' dir='ltr'><strong>Judai-i</strong></span> 
     </span>
    </p>
   </div>
   <div class='ocr_carea' id='block_1_67' title="bbox 183 3370 1751 3442">
    <p class='ocr_par' dir='ltr' id='par_1_67' title="bbox 183 3370 1751 3442">
     <span class='ocr_line' id='line_1_67' title="bbox 183 3370 1751 3442; baseline 0.006 -22"><span class='ocrx_word' id='word_1_533' title='bbox 183 3380 543 3439; x_wconf 81' lang='lat' dir='ltr'><strong>persequentes</strong></span> <span class='ocrx_word' id='word_1_534' title='bbox 576 3370 725 3424; x_wconf 90' lang='lat' dir='ltr'><strong>illum</strong></span> <span class='ocrx_word' id='word_1_535' title='bbox 759 3372 1046 3432; x_wconf 83' lang='lat' dir='ltr'><strong>vidissent,</strong></span> <span class='ocrx_word' id='word_1_536' title='bbox 1083 3373 1281 3442; x_wconf 90' lang='lat' dir='ltr'><strong>quibus</strong></span> <span class='ocrx_word' id='word_1_537' title='bbox 1309 3389 1440 3428; x_wconf 87' lang='lat' dir='ltr'><strong>voce</strong></span> <span class='ocrx_word' id='word_1_538' title='bbox 1469 3374 1751 3429; x_wconf 85' lang='lat' dir='ltr'><strong>Dominica</strong></span> 
     </span>
    </p>
   </div>
   <div class='ocr_carea' id='block_1_68' title="bbox 183 3461 1754 3534">
    <p class='ocr_par' dir='ltr' id='par_1_68' title="bbox 183 3461 1754 3534">
     <span class='ocr_line' id='line_1_68' title="bbox 183 3461 1754 3534; baseline 0.003 -19"><span class='ocrx_word' id='word_1_539' title='bbox 183 3461 358 3516; x_wconf 90' lang='lat' dir='ltr'><strong>dicitur</strong></span> <span class='ocrx_word' id='word_1_540' title='bbox 385 3483 396 3517; x_wconf 92' lang='lat'>:</span> <span class='ocrx_word' id='word_1_541' title='bbox 434 3462 623 3534; x_wconf 81' lang='lat' dir='ltr'><strong>Neque</strong></span> <span class='ocrx_word' id='word_1_542' title='bbox 649 3481 727 3517; x_wconf 91' lang='lat' dir='ltr'><strong>me</strong></span> <span class='ocrx_word' id='word_1_543' title='bbox 753 3466 914 3526; x_wconf 85' lang='lat' dir='ltr'><strong>scitis,</strong></span> <span class='ocrx_word' id='word_1_544' title='bbox 953 3481 1114 3534; x_wconf 82' lang='lat' dir='ltr'><strong>neque</strong></span> <span class='ocrx_word' id='word_1_545' title='bbox 1137 3464 1350 3518; x_wconf 84' lang='lat' dir='ltr'><strong>Patrem</strong></span> <span class='ocrx_word' id='word_1_546' title='bbox 1378 3482 1565 3519; x_wconf 87' lang='lat' dir='ltr'><strong>meum.</strong></span> <span class='ocrx_word' id='word_1_547' title='bbox 1595 3465 1651 3520; x_wconf 90' lang='lat' dir='ltr'><strong>Si</strong></span> <span class='ocrx_word' id='word_1_548' title='bbox 1674 3483 1754 3519; x_wconf 88' lang='lat' dir='ltr'><strong>me</strong></span> 
     </span>
    </p>
   </div>
   <div class='ocr_carea' id='block_1_69' title="bbox 183 3553 1752 3626">
    <p class='ocr_par' dir='ltr' id='par_1_69' title="bbox 183 3553 1752 3626">
     <span class='ocr_line' id='line_1_69' title="bbox 183 3553 1752 3626; baseline 0.004 -22"><span class='ocrx_word' id='word_1_549' title='bbox 183 3553 379 3619; x_wconf 72' lang='lat' dir='ltr'><strong>sciretis,</strong></span> <span class='ocrx_word' id='word_1_550' title='bbox 416 3555 645 3624; x_wconf 80' lang='lat' dir='ltr'><strong>forsitan</strong></span> <span class='ocrx_word' id='word_1_551' title='bbox 682 3565 727 3607; x_wconf 86' lang='lat' dir='ltr'><strong>et</strong></span> <span class='ocrx_word' id='word_1_552' title='bbox 759 3553 968 3608; x_wconf 82' lang='lat' dir='ltr'><strong>Patrem</strong></span> <span class='ocrx_word' id='word_1_553' title='bbox 1001 3572 1170 3609; x_wconf 88' lang='lat' dir='ltr'><strong>meum</strong></span> <span class='ocrx_word' id='word_1_554' title='bbox 1195 3557 1393 3610; x_wconf 86' lang='lat' dir='ltr'><strong>sciretis</strong></span> <span class='ocrx_word' id='word_1_555' title='bbox 1422 3555 1600 3626; x_wconf 85' lang='lat' dir='ltr'><strong>(Joan.</strong></span> <span class='ocrx_word' id='word_1_556' title='bbox 1631 3573 1752 3624; x_wconf 91' lang='lat' dir='ltr'><strong>vttt,</strong></span> 
     </span>
    </p>
   </div>
   <div class='ocr_carea' id='block_1_70' title="bbox 188 3643 1751 3717">
    <p class='ocr_par' dir='ltr' id='par_1_70' title="bbox 188 3643 1751 3717">
     <span class='ocr_line' id='line_1_70' title="bbox 188 3643 1751 3717; baseline 0.004 -21"><span class='ocrx_word' id='word_1_557' title='bbox 188 3643 278 3714; x_wconf 87' lang='lat' dir='ltr'><strong>l9),</strong></span> <span class='ocrx_word' id='word_1_558' title='bbox 305 3647 353 3700; x_wconf 91' lang='lat' dir='ltr'><strong>id</strong></span> <span class='ocrx_word' id='word_1_559' title='bbox 379 3655 483 3712; x_wconf 87' lang='lat' dir='ltr'><strong>cst,</strong></span> <span class='ocrx_word' id='word_1_560' title='bbox 507 3648 551 3701; x_wconf 92' lang='lat' dir='ltr'><strong>si</strong></span> <span class='ocrx_word' id='word_1_561' title='bbox 581 3647 899 3700; x_wconf 89' lang='lat' dir='ltr'><strong>iuvisibilent</strong></span> <span class='ocrx_word' id='word_1_562' title='bbox 931 3655 985 3701; x_wconf 92' lang='lat' dir='ltr'><strong>et</strong></span> <span class='ocrx_word' id='word_1_563' title='bbox 1011 3647 1388 3717; x_wconf 86' lang='lat' dir='ltr'><strong>incorpoream</strong></span> <span class='ocrx_word' id='word_1_564' title='bbox 1419 3649 1751 3703; x_wconf 88' lang='lat' dir='ltr'><strong>divinitatem</strong></span> 
     </span>
    </p>
   </div>
   <div class='ocr_carea' id='block_1_71' title="bbox 187 3737 1751 3816">
    <p class='ocr_par' dir='ltr' id='par_1_71' title="bbox 187 3737 1751 3816">
     <span class='ocr_line' id='line_1_71' title="bbox 187 3737 1751 3816; baseline 0.005 -30"><span class='ocrx_word' id='word_1_565' title='bbox 187 3751 334 3789; x_wconf 82' lang='lat' dir='ltr'><strong>tneam</strong></span> <span class='ocrx_word' id='word_1_566' title='bbox 365 3737 414 3791; x_wconf 90' lang='lat' dir='ltr'><strong>in</strong></span> <span class='ocrx_word' id='word_1_567' title='bbox 446 3755 534 3792; x_wconf 91' lang='lat' dir='ltr'><strong>me</strong></span> <span class='ocrx_word' id='word_1_568' title='bbox 573 3737 828 3791; x_wconf 87' lang='lat' dir='ltr'><strong>latentem</strong></span> <span class='ocrx_word' id='word_1_569' title='bbox 861 3739 1220 3816; x_wconf 77' lang='lat' dir='ltr'><strong>agnovissetis</strong></span> <span class='ocrx_word' id='word_1_570' title='bbox 1242 3779 1258 3802; x_wconf 94' lang='lat'><strong>,</strong></span> <span class='ocrx_word' id='word_1_571' title='bbox 1289 3749 1344 3793; x_wconf 89' lang='lat' dir='ltr'><strong>et</strong></span> <span class='ocrx_word' id='word_1_572' title='bbox 1370 3755 1464 3793; x_wconf 91' lang='lat' dir='ltr'><strong>cor</strong></span> <span class='ocrx_word' id='word_1_573' title='bbox 1494 3741 1751 3794; x_wconf 90' lang='lat' dir='ltr'><strong>mundum</strong></span> 
     </span>
    </p>
   </div>
   <div class='ocr_carea' id='block_1_72' title="bbox 186 3826 1754 3899">
    <p class='ocr_par' dir='ltr' id='par_1_72' title="bbox 186 3826 1754 3899">
     <span class='ocr_line' id='line_1_72' title="bbox 186 3826 1754 3899; baseline 0.007 -23"><span class='ocrx_word' id='word_1_574' title='bbox 186 3826 239 3878; x_wconf 89' lang='lat' dir='ltr'><strong>ad</strong></span> <span class='ocrx_word' id='word_1_575' title='bbox 268 3827 395 3882; x_wconf 89' lang='lat' dir='ltr'><strong>hanc</strong></span> <span class='ocrx_word' id='word_1_576' title='bbox 435 3828 911 3897; x_wconf 74' lang='lat' dir='ltr'><strong>contemplandum</strong></span> <span class='ocrx_word' id='word_1_577' title='bbox 942 3830 1309 3895; x_wconf 84' lang='lat' dir='ltr'><strong>habuissetis;</strong></span> <span class='ocrx_word' id='word_1_578' title='bbox 1360 3840 1754 3899; x_wconf 88' lang='lat' dir='ltr'><strong>consequenter</strong></span> 
     </span>
    </p>
   </div>
   <div class='ocr_carea' id='block_1_73' title="bbox 186 3917 1751 3986">
    <p class='ocr_par' dir='ltr' id='par_1_73' title="bbox 186 3917 1751 3986">
     <span class='ocr_line' id='line_1_73' title="bbox 186 3917 1751 3986; baseline 0.006 -17"><span class='ocrx_word' id='word_1_579' title='bbox 186 3924 229 3969; x_wconf 85' lang='lat' dir='ltr'><strong>et.</strong></span> <span class='ocrx_word' id='word_1_580' title='bbox 255 3917 462 3975; x_wconf 88' lang='lat' dir='ltr'><strong>Patrem</strong></span> <span class='ocrx_word' id='word_1_581' title='bbox 495 3938 679 3976; x_wconf 89' lang='lat' dir='ltr'><strong>meum</strong></span> <span class='ocrx_word' id='word_1_582' title='bbox 721 3922 772 3974; x_wconf 91' lang='lat' dir='ltr'><strong>in</strong></span> <span class='ocrx_word' id='word_1_583' title='bbox 805 3937 887 3975; x_wconf 88' lang='lat' dir='ltr'><strong>nte</strong></span> <span class='ocrx_word' id='word_1_584' title='bbox 917 3932 1249 3986; x_wconf 90' lang='lat' dir='ltr'><strong>manentem,</strong></span> <span class='ocrx_word' id='word_1_585' title='bbox 1279 3933 1332 3976; x_wconf 90' lang='lat' dir='ltr'><strong>et</strong></span> <span class='ocrx_word' id='word_1_586' title='bbox 1372 3924 1424 3976; x_wconf 91' lang='lat' dir='ltr'><strong>in</strong></span> <span class='ocrx_word' id='word_1_587' title='bbox 1453 3923 1613 3978; x_wconf 85' lang='lat' dir='ltr'><strong>Patre</strong></span> <span class='ocrx_word' id='word_1_588' title='bbox 1641 3925 1751 3978; x_wconf 90' lang='lat' dir='ltr'><strong>sci-</strong></span> 
     </span>
    </p>
   </div>
   <div class='ocr_carea' id='block_1_74' title="bbox 186 4009 1753 4082">
    <p class='ocr_par' dir='ltr' id='par_1_74' title="bbox 186 4009 1753 4082">
     <span class='ocr_line' id='line_1_74' title="bbox 186 4009 1753 4082; baseline 0.008 -23"><span class='ocrx_word' id='word_1_589' title='bbox 186 4009 316 4063; x_wconf 89' lang='lat' dir='ltr'><strong>retis.</strong></span> <span class='ocrx_word' id='word_1_590' title='bbox 367 4012 480 4080; x_wconf 84' lang='lat' dir='ltr'><strong>lpsc</strong></span> <span class='ocrx_word' id='word_1_591' title='bbox 534 4027 689 4082; x_wconf 87' lang='lat' dir='ltr'><strong>ergo,</strong></span> <span class='ocrx_word' id='word_1_592' title='bbox 720 4014 810 4082; x_wconf 89' lang='lat' dir='ltr'><strong>qui</strong></span> <span class='ocrx_word' id='word_1_593' title='bbox 852 4011 1158 4079; x_wconf 87' lang='lat' dir='ltr'><strong>bujusmodi</strong></span> <span class='ocrx_word' id='word_1_594' title='bbox 1204 4015 1601 4071; x_wconf 89' lang='lat' dir='ltr'><strong>introductione</strong></span> <span class='ocrx_word' id='word_1_595' title='bbox 1655 4033 1753 4071; x_wconf 90' lang='lat' dir='ltr'><strong>nos</strong></span> 
     </span>
    </p>
   </div>
   <div class='ocr_carea' id='block_1_75' title="bbox 187 4103 1755 4178">
    <p class='ocr_par' dir='ltr' id='par_1_75' title="bbox 187 4103 1755 4178">
     <span class='ocr_line' id='line_1_75' title="bbox 187 4103 1755 4178; baseline 0.008 -26"><span class='ocrx_word' id='word_1_596' title='bbox 187 4113 486 4169; x_wconf 79' lang='lat' dir='ltr'><strong>cognoscere</strong></span> <span class='ocrx_word' id='word_1_597' title='bbox 521 4103 672 4168; x_wconf 87' lang='lat' dir='ltr'><strong>fecit,</strong></span> <span class='ocrx_word' id='word_1_598' title='bbox 720 4106 861 4174; x_wconf 88' lang='lat' dir='ltr'><strong>quod</strong></span> <span class='ocrx_word' id='word_1_599' title='bbox 892 4104 1052 4159; x_wconf 88' lang='lat' dir='ltr'><strong>Pater</strong></span> <span class='ocrx_word' id='word_1_600' title='bbox 1086 4107 1220 4176; x_wconf 88' lang='lat' dir='ltr'><strong>ipse,</strong></span> <span class='ocrx_word' id='word_1_601' title='bbox 1254 4107 1498 4177; x_wconf 88' lang='lat' dir='ltr'><strong>idemque</strong></span> <span class='ocrx_word' id='word_1_602' title='bbox 1529 4112 1619 4178; x_wconf 92' lang='lat' dir='ltr'><strong>qui</strong></span> <span class='ocrx_word' id='word_1_603' title='bbox 1654 4111 1755 4165; x_wconf 90' lang='lat' dir='ltr'><strong>hoc</strong></span> 
     </span>
    </p>
   </div>
   <div class='ocr_carea' id='block_1_76' title="bbox 187 4189 1750 4264">
    <p class='ocr_par' dir='ltr' id='par_1_76' title="bbox 187 4189 1750 4264">
     <span class='ocr_line' id='line_1_76' title="bbox 187 4189 1750 4264; baseline 0.005 -20"><span class='ocrx_word' id='word_1_604' title='bbox 187 4189 372 4247; x_wconf 87' lang='lat' dir='ltr'><strong>dicebat</strong></span> <span class='ocrx_word' id='word_1_605' title='bbox 401 4193 572 4249; x_wconf 78' lang='lat' dir='ltr'><strong>Filius</strong></span> <span class='ocrx_word' id='word_1_606' title='bbox 599 4207 652 4249; x_wconf 89' lang='lat' dir='ltr'><strong>et</strong></span> <span class='ocrx_word' id='word_1_607' title='bbox 678 4194 912 4264; x_wconf 88' lang='lat' dir='ltr'><strong>Spiritus</strong></span> <span class='ocrx_word' id='word_1_608' title='bbox 961 4206 1201 4257; x_wconf 86' lang='lat' dir='ltr'><strong>sanctus.</strong></span> <span class='ocrx_word' id='word_1_609' title='bbox 1229 4213 1366 4251; x_wconf 89' lang='lat' dir='ltr'><strong>unus</strong></span> <span class='ocrx_word' id='word_1_610' title='bbox 1394 4209 1537 4252; x_wconf 84' lang='lat' dir='ltr'><strong>esset</strong></span> <span class='ocrx_word' id='word_1_611' title='bbox 1566 4200 1704 4254; x_wconf 88' lang='lat' dir='ltr'><strong>Deus</strong></span> <span class='ocrx_word' id='word_1_612' title='bbox 1737 4216 1750 4252; x_wconf 91' lang='lat'>:</span> 
     </span>
    </p>
   </div>
   <div class='ocr_carea' id='block_1_77' title="bbox 189 4279 1754 4357">
    <p class='ocr_par' dir='ltr' id='par_1_77' title="bbox 189 4279 1754 4357">
     <span class='ocr_line' id='line_1_77' title="bbox 189 4279 1754 4357; baseline 0.009 -24"><span class='ocrx_word' id='word_1_613' title='bbox 189 4279 382 4357; x_wconf 65' lang='lat' dir='ltr'><strong>Euntes,</strong></span> <span class='ocrx_word' id='word_1_614' title='bbox 400 4286 496 4348; x_wconf 83' lang='lat' dir='ltr'><strong>ait,</strong></span> <span class='ocrx_word' id='word_1_615' title='bbox 518 4287 781 4354; x_wconf 73' lang='lat' dir='ltr'><strong>baptizate</strong></span> <span class='ocrx_word' id='word_1_616' title='bbox 799 4304 972 4341; x_wconf 87' lang='lat' dir='ltr'><strong>onmes</strong></span> <span class='ocrx_word' id='word_1_617' title='bbox 991 4301 1162 4357; x_wconf 80' lang='lat' dir='ltr'><strong>gentes</strong></span> <span class='ocrx_word' id='word_1_618' title='bbox 1191 4291 1241 4341; x_wconf 88' lang='lat' dir='ltr'><strong>in</strong></span> <span class='ocrx_word' id='word_1_619' title='bbox 1266 4290 1471 4343; x_wconf 87' lang='lat' dir='ltr'><strong>nomine</strong></span> <span class='ocrx_word' id='word_1_620' title='bbox 1493 4289 1686 4356; x_wconf 86' lang='lat' dir='ltr'><strong>Patris,</strong></span> <span class='ocrx_word' id='word_1_621' title='bbox 1705 4305 1754 4347; x_wconf 86' lang='lat' dir='ltr'><strong>et</strong></span> 
     </span>
    </p>
   </div>
   <div class='ocr_carea' id='block_1_78' title="bbox 188 4355 1830 4450">
    <p class='ocr_par' dir='ltr' id='par_1_78' title="bbox 188 4355 1830 4450">
     <span class='ocr_line' id='line_1_78' title="bbox 188 4355 1830 4450; baseline 0.01 -30"><span class='ocrx_word' id='word_1_622' title='bbox 188 4355 316 4437; x_wconf 67' lang='lat' dir='ltr'><strong>Filii,</strong></span> <span class='ocrx_word' id='word_1_623' title='bbox 351 4384 394 4426; x_wconf 88' lang='lat' dir='ltr'><strong>et</strong></span> <span class='ocrx_word' id='word_1_624' title='bbox 429 4373 662 4442; x_wconf 85' lang='lat' dir='ltr'><strong>Spiritus</strong></span> <span class='ocrx_word' id='word_1_625' title='bbox 703 4377 868 4428; x_wconf 86' lang='lat' dir='ltr'><strong>sancti</strong></span> <span class='ocrx_word' id='word_1_626' title='bbox 892 4355 1102 4445; x_wconf 79' lang='lat' dir='ltr'><strong>(Matth.</strong></span> <span class='ocrx_word' id='word_1_627' title='bbox 1138 4394 1326 4441; x_wconf 76' lang='lat' dir='ltr'><strong>xxvttt,</strong></span> <span class='ocrx_word' id='word_1_628' title='bbox 1357 4379 1442 4448; x_wconf 85' lang='lat' dir='ltr'><strong>l9)</strong></span> <span class='ocrx_word' id='word_1_629' title='bbox 1492 4381 1626 4450; x_wconf 77' lang='lat' dir='ltr'><strong>ipse,</strong></span> <span class='ocrx_word' id='word_1_630' title='bbox 1668 4383 1749 4436; x_wconf 89' lang='lat' dir='ltr'><strong>iu-</strong></span> <span class='ocrx_word' id='word_1_631' title='bbox 1779 4361 1830 4419; x_wconf 80' lang='grc' dir='ltr'><strong>Ῑ)</strong></span> 
     </span>
    </p>
   </div>
   <div class='ocr_carea' id='block_1_79' title="bbox 185 4464 1745 4533">
    <p class='ocr_par' dir='ltr' id='par_1_79' title="bbox 185 4464 1745 4533">
     <span class='ocr_line' id='line_1_79' title="bbox 185 4464 1745 4533; baseline 0.009 -20"><span class='ocrx_word' id='word_1_632' title='bbox 185 4476 346 4530; x_wconf 87' lang='lat' dir='ltr'><strong>quam,</strong></span> <span class='ocrx_word' id='word_1_633' title='bbox 368 4465 459 4533; x_wconf 89' lang='lat' dir='ltr'><strong>qui</strong></span> <span class='ocrx_word' id='word_1_634' title='bbox 492 4464 707 4518; x_wconf 87' lang='lat' dir='ltr'><strong>carneis</strong></span> <span class='ocrx_word' id='word_1_635' title='bbox 735 4465 888 4520; x_wconf 88' lang='lat' dir='ltr'><strong>labiis</strong></span> <span class='ocrx_word' id='word_1_636' title='bbox 917 4468 984 4521; x_wconf 92' lang='lat' dir='ltr'><strong>ab</strong></span> <span class='ocrx_word' id='word_1_637' title='bbox 1017 4468 1273 4522; x_wconf 89' lang='lat' dir='ltr'><strong>interiore</strong></span> <span class='ocrx_word' id='word_1_638' title='bbox 1305 4469 1413 4524; x_wconf 89' lang='lat' dir='ltr'><strong>Deo</strong></span> <span class='ocrx_word' id='word_1_639' title='bbox 1442 4473 1601 4526; x_wconf 90' lang='lat' dir='ltr'><strong>motis</strong></span> <span class='ocrx_word' id='word_1_640' title='bbox 1645 4474 1745 4528; x_wconf 92' lang='lat' dir='ltr'><strong>hoc</strong></span> 
     </span>
    </p>
   </div>
   <div class='ocr_carea' id='block_1_80' title="bbox 189 4556 1742 4633">
    <p class='ocr_par' dir='ltr' id='par_1_80' title="bbox 189 4556 1742 4633">
     <span class='ocr_line' id='line_1_80' title="bbox 189 4556 1742 4633; baseline 0.01 -27"><span class='ocrx_word' id='word_1_641' title='bbox 189 4556 435 4628; x_wconf 86' lang='lat' dir='ltr'><strong>discipulis</strong></span> <span class='ocrx_word' id='word_1_642' title='bbox 458 4560 740 4629; x_wconf 76' lang='lat' dir='ltr'><strong>praecepit,</strong></span> <span class='ocrx_word' id='word_1_643' title='bbox 791 4561 904 4627; x_wconf 88' lang='lat' dir='ltr'><strong>ipse</strong></span> <span class='ocrx_word' id='word_1_644' title='bbox 948 4562 1104 4615; x_wconf 89' lang='lat' dir='ltr'><strong>nobis</strong></span> <span class='ocrx_word' id='word_1_645' title='bbox 1150 4564 1292 4615; x_wconf 82' lang='lat' dir='ltr'><strong>dicat</strong></span> <span class='ocrx_word' id='word_1_646' title='bbox 1331 4564 1458 4633; x_wconf 89' lang='lat' dir='ltr'><strong>quid</strong></span> <span class='ocrx_word' id='word_1_647' title='bbox 1485 4567 1742 4623; x_wconf 89' lang='lat' dir='ltr'><strong>sitDeus.</strong></span> 
     </span>
    </p>
   </div>
   <div class='ocr_carea' id='block_1_81' title="bbox 191 4643 1745 4725">
    <p class='ocr_par' dir='ltr' id='par_1_81' title="bbox 191 4643 1745 4725">
     <span class='ocr_line' id='line_1_81' title="bbox 191 4643 1745 4725; baseline 0.01 -28"><span class='ocrx_word' id='word_1_648' title='bbox 191 4643 409 4714; x_wconf 81' lang='lat' dir='ltr'><strong>Spiritus,</strong></span> <span class='ocrx_word' id='word_1_649' title='bbox 449 4650 648 4718; x_wconf 92' lang='lat' dir='ltr'><strong>inquit,</strong></span> <span class='ocrx_word' id='word_1_650' title='bbox 678 4660 750 4702; x_wconf 90' lang='lat' dir='ltr'><strong>est</strong></span> <span class='ocrx_word' id='word_1_651' title='bbox 775 4648 914 4702; x_wconf 86' lang='lat' dir='ltr'><strong>Deus</strong></span> <span class='ocrx_word' id='word_1_652' title='bbox 938 4649 1119 4720; x_wconf 86' lang='lat' dir='ltr'><strong>(.Ioan.</strong></span> <span class='ocrx_word' id='word_1_653' title='bbox 1158 4667 1230 4718; x_wconf 85' lang='lat' dir='ltr'><strong>tv,</strong></span> <span class='ocrx_word' id='word_1_654' title='bbox 1257 4652 1382 4722; x_wconf 65' lang='lat' dir='ltr'><strong>2i);</strong></span> <span class='ocrx_word' id='word_1_655' title='bbox 1425 4664 1479 4708; x_wconf 90' lang='lat' dir='ltr'><strong>et</strong></span> <span class='ocrx_word' id='word_1_656' title='bbox 1513 4668 1631 4725; x_wconf 89' lang='lat' dir='ltr'><strong>post</strong></span> <span class='ocrx_word' id='word_1_657' title='bbox 1658 4673 1745 4712; x_wconf 91' lang='lat' dir='ltr'><strong>re-</strong></span> 
     </span>
    </p>
   </div>
   <div class='ocr_carea' id='block_1_82' title="bbox 191 4730 1746 4819">
    <p class='ocr_par' dir='ltr' id='par_1_82' title="bbox 191 4730 1746 4819">
     <span class='ocr_line' id='line_1_82' title="bbox 191 4730 1746 4819; baseline 0.009 -30"><span class='ocrx_word' id='word_1_658' title='bbox 191 4730 552 4795; x_wconf 84' lang='lat' dir='ltr'><strong>surrectionem</strong></span> <span class='ocrx_word' id='word_1_659' title='bbox 625 4740 993 4796; x_wconf 88' lang='lat' dir='ltr'><strong>dubitantibus</strong></span> <span class='ocrx_word' id='word_1_660' title='bbox 1043 4745 1299 4812; x_wconf 88' lang='lat' dir='ltr'><strong>apostolis</strong></span> <span class='ocrx_word' id='word_1_661' title='bbox 1344 4746 1418 4800; x_wconf 90' lang='lat' dir='ltr'><strong>ait</strong></span> <span class='ocrx_word' id='word_1_662' title='bbox 1466 4765 1477 4799; x_wconf 89' lang='lat'><strong>:</strong></span> <span class='ocrx_word' id='word_1_663' title='bbox 1523 4745 1746 4819; x_wconf 85' lang='lat' dir='ltr'><strong>Palpate</strong></span> 
     </span>
    </p>
   </div>
   <div class='ocr_carea' id='block_1_83' title="bbox 192 4832 1744 4908">
    <p class='ocr_par' dir='ltr' id='par_1_83' title="bbox 192 4832 1744 4908">
     <span class='ocr_line' id='line_1_83' title="bbox 192 4832 1744 4908; baseline 0.011 -27"><span class='ocrx_word' id='word_1_664' title='bbox 192 4839 230 4881; x_wconf 83' lang='lat' dir='ltr'><strong>et</strong></span> <span class='ocrx_word' id='word_1_665' title='bbox 269 4832 592 4904; x_wconf 71' lang='lat' dir='ltr'><strong>videte,qaia</strong></span> <span class='ocrx_word' id='word_1_666' title='bbox 641 4835 851 4903; x_wconf 80' lang='lat' dir='ltr'><strong>spiritus</strong></span> <span class='ocrx_word' id='word_1_667' title='bbox 903 4853 1111 4890; x_wconf 88' lang='lat' dir='ltr'><strong>carnem</strong></span> <span class='ocrx_word' id='word_1_668' title='bbox 1158 4847 1205 4891; x_wconf 89' lang='lat' dir='ltr'><strong>et</strong></span> <span class='ocrx_word' id='word_1_669' title='bbox 1253 4854 1372 4892; x_wconf 85' lang='lat' dir='ltr'><strong>ossa</strong></span> <span class='ocrx_word' id='word_1_670' title='bbox 1422 4855 1525 4894; x_wconf 85' lang='lat' dir='ltr'><strong>non</strong></span> <span class='ocrx_word' id='word_1_671' title='bbox 1571 4842 1744 4908; x_wconf 82' lang='lat' dir='ltr'><strong>habet,</strong></span> 
     </span>
    </p>
   </div>
   <div class='ocr_carea' id='block_1_84' title="bbox 195 4921 1327 4998">
    <p class='ocr_par' dir='ltr' id='par_1_84' title="bbox 195 4921 1327 4998">
     <span class='ocr_line' id='line_1_84' title="bbox 195 4921 1327 4998; baseline 0.008 -27"><span class='ocrx_word' id='word_1_672' title='bbox 195 4921 306 4974; x_wconf 81' lang='lat' dir='ltr'><strong>sicut</strong></span> <span class='ocrx_word' id='word_1_673' title='bbox 334 4940 409 4977; x_wconf 86' lang='lat' dir='ltr'><strong>me</strong></span> <span class='ocrx_word' id='word_1_674' title='bbox 436 4924 624 4977; x_wconf 83' lang='lat' dir='ltr'><strong>videtis</strong></span> <span class='ocrx_word' id='word_1_675' title='bbox 647 4924 834 4978; x_wconf 83' lang='lat' dir='ltr'><strong>habere</strong></span> <span class='ocrx_word' id='word_1_676' title='bbox 864 4925 1012 4996; x_wconf 87' lang='lat' dir='ltr'><strong>(Luc.</strong></span> <span class='ocrx_word' id='word_1_677' title='bbox 1044 4944 1188 4995; x_wconf 82' lang='lat' dir='ltr'><strong>xxw,</strong></span> <span class='ocrx_word' id='word_1_678' title='bbox 1212 4927 1327 4998; x_wconf 83' lang='grc'><strong>59).</strong></span> 
     </span>
    </p>
   </div>
   <div class='ocr_carea' id='block_1_85' title="bbox 252 5013 1740 5092">
    <p class='ocr_par' dir='ltr' id='par_1_85' title="bbox 252 5013 1740 5092">
     <span class='ocr_line' id='line_1_85' title="bbox 252 5013 1740 5092; baseline 0.009 -26"><span class='ocrx_word' id='word_1_679' title='bbox 252 5013 329 5067; x_wconf 77' lang='grc'><strong>57.</strong></span> <span class='ocrx_word' id='word_1_680' title='bbox 364 5015 419 5070; x_wconf 89' lang='lat' dir='ltr'><strong>Si</strong></span> <span class='ocrx_word' id='word_1_681' title='bbox 441 5031 575 5087; x_wconf 88' lang='lat' dir='ltr'><strong>ergo</strong></span> <span class='ocrx_word' id='word_1_682' title='bbox 623 5031 839 5071; x_wconf 87' lang='lat' dir='ltr'><strong>carnem</strong></span> <span class='ocrx_word' id='word_1_683' title='bbox 869 5027 921 5072; x_wconf 94' lang='lat' dir='ltr'><strong>et</strong></span> <span class='ocrx_word' id='word_1_684' title='bbox 957 5035 1076 5074; x_wconf 88' lang='lat' dir='ltr'><strong>ossa</strong></span> <span class='ocrx_word' id='word_1_685' title='bbox 1110 5037 1212 5075; x_wconf 92' lang='lat' dir='ltr'><strong>non</strong></span> <span class='ocrx_word' id='word_1_686' title='bbox 1267 5020 1431 5074; x_wconf 85' lang='lat' dir='ltr'><strong>habet</strong></span> <span class='ocrx_word' id='word_1_687' title='bbox 1480 5024 1698 5092; x_wconf 88' lang='lat' dir='ltr'><strong>spiritus</strong></span> <span class='ocrx_word' id='word_1_688' title='bbox 1727 5040 1740 5089; x_wconf 92' lang='lat'><strong>;</strong></span> 
     </span>
    </p>
   </div>
   <div class='ocr_carea' id='block_1_86' title="bbox 196 5104 1746 5179">
    <p class='ocr_par' dir='ltr' id='par_1_86' title="bbox 196 5104 1746 5179">
     <span class='ocr_line' id='line_1_86' title="bbox 196 5104 1746 5179; baseline 0.012 -28"><span class='ocrx_word' id='word_1_689' title='bbox 196 5104 315 5159; x_wconf 86' lang='lat' dir='ltr'><strong>unde</strong></span> <span class='ocrx_word' id='word_1_690' title='bbox 342 5117 495 5176; x_wconf 90' lang='lat' dir='ltr'><strong>caput</strong></span> <span class='ocrx_word' id='word_1_691' title='bbox 529 5108 716 5173; x_wconf 89' lang='lat' dir='ltr'><strong>habet,</strong></span> <span class='ocrx_word' id='word_1_692' title='bbox 746 5109 887 5178; x_wconf 88' lang='lat' dir='ltr'><strong>quod</strong></span> <span class='ocrx_word' id='word_1_693' title='bbox 916 5112 1096 5179; x_wconf 87' lang='lat' dir='ltr'><strong>utique</strong></span> <span class='ocrx_word' id='word_1_694' title='bbox 1131 5127 1192 5167; x_wconf 81' lang='lat' dir='ltr'><strong>ex</strong></span> <span class='ocrx_word' id='word_1_695' title='bbox 1225 5125 1396 5165; x_wconf 88' lang='lat' dir='ltr'><strong>carne</strong></span> <span class='ocrx_word' id='word_1_696' title='bbox 1445 5123 1501 5168; x_wconf 88' lang='lat' dir='ltr'><strong>et</strong></span> <span class='ocrx_word' id='word_1_697' title='bbox 1528 5116 1746 5171; x_wconf 90' lang='lat' dir='ltr'><strong>ossibus</strong></span> 
     </span>
    </p>
   </div>
   <div class='ocr_carea' id='block_1_87' title="bbox 194 5197 1744 5268">
    <p class='ocr_par' dir='ltr' id='par_1_87' title="bbox 194 5197 1744 5268">
     <span class='ocr_line' id='line_1_87' title="bbox 194 5197 1744 5268; baseline 0.01 -23"><span class='ocrx_word' id='word_1_698' title='bbox 194 5199 408 5250; x_wconf 86' lang='lat' dir='ltr'><strong>constat?</strong></span> <span class='ocrx_word' id='word_1_699' title='bbox 437 5197 592 5253; x_wconf 88' lang='lat' dir='ltr'><strong>Unde</strong></span> <span class='ocrx_word' id='word_1_700' title='bbox 626 5213 836 5262; x_wconf 89' lang='lat' dir='ltr'><strong>manus,</strong></span> <span class='ocrx_word' id='word_1_701' title='bbox 866 5202 1004 5255; x_wconf 89' lang='lat' dir='ltr'><strong>unde</strong></span> <span class='ocrx_word' id='word_1_702' title='bbox 1027 5201 1264 5263; x_wconf 84' lang='lat' dir='ltr'><strong>brachia,</strong></span> <span class='ocrx_word' id='word_1_703' title='bbox 1301 5210 1576 5268; x_wconf 89' lang='lat' dir='ltr'><strong>postremo</strong></span> <span class='ocrx_word' id='word_1_704' title='bbox 1599 5207 1744 5261; x_wconf 88' lang='lat' dir='ltr'><strong>unde</strong></span> 
     </span>
    </p>
   </div>
   <div class='ocr_carea' id='block_1_88' title="bbox 191 5281 1742 5348">
    <p class='ocr_par' dir='ltr' id='par_1_88' title="bbox 191 5281 1742 5348">
     <span class='ocr_line' id='line_1_88' title="bbox 191 5281 1742 5348; baseline 0.01 -15"><span class='ocrx_word' id='word_1_705' title='bbox 191 5281 339 5348; x_wconf 83' lang='lat' dir='ltr'><strong>labia,</strong></span> <span class='ocrx_word' id='word_1_706' title='bbox 375 5290 514 5341; x_wconf 90' lang='lat' dir='ltr'><strong>unde</strong></span> <span class='ocrx_word' id='word_1_707' title='bbox 553 5287 828 5348; x_wconf 72' lang='lat' dir='ltr'><strong>linguam.</strong></span> <span class='ocrx_word' id='word_1_708' title='bbox 857 5292 994 5346; x_wconf 90' lang='lat' dir='ltr'><strong>unde</strong></span> <span class='ocrx_word' id='word_1_709' title='bbox 1031 5303 1232 5348; x_wconf 78' lang='lat' dir='ltr'><strong>auttur.</strong></span> <span class='ocrx_word' id='word_1_710' title='bbox 1265 5293 1406 5345; x_wconf 88' lang='lat' dir='ltr'><strong>unde</strong></span> <span class='ocrx_word' id='word_1_711' title='bbox 1427 5295 1742 5348; x_wconf 83' lang='lat' dir='ltr'><strong>Dttltnones.</strong></span> 
     </span>
    </p>
   </div>
   <div class='ocr_carea' id='block_1_89' title="bbox 1856 3083 3440 3155">
    <p class='ocr_par' dir='ltr' id='par_1_89' title="bbox 1856 3083 3440 3155">
     <span class='ocr_line' id='line_1_89' title="bbox 1856 3083 3440 3155; baseline 0.004 -18"><span class='ocrx_word' id='word_1_712' title='bbox 1856 3083 2177 3147; x_wconf 72' lang='lat' dir='ltr'><strong>Ecclesium,</strong></span> <span class='ocrx_word' id='word_1_713' title='bbox 2198 3084 2249 3136; x_wconf 92' lang='lat' dir='ltr'><strong>in</strong></span> <span class='ocrx_word' id='word_1_714' title='bbox 2274 3099 2376 3154; x_wconf 89' lang='lat' dir='ltr'><strong>qua</strong></span> <span class='ocrx_word' id='word_1_715' title='bbox 2403 3100 2523 3139; x_wconf 92' lang='lat' dir='ltr'><strong>cum</strong></span> <span class='ocrx_word' id='word_1_716' title='bbox 2539 3086 2811 3155; x_wconf 61' lang='lat' dir='ltr'><strong>coepisset,</strong></span> <span class='ocrx_word' id='word_1_717' title='bbox 2831 3095 2887 3139; x_wconf 90' lang='lat' dir='ltr'><strong>ut</strong></span> <span class='ocrx_word' id='word_1_718' title='bbox 2911 3085 3197 3142; x_wconf 86' lang='lat' dir='ltr'><strong>Psalmista</strong></span> <span class='ocrx_word' id='word_1_719' title='bbox 3220 3089 3384 3152; x_wconf 86' lang='lat' dir='ltr'><strong>canit,</strong></span> <span class='ocrx_word' id='word_1_720' title='bbox 3407 3104 3440 3143; x_wconf 84' lang='lat' dir='ltr'><strong>a</strong></span> 
     </span>
    </p>
   </div>
   <div class='ocr_carea' id='block_1_90' title="bbox 1856 3175 3443 3249">
    <p class='ocr_par' dir='ltr' id='par_1_90' title="bbox 1856 3175 3443 3249">
     <span class='ocr_line' id='line_1_90' title="bbox 1856 3175 3443 3249; baseline 0.003 -21"><span class='ocrx_word' id='word_1_721' title='bbox 1856 3175 2002 3245; x_wconf 88' lang='lat' dir='ltr'><strong>ligno</strong></span> <span class='ocrx_word' id='word_1_722' title='bbox 2034 3190 2258 3245; x_wconf 89' lang='lat' dir='ltr'><strong>regnare</strong></span> <span class='ocrx_word' id='word_1_723' title='bbox 2287 3175 2458 3246; x_wconf 89' lang='lat' dir='ltr'><strong>(Psat.</strong></span> <span class='ocrx_word' id='word_1_724' title='bbox 2490 3193 2611 3243; x_wconf 85' lang='lat' dir='ltr'><strong>xcv,</strong></span> <span class='ocrx_word' id='word_1_725' title='bbox 2647 3179 2711 3232; x_wconf 81' lang='grc'>10</span> <span class='ocrx_word' id='word_1_726' title='bbox 2737 3194 2801 3231; x_wconf 76' lang='lat' dir='ltr'><strong>ea:</strong></span> <span class='ocrx_word' id='word_1_727' title='bbox 2823 3176 3020 3249; x_wconf 84' lang='lat' dir='ltr'><strong>LXX),</strong></span> <span class='ocrx_word' id='word_1_728' title='bbox 3051 3187 3105 3233; x_wconf 89' lang='lat' dir='ltr'><strong>et</strong></span> <span class='ocrx_word' id='word_1_729' title='bbox 3133 3193 3272 3233; x_wconf 91' lang='lat' dir='ltr'><strong>novo</strong></span> <span class='ocrx_word' id='word_1_730' title='bbox 3297 3180 3443 3246; x_wconf 88' lang='lat' dir='ltr'><strong>vino,</strong></span> 
     </span>
    </p>
   </div>
   <div class='ocr_carea' id='block_1_91' title="bbox 1858 3267 3446 3339">
    <p class='ocr_par' dir='ltr' id='par_1_91' title="bbox 1858 3267 3446 3339">
     <span class='ocr_line' id='line_1_91' title="bbox 1858 3267 3446 3339; baseline 0.003 -18"><span class='ocrx_word' id='word_1_731' title='bbox 1858 3267 1911 3321; x_wconf 90' lang='lat' dir='ltr'><strong>id</strong></span> <span class='ocrx_word' id='word_1_732' title='bbox 1936 3275 2037 3330; x_wconf 78' lang='lat' dir='ltr'><strong>est,</strong></span> <span class='ocrx_word' id='word_1_733' title='bbox 2059 3269 2320 3337; x_wconf 88' lang='lat' dir='ltr'><strong>sanguine</strong></span> <span class='ocrx_word' id='word_1_734' title='bbox 2344 3284 2461 3333; x_wconf 88' lang='lat' dir='ltr'><strong>suo,</strong></span> <span class='ocrx_word' id='word_1_735' title='bbox 2489 3284 2608 3324; x_wconf 90' lang='lat' dir='ltr'><strong>cum</strong></span> <span class='ocrx_word' id='word_1_736' title='bbox 2629 3285 2767 3339; x_wconf 90' lang='lat' dir='ltr'><strong>pane</strong></span> <span class='ocrx_word' id='word_1_737' title='bbox 2787 3272 2966 3325; x_wconf 87' lang='lat' dir='ltr'><strong>carnis</strong></span> <span class='ocrx_word' id='word_1_738' title='bbox 2983 3285 3092 3324; x_wconf 59' lang='lat' dir='ltr'><strong>suae</strong></span> <span class='ocrx_word' id='word_1_739' title='bbox 3105 3270 3342 3339; x_wconf 88' lang='lat' dir='ltr'><strong>ejusdem</strong></span> <span class='ocrx_word' id='word_1_740' title='bbox 3364 3273 3446 3326; x_wconf 85' lang='lat' dir='ltr'><strong>in—</strong></span> 
     </span>
    </p>
   </div>
   <div class='ocr_carea' id='block_1_92' title="bbox 1857 3355 3445 3436">
    <p class='ocr_par' dir='ltr' id='par_1_92' title="bbox 1857 3355 3445 3436">
     <span class='ocr_line' id='line_1_92' title="bbox 1857 3355 3445 3436; baseline 0.003 -24"><span class='ocrx_word' id='word_1_741' title='bbox 1857 3358 2004 3412; x_wconf 82' lang='lat' dir='ltr'><strong>colas</strong></span> <span class='ocrx_word' id='word_1_742' title='bbox 2024 3360 2168 3427; x_wconf 81' lang='lat' dir='ltr'><strong>regni</strong></span> <span class='ocrx_word' id='word_1_743' title='bbox 2190 3368 2395 3428; x_wconf 87' lang='lat' dir='ltr'><strong>potare,</strong></span> <span class='ocrx_word' id='word_1_744' title='bbox 2415 3361 2670 3428; x_wconf 89' lang='lat' dir='ltr'><strong>apostolis</strong></span> <span class='ocrx_word' id='word_1_745' title='bbox 2684 3355 2804 3430; x_wconf 86' lang='lat' dir='ltr'><strong>post</strong></span> <span class='ocrx_word' id='word_1_746' title='bbox 2821 3362 3271 3436; x_wconf 74' lang='lat' dir='ltr'><strong>resurrectionem</strong></span> <span class='ocrx_word' id='word_1_747' title='bbox 3289 3377 3445 3416; x_wconf 89' lang='lat' dir='ltr'><strong>suam</strong></span> 
     </span>
    </p>
   </div>
   <div class='ocr_carea' id='block_1_93' title="bbox 1858 3453 3446 3526">
    <p class='ocr_par' dir='ltr' id='par_1_93' title="bbox 1858 3453 3446 3526">
     <span class='ocr_line' id='line_1_93' title="bbox 1858 3453 3446 3526; baseline 0.004 -21"><span class='ocrx_word' id='word_1_748' title='bbox 1858 3467 1956 3521; x_wconf 84' lang='lat' dir='ltr'><strong>per</strong></span> <span class='ocrx_word' id='word_1_749' title='bbox 1987 3454 2342 3524; x_wconf 88' lang='lat' dir='ltr'><strong>quadraginta</strong></span> <span class='ocrx_word' id='word_1_750' title='bbox 2370 3453 2486 3508; x_wconf 88' lang='lat' dir='ltr'><strong>dies</strong></span> <span class='ocrx_word' id='word_1_751' title='bbox 2517 3469 2802 3525; x_wconf 86' lang='lat' dir='ltr'><strong>apparens,</strong></span> <span class='ocrx_word' id='word_1_752' title='bbox 2835 3455 3167 3524; x_wconf 87' lang='lat' dir='ltr'><strong>loquensque</strong></span> <span class='ocrx_word' id='word_1_753' title='bbox 3189 3457 3254 3510; x_wconf 90' lang='lat' dir='ltr'><strong>de</strong></span> <span class='ocrx_word' id='word_1_754' title='bbox 3277 3471 3446 3526; x_wconf 89' lang='lat' dir='ltr'><strong>regno</strong></span> 
     </span>
    </p>
   </div>
   <div class='ocr_carea' id='block_1_94' title="bbox 1858 3543 3446 3618">
    <p class='ocr_par' dir='ltr' id='par_1_94' title="bbox 1858 3543 3446 3618">
     <span class='ocr_line' id='line_1_94' title="bbox 1858 3543 3446 3618; baseline 0.006 -22"><span class='ocrx_word' id='word_1_755' title='bbox 1858 3543 1974 3610; x_wconf 85' lang='lat' dir='ltr'><strong>Dei,</strong></span> <span class='ocrx_word' id='word_1_756' title='bbox 2009 3554 2062 3597; x_wconf 85' lang='lat' dir='ltr'><strong>et</strong></span> <span class='ocrx_word' id='word_1_757' title='bbox 2087 3559 2416 3600; x_wconf 86' lang='lat' dir='ltr'><strong>convescens</strong></span> <span class='ocrx_word' id='word_1_758' title='bbox 2462 3545 2598 3618; x_wconf 69' lang='lat' dir='ltr'><strong>(Act.</strong></span> <span class='ocrx_word' id='word_1_759' title='bbox 2629 3561 2668 3614; x_wconf 93' lang='lat' dir='ltr'><strong>t,</strong></span> <span class='ocrx_word' id='word_1_760' title='bbox 2696 3547 2784 3617; x_wconf 78' lang='grc'><strong>5),</strong></span> <span class='ocrx_word' id='word_1_761' title='bbox 2819 3557 3214 3617; x_wconf 88' lang='lat' dir='ltr'><strong>consequenter</strong></span> <span class='ocrx_word' id='word_1_762' title='bbox 3259 3558 3314 3604; x_wconf 88' lang='lat' dir='ltr'><strong>et</strong></span> <span class='ocrx_word' id='word_1_763' title='bbox 3360 3550 3446 3606; x_wconf 90' lang='lat' dir='ltr'><strong>bi-</strong></span> 
     </span>
    </p>
   </div>
   <div class='ocr_carea' id='block_1_95' title="bbox 1858 3639 3444 3710">
    <p class='ocr_par' dir='ltr' id='par_1_95' title="bbox 1858 3639 3444 3710">
     <span class='ocr_line' id='line_1_95' title="bbox 1858 3639 3444 3710; baseline 0.004 -17"><span class='ocrx_word' id='word_1_764' title='bbox 1858 3639 2001 3693; x_wconf 88' lang='lat' dir='ltr'><strong>bisse</strong></span> <span class='ocrx_word' id='word_1_765' title='bbox 2026 3655 2147 3692; x_wconf 90' lang='lat' dir='ltr'><strong>cum</strong></span> <span class='ocrx_word' id='word_1_766' title='bbox 2179 3640 2257 3694; x_wconf 88' lang='lat' dir='ltr'><strong>eis</strong></span> <span class='ocrx_word' id='word_1_767' title='bbox 2282 3656 2385 3694; x_wconf 91' lang='lat' dir='ltr'><strong>non</strong></span> <span class='ocrx_word' id='word_1_768' title='bbox 2430 3649 2510 3695; x_wconf 89' lang='lat' dir='ltr'><strong>est</strong></span> <span class='ocrx_word' id='word_1_769' title='bbox 2551 3642 2765 3710; x_wconf 87' lang='lat' dir='ltr'><strong>penitus</strong></span> <span class='ocrx_word' id='word_1_770' title='bbox 2811 3639 3156 3695; x_wconf 81' lang='lat' dir='ltr'><strong>dubitandus.‘</strong></span> <span class='ocrx_word' id='word_1_771' title='bbox 3205 3641 3344 3698; x_wconf 87' lang='lat' dir='ltr'><strong>Ecce</strong></span> <span class='ocrx_word' id='word_1_772' title='bbox 3387 3651 3444 3700; x_wconf 87' lang='lat' dir='ltr'><strong>tu</strong></span> 
     </span>
    </p>
   </div>
   <div class='ocr_carea' id='block_1_96' title="bbox 1858 3730 3444 3802">
    <p class='ocr_par' dir='ltr' id='par_1_96' title="bbox 1858 3730 3444 3802">
     <span class='ocr_line' id='line_1_96' title="bbox 1858 3730 3444 3802; baseline 0.004 -20"><span class='ocrx_word' id='word_1_773' title='bbox 1858 3731 2044 3794; x_wconf 83' lang='lat' dir='ltr'><strong>miser,</strong></span> <span class='ocrx_word' id='word_1_774' title='bbox 2077 3730 2167 3799; x_wconf 90' lang='lat' dir='ltr'><strong>qui</strong></span> <span class='ocrx_word' id='word_1_775' title='bbox 2218 3732 2283 3786; x_wconf 89' lang='lat' dir='ltr'><strong>de</strong></span> <span class='ocrx_word' id='word_1_776' title='bbox 2325 3731 2496 3784; x_wconf 86' lang='lat' dir='ltr'><strong>media</strong></span> <span class='ocrx_word' id='word_1_777' title='bbox 2550 3730 2691 3786; x_wconf 90' lang='lat' dir='ltr'><strong>lente</strong></span> <span class='ocrx_word' id='word_1_778' title='bbox 2746 3741 2891 3785; x_wconf 92' lang='lat' dir='ltr'><strong>tuum</strong></span> <span class='ocrx_word' id='word_1_779' title='bbox 2925 3731 3074 3788; x_wconf 89' lang='lat' dir='ltr'><strong>illum</strong></span> <span class='ocrx_word' id='word_1_780' title='bbox 3124 3747 3444 3802; x_wconf 90' lang='lat' dir='ltr'><strong>corporeum</strong></span> 
     </span>
    </p>
   </div>
   <div class='ocr_carea' id='block_1_97' title="bbox 1858 3819 3446 3887">
    <p class='ocr_par' dir='ltr' id='par_1_97' title="bbox 1858 3819 3446 3887">
     <span class='ocr_line' id='line_1_97' title="bbox 1858 3819 3446 3887; baseline 0.004 -15"><span class='ocrx_word' id='word_1_781' title='bbox 1858 3819 2027 3873; x_wconf 89' lang='lat' dir='ltr'><strong>Deum</strong></span> <span class='ocrx_word' id='word_1_782' title='bbox 2071 3835 2178 3875; x_wconf 92' lang='lat' dir='ltr'><strong>uno</strong></span> <span class='ocrx_word' id='word_1_783' title='bbox 2223 3836 2385 3887; x_wconf 90' lang='lat' dir='ltr'><strong>anno,</strong></span> <span class='ocrx_word' id='word_1_784' title='bbox 2434 3820 2577 3876; x_wconf 88' lang='lat' dir='ltr'><strong>Belis</strong></span> <span class='ocrx_word' id='word_1_785' title='bbox 2624 3821 2997 3878; x_wconf 85' lang='lat' dir='ltr'><strong>sacerdotibus</strong></span> <span class='ocrx_word' id='word_1_786' title='bbox 3043 3823 3262 3878; x_wconf 89' lang='lat' dir='ltr'><strong>stultior</strong></span> <span class='ocrx_word' id='word_1_787' title='bbox 3304 3825 3446 3879; x_wconf 68' lang='lat' dir='ltr'><strong>aesti-</strong></span> 
     </span>
    </p>
   </div>
   <div class='ocr_carea' id='block_1_98' title="bbox 1858 3915 3444 3989">
    <p class='ocr_par' dir='ltr' id='par_1_98' title="bbox 1858 3915 3444 3989">
     <span class='ocr_line' id='line_1_98' title="bbox 1858 3915 3444 3989; baseline 0.002 -19"><span class='ocrx_word' id='word_1_788' title='bbox 1858 3920 2073 3981; x_wconf 85' lang='lat' dir='ltr'><strong>tnaude,</strong></span> <span class='ocrx_word' id='word_1_789' title='bbox 2104 3917 2364 3987; x_wconf 80' lang='lat' dir='ltr'><strong>poscebas</strong></span> <span class='ocrx_word' id='word_1_790' title='bbox 2395 3916 2555 3987; x_wconf 88' lang='lat' dir='ltr'><strong>(Dan.</strong></span> <span class='ocrx_word' id='word_1_791' title='bbox 2587 3933 2696 3983; x_wconf 80' lang='lat' dir='ltr'><strong>xw,</strong></span> <span class='ocrx_word' id='word_1_792' title='bbox 2724 3918 2800 3989; x_wconf 91' lang='lat'><strong>7).</strong></span> <span class='ocrx_word' id='word_1_793' title='bbox 2835 3915 3030 3972; x_wconf 87' lang='lat' dir='ltr'><strong>Noster</strong></span> <span class='ocrx_word' id='word_1_794' title='bbox 3066 3917 3208 3972; x_wconf 89' lang='lat' dir='ltr'><strong>Deus</strong></span> <span class='ocrx_word' id='word_1_795' title='bbox 3241 3933 3400 3974; x_wconf 88' lang='lat' dir='ltr'><strong>verus</strong></span> <span class='ocrx_word' id='word_1_796' title='bbox 3428 3961 3444 3985; x_wconf 95' lang='lat'><strong>,</strong></span> 
     </span>
    </p>
   </div>
   <div class='ocr_carea' id='block_1_99' title="bbox 1859 4009 3442 4080">
    <p class='ocr_par' dir='ltr' id='par_1_99' title="bbox 1859 4009 3442 4080">
     <span class='ocr_line' id='line_1_99' title="bbox 1859 4009 3442 4080; baseline 0.003 -18"><span class='ocrx_word' id='word_1_797' title='bbox 1859 4009 2166 4073; x_wconf 89' lang='lat' dir='ltr'><strong>invisibilis,</strong></span> <span class='ocrx_word' id='word_1_798' title='bbox 2200 4011 2571 4080; x_wconf 89' lang='lat' dir='ltr'><strong>incorporeus,</strong></span> <span class='ocrx_word' id='word_1_799' title='bbox 2601 4010 2978 4076; x_wconf 88' lang='lat' dir='ltr'><strong>intractabilis,</strong></span> <span class='ocrx_word' id='word_1_800' title='bbox 3010 4011 3328 4078; x_wconf 85' lang='lat' dir='ltr'><strong>immensus,</strong></span> <span class='ocrx_word' id='word_1_801' title='bbox 3359 4013 3442 4066; x_wconf 83' lang='lat' dir='ltr'><strong>in-</strong></span> 
     </span>
    </p>
   </div>
   <div class='ocr_carea' id='block_1_100' title="bbox 1858 4103 3446 4177">
    <p class='ocr_par' dir='ltr' id='par_1_100' title="bbox 1858 4103 3446 4177">
     <span class='ocr_line' id='line_1_100' title="bbox 1858 4103 3446 4177; baseline 0.004 -21"><span class='ocrx_word' id='word_1_802' title='bbox 1858 4103 2330 4172; x_wconf 87' lang='lat' dir='ltr'><strong>circumscriptus,</strong></span> <span class='ocrx_word' id='word_1_803' title='bbox 2358 4104 2598 4157; x_wconf 90' lang='lat' dir='ltr'><strong>omnium</strong></span> <span class='ocrx_word' id='word_1_804' title='bbox 2637 4113 2854 4160; x_wconf 87' lang='lat' dir='ltr'><strong>creator</strong></span> <span class='ocrx_word' id='word_1_805' title='bbox 2891 4120 3010 4175; x_wconf 85' lang='lat' dir='ltr'><strong>quae</strong></span> <span class='ocrx_word' id='word_1_806' title='bbox 3040 4105 3255 4160; x_wconf 89' lang='lat' dir='ltr'><strong>fuerunt</strong></span> <span class='ocrx_word' id='word_1_807' title='bbox 3282 4149 3295 4173; x_wconf 91' lang='lat'><strong>,</strong></span> <span class='ocrx_word' id='word_1_808' title='bbox 3325 4122 3446 4177; x_wconf 63' lang='lat' dir='ltr'><strong>qua:</strong></span> 
     </span>
    </p>
   </div>
   <div class='ocr_carea' id='block_1_101' title="bbox 1860 4195 3448 4269">
    <p class='ocr_par' dir='ltr' id='par_1_101' title="bbox 1860 4195 3448 4269">
     <span class='ocr_line' id='line_1_101' title="bbox 1860 4195 3448 4269; baseline 0.006 -22"><span class='ocrx_word' id='word_1_809' title='bbox 1860 4202 2008 4258; x_wconf 91' lang='lat' dir='ltr'><strong>sunt,</strong></span> <span class='ocrx_word' id='word_1_810' title='bbox 2039 4209 2158 4264; x_wconf 81' lang='lat' dir='ltr'><strong>quae</strong></span> <span class='ocrx_word' id='word_1_811' title='bbox 2190 4203 2370 4259; x_wconf 89' lang='lat' dir='ltr'><strong>erunt,</strong></span> <span class='ocrx_word' id='word_1_812' title='bbox 2403 4195 2644 4251; x_wconf 90' lang='lat' dir='ltr'><strong>omnium</strong></span> <span class='ocrx_word' id='word_1_813' title='bbox 2692 4206 2890 4263; x_wconf 90' lang='lat' dir='ltr'><strong>rector,</strong></span> <span class='ocrx_word' id='word_1_814' title='bbox 2939 4197 3259 4269; x_wconf 89' lang='lat' dir='ltr'><strong>dispositor;</strong></span> <span class='ocrx_word' id='word_1_815' title='bbox 3303 4199 3448 4256; x_wconf 88' lang='lat' dir='ltr'><strong>oculi</strong></span> 
     </span>
    </p>
   </div>
   <div class='ocr_carea' id='block_1_102' title="bbox 1861 4287 3443 4352">
    <p class='ocr_par' dir='ltr' id='par_1_102' title="bbox 1861 4287 3443 4352">
     <span class='ocr_line' id='line_1_102' title="bbox 1861 4287 3443 4352; baseline 0.004 -12"><span class='ocrx_word' id='word_1_816' title='bbox 1861 4287 2043 4342; x_wconf 88' lang='lat' dir='ltr'><strong>omnia</strong></span> <span class='ocrx_word' id='word_1_817' title='bbox 2083 4298 2423 4352; x_wconf 89' lang='lat' dir='ltr'><strong>contuentes,</strong></span> <span class='ocrx_word' id='word_1_818' title='bbox 2473 4304 2633 4345; x_wconf 89' lang='lat' dir='ltr'><strong>aures</strong></span> <span class='ocrx_word' id='word_1_819' title='bbox 2677 4290 2936 4345; x_wconf 88' lang='lat' dir='ltr'><strong>interiora</strong></span> <span class='ocrx_word' id='word_1_820' title='bbox 2985 4291 3146 4346; x_wconf 89' lang='lat' dir='ltr'><strong>etiam</strong></span> <span class='ocrx_word' id='word_1_821' title='bbox 3199 4291 3443 4346; x_wconf 90' lang='lat' dir='ltr'><strong>cordium</strong></span> 
     </span>
    </p>
   </div>
   <div class='ocr_carea' id='block_1_103' title="bbox 1858 4379 3444 4445">
    <p class='ocr_par' dir='ltr' id='par_1_103' title="bbox 1858 4379 3444 4445">
     <span class='ocr_line' id='line_1_103' title="bbox 1858 4379 3444 4445; baseline 0.001 -13"><span class='ocrx_word' id='word_1_822' title='bbox 1858 4388 2229 4445; x_wconf 87' lang='lat' dir='ltr'><strong>penetrantes,</strong></span> <span class='ocrx_word' id='word_1_823' title='bbox 2283 4379 2505 4433; x_wconf 88' lang='lat' dir='ltr'><strong>brachia</strong></span> <span class='ocrx_word' id='word_1_824' title='bbox 2565 4380 2747 4434; x_wconf 89' lang='lat' dir='ltr'><strong>omnia</strong></span> <span class='ocrx_word' id='word_1_825' title='bbox 2807 4380 3174 4444; x_wconf 89' lang='lat' dir='ltr'><strong>continentia,</strong></span> <span class='ocrx_word' id='word_1_826' title='bbox 3251 4395 3444 4434; x_wconf 88' lang='lat' dir='ltr'><strong>manus</strong></span> 
     </span>
    </p>
   </div>
   <div class='ocr_carea' id='block_1_104' title="bbox 1857 4471 3447 4544">
    <p class='ocr_par' dir='ltr' id='par_1_104' title="bbox 1857 4471 3447 4544">
     <span class='ocr_line' id='line_1_104' title="bbox 1857 4471 3447 4544; baseline 0.003 -20"><span class='ocrx_word' id='word_1_827' title='bbox 1857 4471 2096 4525; x_wconf 86' lang='lat' dir='ltr'><strong>omnium</strong></span> <span class='ocrx_word' id='word_1_828' title='bbox 2133 4472 2486 4540; x_wconf 88' lang='lat' dir='ltr'><strong>operatrices,</strong></span> <span class='ocrx_word' id='word_1_829' title='bbox 2536 4474 2700 4544; x_wconf 90' lang='lat' dir='ltr'><strong>pedes</strong></span> <span class='ocrx_word' id='word_1_830' title='bbox 2754 4474 3105 4530; x_wconf 89' lang='lat' dir='ltr'><strong>immobilitcr</strong></span> <span class='ocrx_word' id='word_1_831' title='bbox 3143 4489 3239 4544; x_wconf 89' lang='lat' dir='ltr'><strong>per</strong></span> <span class='ocrx_word' id='word_1_832' title='bbox 3263 4475 3447 4529; x_wconf 87' lang='lat' dir='ltr'><strong>omnia</strong></span> 
     </span>
    </p>
   </div>
   <div class='ocr_carea' id='block_1_105' title="bbox 1859 4560 3443 4634">
    <p class='ocr_par' dir='ltr' id='par_1_105' title="bbox 1859 4560 3443 4634">
     <span class='ocr_line' id='line_1_105' title="bbox 1859 4560 3443 4634; baseline 0.004 -22"><span class='ocrx_word' id='word_1_833' title='bbox 1859 4560 2246 4625; x_wconf 88' lang='lat' dir='ltr'><strong>discurrentes,</strong></span> <span class='ocrx_word' id='word_1_834' title='bbox 2292 4578 2412 4633; x_wconf 62' lang='lat' dir='ltr'><strong>quae</strong></span> <span class='ocrx_word' id='word_1_835' title='bbox 2439 4564 2622 4634; x_wconf 90' lang='lat' dir='ltr'><strong>utique</strong></span> <span class='ocrx_word' id='word_1_836' title='bbox 2650 4565 2830 4619; x_wconf 88' lang='lat' dir='ltr'><strong>omnia</strong></span> <span class='ocrx_word' id='word_1_837' title='bbox 2879 4563 3112 4634; x_wconf 86' lang='lat' dir='ltr'><strong>Spiritus</strong></span> <span class='ocrx_word' id='word_1_838' title='bbox 3151 4573 3225 4617; x_wconf 81' lang='lat' dir='ltr'><strong>est</strong></span> <span class='ocrx_word' id='word_1_839' title='bbox 3266 4563 3443 4631; x_wconf 85' lang='lat' dir='ltr'><strong>Deus,</strong></span> 
     </span>
    </p>
   </div>
   <div class='ocr_carea' id='block_1_106' title="bbox 1857 4649 3454 4724">
    <p class='ocr_par' dir='ltr' id='par_1_106' title="bbox 1857 4649 3454 4724">
     <span class='ocr_line' id='line_1_106' title="bbox 1857 4649 3454 4724; baseline 0.008 -23"><span class='ocrx_word' id='word_1_840' title='bbox 1857 4649 2020 4704; x_wconf 85' lang='lat' dir='ltr'><strong>Pater</strong></span> <span class='ocrx_word' id='word_1_841' title='bbox 2047 4653 2229 4722; x_wconf 89' lang='lat' dir='ltr'><strong>utique</strong></span> <span class='ocrx_word' id='word_1_842' title='bbox 2278 4661 2332 4706; x_wconf 91' lang='lat' dir='ltr'><strong>et</strong></span> <span class='ocrx_word' id='word_1_843' title='bbox 2377 4652 2544 4710; x_wconf 86' lang='lat' dir='ltr'><strong>Filius</strong></span> <span class='ocrx_word' id='word_1_844' title='bbox 2595 4660 2650 4710; x_wconf 87' lang='lat' dir='ltr'><strong>et</strong></span> <span class='ocrx_word' id='word_1_845' title='bbox 2686 4652 2920 4724; x_wconf 89' lang='lat' dir='ltr'><strong>Spiritus</strong></span> <span class='ocrx_word' id='word_1_846' title='bbox 2973 4663 3211 4718; x_wconf 86' lang='lat' dir='ltr'><strong>sanctus,</strong></span> <span class='ocrx_word' id='word_1_847' title='bbox 3266 4655 3454 4714; x_wconf 80' lang='lat' dir='ltr'><strong>unitas</strong></span> 
     </span>
    </p>
   </div>
   <div class='ocr_carea' id='block_1_107' title="bbox 1859 4742 3446 4817">
    <p class='ocr_par' dir='ltr' id='par_1_107' title="bbox 1859 4742 3446 4817">
     <span class='ocr_line' id='line_1_107' title="bbox 1859 4742 3446 4817; baseline 0.004 -20"><span class='ocrx_word' id='word_1_848' title='bbox 1859 4742 2013 4812; x_wconf 90' lang='lat' dir='ltr'><strong>cujus</strong></span> <span class='ocrx_word' id='word_1_849' title='bbox 2042 4746 2094 4800; x_wconf 92' lang='lat' dir='ltr'><strong>in</strong></span> <span class='ocrx_word' id='word_1_850' title='bbox 2130 4745 2357 4813; x_wconf 87' lang='lat' dir='ltr'><strong>Deitate,</strong></span> <span class='ocrx_word' id='word_1_851' title='bbox 2386 4745 2624 4802; x_wconf 87' lang='lat' dir='ltr'><strong>Trinitas</strong></span> <span class='ocrx_word' id='word_1_852' title='bbox 2653 4746 2708 4801; x_wconf 89' lang='lat' dir='ltr'><strong>in</strong></span> <span class='ocrx_word' id='word_1_853' title='bbox 2739 4747 2986 4817; x_wconf 90' lang='lat' dir='ltr'><strong>personis</strong></span> <span class='ocrx_word' id='word_1_854' title='bbox 3019 4745 3271 4803; x_wconf 91' lang='lat' dir='ltr'><strong>consistit</strong></span> <span class='ocrx_word' id='word_1_855' title='bbox 3302 4765 3314 4800; x_wconf 88' lang='lat'>:</span> <span class='ocrx_word' id='word_1_856' title='bbox 3345 4764 3446 4804; x_wconf 89' lang='lat' dir='ltr'><strong>no-</strong></span> 
     </span>
    </p>
   </div>
   <div class='ocr_carea' id='block_1_108' title="bbox 1857 4838 3469 4911">
    <p class='ocr_par' dir='ltr' id='par_1_108' title="bbox 1857 4838 3469 4911">
     <span class='ocr_line' id='line_1_108' title="bbox 1857 4838 3469 4911; baseline 0.007 -23"><span class='ocrx_word' id='word_1_857' title='bbox 1857 4843 1991 4903; x_wconf 90' lang='lat' dir='ltr'><strong>ster,</strong></span> <span class='ocrx_word' id='word_1_858' title='bbox 2023 4838 2264 4908; x_wconf 89' lang='lat' dir='ltr'><strong>inquam,</strong></span> <span class='ocrx_word' id='word_1_859' title='bbox 2287 4839 2429 4895; x_wconf 89' lang='lat' dir='ltr'><strong>Deus</strong></span> <span class='ocrx_word' id='word_1_860' title='bbox 2451 4857 2570 4896; x_wconf 90' lang='lat' dir='ltr'><strong>cum</strong></span> <span class='ocrx_word' id='word_1_861' title='bbox 2598 4855 2794 4911; x_wconf 90' lang='lat' dir='ltr'><strong>magno</strong></span> <span class='ocrx_word' id='word_1_862' title='bbox 2818 4850 3053 4898; x_wconf 88' lang='lat' dir='ltr'><strong>tremore</strong></span> <span class='ocrx_word' id='word_1_863' title='bbox 3068 4847 3121 4897; x_wconf 91' lang='lat' dir='ltr'><strong>et</strong></span> <span class='ocrx_word' id='word_1_864' title='bbox 3146 4844 3469 4900; x_wconf 82' lang='lat' dir='ltr'><strong>reverentia</strong></span> 
     </span>
    </p>
   </div>
   <div class='ocr_carea' id='block_1_109' title="bbox 1857 4930 3467 5006">
    <p class='ocr_par' dir='ltr' id='par_1_109' title="bbox 1857 4930 3467 5006">
     <span class='ocr_line' id='line_1_109' title="bbox 1857 4930 3467 5006; baseline 0.005 -25"><span class='ocrx_word' id='word_1_865' title='bbox 1857 4930 2198 4996; x_wconf 90' lang='lat' dir='ltr'><strong>recolendus,</strong></span> <span class='ocrx_word' id='word_1_866' title='bbox 2213 4945 2330 4986; x_wconf 87' lang='lat' dir='ltr'><strong>eam</strong></span> <span class='ocrx_word' id='word_1_867' title='bbox 2349 4935 2581 4988; x_wconf 57' lang='lat' dir='ltr'><strong>maxima</strong></span> <span class='ocrx_word' id='word_1_868' title='bbox 2607 4933 2891 4994; x_wconf 87' lang='lat' dir='ltr'><strong>dilectione</strong></span> <span class='ocrx_word' id='word_1_869' title='bbox 2904 4933 3349 5006; x_wconf 85' lang='lat' dir='ltr'><strong>amplectendus,</strong></span> <span class='ocrx_word' id='word_1_870' title='bbox 3369 4952 3467 4990; x_wconf 82' lang='lat' dir='ltr'><strong>no-</strong></span> 
     </span>
    </p>
   </div>
   <div class='ocr_carea' id='block_1_110' title="bbox 1857 5025 3471 5102">
    <p class='ocr_par' dir='ltr' id='par_1_110' title="bbox 1857 5025 3471 5102">
     <span class='ocr_line' id='line_1_110' title="bbox 1857 5025 3471 5102; baseline 0.008 -28"><span class='ocrx_word' id='word_1_871' title='bbox 1857 5031 1990 5087; x_wconf 89' lang='lat' dir='ltr'><strong>ster,</strong></span> <span class='ocrx_word' id='word_1_872' title='bbox 2024 5025 2264 5096; x_wconf 87' lang='lat' dir='ltr'><strong>inquam,</strong></span> <span class='ocrx_word' id='word_1_873' title='bbox 2299 5027 2603 5096; x_wconf 89' lang='lat' dir='ltr'><strong>bujusmodi</strong></span> <span class='ocrx_word' id='word_1_874' title='bbox 2639 5027 2780 5082; x_wconf 87' lang='lat' dir='ltr'><strong>Deus</strong></span> <span class='ocrx_word' id='word_1_875' title='bbox 2805 5068 2818 5092; x_wconf 95' lang='lat'><strong>,</strong></span> <span class='ocrx_word' id='word_1_876' title='bbox 2871 5029 3018 5086; x_wconf 86' lang='lat' dir='ltr'><strong>unde</strong></span> <span class='ocrx_word' id='word_1_877' title='bbox 3057 5043 3186 5084; x_wconf 83' lang='lat' dir='ltr'><strong>suos</strong></span> <span class='ocrx_word' id='word_1_878' title='bbox 3240 5033 3471 5102; x_wconf 86' lang='lat' dir='ltr'><strong>angelos</strong></span> 
     </span>
    </p>
   </div>
   <div class='ocr_carea' id='block_1_111' title="bbox 1857 5116 3474 5187">
    <p class='ocr_par' dir='ltr' id='par_1_111' title="bbox 1857 5116 3474 5187">
     <span class='ocr_line' id='line_1_111' title="bbox 1857 5116 3474 5187; baseline 0.009 -21"><span class='ocrx_word' id='word_1_879' title='bbox 1857 5118 2188 5172; x_wconf 81' lang='lat' dir='ltr'><strong>:eternaliter</strong></span> <span class='ocrx_word' id='word_1_880' title='bbox 2235 5126 2442 5186; x_wconf 88' lang='lat' dir='ltr'><strong>pascat,</strong></span> <span class='ocrx_word' id='word_1_881' title='bbox 2479 5119 2692 5173; x_wconf 90' lang='lat' dir='ltr'><strong>tandem</strong></span> <span class='ocrx_word' id='word_1_882' title='bbox 2724 5118 3050 5187; x_wconf 85' lang='lat' dir='ltr'><strong>aliquando,</strong></span> <span class='ocrx_word' id='word_1_883' title='bbox 3083 5126 3139 5174; x_wconf 88' lang='lat' dir='ltr'><strong>et</strong></span> <span class='ocrx_word' id='word_1_884' title='bbox 3188 5116 3238 5169; x_wconf 87' lang='lat' dir='ltr'><strong>si</strong></span> <span class='ocrx_word' id='word_1_885' title='bbox 3288 5136 3394 5175; x_wconf 93' lang='lat' dir='ltr'><strong>non</strong></span> <span class='ocrx_word' id='word_1_886' title='bbox 3440 5142 3474 5180; x_wconf 86' lang='lat' dir='ltr'><strong>a</strong></span> 
     </span>
    </p>
   </div>
   <div class='ocr_carea' id='block_1_112' title="bbox 1858 5209 3472 5282">
    <p class='ocr_par' dir='ltr' id='par_1_112' title="bbox 1858 5209 3472 5282">
     <span class='ocr_line' id='line_1_112' title="bbox 1858 5209 3472 5282; baseline 0.011 -25"><span class='ocrx_word' id='word_1_887' title='bbox 1858 5209 2034 5276; x_wconf 87' lang='lat' dir='ltr'><strong>nobis,</strong></span> <span class='ocrx_word' id='word_1_888' title='bbox 2065 5212 2256 5267; x_wconf 87' lang='lat' dir='ltr'><strong>saltem</strong></span> <span class='ocrx_word' id='word_1_889' title='bbox 2311 5211 2378 5265; x_wconf 91' lang='lat' dir='ltr'><strong>ab</strong></span> <span class='ocrx_word' id='word_1_890' title='bbox 2426 5211 2730 5282; x_wconf 80' lang='lat' dir='ltr'><strong>Augustino</strong></span> <span class='ocrx_word' id='word_1_891' title='bbox 2781 5213 3100 5279; x_wconf 87' lang='lat' dir='ltr'><strong>convictus,</strong></span> <span class='ocrx_word' id='word_1_892' title='bbox 3149 5217 3206 5265; x_wconf 86' lang='lat' dir='ltr'><strong>et</strong></span> <span class='ocrx_word' id='word_1_893' title='bbox 3254 5215 3472 5274; x_wconf 88' lang='lat' dir='ltr'><strong>utinam</strong></span> 
     </span>
    </p>
   </div>
   <div class='ocr_carea' id='block_1_113' title="bbox 1858 5303 3449 5348">
    <p class='ocr_par' dir='ltr' id='par_1_113' title="bbox 1858 5303 3449 5348">
     <span class='ocr_line' id='line_1_113' title="bbox 1858 5303 3449 5348; baseline 0 0"><span class='ocrx_word' id='word_1_894' title='bbox 1858 5311 2150 5348; x_wconf 66' lang='lat' dir='ltr'><strong>cnttvnmtts</strong></span> <span class='ocrx_word' id='word_1_895' title='bbox 2179 5305 2416 5348; x_wconf 66' lang='lat' dir='ltr'><strong>mittor-tn-</strong></span> <span class='ocrx_word' id='word_1_896' title='bbox 2448 5305 2580 5348; x_wconf 81' lang='lat' dir='ltr'><strong>Nam</strong></span> <span class='ocrx_word' id='word_1_897' title='bbox 2607 5303 2673 5348; x_wconf 72' lang='lat' dir='ltr'><strong>de</strong></span> <span class='ocrx_word' id='word_1_898' title='bbox 2697 5303 2972 5348; x_wconf 65' lang='lat' dir='ltr'><strong>Inmitinnp</strong></span> <span class='ocrx_word' id='word_1_899' title='bbox 2991 5308 3084 5348; x_wconf 73' lang='lat' dir='ltr'><strong>ho:</strong></span> <span class='ocrx_word' id='word_1_900' title='bbox 3115 5304 3182 5348; x_wconf 68' lang='lat' dir='ltr'><strong>sui</strong></span> <span class='ocrx_word' id='word_1_901' title='bbox 3208 5311 3449 5348; x_wconf 58' lang='lat' dir='ltr'><strong>animine</strong></span> 
     </span>
    </p>
   </div>
  </div>
