4044 5348
525 270 581 328 7i
594 273 619 327 'l

1433 266 1760 323 RATHERII
1802 267 2013 324 El’lSC.
2059 268 2305 326 VERON.
2347 268 2499 326 OPP.
2539 269 2717 325 PARS
2754 269 2862 325 lll.‘

3675 274 3774 331 712

587 386 677 443 58.
717 385 782 441 Et
805 384 930 457 quia
952 424 966 450 ,
992 393 1052 439 ut
1076 389 1336 448 cernitur,
1369 382 1674 437 nullatenus
1708 399 1735 437 a
1779 384 1979 438 carnali
2009 400 2096 438 va-
2124 391 2171 447 Λ
2200 385 2265 441 de
2301 386 2528 456 panibus
2571 385 2974 455 propositionis,
3024 384 3114 455 qui
3174 393 3414 443 nostrum
3471 383 3777 456 ﬁgurabaut

520 480 596 541 les
621 476 890 535 intellectu
934 476 1144 540 divelli,
1181 486 1301 529 tene
1333 484 1384 529 te
1423 475 1612 530 Saltem
1646 477 1711 530 ad
1756 477 1902 531 illam
1934 492 2094 546 quam

515 588 615 645 pro
642 571 796 626 nobis
827 571 915 624 Dei
942 570 1206 639 sapientia
1234 569 1512 638 suscipere
1550 570 1801 640 dignatus
1849 578 1931 625 est
1969 586 2092 625 car—

516 679 659 719 nem.
690 663 778 718 llla
803 664 945 717 enim
977 662 1031 716 in
1063 662 1216 716 ccelis
1245 661 1312 716 ad
1343 661 1645 727 dexteram,
1675 661 1728 717 id
1764 671 1847 718 est
1868 703 1881 727 ,
1910 677 2094 733 aequa-

512 752 717 808 litatem
748 751 944 818 Patris,
974 752 1065 822 qui
1088 753 1285 821 ubique
1310 751 1524 817 dexter,
1549 768 1814 823 nusquam
1842 754 2092 822 sinister,

511 852 696 914 utpote
723 844 1222 915 incircumscriptus
1259 844 1480 913 spiritus
1508 846 1651 901 Deus
1668 886 1683 913 ,
1706 861 1828 901 cum
1856 848 2092 915 ossibus,

510 950 630 1006 qua:
654 936 876 1006 spiritus
901 936 1121 993 omnino
1151 952 1257 992 non
1289 937 1470 1004 habet,
1516 937 1724 1008 absque
1752 940 1914 995 dubio
1944 940 2097 997 sedet

527 1026 737 1099 (1464).
791 1026 921 1096 Ejus
951 1026 1220 1083 divinitati
1248 1028 1661 1098 iucorporaliter
1692 1038 1872 1085 astant
1918 1031 2096 1089 iocor...

509 1118 657 1189 porci
690 1119 1137 1201 spiritus,tangeli
1169 1118 1355 1190 utique
1395 1121 1592 1188 sancti,
1638 1122 1832 1179 anima:
1877 1137 2093 1194 quoque

508 1210 740 1279 felices,
799 1221 1110 1269 sattctorum
1159 1229 1386 1286 corpora
1431 1231 1681 1288 quoque,
1718 1226 1774 1273 ut
1819 1219 2093 1278 nonnullis

505 1306 680 1363 visum
712 1314 818 1374 est,
871 1321 993 1378 qua:
1047 1307 1212 1379 599
1272 1323 1398 1364 cum
1453 1310 1681 1366 Domino
1737 1322 2093 1369 surrexerunt

507 1396 725 1468 (ﬂaua.
753 1412 926 1464 xsvn,
973 1397 1089 1470 52),
1116 1414 1240 1455 cum
1270 1400 1555 1456 animabus
1572 1402 1864 1473 justorum.
1905 1403 2092 1475 Neque

505 1487 651 1544 enim
681 1487 987 1556 ltujusmodi
1019 1502 1081 1544 es
1109 1489 1311 1555 meriti,
1342 1499 1400 1546 ut
1428 1490 1613 1547 dicere
1663 1506 1786 1548 cum
1832 1494 2089 1563 Apostolo

504 1566 685 1651 possis
704 1593 718 1633 :
740 1579 808 1634 Et
822 1581 868 1634 si
899 1581 1233 1650 cognovimus
1257 1582 1542 1636 secundum
1559 1600 1770 1639 carnem
1785 1584 2086 1653 Christum;

507 1671 599 1727 sed
613 1671 730 1742 jam
748 1687 885 1726 nunc
900 1689 1003 1727 non
1020 1672 1254 1727 novimus
1281 1671 1333 1737 (I
1348 1672 1468 1729 Cor.
1491 1690 1548 1739 v,
1564 1674 1651 1746 16)
1697 1673 1824 1745 Ejus
1848 1686 2023 1733 tamen
2040 1678 2084 1733 si

2198 479 2543 543 sacrificium,
2580 480 2767 548 utique
2789 494 2972 550 agens.
3006 478 3074 535 Et
3101 495 3222 534 cum
3252 480 3322 534 ita
3346 480 3436 545 sit,
3470 482 3567 550 qui
3596 480 3778 535 miseri

2197 570 2432 642 cogitare
2479 569 2719 624 valemus
2765 572 2829 624 de
2876 569 3053 636 nobis,
3105 571 3233 639 quid
3275 571 3584 635 testimare,
3611 585 3779 640 quare

2196 662 2403 718 scilicet
2430 663 2738 717 sacerdotes
2765 677 3042 728 vocemur,
3071 662 3161 731 qui
3193 671 3298 716 tam
3328 661 3613 715 iuunnnda
3648 676 3779 731 pra:-

2196 754 2379 809 cordia
2420 754 2680 825 gerimus?
2725 754 2980 811 Potestne
3034 754 3176 824 quod
3212 754 3406 809 damus
3454 754 3645 809 vocari
3694 753 3780 808 vel

2195 854 2462 909 sanctum,
2496 845 2872 916 pollutissimis
2911 845 3160 902 manibus
3195 846 3400 901 nostris
3447 844 3782 901 tractatum?

2193 933 2362 991 Estne
2396 935 2724 1002 benedictio,
2752 951 2917 1005 quam
2954 936 3272 993 illecebroso
3320 937 3517 993 saltem
3557 937 3779 1004 osculo,

2192 1032 2391 1095 praeter
2414 1024 2538 1090 alia,
2571 1024 2965 1084 fundimusore
3011 1026 3250 1098 polluto?
3280 1025 3374 1081 Vae
3416 1027 3583 1083 nobis
3616 1026 3781 1083 mise-

2194 1117 2287 1181 ris,
2329 1132 2429 1189 pro
2458 1116 2652 1172 talibus
2672 1117 2899 1184 scilicet,
2931 1133 2994 1176 ac
3020 1118 3215 1175 millies
3239 1135 3320 1175 vae
3353 1119 3536 1174 fuerat
3564 1118 3781 1189 quidem

2192 1206 2322 1264 olim
2361 1208 2677 1279 praedictum
2697 1226 2710 1262 :
2729 1217 2786 1263 et
2812 1225 2829 1264 :
2861 1208 2981 1264 Erit
3011 1211 3146 1264 sicut
3168 1209 3415 1281 populus,
3435 1209 3513 1264 sic
3534 1209 3782 1264 sacerdos

2192 1301 2357 1374 (Isai.
2407 1316 2532 1356 xxiv
2568 1300 2648 1372 2);
2686 1301 2781 1356 sed
2809 1302 3013 1359 utinam
3034 1311 3089 1357 et
3112 1303 3451 1358 honestiores
3476 1301 3711 1373 quilibet
3729 1302 3782 1357 in

2188 1391 2384 1463 populo
2405 1391 2520 1456 Dei,
2546 1392 2626 1447 sic
2651 1392 2843 1448 saltem
2889 1393 3200 1451 sacerdotes
3243 1403 3424 1450 essent
3445 1392 3779 1461 huiusmodi.

2190 1483 2490 1541 Suademus
2510 1497 2771 1555 prieterea
2793 1487 2896 1551 eis,
2924 1501 2993 1543 ne
3007 1487 3141 1543 adeo
3162 1487 3273 1544 sint
3300 1502 3330 1541 a
3352 1487 3521 1560 eoo
3553 1487 3668 1543 Deo
3692 1503 3783 1543 ex-

2191 1576 2386 1644 tranei,
2409 1585 2467 1632 ut
2488 1593 2547 1633 se
2569 1579 2713 1648 ipsos
2732 1578 3001 1649 primitus,
3022 1578 3220 1635 dehinc
3231 1578 3367 1635 alios
3382 1577 3673 1635 mortifere
3690 1577 3783 1634 de-

2189 1672 2697 1742 cipientes,mentiri
2740 1673 2980 1745 potuisse
3022 1680 3217 1744 putent
3237 1671 3498 1744 Spiritum
3530 1681 3781 1728 sanctiun

507 1764 746 1822 divinam
778 1763 1036 1834 indagare
1075 1772 1348 1835 utcunque
1393 1766 1543 1835 cnpis
1578 1767 1969 1833 substantiam,
2018 1770 2087 1825 ab
2118 1752 2162 1813 Β
2189 1779 2286 1835 per
2328 1754 2391 1820 οὲ
2431 1764 2674 1835 Apostoli
2707 1764 3015 1821 dicentem:
3076 1764 3262 1836 Nequa
3311 1764 3566 1830 adulteri,
3620 1780 3783 1834 neque

505 1852 693 1908 eodem
749 1852 1109 1909 intentissima
1137 1854 1261 1909 audi
1297 1872 1310 1908 :
1347 1853 1609 1926 Philippe,
1642 1855 1838 1927 inquit,
1867 1858 1958 1929 qui
2006 1874 2087 1913 me

504 1945 653 2009 uidit,
700 1946 824 2000 cidit
866 1956 912 2000 et
957 1945 1168 2002 Patrem
1199 1946 1381 2018 (Joan.
1416 1965 1527 2015 xxv,
1561 1948 1638 2021 9),
1672 1950 1723 2005 id
1752 1959 1859 2015 est,
1911 1965 2088 2022 neque

504 2051 592 2092 me
621 2036 760 2093 ullus
785 2037 838 2092 in
878 2037 1181 2102 divinitate,
1225 2054 1386 2108 quam
1412 2040 1457 2093 si
1496 2054 1780 2105 cerneres,
1818 2041 1920 2097 hoc
1966 2040 2089 2096 nul-

501 2127 714 2187 latenus
742 2131 949 2187 diceres
984 2150 997 2185 ;
1034 2131 1145 2203 Ego
1168 2133 1339 2198 enim,
1378 2142 1426 2188 et
1466 2130 1660 2198 Pater,
1701 2150 1863 2189 unum
1904 2150 2086 2190 sumus

502 2220 686 2293 (Joan.
725 2239 781 2291 x,
821 2222 913 2295 50)
948 2238 1123 2293 neque
1152 2224 1302 2279 illum
1331 2225 1484 2280 vidin
1519 2226 1679 2281 Vides
1705 2243 1793 2282 me
1820 2228 1873 2282 in
1897 2241 2083 2294 carne,

500 2329 661 2386 quam
691 2316 891 2388 sumpsi
932 2331 1030 2386 pro
1060 2327 1143 2382 te;
1179 2332 1284 2372 non
1315 2318 1467 2374 vides
1518 2319 1573 2374 in
1625 2319 1930 2388 divinitate,
1979 2337 2087 2393 qua

500 2427 618 2468 sum
647 2429 811 2469 ttnum
849 2428 974 2469 cum
1001 2422 1185 2485 patre;
1217 2423 1272 2469 et
1298 2414 1422 2471 ideo
1459 2416 1505 2471 si
1533 2416 1614 2471 vis
1642 2414 1858 2472 Patrem
1881 2416 2083 2484 videre,

498 2505 697 2561 munda
740 2504 888 2561 illum
922 2505 1138 2563 oculum
1187 2506 1387 2571 cordis,
1421 2508 1513 2577 qui
1546 2508 1895 2565 considerare
1948 2523 2085 2578 quo-

498 2595 769 2666 quomodo
807 2595 986 2652 valeat
1038 2595 1359 2652 invisibilem
1398 2596 1605 2662 Deum;
1657 2606 1714 2653 et
1759 2613 1844 2653 me
1867 2597 2086 2668 conspi-

499 2686 649 2742 ciens
670 2686 899 2751 videbis,
927 2696 982 2742 et
1002 2687 1153 2742 illum
1181 2703 1289 2744 non
1317 2688 1518 2743 lumine
1543 2689 1878 2759 attingendo,
1896 2702 2088 2758 corpo-

460 2768 465 2773 ’
498 2776 623 2841 rali,
647 2776 739 2832 sed
769 2777 1185 2849 contemplando
1220 2794 1316 2849 pro
1346 2778 1564 2834 modulo
1588 2778 1839 2848 spiritali.
1872 2780 1948 2835 De
1969 2780 2086 2851 ejus

499 2864 623 2922 cibo
657 2866 702 2920 si
734 2866 1064 2933 sollicitaris,
1113 2869 1237 2923 audi
1266 2869 1514 2924 eumdem
1547 2887 1560 2923 :
1593 2869 1746 2924 Meus
1788 2870 1933 2925 cibus
1984 2880 2085 2938 est,

498 2967 555 3012 ut
583 2958 776 3029 faciam
803 2959 1122 3020 voluntatem
1140 2960 1253 3031 ejus
1266 2960 1355 3033 qui
1369 2961 1507 3015 misit
1531 2977 1612 3015 me
1641 2961 1825 3033 (loan.
1856 2978 1930 3027 tv,
1965 2962 2081 3033 34);

497 3056 555 3104 et
581 3065 596 3103 :
661 3046 785 3104 Non
813 3050 866 3104 in
891 3067 1025 3119 pane
1052 3051 1163 3106 solo
1186 3051 1303 3106 vivit
1334 3051 1509 3117 homo,
1555 3052 1646 3107 sed
1682 3053 1736 3106 in
1766 3054 1908 3108 omni
1932 3054 2087 3109 verba

2188 1856 2553 1930 fornic’atores,
2585 1873 2747 1929 neque
2775 1857 2967 1912 ebriosi
2993 1873 3210 1929 regnum
3253 1855 3352 1912 Dei
3397 1865 3782 1928 consequentur

2190 1947 2336 2022 (Gal.
2365 1966 2412 2016 v,
2446 1950 2571 2022 2i);
2596 1960 2651 2006 et
2678 1969 2692 2005 :
2725 1949 2842 2006 Hoc
2861 1961 3035 2006 autem
3057 1950 3239 2006 scitote
3256 1946 3781 2021 in:elligentes,quod

2189 2041 2358 2100 omnis
2391 2041 2699 2112 fornicator,
2727 2051 2819 2097 aut
2846 2042 3170 2110 immundus,
3201 2050 3291 2096 aut
3322 2039 3557 2105 adulter,
3589 2050 3686 2095 aut
3722 2057 3780 2095 a-

2188 2134 2520 2206 varus,quod
2534 2146 2606 2188 est
2626 2133 2889 2188 idolorum
2915 2133 3151 2198 servitus,
3187 2131 3295 2187 non
3321 2131 3474 2187 habet
3498 2131 3781 2187 haeredita-

2186 2236 2289 2283 tem
2310 2227 2367 2281 in
2404 2242 2560 2297 regno
2582 2225 2780 2283 Christi
2807 2235 2853 2281 et
2888 2224 2983 2281 Dei
3021 2224 3238 2297 (Ephes.
3274 2239 3329 2288 v,
3360 2223 3441 2293 5).
3473 2222 3585 2280 Sed
3613 2238 3687 2280 ne
3713 2224 3779 2279 sd

2189 2317 2619 2388 desperationem
2658 2332 2753 2373 eos
2801 2332 2982 2373 sermo
3026 2318 3131 2373 iste
3172 2315 3495 2372 verissimus
3558 2316 3778 2380 trahat,

2188 2410 2439 2466 noverint
2464 2419 2572 2466 neu
2603 2409 2671 2465 de
2695 2409 2783 2465 his
2809 2409 2917 2466 dici
2942 2409 3035 2482 qui
3070 2407 3200 2465 olim
3244 2407 3466 2464 fuerant
3504 2407 3777 2473 adulteri,

2187 2501 2567 2566 fornicatores,
2614 2510 2670 2556 ct
2703 2499 2877 2566 avari,
2917 2498 3010 2555 sed
3059 2498 3178 2556 illos
3219 2498 3417 2564 notari,
3460 2498 3557 2569 qui
3609 2511 3784 2569 usque

2189 2595 2243 2651 in
2274 2594 2435 2651 tinent
2480 2594 2534 2649 in
2584 2592 2780 2650 talibus
2821 2592 3101 2657 durantes,
3132 2589 3487 2662 neglexerunt
3511 2589 3583 2645 ad
3613 2589 3779 2645 Deum

2189 2684 2471 2751 converti;
2502 2682 2594 2754 qui
2623 2682 2830 2753 utique,
2861 2681 2908 2737 si
2935 2681 3348 2747 concederetur,
3379 2680 3462 2736 eis
3506 2679 3563 2734 in
3616 2687 3781 2736 teter-

2192 2793 2319 2832 num
2342 2777 2541 2840 vivere,
2567 2791 2674 2831 non
2702 2776 3011 2832 desinerent
3038 2774 3093 2830 in
3128 2782 3390 2831 aeternum
3426 2787 3667 2844 peccare
3688 2815 3705 2839 ,
3728 2781 3782 2830 et

2189 2868 2311 2925 ideo
2324 2867 2469 2935 justc
2497 2867 2550 2922 in
2571 2876 2833 2923 aeternum
2859 2881 3051 2939 pinnas
3071 2865 3289 2932 debent,
3314 2864 3439 2935 quia
3458 2864 3611 2935 digni
3636 2872 3780 2931 sunt,

2189 2959 2358 3017 luere.
2393 2958 2768 3029 Comperimus
2812 2972 3046 3027 namque
3082 2957 3253 3011 nostri
3284 2956 3543 3027 temporis
3575 2971 3768 3027 quem-

2191 3052 2317 3107 dam
2348 3051 2533 3123 (talem
2560 3050 2806 3122 perfungi
2836 3049 2881 3106 si
2904 3058 2993 3105 est
3018 3049 3547 3119 destinatum,quem
3579 3064 3783 3120 cogno-

497 3138 638 3210 quod
669 3140 900 3209 procedit
931 3140 995 3195 de
1025 3157 1114 3196 ore
1155 3140 1251 3196 Dei
1283 3140 1496 3213 (Matth.
1525 3157 1599 3208 tv,
1635 3142 1765 3213 5i);
1795 3151 1851 3200 et
1880 3162 1894 3199 :
1945 3140 2088 3199 Esué
2114 3135 2160 3199 C
2189 3142 2362 3200 visset
2404 3142 2682 3199 hominum
2714 3141 2923 3197 utinam
2964 3139 3163 3212 nullus)
3213 3141 3408 3211 bisque
3455 3139 3545 3197 his
3594 3140 3782 3214 (1465)

500 3231 620 3297 rivi,
672 3241 721 3287 et
763 3233 976 3288 dedistis
1025 3234 1153 3289 mihi
1204 3234 1524 3290 manducare
1554 3234 1773 3306 (Matth.
1796 3251 1923 3306 xxv,
1963 3236 2080 3310 35),

498 3322 587 3379 de
618 3323 945 3394 pauperibus
978 3325 1165 3395 utique
1197 3326 1406 3382 dicens.

565 3412 656 3471 39.
700 3412 898 3470 Verum
930 3415 1058 3485 quia
1103 3416 1170 3471 de
1193 3416 1566 3473 sacerdotibus
1602 3417 1808 3474 nostris
1834 3431 2079 3489 conque-
2112 3446 2115 3447 ν

495 3506 567 3562 sti
596 3505 728 3562 tatia
748 3505 1080 3579 protulimus
1105 3548 1120 3573 ,
1171 3508 1507 3580 suggerendo
1535 3510 1757 3565 eosdem
1799 3509 2081 3566 nobiscum

494 3612 800 3662 monemus,
833 3607 891 3652 ut
919 3597 971 3652 in
1001 3597 1118 3670 lege
1148 3598 1242 3654 Dei
1292 3599 1380 3654 die
1415 3608 1686 3670 noctuque
1734 3600 2081 3668 meditantes,

497 3695 812 3743 scrutentur
843 3685 1160 3758 Scripturas
1201 3687 1394 3743 melius
1418 3705 1581 3759 quam
1617 3705 1787 3760 usque
1814 3690 1973 3746 modo
1999 3688 2083 3746 fe-

494 3779 729 3836 cissent:
752 3776 934 3834 Ctecus
957 3779 1095 3834 enim
1115 3781 1160 3834 si
1206 3796 1341 3835 cazco
1378 3780 1627 3835 ducatum
1671 3791 1903 3851 prwstet,
1931 3782 2084 3838 ambo

494 3871 550 3925 in
574 3870 798 3940 foueam,
814 3880 872 3927 ut
888 3872 1255 3938 aitDomiuus,
1280 3873 1463 3926 cadent
1487 3871 1701 3943 (Matth.
1718 3890 1806 3939 xv,
1826 3873 1935 3945 14).
1954 3873 2085 3941 Quae

494 3961 752 4032 praecepit
772 3962 933 4029 Deus,
960 3963 1049 4019 illa
1072 3964 1310 4036 cogitent
1330 3979 1563 4033 semper,
1592 3966 1697 4021 hoc
1719 3981 1881 4037 super
1901 3967 2082 4023 omnia

494 4066 607 4121 prie
644 4050 816 4107 oculis
849 4062 1196 4124 praeceptum,
1229 4053 1483 4123 quoniam
1508 4055 1726 4125 quidem
1749 4071 2081 4128 magnopere

493 4145 729 4213 expedit,
755 4142 1082 4200 incessanter
1102 4143 1511 4201 habentes.Non
1541 4146 1683 4201 enim
1711 4148 1877 4202 semel
1902 4148 1954 4203 in
1983 4165 2084 4207 an?

496 4250 569 4291 no
588 4274 603 4301 ,
634 4236 729 4291 sed
751 4237 988 4307 quotidie
1018 4252 1111 4295 cos
1143 4239 1451 4307 necessitas
1473 4240 1839 4311 cogitpascha
1870 4241 2084 4298 Domini

499 4325 796 4383 celebrare.
820 4326 986 4384 Renes
1012 4338 1205 4384 vestros
1245 4330 1523 4401 accingetis
1547 4331 1744 4401 (Exod.
1770 4348 1868 4399 xu,
1890 4333 2002 4403 ll),
2032 4334 2085 4390 id

495 4425 605 4484 est,
626 4417 862 4474 castitati
884 4432 1101 4490 operam
1128 4420 1259 4474 dare
1286 4421 1611 4488 studebitis;
1640 4430 1722 4476 et:
1748 4422 2085 4479 Mundamini

2184 3234 2561 3306 deplanximus
2589 3234 2724 3289 adeo
2749 3231 3112 3288 insolubiliter
3137 3231 3438 3296 irretitum,
3488 3230 3560 3287 ad
3603 3232 3783 3303 ipsum

2182 3328 2299 3384 fere
2338 3343 2460 3384 cum
2501 3326 2839 3397 proximat-et
2882 3323 3221 3381 miserrimus
3263 3324 3475 3381 senium
3503 3364 3519 3391 ,
3550 3333 3617 3380 ut
3649 3339 3783 3381 con-

2183 3419 2411 3477 scientia
2452 3420 2826 3484 remordeute,
2863 3432 2964 3474 nec
3010 3416 3185 3488 ipsum
3224 3414 3503 3486 Evangelii
3541 3414 3779 3479 librum,

2183 3526 2285 3566 nec
2305 3524 2428 3566 eum
2450 3507 2683 3565 osculari
2712 3507 2958 3574 auderet,
2978 3507 3071 3579 qui
3094 3506 3620 3578 :communicaturus
3637 3513 3785 3562 esset

2181 3603 2578 3674 presbyterum,
2602 3599 2960 3657 contaminari
2989 3614 3086 3655 suo
3133 3597 3299 3653 miser
3339 3596 3533 3654 osculo
3592 3598 3777 3668 pensi-

2185 3704 2307 3751 tans
2329 3694 2498 3759 illum,
2526 3692 2592 3748 ad
2619 3702 2854 3748 mentem
2879 3690 3086 3760 utique,
3104 3688 3257 3756 Quoa
3287 3689 3512 3760 tetigerit
3539 3689 3775 3744 immun-

2184 3787 2305 3852 dus,
2340 3784 2669 3839 immundum
2691 3784 2789 3840 erit
2831 3781 3023 3855 (Num.
3046 3797 3162 3847 nx,
3182 3780 3300 3853 22),
3329 3779 3662 3852 recolligens
3701 3782 3781 3837 di-

2185 3885 2332 3933 ctum
2362 3876 2436 3930 ita
2467 3875 2654 3946 utique
2680 3890 2739 3929 se
2765 3873 3016 3946 judicans
3042 3872 3346 3946 indignum,
3373 3886 3476 3942 pro
3491 3886 3559 3927 eo
3573 3872 3779 3929 scilicet
3852 3904 3855 3905 ν

2186 3967 2445 4029 maxime,
2471 3965 2615 4036 quod
2637 3979 2700 4021 os
2723 3963 3044 4020 illecebroso
3064 3977 3185 4019 cum
3204 3962 3454 4017 manibus
3469 3962 3778 4018 etbracbiis

2186 4057 2412 4114 haberet
2440 4055 2726 4127 complexu
2769 4053 3057 4127 pollutum,
3105 4061 3166 4108 ut
3216 4048 3539 4108 formidaret
3586 4052 3776 4108 saltem

2187 4151 2453 4225 attingere
2479 4149 2651 4219 ipsum
2684 4161 2778 4203 vas
2815 4144 2959 4218 quod
2989 4152 3152 4200 tantm
3189 4141 3472 4229 dignitatis
3511 4143 3778 4214 tetigisset

2185 4241 2546 4314 mysterium;
2582 4248 2637 4295 et
2681 4248 2865 4295 tamen
2894 4235 3287 4294 emendationis
3318 4233 3524 4290 nullum
3571 4233 3629 4289 in
3665 4235 3779 4305 ejus

2186 4340 2308 4388 erat
2332 4329 2697 4388 obdurissimo
2739 4328 2905 4385 corde
2934 4326 3242 4397 vestigium.
3275 4324 3381 4381 Pro
3421 4340 3534 4395 quo
3581 4325 3775 4397 duplex

2189 4422 2352 4478 nobis
2375 4422 2492 4477 visa
2514 4428 2598 4477 cst
2623 4435 2729 4476 non
2748 4418 2942 4476 silendi
2968 4417 3203 4484 occasio,
3230 4414 3285 4471 id
3310 4423 3417 4482 est,
3437 4423 3499 4471 ut
3523 4414 3647 4484 ejus
3669 4417 3777 4488 pri-

494 4508 585 4579 qui
614 4506 760 4578 fertis
789 4524 914 4563 vasa
956 4507 1167 4563 Domini
1200 4509 1355 4583 (Isai.
1420 4525 1517 4577 ιη,
1577 4509 1668 4582 ll)
1699 4528 1712 4565 :
1751 4510 1919 4567 Omne
1944 4514 2083 4568 enim
2109 4495 2162 4558 Ῐ)
2187 4527 2335 4568 mum
2363 4526 2557 4568 cavere
2593 4511 2908 4567 studeamus
2929 4508 3267 4580 exemplum;
3293 4506 3492 4563 dehinc
3513 4516 3576 4563 ut
3593 4524 3694 4579 pro
3713 4525 3776 4565 eo

491 4597 631 4668 quod
663 4597 888 4669 tetigerit
910 4597 1233 4666 immundus,
1255 4600 1583 4657 immundum
1609 4602 1704 4656 erit
1736 4601 1925 4674 (Num.
1960 4620 2078 4670 xix,

491 4687 610 4757 εξ),
634 4688 767 4744 dicit
806 4704 911 4745 non
941 4690 1520 4748 mentiensDominus.
1552 4692 1614 4750 Si
1636 4695 1817 4749 mundi
1836 4705 1978 4762 sunt,
2003 4695 2081 4751 ait

494 4779 734 4852 quidam,
772 4781 943 4853 pueri,
968 4782 1195 4838 maxime
1223 4800 1256 4838 a
1278 4782 1584 4840 mulieribus
1613 4785 1665 4857 (1
1696 4784 1825 4856 Reg.
1854 4802 1971 4853 ιιι,
1996 4785 2074 4859 6),

525 4936 748 5032 (ita)
786 4956 880 5011 llla
905 4957 1113 5032 scilicet
1140 4973 1270 5032 caro
1315 4960 1457 5015 sedet
1503 4959 1696 5032 absque
1746 4962 1903 5017 dubio
1954 4981 2074 5019 cum

492 5027 716 5074 ossibus.
733 5027 864 5074 Vnum
889 5028 1103 5074 spiritus
1131 5031 1343 5074 nnmirm
1369 5047 1470 5074 mm
1499 5027 1669 5074 habnt-

2188 4602 2284 4660 Dei
2344 4601 2775 4663 misericordiam
2835 4614 2903 4656 eo
2948 4599 3181 4671 amplius
3229 4596 3621 4682 supplicamus,
3670 4616 3775 4672 quo

2186 4695 2421 4767 amplius
2447 4710 2572 4752 cum
2604 4694 2845 4766 indigere
2863 4692 3264 4765 cognoscimus.

2255 4786 2346 4842 40.
2386 4785 2521 4841 Nam
2554 4784 2675 4842 talis
2713 4798 2901 4841 amare
2929 4782 3238 4840 nullatenus
3259 4778 3467 4857 (1466),
3497 4781 3631 4838 licet
3650 4798 3773 4840 eum

2183 4962 2302 5018 nari
2324 4970 2501 5017 osculo
2522 4976 2639 5027 suo,
2659 4960 2850 5032 utique
2864 4973 3167 5032 recotngens
3197 4958 3267 5032 ad
3286 4967 3509 5032 mentem
3531 4959 3733 5032 dictum
3748 4976 3767 5014 .'

2181 5034 2333 5074 num!
2377 5033 2594 5074 lotium-it
2615 5028 2919 5074 imminuitur
2941 5070 2950 5074 .
2982 5028 3307 5074 inimundum
3340 5029 3437 5074 erit
3461 5046 3477 5074 .-
3526 5028 3768 5074 inditam
