4044 5348
218 398 336 456 115

1710 395 2098 455 SERMONES.

3403 405 3512 464 7M

222 515 678 575 irrationabiliter
717 521 959 579 metuat,
1020 512 1363 571 convincitur
1405 512 1573 567 Deum
1598 549 1615 576 ,
1649 526 1810 581 quem
1838 516 1890 578 Α
1916 526 2077 581 quam
2119 512 2175 568 in
2221 512 2329 569 alio
2362 513 2466 570 die.
2527 513 2668 569 Dicit
2699 512 2990 570 Ratherius
3042 516 3328 588 episcopus
3364 523 3511 591 quod

224 622 341 669 tam
378 611 626 668 moribus
656 611 770 667 suis
795 610 962 667 sentit
992 609 1299 664 adversum.

1915 605 2177 662 mentitur
2209 606 2297 662 ille
2343 608 2435 678 qui
2466 607 2595 663 dicit
2615 609 2755 678 quod
2786 617 3005 666 sanctus
3033 609 3259 668 Michael
3290 617 3512 673 missam

294 704 389 760 41.
427 702 539 759 Nec
564 702 842 758 contraria
865 701 1025 756 isthic
1050 700 1139 755 illa
1160 709 1245 756 est
1265 699 1479 754 Domini
1503 696 1812 768 promissio,
1915 705 2118 762 cantet,
2151 713 2273 753 cum
2312 699 2460 753 nulla
2502 700 2606 754 alia
2642 709 2889 756 creatura
2919 702 3137 757 missam
3171 707 3343 773 possit
3376 725 3511 764 can-
3572 740 3585 791 ι

220 812 334 870 qua
380 797 583 852 dicitur
629 814 641 849 :
698 793 803 861 Qui
833 793 1145 857 crediderit,
1202 801 1249 846 et
1288 790 1581 861 baptizatus
1634 789 1812 858 fuerit,

218 888 402 945 salvus
449 888 548 942 erit
586 885 782 959 (Marc.
824 884 1081 955 xv|,l6).
1117 883 1253 952 Quia
1307 882 1557 939 videlicet
1601 881 1814 938 etiamsi

221 979 415 1052 (1167)
446 979 636 1035 credat
667 979 721 1033 in
761 977 929 1033 Deum
958 976 1143 1031 talium
1179 976 1323 1048 quis,
1350 990 1460 1032 non
1490 974 1662 1031 credit
1684 973 1814 1037 Deo,

220 1070 319 1140 qui
345 1076 615 1141 praecepta
659 1067 776 1139 ejus
824 1081 933 1123 non
971 1066 1225 1131 custodit,
1276 1081 1377 1122 nec
1417 1073 1815 1121 sacramentum

221 1162 456 1218 vivendo
492 1168 641 1217 tenet
664 1161 811 1231 quod
837 1158 941 1215 ﬁde
961 1160 1217 1231 percepit,
1253 1158 1346 1213 sed
1364 1157 1610 1213 eamdem
1632 1156 1816 1222 tidem,

218 1270 388 1325 quam
420 1253 649 1310 verbum
678 1253 894 1318 astruit,
924 1251 1167 1307 moribus
1216 1250 1467 1306 destruit.
1509 1247 1675 1303 Pater
1726 1265 1819 1302 n0-

218 1355 350 1410 eter,
380 1344 472 1413 qui
495 1359 549 1399 es
574 1344 630 1397 in
658 1341 799 1397 cazlis
838 1341 1058 1414 (Matth.
1089 1356 1164 1405 v1,
1192 1340 1248 1411 9)
1286 1354 1411 1395 cum
1441 1338 1655 1394 caeteris
1685 1336 1819 1393 iide-

220 1436 387 1499 libus,
421 1450 683 1491 concesso
725 1433 957 1499 Domini,
990 1432 1143 1496 dicit,
1180 1430 1272 1486 sed
1295 1431 1527 1485 omnium
1578 1436 1820 1498 corrupte

220 1528 507 1583 viventium
533 1527 777 1583 diabolus
808 1537 958 1597 pater
984 1535 1081 1591 est,
1114 1525 1262 1580 Zeno
1298 1524 1490 1578 beatus
1521 1522 1611 1577 ille
1657 1536 1819 1577 econ-

222 1621 398 1678 trario
451 1622 529 1677 ait
586 1620 693 1693 (S.
756 1619 886 1674 ΖΕΝ.
928 1617 1007 1673 De
1043 1616 1223 1681 Juda,
1258 1606 1443 1688 |tract.
1488 1614 1572 1679 16,
1613 1612 1705 1669 lib.
1748 1628 1818 1677 tt,

222 1728 277 1768 ιι.
319 1712 416 1786 4).
446 1712 603 1779 Quod
630 1710 671 1766 a'
690 1711 847 1767 nobis
883 1718 1129 1765 avertere
1159 1709 1333 1778 pietas
1371 1706 1621 1777 dignetur
1655 1704 1817 1777 θοι

223 1802 388 1867 illius,
424 1802 519 1873 qui
548 1802 603 1856 in
634 1803 778 1859 hunc
799 1800 1060 1855 mundum
1090 1800 1239 1854 venit
1281 1805 1597 1868 peccatores
1641 1795 1824 1851 salvos

1918 797 2055 855 tare,
2089 790 2193 845 nisi
2234 789 2396 847 homo
2425 790 2622 857 solum,
2656 792 2782 862 quia
2815 792 2926 858 ille,
2958 809 3080 849 cum
3113 796 3183 851 sit
3210 800 3512 870 rationalis,

1918 881 2083 936 habet
2102 897 2321 937 carnem
2348 890 2405 937 et
2440 898 2584 949 ossa,
2638 883 2755 938 sine
2803 886 3001 955 quibus
3034 889 3202 943 missa
3231 906 3336 945 non
3370 892 3515 949 valet

1918 973 2150 1029 cantari.
2179 973 2410 1043 Spiritus
2438 983 2639 1041 autem,
2669 975 2811 1030 sicut
2834 976 3094 1033 Dominus
3122 980 3271 1045 dicit,
3303 998 3517 1037 carnem

1918 1074 1967 1119 et
1998 1081 2117 1120 ossa
2147 1081 2249 1119 non
2274 1065 2447 1132 habet,
2478 1064 2605 1122 licet
2629 1066 2930 1123 valentiore
2968 1084 3129 1139 quam
3160 1069 3345 1139 homo,
3400 1073 3519 1144 pol-

1918 1156 2032 1213 leat
2058 1156 2144 1211 ille
2164 1158 2255 1227 qui
2278 1165 2361 1213 est
2382 1157 2659 1229 angelicus
2684 1168 2738 1214 et
2763 1174 2870 1215 non
2908 1162 3236 1231 apostaticus
3271 1163 3516 1234 spiritus,
3540 1186 3541 1191 π
3568 1178 3575 1189 ‘

1923 1250 2151 1307 ratione.
2184 1249 2411 1306 Michael
2440 1264 2569 1306 vero
2607 1252 2829 1321 spiritus
2853 1261 2935 1307 est
2962 1262 3017 1308 et
3071 1254 3347 1326 angelicus
3403 1260 3516 1329 spi-

1922 1343 2060 1399 ritus
2091 1384 2107 1410 ,
2161 1352 2216 1399 et
2274 1343 2326 1397 in
2391 1353 2685 1414 conspectu
2728 1345 2827 1401 Dei
2873 1361 3086 1417 semper
3145 1350 3351 1405 assistit
3400 1352 3519 1406 sine

1923 1450 2091 1491 carne
2120 1445 2177 1492 et
2200 1436 2444 1492 ossibus:
2476 1446 2529 1491 et
2558 1435 2708 1491 illum
2744 1436 3138 1494 incessabiliter
3187 1440 3371 1495 laudat
3402 1444 3522 1497 sine

1922 1526 2085 1593 libro,
2116 1544 2237 1583 cum
2260 1543 2368 1598 quo
2396 1527 2535 1583 solet
2571 1528 2734 1582 missa
2765 1528 2997 1594 cantari,
3028 1530 3146 1585 sine
3189 1546 3328 1600 pane
3355 1533 3519 1604 602

1924 1628 1981 1674 et
2019 1620 2169 1686 vino,
2206 1620 2272 1675 de
2301 1620 2496 1689 quibus
2516 1619 2655 1675 solet
2694 1622 2749 1673 in
2776 1619 2940 1676 missa
2984 1636 3180 1677 coruus
3227 1633 3281 1677 ct
3300 1626 3521 1695 sanguis

1924 1709 2137 1766 Domini
2162 1710 2381 1767 confici.
3228 1786 3231 1789 _

1997 1802 2051 1856 5.
2094 1801 2150 1857 Si
2172 1812 2350 1858 autem
2387 1803 2586 1873 quatris
2624 1802 2753 1874 quid
2784 1814 3007 1859 sanctus
3043 1803 3275 1860 Michael
3303 1795 3523 1862 cantet?

223 1895 431 1962 facere,
481 1895 639 1952 Jesus
681 1895 933 1951 Christus
975 1892 1236 1948 Dominus
1283 1899 1490 1955 noster,
1547 1888 1641 1959 qui
1700 1902 1822 1944 cum
1854 1876 1903 1937 Β
1929 1892 2166 1960 Labora,
2191 1895 2323 1949 dicit
2350 1894 2645 1949 Ratherius
2666 1894 2973 1965 episcopus,
3014 1911 3135 1951 cum
3174 1897 3268 1952 Dei
3305 1897 3518 1967 adjuto-

222 1987 387 2046 Patre
421 1997 478 2045 et
506 1988 712 2059 Spiritu
760 1997 950 2043 sancto
999 1985 1134 2040 vivit
1187 1993 1243 2040 et
1291 1990 1482 2054 regnat
1510 1983 1675 2047 Deus,
1731 1993 1830 2050 per

220 2084 409 2141 omnia
437 2083 637 2140 saacula
666 2081 1007 2139 saeculorum.
1036 2080 1229 2136 Amen.

224 2195 500 2267 Appendix
528 2193 854 2267 apologetica
906 2203 1099 2267 contra
1115 2192 1524 2267 reprehensores
1572 2203 1827 2243 sermonm

805 2265 1043 2336 ejusdem
1083 2262 1289 2335 (1468).

270 2382 350 2451 Δ1.
391 2378 509 2435 Non
542 2378 676 2434 dicit
700 2376 993 2433 Rathcrius
1016 2374 1345 2431 Veronensis
1375 2374 1658 2445 episcopus
1683 2371 1828 2443 quod

224 2472 371 2531 Deus
399 2472 495 2528 Dei
514 2471 703 2539 Filius,
733 2470 995 2526 Dominus
1024 2477 1212 2525 noster
1236 2467 1395 2523 Jesus
1421 2466 1693 2532 Christus,
1725 2466 1829 2521 hoc

223 2572 311 2622 est
336 2564 620 2620 iucarnata
645 2576 745 2633 pro
788 2559 945 2617 nobis
993 2559 1090 2616 Dei
1139 2558 1431 2631 sapientia,
1471 2573 1579 2613 non
1632 2558 1829 2613 habeat

225 2669 390 2733 caput
440 2659 647 2725 oculos,
678 2673 894 2723 manus,
922 2665 979 2713 et
1010 2656 1196 2726 pedes,
1246 2665 1551 2724 caeteraque
1601 2651 1827 2707 humani

224 2752 476 2825 corporis
501 2749 768 2815 membra,
800 2763 924 2804 cum
953 2748 1132 2803 anima
1181 2744 1452 2813 rationali,
1503 2744 1687 2815 (1469)
1716 2743 1828 2799 Deo

225 2845 385 2916 plena
402 2861 418 2911 ;
435 2844 561 2899 dum
579 2841 847 2897 veraciter
861 2840 1048 2897 credat
1060 2854 1182 2895 eum
1198 2854 1318 2893 cum
1335 2852 1561 2906 corpore
1572 2845 1627 2891 et
1646 2834 1827 2891 anima

228 2932 286 2989 in
323 2932 519 2989 ctelum
553 2930 885 2997 ascendisse,
915 2944 1024 3001 quo
1081 2943 1357 2999 nunquam
1408 2927 1657 2982 defuerat
1686 2926 1825 2981 divi-

227 3028 419 3094 nitate,
470 3034 525 3082 et
569 3026 624 3082 in
669 3025 859 3081 eodem
890 3039 1114 3096 oorpore
1144 3065 1161 3089 ,
1224 3024 1431 3097 angelis
1480 3023 1822 3087 docentibus,

228 3119 480 3177 didicerit
500 3135 625 3176 eum
658 3128 945 3175 venturum
972 3118 1041 3173 ad
1060 3116 1383 3187 iudicandos
1416 3116 1570 3173 vivos
1598 3125 1654 3172 et
1680 3130 1828 3171 mor-

228 3220 354 3267 tuos
404 3212 544 3281 (Act.
590 3226 609 3265 ι
639 3250 655 3276 ,
696 3210 809 3281 11).
854 3208 960 3265 Sed
1024 3208 1155 3264 dicit
1201 3208 1495 3264 Ratherius
1540 3208 1825 3278 episcopus

226 3303 377 3373 quod
401 3302 567 3369 Deus,
601 3302 655 3357 id
680 3308 804 3371 (est,
835 3300 1134 3357 divinitatis
1159 3301 1486 3369 substantia,
1516 3315 1624 3357 non
1663 3300 1830 3357 habet

229 3406 451 3462 corpus,
473 3407 575 3449 nec
601 3400 686 3449 est
710 3406 931 3463 corpus,
952 3391 1095 3463 quod
1126 3390 1333 3461 palpari
1362 3392 1533 3463 possit
1554 3400 1607 3447 et
1633 3391 1828 3459 videri,

228 3485 360 3556 quia
390 3476 621 3557 Spiritus
643 3494 719 3541 est
758 3484 900 3540 Deus
928 3484 1110 3557 (Joan.
1142 3500 1214 3550 tv,
1252 3485 1367 3555 21),
1400 3485 1537 3541 sicut
1566 3484 1705 3540 dixit
1727 3485 1835 3541 Do-

227 3577 417 3634 minus
452 3576 611 3633 Jesus
639 3575 923 3643 Christus;
964 3584 1057 3630 et:
1088 3572 1317 3645 Spiritus
1362 3592 1573 3630 carnem
1610 3584 1658 3629 et
1712 3592 1832 3631 oua

230 3687 339 3726 non
366 3670 517 3725 habet
546 3668 700 3743 (Luc.
740 3685 887 3735 xxxv,
921 3668 1034 3740 39),
1071 3668 1214 3724 sicut
1238 3667 1381 3723 idem
1408 3667 1539 3724 dicit
1567 3668 1619 3723 in
1650 3666 1831 3723 Evan-

229 3762 376 3834 gelio
404 3761 679 3819 Christus.

302 3854 359 3909 2.
398 3852 514 3909 Non
563 3853 697 3909 dicit
739 3852 1033 3909 Ratherius
1087 3854 1394 3925 episcopus,
1449 3852 1591 3924 quod
1628 3852 1832 3909 malum

232 3944 404 3999 faciat
427 3944 518 4014 qui
541 3942 690 3999 vadit
719 3943 903 4016 (1470)
935 3944 1002 3999 ad
1017 3943 1305 4000 ecclesiam
1330 3944 1505 4000 sancti
1530 3942 1829 4009 Michaelis,

232 4045 331 4090 aut
369 4035 519 4091 audit
547 4035 771 4091 missam
814 4035 989 4090 sancti
1017 4034 1325 4101 Michaelis;
1358 4033 1453 4090 sed
1483 4032 1612 4089 dicit
1632 4032 1835 4089 Rathe-

231 4130 353 4185 rius
368 4129 677 4199 episcopus,
704 4129 851 4198 quod
870 4126 1137 4183 mentitur
1162 4126 1249 4182 ille
1273 4127 1364 4197 qui
1389 4125 1521 4181 dicit
1542 4127 1683 4197 quod
1703 4141 1833 4181 con-

231 4220 417 4274 veniat
448 4218 614 4275 alicui
641 4218 834 4274 melius
856 4218 910 4273 in
930 4218 1166 4274 secunda
1194 4216 1328 4273 feria
1345 4218 1425 4274 ire
1453 4217 1521 4273 ad
1546 4217 1832 4274 ecclesiam

231 4318 406 4374 sancti
436 4316 735 4385 Michaelis,
750 4316 838 4373 vel
863 4317 1081 4374 missam
1112 4316 1284 4372 sancti
1315 4314 1589 4372 Michaelis
1620 4314 1830 4383 audire,

231 4534 500 4590 Achertus
528 4534 815 4591 ediderat:
848 4548 1029 4588 amare
1070 4530 1370 4586 nullatenus
1396 4530 1517 4586 licet
1545 4548 1663 4585 cum
1693 4548 1831 4587 trra-

1930 1986 2032 2053 rio,
2063 1996 2124 2041 ut
2149 1996 2271 2057 post
2290 1996 2522 2042 mortem
2562 1988 2759 2043 etelum
2786 1989 3156 2055 conscendas;
3199 1990 3307 2046 illic
3334 1994 3522 2049 audies

1926 2081 2057 2153 quid
2102 2090 2303 2137 cantet.
2354 2081 2510 2149 Quod
2549 2083 2593 2137 si
2623 2082 2705 2137 vis
2745 2083 2813 2137 ad
2853 2083 3139 2138 ecclesiam
3194 2086 3368 2141 sancti
3421 2085 3521 2142 Mi—

1929 2172 2133 2229 chaelis
2179 2174 2287 2239 ire,
2334 2174 2535 2243 sapias,
2566 2173 2697 2229 dicit
2724 2172 3017 2229 Ratherius
3044 2176 3349 2247 episcopus,
3373 2180 3519 2249 quod

1929 2281 2038 2322 non
2066 2265 2321 2322 libentius
2351 2275 2405 2321 te
2434 2266 2629 2337 recipit
2660 2266 2713 2321 in
2741 2268 2978 2322 secunda
3004 2266 3140 2324 feria
3170 2279 3393 2325 sanctus
3422 2271 3522 2326 Mi-

1929 2358 2083 2414 chael
2111 2373 2273 2429 quam
2304 2359 2359 2413 in
2386 2358 2515 2416 alia.
2548 2357 2606 2413 Si
2645 2358 2727 2414 vis
2764 2372 2888 2413 eum
2938 2374 3162 2431 rogare,
3204 2363 3404 2433 sapias,
3438 2364 3523 2421 di-

1929 2450 2004 2505 cit
2050 2449 2345 2506 Ratherius
2393 2451 2703 2521 episcopus,
2744 2452 2871 2521 quia
2924 2467 3034 2509 non
3092 2453 3412 2511 clementius
3468 2466 3523 2514 te

1929 2544 2153 2599 exaudit
2179 2552 2399 2600 sanctius
2427 2544 2653 2600 Michael
2693 2544 2747 2599 in
2773 2545 3010 2601 secunda
3054 2544 3215 2613 feria,
3265 2562 3429 2617 quam
3468 2549 3523 2605 in

1928 2635 2122 2704 prima,
2156 2650 2316 2705 quain
2360 2634 2415 2689 in
2447 2635 2630 2701 tertia,
2680 2649 2843 2705 quam
2884 2634 2941 2690 in
2986 2644 3205 2705 quarta,
3246 2652 3408 2706 quam
3466 2638 3525 2693 in

1929 2728 2137 2796 quinta,
2180 2743 2342 2798 quam
2375 2727 2430 2782 in
2472 2737 2647 2793 sexta,
2674 2742 2836 2798 quam
2874 2727 2929 2782 in
2956 2729 3189 2799 septima
3224 2727 3380 2785 feria.
3409 2728 3524 2785 Hoc

1930 2833 2052 2873 cum
2081 2818 2156 2873 ita
2182 2820 2404 2886 sentiat,
2428 2820 2575 2875 dicat
2605 2828 2769 2890 atque
2807 2828 3021 2875 astruat
3068 2818 3362 2876 Ratherius
3410 2821 3525 2893 epi-

1929 2922 2154 2978 scopus;
2184 2911 2275 2981 qui
2298 2909 2459 2978 volet,
2489 2910 2631 2965 valet
2654 2918 2708 2966 et
2734 2911 2927 2977 audet;
2958 2926 3083 2968 eum
3120 2925 3226 2981 non
3253 2909 3504 2983 prohibet

1930 3000 2041 3056 imo
2068 3001 2305 3073 postulat
2338 3018 2461 3058 nam
2489 3002 2636 3072 ipse,
2664 3001 2896 3060 refellat.

2537 3115 2769 3172 SERMO
2796 3116 2883 3172 lli.

2380 3210 2564 3283 (1471)
2588 3227 2643 3265 IN
2674 3226 2833 3267 cum
2854 3226 3061 3267 DOIINI.

2004 3302 2057 3356 1.
2096 3300 2267 3358 Nemo
2294 3310 2379 3357 est
2404 3302 2661 3369 fidelium,
2692 3302 2910 3371 fratres,
2940 3304 3031 3374 qui
3055 3303 3229 3373 possit
3255 3304 3532 3378 ambigere

1932 3393 2082 3465 quia,
2112 3392 2155 3449 si
2194 3407 2262 3448 ex
2290 3402 2403 3449 toto
2432 3393 2599 3449 corde
2644 3394 2709 3448 ad
2758 3393 3043 3450 Dominum
3073 3396 3341 3462 conversi,
3388 3395 3530 3452 hanc

1932 3484 2295 3541 humilitatem
2324 3486 2378 3540 in
2401 3486 2563 3541 corde
2590 3486 2804 3541 habetis
2840 3502 2999 3556 quam
3040 3485 3225 3560 (M72)
3247 3488 3304 3544 in
3337 3488 3528 3545 habitu

1932 3577 2290 3650 praetenditis,
2342 3578 2470 3648 quin
2521 3576 2695 3647 majus
2744 3578 2815 3633 sit
2860 3578 3115 3650 gaudium
3152 3580 3313 3636 hodie
3340 3596 3528 3636 coram
3577 3574 3587 3584 ’

1934 3667 2141 3740 angelis
2168 3667 2267 3723 Dei
2296 3682 2458 3737 super
2488 3682 2594 3723 uno
2643 3684 2709 3723 ex
2746 3669 2900 3724 vobis
2951 3684 3111 3740 quam
3161 3686 3327 3740 supra
3356 3686 3529 3726 nona-

1884 3756 1887 3757 ⁷
1933 3759 2083 3831 ginta
2110 3774 2303 3814 novem
2324 3758 2520 3829 justos,
2562 3760 2653 3829 qui
2682 3774 2816 3830 opus
2850 3776 2956 3816 non
2981 3760 3181 3818 habent
3208 3763 3528 3833 pmnitentia

1935 3847 2091 3920 (Luc.
2130 3865 2222 3915 xv,
2254 3851 2316 3916 7;
2344 3850 2535 3906 Matth.
2565 3866 2721 3916 xvm,
2769 3852 2880 3919 15),
2907 3852 3051 3908 sicut
3072 3853 3148 3907 ait
3175 3854 3294 3924 ipsa
3315 3855 3528 3914 Veritas

1935 3951 2099 4013 atque
2124 3942 2439 4015 Redemptio
2461 3953 2665 3999 nostra.
2701 3943 2808 4000 Sed
2846 3945 3354 4015 advertite,quteso,
3383 3947 3528 4017 quod

1934 4033 2224 4103 prteposui,
2261 4034 2519 4088 siextoto
2548 4034 2725 4099 corde,
2769 4034 3038 4103 inquiens,
3087 4036 3339 4090 conversi.
3389 4036 3528 4093 Nam

1934 4124 1982 4179 si
2002 4137 2069 4178 ex
2100 4132 2211 4180 toto
2239 4124 2401 4181 corde
2432 4139 2538 4180 non
2567 4133 2951 4180 convertamur
2976 4126 3171 4192 abhis,
3203 4142 3302 4197 pro
3330 4126 3529 4197 quibus

1936 4216 2150 4272 Domini
2188 4216 2576 4287 indulgentiam
2612 4218 2868 4289 petimus,
2908 4220 3142 4275 inaniter
3168 4204 3339 4276 Deum
3369 4234 3528 4293 roga-

1933 4325 2055 4366 mus
2107 4317 2166 4365 ut
2214 4308 2478 4366 auferata
2506 4309 2663 4366 nobis
2686 4324 2807 4380 qua:
2844 4325 2942 4367 nos
2986 4310 3086 4382 ipsi
3128 4310 3402 4369 dimittere
3423 4326 3526 4368 no-

1936 4540 2066 4595 tam,
2097 4542 2217 4600 qua;
2246 4541 2392 4600 nunc
2419 4534 2571 4600 porta
2608 4526 2989 4600 Bursariorum
3014 4529 3176 4600 vulgo
3199 4530 3521 4599 appellatur.

234 4604 580 4671 tionabiliter,
620 4614 841 4670 metuat,
876 4620 996 4658 cum
1035 4602 1285 4664 vincitur,
1330 4601 1521 4667 Deum;
1552 4601 1689 4656 infra
1718 4604 1832 4657 edi-
1858 4606 1911 4669 Ι)
1939 4600 2069 4671 Eam
2100 4598 2388 4671 ecclesiam
2429 4598 2565 4671 feria
2587 4598 2821 4671 secunda
2843 4600 3040 4655 saeculo
3062 4617 3094 4671 ξ
3114 4598 3521 4671 frequentatam

232 4684 351 4730 tum
396 4685 514 4731 erat
564 4693 577 4729 :
627 4682 719 4740 qui
768 4682 1004 4730 videlicet
1045 4713 1058 4725 .
1104 4714 1115 4724 .
1159 4711 1174 4725 .
1218 4710 1233 4724 .
1275 4710 1288 4723 .
1328 4711 1341 4725 .
1375 4689 1498 4740 quia
1544 4682 1827 4740 prwcepta.

322 4746 451 4802 time
478 4742 770 4814 utrobique
812 4742 1122 4814 emendavit
1164 4742 1494 4814 novissimus
1546 4742 1821 4814 Spicilcgii

306 4817 431 4871 iter.
459 4816 610 4886 Quod
650 4812 974 4886 sententiam
1004 4812 1165 4886 hujus
1196 4813 1310 4886 _loci
1337 4813 1459 4867 vide
1478 4821 1593 4868 not.
1616 4812 1828 4869 723(in

231 4886 447 4941 credere
480 4883 801 4956 opusculum
834 4885 908 4939 De
935 4885 1146 4956 prppria
1187 4883 1359 4954 lapsu.

305 4957 492 5030 (1467)
515 4954 734 5030 Confer_
748 4965 861 5030 not.
881 4954 1016 5010 1550
1039 4954 1091 5030 i_n
1116 4968 1424 5030 sermonem
1443 4969 1480 5009 ιι
1500 4954 1831 5030 _de_Ascen-

232 5023 387 5085 sione
410 5068 423 5091 ,
473 5023 575 5085 'ubi
611 5026 1014 5083 distinctionem
1053 5025 1193 5079 inter
1239 5024 1446 5079 credere
1493 5026 1548 5079 in
1577 5023 1745 5079 Deum
1775 5032 1830 5080 et

234 5096 343 5153 Deo
374 5115 445 5155 ex
474 5098 720 5156 Ratherii
745 5094 1368 5168 utenterexplicabimus.

627 4676 719 4745 qui
768 4674 1004 4730 videlicet
1159 4711 1174 4725 .
1218 4710 1233 4724 .
1275 4710 1288 4745 τ
1328 4673 1498 4745 ._quia

1936 4687 2003 4726 cx
2050 4670 2154 4724 hoc
2196 4668 2313 4723 loco
2338 4668 2615 4724 discimus.
2642 4668 2803 4724 Missa
2833 4679 3010 4724 autem
3053 4670 3113 4725 S.
3146 4668 3420 4725 Michaelis
3448 4671 3525 4725 fe-

1938 4742 2019 4796 ria
2049 4738 2285 4794 secunda
2318 4738 2587 4793 celebrata
2635 4747 2721 4793 est
2762 4741 2950 4804 missa,
2999 4741 3076 4796 uti
3113 4741 3287 4803 aiunt,
3316 4742 3521 4794 votiva.

1936 4812 1994 4866 lu
2023 4811 2172 4879 calce
2209 4809 2412 4865 codicis
2446 4808 2795 4865 Ottoboniani
2826 4810 3152 4866 continentis
3196 4810 3525 4865 Sacramen-

1940 4882 2138 4937 tarium
2181 4880 2597 4950 Gregorianum,
2650 4890 2929 4935 caractere
2978 4881 3247 4937 undecimi
3303 4882 3527 4936 circiter

1938 4952 2121 5009 saeculi
2165 4952 2306 5006 inter
2345 4951 2548 5019 aliquot
2586 4951 2780 5005 missas
2810 4950 3023 5008 votivas
3064 4951 3258 5020 legitur
3306 4969 3318 5003 :
3364 4950 3529 5006 Feria

1937 5023 2169 5079 secunda
2198 5021 2358 5094 inissa
2387 5022 2455 5094 ad
2482 5020 3412 5094 postulanda_sulfragia_eanatorum
3429 5038 3529 5094 an-

1930 5095 2185 5165 gelorum.
2228 5092 2364 5148 Vide
2401 5090 2777 5158 Murat'orium,
2800 5090 3049 5162 Liturgia
3076 5091 3249 5160 _Rom.
3295 5098 3435 5147 tom.
3466 5091 3529 5158 ll,
