4044 5348
491 375 600 432 715

1393 360 1728 419 RATHERII
1768 311 1984 416 EPISC.
2026 353 2281 412 γειιοΝ.
2321 353 2476 412 OPP.
2515 353 2695 410 PARS
2734 352 2819 409 lli.
2872 365 2889 380 ‘

3672 346 3772 402 716

490 493 701 554 innuis;
744 488 853 543 imo
874 486 1007 541 iram
1036 481 1247 540 Domini
1276 487 1428 536 tanto
1465 477 1623 534 nobis
1651 470 1869 548 gravius
1893 470 2086 528 a’ccen-
2113 473 2165 535 Α
2188 485 2306 540 qua:
2334 485 2439 524 non
2478 470 2602 537 Iacit
2633 470 2861 536 fructum
2894 467 3104 529 bonum,
3135 464 3403 520 excidetur
3433 474 3484 519 et
3515 464 3575 518 in
3609 463 3775 534 ignem

491 584 688 647 dimns,
723 567 829 650 quo
867 593 971 632 non
998 575 1170 631 solum
1199 573 1252 627 in
1281 570 1520 642 peccatis
1568 567 1931 629 remanemus,
1983 562 2078 617 sed

490 675 656 732 etiam
682 673 807 728 ficto
829 670 992 726 corde
1008 681 1186 723 coram
1209 663 1517 720 hominibus
1531 658 1940 716 conversionem
1960 667 2080 724 pec-

489 779 735 825 catorum
771 775 1083 819 lltcnllllllll'.
1108 758 1198 814 Ait
1229 756 1372 811 enim
1401 753 1501 810 Job
1536 750 1915 809 sanctissimus
1945 761 1962 801 :
1992 745 2079 801 Si-

488 861 776 916 mttlatores
803 869 848 912 et
876 855 1057 910 callidi
1093 864 1370 924 provocant
1397 854 1531 906 iram
1579 849 1673 904 Dei
1725 847 1849 920 (Job
1889 857 2078 908 xxxvu,

489 952 604 1014 15).
647 948 965 1012 Provocant,
1015 947 1208 1016 inquit.
1249 947 1420 1012 Quam
1460 943 1696 1016 graviter
1733 937 1982 1012 {subaudi
2009 936 2077 992 ti-

489 1043 795 1114 mendum],
850 1041 893 1097 si
941 1039 1282 1096 'solummodo
1317 1048 1581 1092 merentur
1631 1029 1891 1090 dixisset?
1929 1028 2080 1084 Nunc

491 1150 624 1191 vero
661 1150 784 1190 cum
811 1143 1090 1204 provocant
1123 1129 1343 1194 dixerit,
1373 1127 1496 1199 quis
1541 1141 1646 1181 non
1696 1119 2080 1180 extremiscat?

491 1227 615 1297 quis
644 1241 748 1280 non
787 1238 923 1295 pene
964 1225 1070 1278 hoc
1111 1222 1350 1277 tonitruo
1387 1220 1662 1290 spiritum,
1694 1226 1752 1272 ut
1781 1215 1854 1270 ita
1879 1214 2078 1279 diram,

491 1319 744 1377 exhalet?
775 1317 888 1373 Non
919 1316 1257 1372 extrctniscit
1288 1313 1504 1379 merito,
1553 1312 1638 1368 cui
1665 1309 1808 1366 nuila
1833 1309 1973 1365 inest
2009 1307 2083 1363 si-

489 1411 749 1476 mulatio;
784 1410 879 1465 sed
903 1409 954 1463 in
992 1423 1098 1479 quo
1137 1416 1227 1461 aut
1253 1407 1452 1476 aliqua,
1483 1413 1575 1459 aut
1618 1403 1928 1459 onmimoda
1974 1408 2080 1466 est,

491 1505 763 1576 quomodo
785 1513 910 1558 ante
934 1501 1096 1575 603
1127 1516 1314 1556 vocem
1337 1498 1642 1568 huiusmodi
1685 1495 1913 1566 fragoris
1951 1495 2080 1552 sub-

491 1599 688 1656 sistere
717 1596 928 1666 potest?
967 1595 1048 1649 An
1089 1593 1214 1663 quia
1245 1593 1353 1648 neu
1384 1591 1542 1646 modo
1565 1603 1779 1660 seporc,
1804 1588 1898 1644 sed
1919 1587 2083 1643 etiam

491 1701 666 1746 morte
686 1688 1184 1759 consopitusiacct?
1214 1685 1652 1756 Expergiseatur,
1669 1697 1872 1753 quaeso,
1897 1693 2082 1735 resur-

493 1793 604 1855 gat,
633 1781 845 1852 postulo
868 1781 1117 1850 (forsitan
1143 1780 1287 1836 enim
1313 1776 1664 1845 mihimctipsi
1695 1775 1872 1846 dico):
1901 1771 2085 1827 audiat

493 1879 821 1933 clamantem
855 1874 1076 1946 puellae:
1124 1872 1238 1927 Tibi
1287 1873 1428 1926 dico:
1456 1869 1624 1941 Surge
1654 1869 1846 1941 (Marc.
1877 1885 1932 1933 v,
1959 1867 2083 1936 M);

493 1977 588 2024 aut
623 1977 769 2023 certe
793 1977 1012 2038 propter
1041 1965 1238 2021 molem
1270 1964 1492 2035 lapidea:
1523 1960 1959 2017 eonwetudinis:
1985 1959 2089 2014 La-

495 2075 636 2124 zare,
672 2060 780 2114 veni
820 2059 962 2128 foras
988 2057 1170 2129 (Joan.
1197 2071 1273 2122 xl,
1301 2055 1414 2127 45).
1455 2054 1591 2118 Nam
1639 2054 1888 2125 superior
1919 2052 2087 2124 signi-

495 2147 675 2204 ﬁcatio
709 2150 774 2204 ad
800 2149 1067 2220 iacentem
1109 2147 1343 2202 refertur
1371 2147 1423 2200 in
1455 2146 1781 2214 cogitatione
1821 2155 2082 2211 mortem;

495 2242 718 2298 inferior
757 2242 822 2298 ad
859 2241 1219 2297 miserrimam
1254 2237 1660 2296 consuetudinis
1691 2237 2078 2294 assiduitatem.

494 2335 684 2390 Veniat
706 2334 831 2390 licet
857 2335 1050 2406 ligatus
1075 2329 1243 2396 foras,
1272 2329 1516 2386 absolvet
1536 2329 1679 2384 enim
1703 2344 1824 2406 eum
1843 2317 2086 2401 benigna

493 2429 590 2486 Dei
626 2429 1018 2491 misericordia,
1050 2427 1095 2481 si
1125 2441 1225 2496 per
1251 2423 1646 2480 confessionem
1671 2435 1728 2478 se
1751 2423 2090 2478 demonstra-

495 2523 658 2587 verit,
688 2529 742 2576 et
771 2519 1033 2576 revelabit
1071 2517 1228 2572 faciei
1276 2517 1394 2588 eius
1445 2516 1646 2581 lucem,
1690 2532 1795 2587 qua
1841 2516 2086 2582 carebat,

496 2611 624 2668 dum
655 2611 936 2665 Dominum
961 2623 1119 2679 quam
1135 2608 1376 2680 graviter
1404 2604 1722 2672 oﬂ'enderet,
1751 2607 1861 2661 imo
1889 2620 2088 2676 provo-

497 2718 667 2771 caret,
700 2705 920 2759 minime
951 2705 1228 2758 cernebat.

566 2797 620 2851 2.
667 2797 732 2850 Et
761 2811 912 2866 rogo,
948 2792 1134 2858 frater,
1170 2792 1476 2862 quicunque
1499 2791 1621 2845 talis
1652 2805 1736 2858 es,
1763 2789 1868 2845 mei
1900 2788 2087 2860 utique

497 2887 711 2950 similis,
744 2887 788 2940 si
824 2885 1100 2939 inimicum
1141 2883 1370 2937 haberes
1423 2881 1519 2936 tibi
1570 2880 1998 2945 infestissimum,
2041 2881 2088 2936 si

498 2981 686 3050 utique
749 2979 912 3034 totius
941 2977 1184 3041 honoris,
1222 2975 1390 3046 ipsius
1426 2975 1591 3030 etiam
1635 2976 1759 3030 vitae
1808 2984 1914 3030 tuae
1958 2975 2088 3030 insi-

497 3073 760 3128 diatorem
794 3068 1202 3141 nequissimum,
1227 3076 1283 3123 et
1305 3071 1407 3138 ego
1437 3069 1675 3122 tunicam
1708 3077 1852 3121 tuam
1902 3068 2083 3122 aufer-

497 3181 611 3221 rem
643 3173 698 3220 et
727 3164 800 3218 illi
841 3164 1136 3218 tribuerem
1174 3179 1188 3215 :
1219 3176 1404 3216 nonne
1431 3160 1612 3216 acrius
1647 3161 1961 3216 irascereris
1988 3177 2084 3232 pro

2178 558 2414 612 mittetur
2440 556 2654 627 (Matth.
2689 574 2772 622 ιιι,
2800 556 2914 625 10).
2942 556 3006 611 Et
3028 556 3096 611 de
3138 555 3330 627 spiritu
3361 555 3675 611 immundo:
3713 555 3774 610 Et

2178 651 2410 715 veniens,
2435 650 2632 720 inquit,
2658 650 2847 704 invenit
2879 650 3091 703 domum
3117 659 3405 716 vacantem,
3426 650 3598 718 scopis
3620 665 3774 703 multo

2178 741 2359 796 datam
2388 753 2435 795 et
2469 751 2740 808 ornatam;
2769 754 2891 797 tunc
2920 741 3060 796 vadit
3094 753 3138 795 et
3168 742 3386 796 assumit
3413 753 3608 812 septem
3649 740 3778 797 alios

2179 833 2396 904 spiritus
2423 835 2698 904 nequiores
2736 851 2811 899 se,
2838 845 2883 888 et
2922 833 3142 904 ingressi
3173 816 3529 899 habitant‘tbt,
3557 845 3606 888 et
3644 833 3778 901 ﬁunt

2181 927 2465 981 novissima
2488 926 2715 980 hominis
2745 925 2888 979 illius
2918 924 3098 995 pejora
3137 923 3400 992 prioribus
3425 923 3649 992 (Matth.
3680 938 3778 986 su,

2178 1016 2293 1089 64).
2321 1015 2469 1073 Solet
2491 1017 2638 1074 enim
2667 1016 2901 1072 recidiva
2928 1014 3264 1085 frequentius
3293 1029 3458 1084 quam
3490 1014 3668 1084 prima
3695 1016 3776 1069 in-

2181 1109 2428 1167 tcrftcere
2457 1109 2644 1166 febris.
2669 1109 2726 1165 Si
2756 1117 2936 1164 autem
2985 1107 3183 1163 bonum
3218 1108 3461 1172 inchoas,
3508 1123 3610 1164 nec
3661 1124 3780 1178 per-

2181 1204 2481 1260 severando
2503 1202 2555 1258 in
2587 1202 2843 1259 saeuiunt
2872 1200 3052 1259 sreculi
3076 1201 3204 1256 illud
3233 1200 3528 1265 inhabitas,
3560 1215 3697 1257 eave
3716 1214 3779 1255 ne

2180 1310 2247 1352 ex
2272 1295 2564 1366 improviso
2591 1294 2779 1350 audias
2805 1311 2818 1348 :
2854 1292 3126 1360 Quomodo
3147 1293 3379 1348 cecidisti
3407 1296 3473 1348 de
3492 1293 3644 1357 certo,
3677 1291 3780 1346 Ln-

2181 1385 2350 1456 cifer?
2375 1385 2512 1457 (Isa.
2535 1400 2644 1449 xiv,
2669 1385 2786 1456 22.)
2813 1383 3343 1453 Quoniamquitlem,
3362 1382 3406 1438 si
3430 1384 3524 1455 qui
3551 1383 3610 1437 in
3634 1383 3779 1436 bonis

2183 1478 2423 1549 operibus
2457 1479 2856 1548 perseveraverit
2896 1491 3057 1547 usque
3096 1475 3152 1532 in
3198 1475 3380 1546 ﬁnem,
3423 1473 3606 1529 salvus
3661 1475 3778 1536 crit,

2184 1567 2403 1642 (Matth.
2434 1573 2581 1632 x'xtv,
2614 1568 2724 1639 15),
2756 1567 2962 1638 absque
2992 1566 3157 1624 dubio
3191 1566 3283 1636 qui
3324 1581 3429 1622 non
3455 1580 3777 1637 persevera-

2183 1663 2326 1718 verit
2353 1661 2598 1733 pertlitus
2621 1661 2747 1717 erit.
3369 1671 3380 1681 ‘

2256 1756 2308 1810 5.
2349 1757 2678 1811 Assistentes
2703 1753 2870 1826 igitur
2894 1753 2948 1809 in
2979 1761 3271 1825 conspectu
3317 1752 3434 1818 Dei,
3465 1750 3779 1806 misericor-

2120 1839 2168 1906 Β
2193 1848 2334 1904 diam
2361 1857 2415 1903 et
2463 1847 2836 1903 remissionem
2859 1855 3204 1917 peccatorum
3227 1844 3566 1916 postulantes
3588 1851 3647 1898 et
3688 1857 3783 1896 ex-

2190 1948 2519 2009 spectantes,
2543 1953 2735 1993 tnoneo
2759 1946 2817 1992 ut
2842 1937 3068 1994 solerter
3084 1939 3189 1993 duo
3211 1937 3329 1992 haec
3350 1935 3635 2007 cogitetis:
3655 1935 3777 1989 hinc

2189 2032 2398 2088 scilicet
2425 2033 2553 2102 quid
2582 2031 2825 2102 egeritis,
2882 2031 3009 2086 hinc
3037 2030 3167 2101 quid
3197 2045 3295 2101 pro
3343 2030 3484 2085 actis
3515 2029 3775 2099 recipere,

2188 2125 2291 2181 nisi
2317 2124 2516 2181 Christi
2539 2123 2824 2180 clementia
2846 2120 3330 2194 subveniat,60&.
3356 2120 3588 2176 debetis.
3617 2120 3779 2172 luter-

2190 2224 2344 2286 roget
2371 2217 2739 2286 unusquisque
2761 2217 3025 2284 seipsum,
3061 2215 3239 2270 videat
3266 2213 3320 2268 in
3347 2212 3570 2284 quantis
3600 2226 3660 2266 se
3690 2211 3780 2266 dc-

2189 2309 2527 2380 prehendere
2541 2309 2740 2380 poterit
2770 2323 2943 2364 reum.
2967 2307 3100 2363 Cum
3127 2307 3272 2361 enim
3298 2305 3665 2360 certissimum
3692 2303 3779 2367 sit,

2190 2400 2339 2457 omni
2372 2400 2575 2456 homini
2607 2415 2800 2454 sanum
2840 2407 3001 2469 caput
3031 2397 3275 2463 habenti,
3312 2384 3509 2452 cuncta
3537 2394 3649 2450 Deo
3670 2393 3782 2470 Idis-

2190 2492 2391 2565 plicere
2417 2507 2536 2563 quze
2566 2491 2780 2548 diabolo
2811 2499 3022 2546 constat
3053 2489 3298 2561 placere,
3339 2483 3628 2544 Sciendum
3656 2486 3780 2556 quia

2192 2601 2465 2658 nunquam
2491 2585 2683 2641 melius
2713 2599 2999 2655 possumus
3035 2582 3285 2653 colligere
3319 2582 3440 2652 quis
3485 2580 3664 2636 cuivis
3690 2579 3782 2632 de-

2192 2679 2436 2734 serviens
2477 2675 2610 2732 vitio
2652 2676 2780 2746 quid
2830 2684 3132 2742 mereatur,
3190 2689 3350 2748 quam
3375 2670 3601 2743 regitet,
3631 2669 3783 2739 cujus

2191 2769 2463 2840 particeps
2495 2768 2546 2822 in
2572 2781 2736 2839 apere
2765 2766 3026 2831 habetur;
3065 2753 3140 2819 ait
3169 2767 3312 2819 enim
3341 2762 3577 2828 Veritas,
3603 2764 3656 2816 in
3684 2777 3780 2816 ex-

2191 2869 2364 2916 tremo
2389 2861 2583 2915 messis
2613 2868 2854 2928 teztpore
2888 2856 3180 2928 agricolam
3233 2857 3565 2911 messoribus
3611 2854 3784 2908 dictu-

2191 2968 2313 3028 rum
2361 2967 2498 3010 esse:
2539 2949 2781 3021 Colligite
2818 2952 3045 3022 primunt
3105 2949 3338 3014 zizania,
3395 2958 3443 3002 et
3471 2947 3692 3017 alligale
3720 2961 3781 2999 ea

2191 3047 2458 3116 fasciculis
2490 3048 2557 3101 ad
2598 3047 3007 3100 comburendum
3059 3044 3272 3117 (Matth.
3327 3060 3447 3112 xm,
3478 3042 3601 3113 50);
3641 3042 3782 3113 quod

2191 3139 2370 3196 dicere
2400 3141 2528 3210 quid
2550 3141 2692 3196 aliud
2721 3152 2832 3208 est,
2867 3142 2970 3198 nisi
3009 3141 3319 3197 consimiles
3348 3141 3397 3194 in
3431 3139 3638 3195 scelere
3667 3139 3781 3209 pari

497 3269 562 3311 eo
591 3255 732 3326 quod
757 3268 856 3324 ego
878 3253 950 3306 illi
992 3253 1248 3308 haberem
1287 3254 1492 3317 datam,
1529 3267 1690 3321 quam
1719 3267 1820 3324 pro
1848 3267 1913 3306 eo
1943 3208 2083 3321 ρᾶοα
2114 3208 2159 3273 c
2193 3234 2356 3287 etiam
2383 3234 2619 3288 vindicta
2647 3235 2926 3306 copulate?
2951 3235 3052 3302 Qui
3076 3237 3239 3306 igitur
3264 3233 3515 3313 superbia
3544 3208 3780 3286 tumidus

497 3363 526 3401 a
557 3356 607 3401 te
627 3344 903 3400 ablatum?
924 3345 1000 3399 lta
1031 3345 1230 3414 itaque,
1262 3344 1336 3397 ita
1356 3343 1711 3414 Omnipotens
1725 3345 1946 3414 gravius
1957 3343 2084 3413 fert,

499 3438 706 3494 credito
743 3437 896 3502 mihi,
941 3436 986 3490 si
1024 3436 1166 3504 quod
1221 3435 1312 3490 Dei
1360 3442 1444 3490 est
1483 3433 1696 3490 diabolo
1735 3433 2088 3504 impenditur,

444 3520 457 3532 ’
497 3545 658 3600 quam
687 3529 729 3584 si
773 3543 872 3583 nec
922 3526 1024 3581 sibi
1081 3541 1182 3581 nec
1231 3525 1446 3581 diabolo
1503 3525 1839 3580 redderetur.
1876 3522 2090 3596 Jeinnia

497 3624 715 3694 quippe,
746 3620 1037 3685 orationes,
1073 3619 1446 3689 eleemosynae,
1475 3627 1531 3674 et
1557 3627 1751 3673 cretera
1780 3617 2090 3688 lmiusmodi

498 3717 610 3771 Deo
631 3715 729 3770 soli
756 3714 1042 3778 debentur,
1069 3711 1186 3780 eius
1209 3711 1548 3766 solummodo
1569 3724 1754 3765 amore
1784 3710 1866 3781 agi
1892 3709 2088 3766 debent

497 3811 583 3865 vel
611 3810 822 3863 timore.
851 3806 952 3874 Qui
978 3819 1104 3877 ergo
1127 3805 1376 3860 simulato
1401 3803 1563 3859 corde
1585 3818 1684 3873 pro
1710 3803 1868 3859 laude
1897 3803 2090 3858 huma-

507 3916 576 3954 na
618 3899 703 3953 vel
739 3899 924 3951 mundi
953 3897 1111 3965 huius
1139 3910 1276 3950 vana
1305 3895 1471 3963 gloria
1495 3908 1557 3949 ea
1593 3895 1926 3966 exsequitur,
1960 3896 2090 3965 quid

503 3993 647 4047 aliud
686 3992 787 4044 nisi
821 4006 934 4045 rem
973 3989 1067 4043 Dei
1105 3988 1318 4042 diabolo
1361 3987 1624 4058 largitur?
1659 3987 1783 4043 ldeo
1826 3987 2090 4057 deprecor

504 4092 778 4152 repetens,
843 4083 1149 4149 iterumque
1171 4093 1510 4142 commoneo,
1536 4085 1594 4131 ut
1630 4081 1775 4148 quod
1818 4079 1870 4132 in
1904 4079 2088 4133 habitu

509 4173 917 4237 demonstratis,
969 4173 1022 4227 in
1071 4172 1236 4226 corde
1289 4171 1466 4241 potius
1517 4169 1840 4235 exhibeatis,
1907 4179 1965 4223 ut
2003 4185 2091 4225 re¢

505 4269 820 4322 missionem
837 4274 1180 4336 peccatorum
1209 4273 1514 4319 vestrorum
1536 4263 1825 4332 impetrem
1846 4263 2087 4332 possitis.

501 4360 622 4430 Ipsa
648 4369 826 4413 autem
861 4359 1104 4414 remissio
1126 4374 1245 4427 quze
1283 4358 1371 4421 sit,
1405 4364 1458 4412 et
1493 4356 1728 4427 qualiter
1772 4358 1928 4412 nobis
1959 4373 2087 4428 pro-

505 4453 709 4517 veniat,
740 4452 957 4506 audite:
999 4450 1058 4506 Si
1087 4451 1325 4505 averterit
1353 4467 1422 4514 se,
1454 4449 1648 4519 inquit,
1673 4450 1861 4520 impius
1897 4449 1960 4504 ab
1991 4450 2088 4503 im-

505 4547 692 4616 pietate
721 4562 838 4607 sua,
871 4554 916 4598 et
945 4543 1121 4614 fecerit
1148 4543 1410 4612 judicium
1432 4550 1481 4594 et
1502 4541 1784 4611 justitiam,
1836 4542 1937 4596 vita
1963 4543 2088 4597 vivet

503 4649 552 4693 et
575 4656 679 4693 non
710 4639 962 4692 morietur
988 4635 1202 4706 (Ezech.
1232 4651 1386 4701 xvm,
1413 4635 1525 4707 27).
1551 4633 1693 4701 Vita,
1718 4635 1912 4706 inquit,
1931 4635 2090 4699 vivet;

507 4747 612 4801 qua
639 4731 788 4785 vita?
818 4729 1132 4800 temporali?
1155 4746 1292 4794 non;
1334 4730 1638 4784 moriuntur
1664 4729 1807 4784 enim
1862 4737 1916 4782 et
1958 4727 2089 4799 justi

508 4837 661 4892 mque
689 4833 749 4877 ut
779 4821 996 4890 iniusti;
1030 4822 1123 4877 sed
1146 4822 1279 4892 iusti
1307 4820 1696 4891 temporaliter,
1729 4820 1875 4890 impii
1908 4829 2087 4876 autem

511 4917 814 4970 moriuntur
837 4915 1182 4969 mternaliter.
1212 4913 1328 4968 Non
1352 4913 1538 4982 utique
1583 4922 1639 4968 et
1686 4912 1788 4982 ipsi
1841 4910 2089 4984 [subaudi

510 5005 812 5061 morientur
838 5003 1184 5076 :eternaliter]
1212 5006 1264 5058 in
1293 5019 1478 5068 carne,
1528 4999 1810 5072 resurgent
1839 5003 1981 5057 enim
2033 5002 2088 5056 in

2191 3326 2447 3383 incedens
2476 3339 2703 3384 caeteros
2726 3328 2974 3397 despicit,
3001 3328 3128 3398 quid
3171 3326 3313 3381 aliud
3341 3341 3506 3396 quam
3538 3340 3663 3379 cum
3693 3322 3779 3376 illa

2189 3420 2477 3492 principali
2507 3421 2759 3492 superbia
2790 3419 2865 3474 illi
2897 3435 2954 3474 se
2976 3417 3246 3484 conferre,
3279 3419 3322 3471 si
3353 3424 3555 3488 posset,
3585 3415 3776 3477 ambit,

2188 3512 2281 3584 qui
2304 3512 2427 3583 iure
2462 3512 2720 3568 Dominus
2769 3523 2822 3567 et
2861 3505 3076 3569 creator
3100 3513 3340 3567 omnium
3363 3519 3560 3565 cuncta
3593 3522 3781 3578 super-

2188 3603 2403 3661 excelllt
2444 3603 2591 3672 ?Qui
2617 3618 2748 3660 vero
2775 3603 2972 3658 invidia
3015 3601 3264 3668 tabescit,
3315 3615 3493 3655 nonne
3529 3597 3779 3653 eumdem

2191 3700 2388 3770 ipsum,
2422 3707 2583 3770 atque
2606 3700 2846 3754 membra
2873 3697 3033 3762 illius,
3065 3696 3278 3752 Iudaeos
3300 3695 3503 3774 scilicet
3541 3691 3779 3764 perfidos

2189 3791 2374 3848 livoris
2398 3793 2480 3847 sui
2506 3791 2798 3863 participes
2819 3789 3105 3846 adsciscit?
3129 3788 3226 3857 Qui
3270 3803 3398 3843 vero
3426 3787 3675 3841 avaritiae
3700 3793 3780 3840 at-

2190 3898 2296 3956 que
2332 3883 2604 3954 eupiditia:
2623 3883 2846 3938 aestibus
2878 3873 3114 3947 anhelat,
3149 3879 3277 3952 quid
3307 3878 3452 3933 aliud
3484 3892 3650 3946 quam
3697 3875 3778 3947 ip-

2189 3991 2331 4041 sum,
2361 3975 2452 4045 qui
2480 3975 2674 4030 similis
2713 3988 2833 4029 esse
2860 3973 3147 4047 Altissimo
3170 3969 3326 4042 (Isai.
3352 3984 3466 4034 XIV,
3491 3967 3581 4040 14)
3616 3966 3780 4023 nimis

2189 4070 2343 4124 avide
2373 4068 2618 4135 ambivit,
2667 4077 2722 4123 et
2755 4065 2947 4122 Judam
2969 4066 3212 4121 avaritia:
3238 4064 3567 4119 inebriatum
3611 4075 3776 4116 vene-

2190 4178 2281 4228 ιο,
2310 4177 2417 4232 quo
2446 4162 2663 4216 avarius
2693 4161 2852 4216 ditari
2898 4159 3188 4224 desiderat,
3244 4165 3394 4213 tanto
3450 4155 3688 4225 amplius
3724 4153 3784 4209 in

2191 4271 2290 4326 suo
2315 4270 2478 4326 opere
2500 4253 2886 4326 repraesentat?
2919 4253 2985 4307 Et
3027 4252 3116 4326 qui
3143 4250 3365 4304 luxuria:
3391 4247 3604 4303 facibus
3636 4248 3782 4301 inar-

2191 4352 2384 4418 descit,
2432 4351 2561 4421 quid
2609 4349 2710 4403 nisi
2755 4364 2876 4403 eum
2927 4347 3010 4402 his
3064 4347 3154 4416 qui
3206 4359 3330 4398 cum
3379 4341 3782 4396 Mohabitarum

2191 4444 2402 4500 ﬁliabus
2449 4441 2884 4514 petulantissime
2910 4446 3171 4494 coeuntes
3211 4435 3400 4506 (Num.
3428 4449 3558 4496 xxv,
3592 4433 3647 4502 Ι)
3673 4430 3787 4485 ani-

2151 4577 2158 4590 ς
2195 4533 2570 4590 madversione
2625 4531 2876 4585 vindictae
2909 4525 3144 4584 emlestis
3196 4523 3540 4588 interierunt,
3587 4519 3786 4576 futura:

2120 4585 2170 4648 D

2197 4643 2262 4682 ac
2287 4635 2559 4697 perpetua:
2601 4620 3040 4692 conﬂagrationis
3082 4633 3269 4690 rogum
3315 4615 3416 4670 sibi
3445 4609 3788 4685 comportat?

2198 4716 2300 4784 Qui
2329 4731 2453 4770 vero
2478 4714 2693 4784 publice
2723 4713 2776 4766 in
2815 4710 2908 4766 tali
2947 4724 3112 4780 opere
3135 4707 3440 4770 insaniunt,
3479 4704 3796 4761 Sodomita-

2197 4823 2318 4864 rum
2368 4805 2703 4861 concordare
2759 4797 2980 4859 cl'amori
3029 4800 3400 4864 contendunt;
3458 4798 3553 4868 qui
3606 4795 3791 4850 autem

2196 4904 2296 4960 sub
2327 4901 2491 4971 pallio
2522 4899 2788 4955 castitatis
2826 4913 2857 4952 a
2889 4903 3180 4966 conspectu
3213 4893 3493 4948 hominum
3524 4906 3685 4947 suam
3729 4887 3793 4942 li-

2196 4994 2432 5050 bidinem
2479 4999 2790 5061 contegunt,
2826 4990 2892 5044 ad
2923 4987 3320 5043 Pharisaeorum
3351 4983 3791 5046 similitudinem,

3193 5076 3286 5102 Ir...
3332 5078 3474 5102 -...t.:-
3552 5077 3636 5102 --.;
3675 5061 3792 5102 “cf.
