  <div class='ocr_page' id='page_1' title='image "/cluster/home/n/w/nwhite01/storage/ocr_20150623/136/hvd.32044015471766/362.png"; bbox 0 0 4044 5348; ppageno 0'>
   <div class='ocr_carea' id='block_1_1' title="bbox 982 266 1050 280">
    <p class='ocr_par' dir='ltr' id='par_1_1' title="bbox 982 266 1050 280">
     <span class='ocr_line' id='line_1_1' title="bbox 982 266 1050 280; baseline 0 -12"><span class='ocrx_word' id='word_1_1' title='bbox 982 271 1014 280; x_wconf 53' lang='grc' dir='ltr'><strong>,Ι</strong></span> <span class='ocrx_word' id='word_1_2' title='bbox 1047 266 1050 268; x_wconf 97' lang='grc'>.</span> 
     </span>
    </p>
   </div>
   <div class='ocr_carea' id='block_1_2' title="bbox 213 339 325 402">
    <p class='ocr_par' dir='ltr' id='par_1_2' title="bbox 213 339 325 402">
     <span class='ocr_line' id='line_1_2' title="bbox 213 339 325 402; baseline 0 -1"><span class='ocrx_word' id='word_1_3' title='bbox 213 339 325 402; x_wconf 78' lang='grc'><strong>’117</strong></span> 
     </span>
    </p>
   </div>
   <div class='ocr_carea' id='block_1_3' title="bbox 1687 337 2076 398">
    <p class='ocr_par' dir='ltr' id='par_1_3' title="bbox 1687 337 2076 398">
     <span class='ocr_line' id='line_1_3' title="bbox 1687 337 2076 398; baseline 0.005 -2"><span class='ocrx_word' id='word_1_4' title='bbox 1687 337 2076 398; x_wconf 75' lang='lat' dir='ltr'><strong>SERHONES.</strong></span> 
     </span>
    </p>
   </div>
   <div class='ocr_carea' id='block_1_4' title="bbox 3389 360 3496 420">
    <p class='ocr_par' dir='ltr' id='par_1_4' title="bbox 3389 360 3496 420">
     <span class='ocr_line' id='line_1_4' title="bbox 3389 360 3496 420; baseline 0.028 -4"><span class='ocrx_word' id='word_1_5' title='bbox 3389 360 3496 420; x_wconf 73' lang='grc'><strong>718</strong></span> 
     </span>
    </p>
   </div>
   <div class='ocr_carea' id='block_1_5' title="bbox 214 450 3498 541">
    <p class='ocr_par' dir='ltr' id='par_1_5' title="bbox 214 450 3498 541">
     <span class='ocr_line' id='line_1_5' title="bbox 214 450 3498 541; baseline 0.006 -29"><span class='ocrx_word' id='word_1_6' title='bbox 214 455 390 529; x_wconf 72' lang='lat' dir='ltr'><strong>plaga:</strong></span> <span class='ocrx_word' id='word_1_7' title='bbox 417 469 600 510; x_wconf 72' lang='lat' dir='ltr'><strong>eorum</strong></span> <span class='ocrx_word' id='word_1_8' title='bbox 628 450 804 524; x_wconf 81' lang='lat' dir='ltr'><strong>(Psal.</strong></span> <span class='ocrx_word' id='word_1_9' title='bbox 844 468 1002 521; x_wconf 76' lang='lat' dir='ltr'><strong>um,</strong></span> <span class='ocrx_word' id='word_1_10' title='bbox 1022 453 1112 524; x_wconf 85' lang='lat'><strong>8);</strong></span> <span class='ocrx_word' id='word_1_11' title='bbox 1136 462 1220 514; x_wconf 86' lang='lat' dir='ltr'><strong>et:</strong></span> <span class='ocrx_word' id='word_1_12' title='bbox 1251 454 1598 511; x_wconf 78' lang='lat' dir='ltr'><strong>Intenderunt</strong></span> <span class='ocrx_word' id='word_1_13' title='bbox 1632 468 1814 508; x_wconf 86' lang='lat' dir='ltr'><strong>arcum</strong></span> <span class='ocrx_word' id='word_1_14' title='bbox 1843 455 1893 514; x_wconf 82' lang='grc' dir='ltr'>Α</span> <span class='ocrx_word' id='word_1_15' title='bbox 1922 454 2338 511; x_wconf 83' lang='lat' dir='ltr'><strong>mortificatione</strong></span> <span class='ocrx_word' id='word_1_16' title='bbox 2381 457 2659 528; x_wconf 85' lang='lat' dir='ltr'><strong>vitiorum,</strong></span> <span class='ocrx_word' id='word_1_17' title='bbox 2691 476 3038 536; x_wconf 82' lang='lat' dir='ltr'><strong>resurgemus</strong></span> <span class='ocrx_word' id='word_1_18' title='bbox 3069 468 3260 541; x_wconf 87' lang='lat' dir='ltr'><strong>utique</strong></span> <span class='ocrx_word' id='word_1_19' title='bbox 3287 477 3498 534; x_wconf 76' lang='lat' dir='ltr'><strong>etcum</strong></span> 
     </span>
    </p>
   </div>
   <div class='ocr_carea' id='block_1_6' title="bbox 216 544 1805 618">
    <p class='ocr_par' dir='ltr' id='par_1_6' title="bbox 216 544 1805 618">
     <span class='ocr_line' id='line_1_6' title="bbox 216 544 1805 618; baseline -0.004 -14"><span class='ocrx_word' id='word_1_20' title='bbox 216 566 330 605; x_wconf 72' lang='lat' dir='ltr'><strong>rem</strong></span> <span class='ocrx_word' id='word_1_21' title='bbox 361 564 626 611; x_wconf 70' lang='lat' dir='ltr'><strong>amaram,</strong></span> <span class='ocrx_word' id='word_1_22' title='bbox 669 556 726 600; x_wconf 84' lang='lat' dir='ltr'><strong>ut</strong></span> <span class='ocrx_word' id='word_1_23' title='bbox 749 547 991 616; x_wconf 79' lang='lat' dir='ltr'><strong>sagittent</strong></span> <span class='ocrx_word' id='word_1_24' title='bbox 1030 548 1086 602; x_wconf 88' lang='lat' dir='ltr'><strong>in</strong></span> <span class='ocrx_word' id='word_1_25' title='bbox 1126 546 1383 604; x_wconf 74' lang='lat' dir='ltr'><strong>occultis?</strong></span> <span class='ocrx_word' id='word_1_26' title='bbox 1421 545 1596 618; x_wconf 83' lang='lat' dir='ltr'><strong>(Psal.</strong></span> <span class='ocrx_word' id='word_1_27' title='bbox 1637 562 1690 609; x_wconf 63' lang='grc' dir='ltr'><strong>κ,</strong></span> <span class='ocrx_word' id='word_1_28' title='bbox 1723 544 1805 617; x_wconf 80' lang='grc'><strong>5.)</strong></span> 
     </span>
    </p>
   </div>
   <div class='ocr_carea' id='block_1_7' title="bbox 215 639 1812 714">
    <p class='ocr_par' dir='ltr' id='par_1_7' title="bbox 215 639 1812 714">
     <span class='ocr_line' id='line_1_7' title="bbox 215 639 1812 714; baseline -0.004 -16"><span class='ocrx_word' id='word_1_29' title='bbox 215 642 286 699; x_wconf 82' lang='lat' dir='ltr'><strong>Et</strong></span> <span class='ocrx_word' id='word_1_30' title='bbox 311 642 406 714; x_wconf 88' lang='lat' dir='ltr'><strong>qui</strong></span> <span class='ocrx_word' id='word_1_31' title='bbox 431 641 600 710; x_wconf 87' lang='lat' dir='ltr'><strong>gratis</strong></span> <span class='ocrx_word' id='word_1_32' title='bbox 617 655 748 708; x_wconf 81' lang='lat' dir='ltr'><strong>.eos,</strong></span> <span class='ocrx_word' id='word_1_33' title='bbox 781 639 898 696; x_wconf 83' lang='lat' dir='ltr'><strong>solo</strong></span> <span class='ocrx_word' id='word_1_34' title='bbox 927 640 1068 710; x_wconf 91' lang='lat' dir='ltr'><strong>quod</strong></span> <span class='ocrx_word' id='word_1_35' title='bbox 1095 641 1393 696; x_wconf 87' lang='lat' dir='ltr'><strong>subsistunt</strong></span> <span class='ocrx_word' id='word_1_36' title='bbox 1424 640 1559 695; x_wconf 84' lang='lat' dir='ltr'><strong>bene</strong></span> <span class='ocrx_word' id='word_1_37' title='bbox 1583 654 1812 710; x_wconf 79' lang='lat' dir='ltr'><strong>Oper-.m-</strong></span> 
     </span>
    </p>
   </div>
   <div class='ocr_carea' id='block_1_8' title="bbox 216 729 1809 801">
    <p class='ocr_par' dir='ltr' id='par_1_8' title="bbox 216 729 1809 801">
     <span class='ocr_line' id='line_1_8' title="bbox 216 729 1809 801; baseline -0.003 -12"><span class='ocrx_word' id='word_1_38' title='bbox 216 741 324 800; x_wconf 86' lang='lat' dir='ltr'><strong>tes,</strong></span> <span class='ocrx_word' id='word_1_39' title='bbox 359 733 612 789; x_wconf 84' lang='lat' dir='ltr'><strong>odiorum</strong></span> <span class='ocrx_word' id='word_1_40' title='bbox 643 731 996 788; x_wconf 73' lang='lat' dir='ltr'><strong>insectatione</strong></span> <span class='ocrx_word' id='word_1_41' title='bbox 1019 730 1608 801; x_wconf 84' lang='lat' dir='ltr'><strong>aiilictitant,eosquea</strong></span> <span class='ocrx_word' id='word_1_42' title='bbox 1632 729 1809 795; x_wconf 87' lang='lat' dir='ltr'><strong>bonis,</strong></span> 
     </span>
    </p>
   </div>
   <div class='ocr_carea' id='block_1_9' title="bbox 213 820 1814 895">
    <p class='ocr_par' dir='ltr' id='par_1_9' title="bbox 213 820 1814 895">
     <span class='ocr_line' id='line_1_9' title="bbox 213 820 1814 895; baseline -0.003 -17"><span class='ocrx_word' id='word_1_43' title='bbox 213 825 272 882; x_wconf 88' lang='lat' dir='ltr'><strong>in</strong></span> <span class='ocrx_word' id='word_1_44' title='bbox 298 833 566 895; x_wconf 83' lang='lat' dir='ltr'><strong>quantum</strong></span> <span class='ocrx_word' id='word_1_45' title='bbox 596 831 843 894; x_wconf 65' lang='lat' dir='ltr'><strong>pussumt,</strong></span> <span class='ocrx_word' id='word_1_46' title='bbox 878 821 1197 892; x_wconf 88' lang='lat' dir='ltr'><strong>impediunt,</strong></span> <span class='ocrx_word' id='word_1_47' title='bbox 1231 823 1359 893; x_wconf 91' lang='lat' dir='ltr'><strong>quid</strong></span> <span class='ocrx_word' id='word_1_48' title='bbox 1389 820 1531 876; x_wconf 85' lang='lat' dir='ltr'><strong>aliud</strong></span> <span class='ocrx_word' id='word_1_49' title='bbox 1558 837 1718 890; x_wconf 87' lang='lat' dir='ltr'><strong>quam</strong></span> <span class='ocrx_word' id='word_1_50' title='bbox 1751 820 1814 875; x_wconf 92' lang='lat' dir='ltr'><strong>il-</strong></span> 
     </span>
    </p>
   </div>
   <div class='ocr_carea' id='block_1_10' title="bbox 212 911 1810 986">
    <p class='ocr_par' dir='ltr' id='par_1_10' title="bbox 212 911 1810 986">
     <span class='ocr_line' id='line_1_10' title="bbox 212 911 1810 986; baseline -0.001 -16"><span class='ocrx_word' id='word_1_51' title='bbox 212 915 394 973; x_wconf 89' lang='lat' dir='ltr'><strong>lorum</strong></span> <span class='ocrx_word' id='word_1_52' title='bbox 421 915 661 985; x_wconf 73' lang='lat' dir='ltr'><strong>perfidia:</strong></span> <span class='ocrx_word' id='word_1_53' title='bbox 691 915 1042 980; x_wconf 85' lang='lat' dir='ltr'><strong>concordant,</strong></span> <span class='ocrx_word' id='word_1_54' title='bbox 1092 916 1158 968; x_wconf 89' lang='lat' dir='ltr'><strong>de</strong></span> <span class='ocrx_word' id='word_1_55' title='bbox 1187 915 1384 986; x_wconf 77' lang='lat' dir='ltr'><strong>quibus</strong></span> <span class='ocrx_word' id='word_1_56' title='bbox 1414 915 1644 968; x_wconf 89' lang='lat' dir='ltr'><strong>dicitur:</strong></span> <span class='ocrx_word' id='word_1_57' title='bbox 1677 911 1810 968; x_wconf 89' lang='lat' dir='ltr'><strong>Cum</strong></span> 
     </span>
    </p>
   </div>
   <div class='ocr_carea' id='block_1_11' title="bbox 209 1004 1810 1078">
    <p class='ocr_par' dir='ltr' id='par_1_11' title="bbox 209 1004 1810 1078">
     <span class='ocr_line' id='line_1_11' title="bbox 209 1004 1810 1078; baseline -0.002 -16"><span class='ocrx_word' id='word_1_58' title='bbox 209 1008 469 1078; x_wconf 78' lang='lat' dir='ltr'><strong>loquebar</strong></span> <span class='ocrx_word' id='word_1_59' title='bbox 489 1007 618 1072; x_wconf 75' lang='lat' dir='ltr'><strong>illis,</strong></span> <span class='ocrx_word' id='word_1_60' title='bbox 635 1006 1009 1077; x_wconf 86' lang='lat' dir='ltr'><strong>impugnabant</strong></span> <span class='ocrx_word' id='word_1_61' title='bbox 1033 1023 1113 1060; x_wconf 87' lang='lat' dir='ltr'><strong>me</strong></span> <span class='ocrx_word' id='word_1_62' title='bbox 1137 1008 1301 1076; x_wconf 82' lang='lat' dir='ltr'><strong>gratis</strong></span> <span class='ocrx_word' id='word_1_63' title='bbox 1320 1007 1342 1059; x_wconf 91' lang='lat'><strong><em>?</em></strong></span> <span class='ocrx_word' id='word_1_64' title='bbox 1361 1004 1531 1078; x_wconf 85' lang='lat' dir='ltr'><strong>(Psal.</strong></span> <span class='ocrx_word' id='word_1_65' title='bbox 1556 1021 1704 1070; x_wconf 69' lang='lat' dir='ltr'><strong>CXIX,</strong></span> <span class='ocrx_word' id='word_1_66' title='bbox 1732 1004 1810 1074; x_wconf 88' lang='lat'><strong>7.)</strong></span> 
     </span>
    </p>
   </div>
   <div class='ocr_carea' id='block_1_12' title="bbox 210 1095 1813 1170">
    <p class='ocr_par' dir='ltr' id='par_1_12' title="bbox 210 1095 1813 1170">
     <span class='ocr_line' id='line_1_12' title="bbox 210 1095 1813 1170; baseline -0.002 -15"><span class='ocrx_word' id='word_1_67' title='bbox 210 1099 353 1155; x_wconf 71' lang='lat' dir='ltr'><strong>Nam</strong></span> <span class='ocrx_word' id='word_1_68' title='bbox 409 1099 607 1170; x_wconf 86' lang='lat' dir='ltr'><strong>quibus</strong></span> <span class='ocrx_word' id='word_1_69' title='bbox 667 1099 784 1168; x_wconf 87' lang='lat' dir='ltr'><strong>ipsa</strong></span> <span class='ocrx_word' id='word_1_70' title='bbox 832 1112 1021 1152; x_wconf 88' lang='lat' dir='ltr'><strong>eorum</strong></span> <span class='ocrx_word' id='word_1_71' title='bbox 1076 1098 1214 1150; x_wconf 89' lang='lat' dir='ltr'><strong>bona</strong></span> <span class='ocrx_word' id='word_1_72' title='bbox 1261 1097 1404 1151; x_wconf 89' lang='lat' dir='ltr'><strong>actio</strong></span> <span class='ocrx_word' id='word_1_73' title='bbox 1457 1095 1813 1151; x_wconf 88' lang='lat' dir='ltr'><strong>intolerabilis</strong></span> 
     </span>
    </p>
   </div>
   <div class='ocr_carea' id='block_1_13' title="bbox 207 1191 1812 1262">
    <p class='ocr_par' dir='ltr' id='par_1_13' title="bbox 207 1191 1812 1262">
     <span class='ocr_line' id='line_1_13' title="bbox 207 1191 1812 1262; baseline -0.003 -12"><span class='ocrx_word' id='word_1_74' title='bbox 207 1193 599 1259; x_wconf 74' lang='lat' dir='ltr'><strong>existit,iidem</strong></span> <span class='ocrx_word' id='word_1_75' title='bbox 629 1202 754 1248; x_wconf 91' lang='lat' dir='ltr'><strong>sunt</strong></span> <span class='ocrx_word' id='word_1_76' title='bbox 784 1192 883 1262; x_wconf 87' lang='lat' dir='ltr'><strong>ipsi</strong></span> <span class='ocrx_word' id='word_1_77' title='bbox 916 1191 1007 1262; x_wconf 90' lang='lat' dir='ltr'><strong>qui</strong></span> <span class='ocrx_word' id='word_1_78' title='bbox 1033 1192 1085 1246; x_wconf 91' lang='lat' dir='ltr'><strong>in</strong></span> <span class='ocrx_word' id='word_1_79' title='bbox 1113 1191 1252 1246; x_wconf 89' lang='lat' dir='ltr'><strong>libro</strong></span> <span class='ocrx_word' id='word_1_80' title='bbox 1278 1192 1563 1262; x_wconf 76' lang='lat' dir='ltr'><strong>Sapientiae</strong></span> <span class='ocrx_word' id='word_1_81' title='bbox 1587 1191 1812 1261; x_wconf 90' lang='lat' dir='ltr'><strong>loquun-</strong></span> 
     </span>
    </p>
   </div>
   <div class='ocr_carea' id='block_1_14' title="bbox 209 1281 1808 1352">
    <p class='ocr_par' dir='ltr' id='par_1_14' title="bbox 209 1281 1808 1352">
     <span class='ocr_line' id='line_1_14' title="bbox 209 1281 1808 1352; baseline -0.003 -11"><span class='ocrx_word' id='word_1_82' title='bbox 209 1295 302 1341; x_wconf 84' lang='lat' dir='ltr'><strong>tur</strong></span> <span class='ocrx_word' id='word_1_83' title='bbox 352 1285 491 1340; x_wconf 85' lang='lat' dir='ltr'><strong>sibi:</strong></span> <span class='ocrx_word' id='word_1_84' title='bbox 547 1282 730 1339; x_wconf 79' lang='lat' dir='ltr'><strong>Gravis</strong></span> <span class='ocrx_word' id='word_1_85' title='bbox 767 1293 842 1337; x_wconf 77' lang='lat' dir='ltr'><strong>est</strong></span> <span class='ocrx_word' id='word_1_86' title='bbox 875 1283 1019 1337; x_wconf 84' lang='lat' dir='ltr'><strong>nobis</strong></span> <span class='ocrx_word' id='word_1_87' title='bbox 1048 1282 1206 1337; x_wconf 88' lang='lat' dir='ltr'><strong>etiam</strong></span> <span class='ocrx_word' id='word_1_88' title='bbox 1258 1283 1326 1336; x_wconf 87' lang='lat' dir='ltr'><strong>ad</strong></span> <span class='ocrx_word' id='word_1_89' title='bbox 1359 1281 1631 1336; x_wconf 80' lang='lat' dir='ltr'><strong>videndum</strong></span> <span class='ocrx_word' id='word_1_90' title='bbox 1655 1283 1808 1352; x_wconf 72' lang='grc' dir='ltr'><strong>(δίῳ.</strong></span> 
     </span>
    </p>
   </div>
   <div class='ocr_carea' id='block_1_15' title="bbox 207 1375 1810 1450">
    <p class='ocr_par' dir='ltr' id='par_1_15' title="bbox 207 1375 1810 1450">
     <span class='ocr_line' id='line_1_15' title="bbox 207 1375 1810 1450; baseline -0.004 -15"><span class='ocrx_word' id='word_1_91' title='bbox 207 1397 270 1444; x_wconf 84' lang='grc' dir='ltr'><strong>ιι,</strong></span> <span class='ocrx_word' id='word_1_92' title='bbox 307 1379 425 1450; x_wconf 74' lang='lat'><strong>45).</strong></span> <span class='ocrx_word' id='word_1_93' title='bbox 458 1378 560 1447; x_wconf 86' lang='lat' dir='ltr'><strong>Qui</strong></span> <span class='ocrx_word' id='word_1_94' title='bbox 591 1387 771 1433; x_wconf 90' lang='lat' dir='ltr'><strong>autem</strong></span> <span class='ocrx_word' id='word_1_95' title='bbox 804 1385 858 1431; x_wconf 90' lang='lat' dir='ltr'><strong>et</strong></span> <span class='ocrx_word' id='word_1_96' title='bbox 912 1376 1312 1439; x_wconf 88' lang='lat' dir='ltr'><strong>contradicunt,</strong></span> <span class='ocrx_word' id='word_1_97' title='bbox 1364 1375 1455 1444; x_wconf 91' lang='lat' dir='ltr'><strong>qui</strong></span> <span class='ocrx_word' id='word_1_98' title='bbox 1504 1375 1594 1428; x_wconf 95' lang='lat' dir='ltr'><strong>alii</strong></span> <span class='ocrx_word' id='word_1_99' title='bbox 1648 1391 1810 1447; x_wconf 87' lang='lat' dir='ltr'><strong>quam</strong></span> 
     </span>
    </p>
   </div>
   <div class='ocr_carea' id='block_1_16' title="bbox 207 1467 1814 1542">
    <p class='ocr_par' dir='ltr' id='par_1_16' title="bbox 207 1467 1814 1542">
     <span class='ocr_line' id='line_1_16' title="bbox 207 1467 1814 1542; baseline -0.003 -16"><span class='ocrx_word' id='word_1_100' title='bbox 207 1481 595 1542; x_wconf 81' lang='lat' dir='ltr'><strong>persecutores</strong></span> <span class='ocrx_word' id='word_1_101' title='bbox 614 1469 817 1526; x_wconf 82' lang='lat' dir='ltr'><strong>Christi</strong></span> <span class='ocrx_word' id='word_1_102' title='bbox 851 1468 1125 1526; x_wconf 81' lang='lat' dir='ltr'><strong>existunt?</strong></span> <span class='ocrx_word' id='word_1_103' title='bbox 1152 1467 1362 1523; x_wconf 85' lang='lat' dir='ltr'><strong>Etenim</strong></span> <span class='ocrx_word' id='word_1_104' title='bbox 1406 1467 1559 1538; x_wconf 88' lang='lat' dir='ltr'><strong>quasi</strong></span> <span class='ocrx_word' id='word_1_105' title='bbox 1585 1468 1814 1522; x_wconf 85' lang='lat' dir='ltr'><strong>eradere</strong></span> 
     </span>
    </p>
   </div>
   <div class='ocr_carea' id='block_1_17' title="bbox 207 1561 1814 1631">
    <p class='ocr_par' dir='ltr' id='par_1_17' title="bbox 207 1561 1814 1631">
     <span class='ocr_line' id='line_1_17' title="bbox 207 1561 1814 1631; baseline -0.001 -16"><span class='ocrx_word' id='word_1_106' title='bbox 207 1562 408 1617; x_wconf 86' lang='lat' dir='ltr'><strong>nititur</strong></span> <span class='ocrx_word' id='word_1_107' title='bbox 455 1577 653 1618; x_wconf 84' lang='lat' dir='ltr'><strong>nomen</strong></span> <span class='ocrx_word' id='word_1_108' title='bbox 702 1561 930 1629; x_wconf 84' lang='lat' dir='ltr'><strong>Christi,</strong></span> <span class='ocrx_word' id='word_1_109' title='bbox 976 1577 1100 1618; x_wconf 87' lang='lat' dir='ltr'><strong>cum</strong></span> <span class='ocrx_word' id='word_1_110' title='bbox 1152 1561 1267 1617; x_wconf 91' lang='lat' dir='ltr'><strong>sive</strong></span> <span class='ocrx_word' id='word_1_111' title='bbox 1310 1561 1644 1631; x_wconf 64' lang='lat' dir='ltr'><strong>praedicanti,</strong></span> <span class='ocrx_word' id='word_1_112' title='bbox 1698 1561 1814 1619; x_wconf 87' lang='lat' dir='ltr'><strong>sive</strong></span> 
     </span>
    </p>
   </div>
   <div class='ocr_carea' id='block_1_18' title="bbox 208 1656 1813 1727">
    <p class='ocr_par' dir='ltr' id='par_1_18' title="bbox 208 1656 1813 1727">
     <span class='ocr_line' id='line_1_18' title="bbox 208 1656 1813 1727; baseline 0.001 -16"><span class='ocrx_word' id='word_1_113' title='bbox 208 1656 482 1723; x_wconf 86' lang='lat' dir='ltr'><strong>laudanti,</strong></span> <span class='ocrx_word' id='word_1_114' title='bbox 513 1658 841 1714; x_wconf 81' lang='lat' dir='ltr'><strong>contradicit</strong></span> <span class='ocrx_word' id='word_1_115' title='bbox 871 1673 1067 1713; x_wconf 87' lang='lat' dir='ltr'><strong>nomen</strong></span> <span class='ocrx_word' id='word_1_116' title='bbox 1097 1656 1317 1712; x_wconf 87' lang='lat' dir='ltr'><strong>Christi.</strong></span> <span class='ocrx_word' id='word_1_117' title='bbox 1336 1657 1505 1712; x_wconf 86' lang='lat' dir='ltr'><strong>Fures</strong></span> <span class='ocrx_word' id='word_1_118' title='bbox 1523 1671 1682 1727; x_wconf 89' lang='lat' dir='ltr'><strong>quos,</strong></span> <span class='ocrx_word' id='word_1_119' title='bbox 1707 1656 1813 1712; x_wconf 90' lang='lat' dir='ltr'><strong>nisi</strong></span> 
     </span>
    </p>
   </div>
   <div class='ocr_carea' id='block_1_19' title="bbox 212 1749 1813 1821">
    <p class='ocr_par' dir='ltr' id='par_1_19' title="bbox 212 1749 1813 1821">
     <span class='ocr_line' id='line_1_19' title="bbox 212 1749 1813 1821; baseline -0.001 -17"><span class='ocrx_word' id='word_1_120' title='bbox 212 1749 596 1806; x_wconf 63' lang='lat' dir='ltr'><strong>Pbiiisthceos?</strong></span> <span class='ocrx_word' id='word_1_121' title='bbox 633 1751 914 1820; x_wconf 75' lang='lat' dir='ltr'><strong>prtedoues</strong></span> <span class='ocrx_word' id='word_1_122' title='bbox 943 1751 1140 1815; x_wconf 83' lang='lat' dir='ltr'><strong>dicam,</strong></span> <span class='ocrx_word' id='word_1_123' title='bbox 1164 1749 1268 1806; x_wconf 90' lang='lat' dir='ltr'><strong>nisi</strong></span> <span class='ocrx_word' id='word_1_124' title='bbox 1298 1749 1656 1821; x_wconf 83' lang='lat' dir='ltr'><strong>Babylonios?</strong></span> <span class='ocrx_word' id='word_1_125' title='bbox 1686 1764 1813 1804; x_wconf 88' lang='lat' dir='ltr'><strong>nam</strong></span> 
     </span>
    </p>
   </div>
   <div class='ocr_carea' id='block_1_20' title="bbox 1918 545 3498 625">
    <p class='ocr_par' dir='ltr' id='par_1_20' title="bbox 1918 545 3498 625">
     <span class='ocr_line' id='line_1_20' title="bbox 1918 545 3498 625; baseline 0.016 -27"><span class='ocrx_word' id='word_1_126' title='bbox 1918 545 2033 614; x_wconf 89' lang='lat' dir='ltr'><strong>ipso</strong></span> <span class='ocrx_word' id='word_1_127' title='bbox 2057 547 2390 603; x_wconf 77' lang='lat' dir='ltr'><strong>exhibitione</strong></span> <span class='ocrx_word' id='word_1_128' title='bbox 2421 550 2708 620; x_wconf 90' lang='lat' dir='ltr'><strong>virtutum;</strong></span> <span class='ocrx_word' id='word_1_129' title='bbox 2743 555 2788 608; x_wconf 92' lang='lat' dir='ltr'><strong>si</strong></span> <span class='ocrx_word' id='word_1_130' title='bbox 2821 566 3000 613; x_wconf 89' lang='lat' dir='ltr'><strong>autem</strong></span> <span class='ocrx_word' id='word_1_131' title='bbox 3025 560 3229 617; x_wconf 93' lang='lat' dir='ltr'><strong>nullum</strong></span> <span class='ocrx_word' id='word_1_132' title='bbox 3259 562 3313 619; x_wconf 92' lang='lat' dir='ltr'><strong>in</strong></span> <span class='ocrx_word' id='word_1_133' title='bbox 3340 566 3498 625; x_wconf 77' lang='lat' dir='ltr'><strong>nobis</strong></span> 
     </span>
    </p>
   </div>
   <div class='ocr_carea' id='block_1_21' title="bbox 1917 641 3498 726">
    <p class='ocr_par' dir='ltr' id='par_1_21' title="bbox 1917 641 3498 726">
     <span class='ocr_line' id='line_1_21' title="bbox 1917 641 3498 726; baseline 0.015 -35"><span class='ocrx_word' id='word_1_134' title='bbox 1917 653 2013 707; x_wconf 89' lang='lat' dir='ltr'><strong>per</strong></span> <span class='ocrx_word' id='word_1_135' title='bbox 2055 641 2491 697; x_wconf 86' lang='lat' dir='ltr'><strong>emendationem</strong></span> <span class='ocrx_word' id='word_1_136' title='bbox 2539 644 2821 702; x_wconf 87' lang='lat' dir='ltr'><strong>obruimus</strong></span> <span class='ocrx_word' id='word_1_137' title='bbox 2847 649 3058 714; x_wconf 86' lang='lat' dir='ltr'><strong>vitium,</strong></span> <span class='ocrx_word' id='word_1_138' title='bbox 3102 656 3244 723; x_wconf 90' lang='lat' dir='ltr'><strong>quod</strong></span> <span class='ocrx_word' id='word_1_139' title='bbox 3267 656 3498 726; x_wconf 79' lang='lat' dir='ltr'><strong>Pascha,</strong></span> 
     </span>
    </p>
   </div>
   <div class='ocr_carea' id='block_1_22' title="bbox 1917 729 3498 806">
    <p class='ocr_par' dir='ltr' id='par_1_22' title="bbox 1917 729 3498 806">
     <span class='ocr_line' id='line_1_22' title="bbox 1917 729 3498 806; baseline 0.015 -22"><span class='ocrx_word' id='word_1_140' title='bbox 1917 729 1969 785; x_wconf 90' lang='lat' dir='ltr'><strong>id</strong></span> <span class='ocrx_word' id='word_1_141' title='bbox 2000 739 2106 796; x_wconf 90' lang='lat' dir='ltr'><strong>est,</strong></span> <span class='ocrx_word' id='word_1_142' title='bbox 2137 746 2298 802; x_wconf 82' lang='lat' dir='ltr'><strong>quem</strong></span> <span class='ocrx_word' id='word_1_143' title='bbox 2329 735 2540 804; x_wconf 79' lang='lat' dir='ltr'><strong>agimus</strong></span> <span class='ocrx_word' id='word_1_144' title='bbox 2585 738 2908 794; x_wconf 82' lang='lat' dir='ltr'><strong>transitum?</strong></span> <span class='ocrx_word' id='word_1_145' title='bbox 2947 741 3014 796; x_wconf 87' lang='lat' dir='ltr'><strong>Et</strong></span> <span class='ocrx_word' id='word_1_146' title='bbox 3041 743 3087 799; x_wconf 89' lang='lat' dir='ltr'><strong>si</strong></span> <span class='ocrx_word' id='word_1_147' title='bbox 3115 744 3368 805; x_wconf 85' lang='lat' dir='ltr'><strong>fermenti</strong></span> <span class='ocrx_word' id='word_1_148' title='bbox 3399 766 3498 806; x_wconf 79' lang='lat' dir='ltr'><strong>ve-</strong></span> 
     </span>
    </p>
   </div>
   <div class='ocr_carea' id='block_1_23' title="bbox 1918 823 3500 905">
    <p class='ocr_par' dir='ltr' id='par_1_23' title="bbox 1918 823 3500 905">
     <span class='ocr_line' id='line_1_23' title="bbox 1918 823 3500 905; baseline 0.016 -30"><span class='ocrx_word' id='word_1_149' title='bbox 1918 823 2048 876; x_wconf 85' lang='lat' dir='ltr'><strong>teris</strong></span> <span class='ocrx_word' id='word_1_150' title='bbox 2077 824 2218 878; x_wconf 89' lang='lat' dir='ltr'><strong>nulla</strong></span> <span class='ocrx_word' id='word_1_151' title='bbox 2244 833 2326 880; x_wconf 89' lang='lat' dir='ltr'><strong>est</strong></span> <span class='ocrx_word' id='word_1_152' title='bbox 2354 830 2672 898; x_wconf 82' lang='lat' dir='ltr'><strong>expurgatio</strong></span> <span class='ocrx_word' id='word_1_153' title='bbox 2699 829 2750 900; x_wconf 90' lang='lat' dir='ltr'><strong>(l</strong></span> <span class='ocrx_word' id='word_1_154' title='bbox 2771 829 2895 887; x_wconf 84' lang='lat' dir='ltr'><strong>Cor.</strong></span> <span class='ocrx_word' id='word_1_155' title='bbox 2918 848 2972 901; x_wconf 83' lang='grc' dir='ltr'><strong>ν,</strong></span> <span class='ocrx_word' id='word_1_156' title='bbox 2997 834 3072 905; x_wconf 86' lang='grc'><strong>7),</strong></span> <span class='ocrx_word' id='word_1_157' title='bbox 3099 853 3236 896; x_wconf 73' lang='lat' dir='ltr'><strong>nova</strong></span> <span class='ocrx_word' id='word_1_158' title='bbox 3261 841 3314 895; x_wconf 88' lang='lat' dir='ltr'><strong>in</strong></span> <span class='ocrx_word' id='word_1_159' title='bbox 3341 842 3500 902; x_wconf 71' lang='lat' dir='ltr'><strong>nobis</strong></span> 
     </span>
    </p>
   </div>
   <div class='ocr_carea' id='block_1_24' title="bbox 1915 916 3499 1001">
    <p class='ocr_par' dir='ltr' id='par_1_24' title="bbox 1915 916 3499 1001">
     <span class='ocr_line' id='line_1_24' title="bbox 1915 916 3499 1001; baseline 0.016 -36"><span class='ocrx_word' id='word_1_160' title='bbox 1915 916 2186 984; x_wconf 91' lang='lat' dir='ltr'><strong>quomodo</strong></span> <span class='ocrx_word' id='word_1_161' title='bbox 2233 916 2337 971; x_wconf 88' lang='lat' dir='ltr'><strong>erit</strong></span> <span class='ocrx_word' id='word_1_162' title='bbox 2383 920 2734 988; x_wconf 87' lang='lat' dir='ltr'><strong>conspersio?</strong></span> <span class='ocrx_word' id='word_1_163' title='bbox 2782 923 3008 990; x_wconf 84' lang='lat' dir='ltr'><strong>Audite,</strong></span> <span class='ocrx_word' id='word_1_164' title='bbox 3053 942 3255 996; x_wconf 65' lang='lat' dir='ltr'><strong>quaeso,</strong></span> <span class='ocrx_word' id='word_1_165' title='bbox 3301 935 3499 1001; x_wconf 69' lang='lat' dir='ltr'><strong>praeci-</strong></span> 
     </span>
    </p>
   </div>
   <div class='ocr_carea' id='block_1_25' title="bbox 1915 1005 3500 1088">
    <p class='ocr_par' dir='ltr' id='par_1_25' title="bbox 1915 1005 3500 1088">
     <span class='ocr_line' id='line_1_25' title="bbox 1915 1005 3500 1088; baseline 0.015 -29"><span class='ocrx_word' id='word_1_166' title='bbox 1915 1005 2173 1078; x_wconf 87' lang='lat' dir='ltr'><strong>pientem,</strong></span> <span class='ocrx_word' id='word_1_167' title='bbox 2205 1018 2259 1062; x_wconf 90' lang='lat' dir='ltr'><strong>et</strong></span> <span class='ocrx_word' id='word_1_168' title='bbox 2289 1010 2472 1074; x_wconf 84' lang='lat' dir='ltr'><strong>credo,</strong></span> <span class='ocrx_word' id='word_1_169' title='bbox 2509 1013 2650 1080; x_wconf 91' lang='lat' dir='ltr'><strong>quod</strong></span> <span class='ocrx_word' id='word_1_170' title='bbox 2685 1029 2768 1068; x_wconf 88' lang='lat' dir='ltr'><strong>me</strong></span> <span class='ocrx_word' id='word_1_171' title='bbox 2799 1030 2905 1070; x_wconf 90' lang='lat' dir='ltr'><strong>non</strong></span> <span class='ocrx_word' id='word_1_172' title='bbox 2935 1017 3245 1088; x_wconf 82' lang='lat' dir='ltr'><strong>despicietis</strong></span> <span class='ocrx_word' id='word_1_173' title='bbox 3275 1039 3500 1083; x_wconf 84' lang='lat' dir='ltr'><strong>monen-</strong></span> 
     </span>
    </p>
   </div>
   <div class='ocr_carea' id='block_1_26' title="bbox 1917 1101 3571 1182">
    <p class='ocr_par' dir='ltr' id='par_1_26' title="bbox 1917 1101 3571 1182">
     <span class='ocr_line' id='line_1_26' title="bbox 1917 1101 3571 1182; baseline 0.013 -32"><span class='ocrx_word' id='word_1_174' title='bbox 1917 1103 2049 1162; x_wconf 87' lang='lat' dir='ltr'><strong>tem,</strong></span> <span class='ocrx_word' id='word_1_175' title='bbox 2078 1108 2152 1163; x_wconf 90' lang='lat' dir='ltr'><strong>et,</strong></span> <span class='ocrx_word' id='word_1_176' title='bbox 2179 1107 2238 1152; x_wconf 89' lang='lat' dir='ltr'><strong>ut</strong></span> <span class='ocrx_word' id='word_1_177' title='bbox 2265 1101 2446 1155; x_wconf 90' lang='lat' dir='ltr'><strong>verius</strong></span> <span class='ocrx_word' id='word_1_178' title='bbox 2473 1102 2670 1170; x_wconf 85' lang='lat' dir='ltr'><strong>dicam,</strong></span> <span class='ocrx_word' id='word_1_179' title='bbox 2698 1116 3161 1177; x_wconf 88' lang='lat' dir='ltr'><strong>commonentem;</strong></span> <span class='ocrx_word' id='word_1_180' title='bbox 3189 1115 3329 1182; x_wconf 91' lang='lat' dir='ltr'><strong>quod</strong></span> <span class='ocrx_word' id='word_1_181' title='bbox 3356 1116 3503 1177; x_wconf 84' lang='lat' dir='ltr'><strong>enim</strong></span> 
     </span>
    </p>
   </div>
   <div class='ocr_carea' id='block_1_27' title="bbox 1915 1188 3499 1276">
    <p class='ocr_par' dir='ltr' id='par_1_27' title="bbox 1915 1188 3499 1276">
     <span class='ocr_line' id='line_1_27' title="bbox 1915 1188 3499 1276; baseline 0.013 -35"><span class='ocrx_word' id='word_1_182' title='bbox 1915 1188 2068 1243; x_wconf 84' lang='lat' dir='ltr'><strong>vobis</strong></span> <span class='ocrx_word' id='word_1_183' title='bbox 2119 1205 2413 1260; x_wconf 79' lang='lat' dir='ltr'><strong>suggerere</strong></span> <span class='ocrx_word' id='word_1_184' title='bbox 2454 1193 2664 1261; x_wconf 89' lang='lat' dir='ltr'><strong>videor,</strong></span> <span class='ocrx_word' id='word_1_185' title='bbox 2709 1197 2839 1252; x_wconf 90' lang='lat' dir='ltr'><strong>mihi</strong></span> <span class='ocrx_word' id='word_1_186' title='bbox 2896 1199 3000 1269; x_wconf 87' lang='lat' dir='ltr'><strong>ipsi</strong></span> <span class='ocrx_word' id='word_1_187' title='bbox 3046 1203 3234 1272; x_wconf 87' lang='lat' dir='ltr'><strong>utique</strong></span> <span class='ocrx_word' id='word_1_188' title='bbox 3287 1205 3499 1276; x_wconf 90' lang='lat' dir='ltr'><strong>loquor.</strong></span> 
     </span>
    </p>
   </div>
   <div class='ocr_carea' id='block_1_28' title="bbox 1914 1279 3503 1354">
    <p class='ocr_par' dir='ltr' id='par_1_28' title="bbox 1914 1279 3503 1354">
     <span class='ocr_line' id='line_1_28' title="bbox 1914 1279 3503 1354; baseline 0.014 -22"><span class='ocrx_word' id='word_1_189' title='bbox 1914 1279 2005 1333; x_wconf 85' lang='lat' dir='ltr'><strong>Ait</strong></span> <span class='ocrx_word' id='word_1_190' title='bbox 2033 1281 2214 1350; x_wconf 83' lang='lat' dir='ltr'><strong>itaque</strong></span> <span class='ocrx_word' id='word_1_191' title='bbox 2246 1297 2260 1335; x_wconf 91' lang='lat'><strong>:</strong></span> <span class='ocrx_word' id='word_1_192' title='bbox 2287 1281 2374 1337; x_wconf 76' lang='lat' dir='ltr'><strong>Sic</strong></span> <span class='ocrx_word' id='word_1_193' title='bbox 2397 1285 2672 1339; x_wconf 72' lang='lat' dir='ltr'><strong>comedetis</strong></span> <span class='ocrx_word' id='word_1_194' title='bbox 2706 1304 2821 1341; x_wconf 86' lang='lat' dir='ltr'><strong>eum</strong></span> <span class='ocrx_word' id='word_1_195' title='bbox 2851 1302 2869 1340; x_wconf 93' lang='lat'><strong><em>:</em></strong></span> <span class='ocrx_word' id='word_1_196' title='bbox 2902 1307 3048 1346; x_wconf 84' lang='lat' dir='ltr'><strong>renes</strong></span> <span class='ocrx_word' id='word_1_197' title='bbox 3089 1303 3282 1348; x_wconf 79' lang='lat' dir='ltr'><strong>vestros</strong></span> <span class='ocrx_word' id='word_1_198' title='bbox 3321 1298 3503 1354; x_wconf 64' lang='lat' dir='ltr'><strong>accinc</strong></span> 
     </span>
    </p>
   </div>
   <div class='ocr_carea' id='block_1_29' title="bbox 1917 1373 3562 1450">
    <p class='ocr_par' dir='ltr' id='par_1_29' title="bbox 1917 1373 3562 1450">
     <span class='ocr_line' id='line_1_29' title="bbox 1917 1373 3562 1450; baseline 0.013 -26"><span class='ocrx_word' id='word_1_199' title='bbox 1917 1375 2068 1443; x_wconf 80' lang='lat' dir='ltr'><strong>getis,</strong></span> <span class='ocrx_word' id='word_1_200' title='bbox 2109 1373 2461 1429; x_wconf 85' lang='lat' dir='ltr'><strong>calceamenta</strong></span> <span class='ocrx_word' id='word_1_201' title='bbox 2501 1377 2751 1433; x_wconf 76' lang='lat' dir='ltr'><strong>habebitis</strong></span> <span class='ocrx_word' id='word_1_202' title='bbox 2783 1381 2838 1434; x_wconf 87' lang='lat' dir='ltr'><strong>in</strong></span> <span class='ocrx_word' id='word_1_203' title='bbox 2869 1382 3106 1450; x_wconf 77' lang='lat' dir='ltr'><strong>pedibus,</strong></span> <span class='ocrx_word' id='word_1_204' title='bbox 3149 1395 3374 1442; x_wconf 79' lang='lat' dir='ltr'><strong>tenentes</strong></span> <span class='ocrx_word' id='word_1_205' title='bbox 3411 1388 3505 1444; x_wconf 84' lang='lat' dir='ltr'><strong>ba-</strong></span> <span class='ocrx_word' id='word_1_206' title='bbox 3557 1405 3562 1409; x_wconf 84' lang='lat'>&#39;</span> 
     </span>
    </p>
   </div>
   <div class='ocr_carea' id='block_1_30' title="bbox 1918 1464 3505 1548">
    <p class='ocr_par' dir='ltr' id='par_1_30' title="bbox 1918 1464 3505 1548">
     <span class='ocr_line' id='line_1_30' title="bbox 1918 1464 3505 1548; baseline 0.013 -32"><span class='ocrx_word' id='word_1_207' title='bbox 1918 1464 2062 1517; x_wconf 84' lang='lat' dir='ltr'><strong>culos</strong></span> <span class='ocrx_word' id='word_1_208' title='bbox 2103 1465 2157 1518; x_wconf 85' lang='lat' dir='ltr'><strong>in</strong></span> <span class='ocrx_word' id='word_1_209' title='bbox 2188 1467 2449 1534; x_wconf 80' lang='lat' dir='ltr'><strong>nutnibus,</strong></span> <span class='ocrx_word' id='word_1_210' title='bbox 2472 1479 2517 1521; x_wconf 88' lang='lat' dir='ltr'><strong>et</strong></span> <span class='ocrx_word' id='word_1_211' title='bbox 2541 1471 2817 1526; x_wconf 79' lang='lat' dir='ltr'><strong>comedetis</strong></span> <span class='ocrx_word' id='word_1_212' title='bbox 2840 1471 3143 1541; x_wconf 78' lang='lat' dir='ltr'><strong>festinantes</strong></span> <span class='ocrx_word' id='word_1_213' title='bbox 3173 1476 3371 1548; x_wconf 76' lang='lat' dir='ltr'><strong>(Exod.</strong></span> <span class='ocrx_word' id='word_1_214' title='bbox 3401 1494 3505 1546; x_wconf 82' lang='lat' dir='ltr'><strong>xu,</strong></span> 
     </span>
    </p>
   </div>
   <div class='ocr_carea' id='block_1_31' title="bbox 1921 1555 3507 1632">
    <p class='ocr_par' dir='ltr' id='par_1_31' title="bbox 1921 1555 3507 1632">
     <span class='ocr_line' id='line_1_31' title="bbox 1921 1555 3507 1632; baseline 0.011 -22"><span class='ocrx_word' id='word_1_215' title='bbox 1921 1555 2030 1623; x_wconf 80' lang='grc' dir='ltr'><strong>Η).</strong></span> <span class='ocrx_word' id='word_1_216' title='bbox 2070 1555 2243 1612; x_wconf 80' lang='lat' dir='ltr'><strong>Renes</strong></span> <span class='ocrx_word' id='word_1_217' title='bbox 2282 1573 2515 1629; x_wconf 82' lang='lat' dir='ltr'><strong>namque</strong></span> <span class='ocrx_word' id='word_1_218' title='bbox 2554 1562 2859 1632; x_wconf 81' lang='lat' dir='ltr'><strong>accingere,</strong></span> <span class='ocrx_word' id='word_1_219' title='bbox 2902 1563 3171 1621; x_wconf 78' lang='lat' dir='ltr'><strong>luxuriam</strong></span> <span class='ocrx_word' id='word_1_220' title='bbox 3204 1577 3288 1624; x_wconf 89' lang='lat' dir='ltr'><strong>est</strong></span> <span class='ocrx_word' id='word_1_221' title='bbox 3334 1571 3507 1628; x_wconf 81' lang='lat' dir='ltr'><strong>refre-</strong></span> 
     </span>
    </p>
   </div>
   <div class='ocr_carea' id='block_1_32' title="bbox 1919 1647 3503 1737">
    <p class='ocr_par' dir='ltr' id='par_1_32' title="bbox 1919 1647 3503 1737">
     <span class='ocr_line' id='line_1_32' title="bbox 1919 1647 3503 1737; baseline 0.013 -40"><span class='ocrx_word' id='word_1_222' title='bbox 1919 1659 2081 1709; x_wconf 87' lang='lat' dir='ltr'><strong>nare;</strong></span> <span class='ocrx_word' id='word_1_223' title='bbox 2118 1647 2488 1704; x_wconf 84' lang='lat' dir='ltr'><strong>calceamenta</strong></span> <span class='ocrx_word' id='word_1_224' title='bbox 2519 1651 2572 1705; x_wconf 90' lang='lat' dir='ltr'><strong>in</strong></span> <span class='ocrx_word' id='word_1_225' title='bbox 2601 1653 2824 1722; x_wconf 87' lang='lat' dir='ltr'><strong>pedibus</strong></span> <span class='ocrx_word' id='word_1_226' title='bbox 2859 1655 3058 1712; x_wconf 87' lang='lat' dir='ltr'><strong>habere</strong></span> <span class='ocrx_word' id='word_1_227' title='bbox 3101 1657 3349 1730; x_wconf 79' lang='lat' dir='ltr'><strong>[subaudi</strong></span> <span class='ocrx_word' id='word_1_228' title='bbox 3396 1661 3503 1737; x_wconf 89' lang='lat' dir='ltr'><strong>est]</strong></span> 
     </span>
    </p>
   </div>
   <div class='ocr_carea' id='block_1_33' title="bbox 1920 1743 3509 1820">
    <p class='ocr_par' dir='ltr' id='par_1_33' title="bbox 1920 1743 3509 1820">
     <span class='ocr_line' id='line_1_33' title="bbox 1920 1743 3509 1820; baseline 0.011 -28"><span class='ocrx_word' id='word_1_229' title='bbox 1920 1747 2256 1805; x_wconf 87' lang='lat' dir='ltr'><strong>sanctorum,</strong></span> <span class='ocrx_word' id='word_1_230' title='bbox 2289 1743 2380 1813; x_wconf 92' lang='lat' dir='ltr'><strong>qui</strong></span> <span class='ocrx_word' id='word_1_231' title='bbox 2408 1759 2573 1798; x_wconf 87' lang='lat' dir='ltr'><strong>carne</strong></span> <span class='ocrx_word' id='word_1_232' title='bbox 2603 1747 2799 1802; x_wconf 89' lang='lat' dir='ltr'><strong>mortui</strong></span> <span class='ocrx_word' id='word_1_233' title='bbox 2833 1758 2976 1812; x_wconf 91' lang='lat' dir='ltr'><strong>sunt,</strong></span> <span class='ocrx_word' id='word_1_234' title='bbox 3011 1752 3273 1820; x_wconf 85' lang='lat' dir='ltr'><strong>exemplis</strong></span> <span class='ocrx_word' id='word_1_235' title='bbox 3301 1769 3359 1808; x_wconf 85' lang='lat' dir='ltr'><strong>se</strong></span> <span class='ocrx_word' id='word_1_236' title='bbox 3387 1771 3509 1809; x_wconf 87' lang='lat' dir='ltr'><strong>mu-</strong></span> 
     </span>
    </p>
   </div>
   <div class='ocr_carea' id='block_1_34' title="bbox 211 1825 3510 1914">
    <p class='ocr_par' dir='ltr' id='par_1_34' title="bbox 211 1825 3510 1914">
     <span class='ocr_line' id='line_1_34' title="bbox 211 1825 3510 1914; baseline 0.002 -18"><span class='ocrx_word' id='word_1_237' title='bbox 211 1840 347 1896; x_wconf 85' lang='lat' dir='ltr'><strong>lieet</strong></span> <span class='ocrx_word' id='word_1_238' title='bbox 371 1840 446 1896; x_wconf 85' lang='lat' dir='ltr'><strong>sit</strong></span> <span class='ocrx_word' id='word_1_239' title='bbox 483 1840 792 1912; x_wconf 87' lang='lat' dir='ltr'><strong>hujusmodi</strong></span> <span class='ocrx_word' id='word_1_240' title='bbox 821 1840 914 1897; x_wconf 87' lang='lat' dir='ltr'><strong>Dei</strong></span> <span class='ocrx_word' id='word_1_241' title='bbox 964 1840 1256 1912; x_wconf 78' lang='lat' dir='ltr'><strong>ﬂagellum,</strong></span> <span class='ocrx_word' id='word_1_242' title='bbox 1287 1850 1659 1897; x_wconf 81' lang='lat' dir='ltr'><strong>verumtamen</strong></span> <span class='ocrx_word' id='word_1_243' title='bbox 1690 1841 1812 1914; x_wconf 76' lang='lat' dir='ltr'><strong>ﬂag.</strong></span> <span class='ocrx_word' id='word_1_244' title='bbox 1847 1825 1895 1886; x_wconf 83' lang='grc' dir='ltr'><strong>Β</strong></span> <span class='ocrx_word' id='word_1_245' title='bbox 1921 1830 2066 1909; x_wconf 59' lang='grc' dir='ltr'><strong>μήτε,</strong></span> <span class='ocrx_word' id='word_1_246' title='bbox 2099 1846 2168 1885; x_wconf 90' lang='lat' dir='ltr'><strong>ne</strong></span> <span class='ocrx_word' id='word_1_247' title='bbox 2199 1833 2407 1888; x_wconf 88' lang='lat' dir='ltr'><strong>scilicet</strong></span> <span class='ocrx_word' id='word_1_248' title='bbox 2437 1845 2530 1890; x_wconf 87' lang='lat' dir='ltr'><strong>aut</strong></span> <span class='ocrx_word' id='word_1_249' title='bbox 2565 1837 2718 1906; x_wconf 82' lang='lat' dir='ltr'><strong>spina</strong></span> <span class='ocrx_word' id='word_1_250' title='bbox 2752 1838 3004 1893; x_wconf 86' lang='lat' dir='ltr'><strong>vitiorum</strong></span> <span class='ocrx_word' id='word_1_251' title='bbox 3036 1842 3234 1896; x_wconf 90' lang='lat' dir='ltr'><strong>mentis</strong></span> <span class='ocrx_word' id='word_1_252' title='bbox 3264 1843 3510 1901; x_wconf 80' lang='lat' dir='ltr'><strong>debilitet</strong></span> 
     </span>
    </p>
   </div>
   <div class='ocr_carea' id='block_1_35' title="bbox 1083 1933 1816 2004">
    <p class='ocr_par' dir='ltr' id='par_1_35' title="bbox 1083 1933 1816 2004">
     <span class='ocr_line' id='line_1_35' title="bbox 1083 1933 1816 2004; baseline 0.007 -19"><span class='ocrx_word' id='word_1_253' title='bbox 1083 1933 1210 2002; x_wconf 87' lang='lat' dir='ltr'><strong>quia</strong></span> <span class='ocrx_word' id='word_1_254' title='bbox 1255 1933 1627 2004; x_wconf 89' lang='lat' dir='ltr'><strong>disrumpitur,</strong></span> <span class='ocrx_word' id='word_1_255' title='bbox 1686 1934 1816 1990; x_wconf 91' lang='lat' dir='ltr'><strong>dum</strong></span> 
     </span>
    </p>
   </div>
   <div class='ocr_carea' id='block_1_36' title="bbox 209 2023 1811 2098">
    <p class='ocr_par' dir='ltr' id='par_1_36' title="bbox 209 2023 1811 2098">
     <span class='ocr_line' id='line_1_36' title="bbox 209 2023 1811 2098; baseline 0.001 -19"><span class='ocrx_word' id='word_1_256' title='bbox 209 2023 357 2082; x_wconf 80' lang='lat' dir='ltr'><strong>ﬁlius</strong></span> <span class='ocrx_word' id='word_1_257' title='bbox 377 2024 700 2098; x_wconf 83' lang='lat' dir='ltr'><strong>castigatur.</strong></span> <span class='ocrx_word' id='word_1_258' title='bbox 734 2025 968 2093; x_wconf 77' lang='lat' dir='ltr'><strong>Quilibet</strong></span> <span class='ocrx_word' id='word_1_259' title='bbox 992 2040 1123 2080; x_wconf 89' lang='lat' dir='ltr'><strong>vero</strong></span> <span class='ocrx_word' id='word_1_260' title='bbox 1177 2025 1446 2080; x_wconf 87' lang='lat' dir='ltr'><strong>homicida</strong></span> <span class='ocrx_word' id='word_1_261' title='bbox 1495 2027 1624 2095; x_wconf 89' lang='lat' dir='ltr'><strong>quid</strong></span> <span class='ocrx_word' id='word_1_262' title='bbox 1700 2066 1714 2080; x_wconf 94' lang='lat'><strong>.</strong></span> <span class='ocrx_word' id='word_1_263' title='bbox 1795 2066 1811 2081; x_wconf 93' lang='lat'><strong>.</strong></span> 
     </span>
    </p>
   </div>
   <div class='ocr_carea' id='block_1_37' title="bbox 463 2097 1815 2187">
    <p class='ocr_par' dir='ltr' id='par_1_37' title="bbox 463 2097 1815 2187">
     <span class='ocr_line' id='line_1_37' title="bbox 463 2097 1815 2187; baseline 0.001 -15"><span class='ocrx_word' id='word_1_264' title='bbox 603 2155 618 2169; x_wconf 94' lang='lat'><strong>.</strong></span> <span class='ocrx_word' id='word_1_265' title='bbox 695 2154 709 2170; x_wconf 94' lang='lat'><strong>.</strong></span> <span class='ocrx_word' id='word_1_266' title='bbox 790 2154 803 2170; x_wconf 95' lang='lat'><strong>.</strong></span> <span class='ocrx_word' id='word_1_267' title='bbox 879 2155 894 2171; x_wconf 96' lang='lat'><strong>.</strong></span> <span class='ocrx_word' id='word_1_268' title='bbox 975 2156 991 2172; x_wconf 97' lang='lat'><strong>.</strong></span> <span class='ocrx_word' id='word_1_269' title='bbox 1068 2115 1521 2172; x_wconf 81' lang='lat' dir='ltr'><strong>fratrisvidelicet</strong></span> <span class='ocrx_word' id='word_1_270' title='bbox 1546 2117 1815 2187; x_wconf 75' lang='lat' dir='ltr'><strong>pessimus</strong></span> 
     </span>
    </p>
   </div>
   <div class='ocr_carea' id='block_1_38' title="bbox 210 2206 1810 2279">
    <p class='ocr_par' dir='ltr' id='par_1_38' title="bbox 210 2206 1810 2279">
     <span class='ocr_line' id='line_1_38' title="bbox 210 2206 1810 2279; baseline 0 -15"><span class='ocrx_word' id='word_1_271' title='bbox 210 2215 566 2279; x_wconf 82' lang='lat' dir='ltr'><strong>computatur</strong></span> <span class='ocrx_word' id='word_1_272' title='bbox 591 2207 822 2264; x_wconf 82' lang='lat' dir='ltr'><strong>lanista?</strong></span> <span class='ocrx_word' id='word_1_273' title='bbox 846 2206 980 2264; x_wconf 78' lang='lat' dir='ltr'><strong>Nam</strong></span> <span class='ocrx_word' id='word_1_274' title='bbox 1001 2209 1049 2265; x_wconf 89' lang='lat' dir='ltr'><strong>si</strong></span> <span class='ocrx_word' id='word_1_275' title='bbox 1070 2223 1260 2264; x_wconf 87' lang='lat' dir='ltr'><strong>verum</strong></span> <span class='ocrx_word' id='word_1_276' title='bbox 1282 2216 1382 2270; x_wconf 87' lang='lat' dir='ltr'><strong>est,</strong></span> <span class='ocrx_word' id='word_1_277' title='bbox 1414 2210 1557 2279; x_wconf 91' lang='lat' dir='ltr'><strong>quod</strong></span> <span class='ocrx_word' id='word_1_278' title='bbox 1587 2209 1810 2275; x_wconf 88' lang='lat' dir='ltr'><strong>dictum,</strong></span> 
     </span>
    </p>
   </div>
   <div class='ocr_carea' id='block_1_39' title="bbox 211 2299 1816 2372">
    <p class='ocr_par' dir='ltr' id='par_1_39' title="bbox 211 2299 1816 2372">
     <span class='ocr_line' id='line_1_39' title="bbox 211 2299 1816 2372; baseline 0.002 -16"><span class='ocrx_word' id='word_1_279' title='bbox 211 2301 340 2372; x_wconf 85' lang='lat' dir='ltr'><strong>quia</strong></span> <span class='ocrx_word' id='word_1_280' title='bbox 423 2340 438 2355; x_wconf 95' lang='lat'><strong>.</strong></span> <span class='ocrx_word' id='word_1_281' title='bbox 518 2341 532 2356; x_wconf 95' lang='lat'><strong>.</strong></span> <span class='ocrx_word' id='word_1_282' title='bbox 609 2340 626 2354; x_wconf 93' lang='lat'><strong>.</strong></span> <span class='ocrx_word' id='word_1_283' title='bbox 705 2339 722 2356; x_wconf 94' lang='lat'><strong>.</strong></span> <span class='ocrx_word' id='word_1_284' title='bbox 800 2341 815 2356; x_wconf 93' lang='lat'><strong>.</strong></span> <span class='ocrx_word' id='word_1_285' title='bbox 893 2340 906 2356; x_wconf 95' lang='lat'><strong>.</strong></span> <span class='ocrx_word' id='word_1_286' title='bbox 989 2342 1004 2356; x_wconf 95' lang='lat'><strong>.</strong></span> <span class='ocrx_word' id='word_1_287' title='bbox 1083 2342 1098 2357; x_wconf 96' lang='lat'><strong>.</strong></span> <span class='ocrx_word' id='word_1_288' title='bbox 1180 2340 1194 2355; x_wconf 94' lang='lat'><strong>.</strong></span> <span class='ocrx_word' id='word_1_289' title='bbox 1269 2299 1816 2372; x_wconf 83' lang='lat' dir='ltr'><strong>Christianiaiicujus</strong></span> 
     </span>
    </p>
   </div>
   <div class='ocr_carea' id='block_1_40' title="bbox 211 2391 1816 2450">
    <p class='ocr_par' dir='ltr' id='par_1_40' title="bbox 211 2391 1816 2450">
     <span class='ocr_line' id='line_1_40' title="bbox 211 2391 1816 2450; baseline 0.001 -3"><span class='ocrx_word' id='word_1_290' title='bbox 211 2391 540 2450; x_wconf 82' lang='lat' dir='ltr'><strong>interfector</strong></span> <span class='ocrx_word' id='word_1_291' title='bbox 568 2393 818 2448; x_wconf 82' lang='lat' dir='ltr'><strong>excusari</strong></span> <span class='ocrx_word' id='word_1_292' title='bbox 847 2408 908 2448; x_wconf 90' lang='lat' dir='ltr'><strong>se</strong></span> <span class='ocrx_word' id='word_1_293' title='bbox 932 2393 1160 2448; x_wconf 78' lang='lat' dir='ltr'><strong>fratrem</strong></span> <span class='ocrx_word' id='word_1_294' title='bbox 1199 2408 1306 2449; x_wconf 91' lang='lat' dir='ltr'><strong>non</strong></span> <span class='ocrx_word' id='word_1_295' title='bbox 1337 2391 1680 2448; x_wconf 81' lang='lat' dir='ltr'><strong>interfecisse</strong></span> <span class='ocrx_word' id='word_1_296' title='bbox 1708 2392 1816 2449; x_wconf 88' lang='lat' dir='ltr'><strong>nisi</strong></span> 
     </span>
    </p>
   </div>
   <div class='ocr_carea' id='block_1_41' title="bbox 211 2480 1818 2554">
    <p class='ocr_par' dir='ltr' id='par_1_41' title="bbox 211 2480 1818 2554">
     <span class='ocr_line' id='line_1_41' title="bbox 211 2480 1818 2554; baseline 0 -16"><span class='ocrx_word' id='word_1_297' title='bbox 211 2480 502 2538; x_wconf 81' lang='lat' dir='ltr'><strong>Christum</strong></span> <span class='ocrx_word' id='word_1_298' title='bbox 579 2522 594 2539; x_wconf 96' lang='lat'><strong>.</strong></span> <span class='ocrx_word' id='word_1_299' title='bbox 673 2521 689 2538; x_wconf 91' lang='lat'><strong>.</strong></span> <span class='ocrx_word' id='word_1_300' title='bbox 768 2523 782 2536; x_wconf 92' lang='lat'><strong>.</strong></span> <span class='ocrx_word' id='word_1_301' title='bbox 862 2524 877 2538; x_wconf 93' lang='lat'><strong>.</strong></span> <span class='ocrx_word' id='word_1_302' title='bbox 955 2523 970 2538; x_wconf 93' lang='lat'><strong>.</strong></span> <span class='ocrx_word' id='word_1_303' title='bbox 1050 2522 1064 2538; x_wconf 95' lang='lat'><strong>.</strong></span> <span class='ocrx_word' id='word_1_304' title='bbox 1145 2521 1160 2537; x_wconf 95' lang='lat'><strong>.</strong></span> <span class='ocrx_word' id='word_1_305' title='bbox 1240 2521 1257 2538; x_wconf 92' lang='lat'><strong>.</strong></span> <span class='ocrx_word' id='word_1_306' title='bbox 1335 2521 1351 2536; x_wconf 94' lang='lat'><strong>.</strong></span> <span class='ocrx_word' id='word_1_307' title='bbox 1427 2482 1818 2554; x_wconf 84' lang='lat' dir='ltr'><strong>Siverocaput</strong></span> 
     </span>
    </p>
   </div>
   <div class='ocr_carea' id='block_1_42' title="bbox 212 2573 1817 2644">
    <p class='ocr_par' dir='ltr' id='par_1_42' title="bbox 212 2573 1817 2644">
     <span class='ocr_line' id='line_1_42' title="bbox 212 2573 1817 2644; baseline 0 -14"><span class='ocrx_word' id='word_1_308' title='bbox 212 2573 476 2630; x_wconf 73' lang='lat' dir='ltr'><strong>Ecclesia:</strong></span> <span class='ocrx_word' id='word_1_309' title='bbox 494 2575 762 2641; x_wconf 76' lang='lat' dir='ltr'><strong>Christus,</strong></span> <span class='ocrx_word' id='word_1_310' title='bbox 783 2584 842 2631; x_wconf 90' lang='lat' dir='ltr'><strong>et</strong></span> <span class='ocrx_word' id='word_1_311' title='bbox 860 2576 1162 2631; x_wconf 89' lang='lat' dir='ltr'><strong>membrum</strong></span> <span class='ocrx_word' id='word_1_312' title='bbox 1178 2573 1296 2644; x_wconf 89' lang='lat' dir='ltr'><strong>ejus</strong></span> <span class='ocrx_word' id='word_1_313' title='bbox 1316 2574 1541 2644; x_wconf 89' lang='lat' dir='ltr'><strong>quilibet</strong></span> <span class='ocrx_word' id='word_1_314' title='bbox 1555 2574 1817 2630; x_wconf 85' lang='lat' dir='ltr'><strong>Christia-</strong></span> 
     </span>
    </p>
   </div>
   <div class='ocr_carea' id='block_1_43' title="bbox 213 2665 1814 2735">
    <p class='ocr_par' dir='ltr' id='par_1_43' title="bbox 213 2665 1814 2735">
     <span class='ocr_line' id='line_1_43' title="bbox 213 2665 1814 2735; baseline 0 -15"><span class='ocrx_word' id='word_1_315' title='bbox 213 2680 317 2720; x_wconf 83' lang='lat' dir='ltr'><strong>nus</strong></span> <span class='ocrx_word' id='word_1_316' title='bbox 397 2705 414 2722; x_wconf 93' lang='lat'><strong>.</strong></span> <span class='ocrx_word' id='word_1_317' title='bbox 490 2704 507 2721; x_wconf 94' lang='lat'><strong>.</strong></span> <span class='ocrx_word' id='word_1_318' title='bbox 583 2705 600 2721; x_wconf 94' lang='lat'><strong>.</strong></span> <span class='ocrx_word' id='word_1_319' title='bbox 679 2705 696 2721; x_wconf 90' lang='lat'><strong>.</strong></span> <span class='ocrx_word' id='word_1_320' title='bbox 775 2705 792 2720; x_wconf 93' lang='lat'><strong>.</strong></span> <span class='ocrx_word' id='word_1_321' title='bbox 869 2667 1170 2722; x_wconf 88' lang='lat' dir='ltr'><strong>membrum</strong></span> <span class='ocrx_word' id='word_1_322' title='bbox 1210 2680 1313 2719; x_wconf 93' lang='lat' dir='ltr'><strong>non</strong></span> <span class='ocrx_word' id='word_1_323' title='bbox 1351 2665 1671 2730; x_wconf 84' lang='lat' dir='ltr'><strong>abscidisse,</strong></span> <span class='ocrx_word' id='word_1_324' title='bbox 1721 2665 1814 2735; x_wconf 89' lang='lat' dir='ltr'><strong>qui</strong></span> 
     </span>
    </p>
   </div>
   <div class='ocr_carea' id='block_1_44' title="bbox 213 2757 1811 2829">
    <p class='ocr_par' dir='ltr' id='par_1_44' title="bbox 213 2757 1811 2829">
     <span class='ocr_line' id='line_1_44' title="bbox 213 2757 1811 2829; baseline -0.002 -15"><span class='ocrx_word' id='word_1_325' title='bbox 213 2766 401 2814; x_wconf 79' lang='lat' dir='ltr'><strong>autem</strong></span> <span class='ocrx_word' id='word_1_326' title='bbox 432 2759 792 2829; x_wconf 75' lang='lat' dir='ltr'><strong>corporaliter</strong></span> <span class='ocrx_word' id='word_1_327' title='bbox 825 2769 918 2814; x_wconf 88' lang='lat' dir='ltr'><strong>aut</strong></span> <span class='ocrx_word' id='word_1_328' title='bbox 954 2758 1260 2814; x_wconf 85' lang='lat' dir='ltr'><strong>auimaliter</strong></span> <span class='ocrx_word' id='word_1_329' title='bbox 1290 2757 1525 2828; x_wconf 85' lang='lat' dir='ltr'><strong>aliquem</strong></span> <span class='ocrx_word' id='word_1_330' title='bbox 1603 2795 1618 2810; x_wconf 95' lang='lat'><strong>.</strong></span> <span class='ocrx_word' id='word_1_331' title='bbox 1700 2796 1715 2811; x_wconf 95' lang='lat'><strong>.</strong></span> <span class='ocrx_word' id='word_1_332' title='bbox 1794 2795 1811 2811; x_wconf 93' lang='lat'><strong>.</strong></span> 
     </span>
    </p>
   </div>
   <div class='ocr_carea' id='block_1_45' title="bbox 283 2850 1815 2923">
    <p class='ocr_par' dir='ltr' id='par_1_45' title="bbox 283 2850 1815 2923">
     <span class='ocr_line' id='line_1_45' title="bbox 283 2850 1815 2923; baseline 0.001 -19"><span class='ocrx_word' id='word_1_333' title='bbox 283 2850 456 2923; x_wconf 69' lang='grc' dir='ltr'><strong>ωε</strong></span> <span class='ocrx_word' id='word_1_334' title='bbox 480 2850 534 2904; x_wconf 77' lang='grc'><strong>4.</strong></span> <span class='ocrx_word' id='word_1_335' title='bbox 565 2851 641 2906; x_wconf 80' lang='lat' dir='ltr'><strong>Ex</strong></span> <span class='ocrx_word' id='word_1_336' title='bbox 671 2852 776 2916; x_wconf 89' lang='lat' dir='ltr'><strong>his,</strong></span> <span class='ocrx_word' id='word_1_337' title='bbox 802 2850 1000 2907; x_wconf 85' lang='lat' dir='ltr'><strong>fratres</strong></span> <span class='ocrx_word' id='word_1_338' title='bbox 1029 2850 1357 2916; x_wconf 88' lang='lat' dir='ltr'><strong>charissimi,</strong></span> <span class='ocrx_word' id='word_1_339' title='bbox 1387 2850 1727 2918; x_wconf 84' lang='lat' dir='ltr'><strong>paucissimis</strong></span> <span class='ocrx_word' id='word_1_340' title='bbox 1759 2850 1815 2905; x_wconf 90' lang='lat' dir='ltr'><strong>in</strong></span> 
     </span>
    </p>
   </div>
   <div class='ocr_carea' id='block_1_46' title="bbox 215 2943 1812 3012">
    <p class='ocr_par' dir='ltr' id='par_1_46' title="bbox 215 2943 1812 3012">
     <span class='ocr_line' id='line_1_46' title="bbox 215 2943 1812 3012; baseline -0.002 -14"><span class='ocrx_word' id='word_1_341' title='bbox 215 2943 667 3012; x_wconf 74' lang='lat' dir='ltr'><strong>compensatione</strong></span> <span class='ocrx_word' id='word_1_342' title='bbox 717 2943 1211 3009; x_wconf 65' lang='lat' dir='ltr'><strong>ia-uutnerabilium,</strong></span> <span class='ocrx_word' id='word_1_343' title='bbox 1258 2943 1311 2996; x_wconf 91' lang='lat' dir='ltr'><strong>in</strong></span> <span class='ocrx_word' id='word_1_344' title='bbox 1343 2943 1539 3010; x_wconf 79' lang='lat' dir='ltr'><strong>quibus</strong></span> <span class='ocrx_word' id='word_1_345' title='bbox 1577 2943 1812 2996; x_wconf 88' lang='lat' dir='ltr'><strong>humana</strong></span> 
     </span>
    </p>
   </div>
   <div class='ocr_carea' id='block_1_47' title="bbox 216 3031 1809 3101">
    <p class='ocr_par' dir='ltr' id='par_1_47' title="bbox 216 3031 1809 3101">
     <span class='ocr_line' id='line_1_47' title="bbox 216 3031 1809 3101; baseline -0.003 -12"><span class='ocrx_word' id='word_1_346' title='bbox 216 3033 492 3089; x_wconf 84' lang='lat' dir='ltr'><strong>delabitur</strong></span> <span class='ocrx_word' id='word_1_347' title='bbox 537 3034 864 3100; x_wconf 82' lang='lat' dir='ltr'><strong>mortalitas,</strong></span> <span class='ocrx_word' id='word_1_348' title='bbox 905 3035 1041 3088; x_wconf 85' lang='lat' dir='ltr'><strong>satis</strong></span> <span class='ocrx_word' id='word_1_349' title='bbox 1072 3033 1352 3088; x_wconf 77' lang='lat' dir='ltr'><strong>evidenter</strong></span> <span class='ocrx_word' id='word_1_350' title='bbox 1386 3032 1614 3101; x_wconf 83' lang='lat' dir='ltr'><strong>potestis</strong></span> <span class='ocrx_word' id='word_1_351' title='bbox 1657 3031 1809 3086; x_wconf 87' lang='lat' dir='ltr'><strong>colli-</strong></span> 
     </span>
    </p>
   </div>
   <div class='ocr_carea' id='block_1_48' title="bbox 216 3128 1812 3200">
    <p class='ocr_par' dir='ltr' id='par_1_48' title="bbox 216 3128 1812 3200">
     <span class='ocr_line' id='line_1_48' title="bbox 216 3128 1812 3200; baseline 0.001 -18"><span class='ocrx_word' id='word_1_352' title='bbox 216 3143 344 3200; x_wconf 84' lang='lat' dir='ltr'><strong>gere</strong></span> <span class='ocrx_word' id='word_1_353' title='bbox 403 3139 666 3199; x_wconf 88' lang='lat' dir='ltr'><strong>quantum</strong></span> <span class='ocrx_word' id='word_1_354' title='bbox 714 3129 848 3183; x_wconf 86' lang='lat' dir='ltr'><strong>vitia</strong></span> <span class='ocrx_word' id='word_1_355' title='bbox 893 3129 1244 3193; x_wconf 87' lang='lat' dir='ltr'><strong>detestanda,</strong></span> <span class='ocrx_word' id='word_1_356' title='bbox 1301 3136 1671 3198; x_wconf 85' lang='lat' dir='ltr'><strong>quantumque</strong></span> <span class='ocrx_word' id='word_1_357' title='bbox 1717 3128 1812 3184; x_wconf 87' lang='lat' dir='ltr'><strong>Dei</strong></span> 
     </span>
    </p>
   </div>
   <div class='ocr_carea' id='block_1_49' title="bbox 1919 1929 3505 1999">
    <p class='ocr_par' dir='ltr' id='par_1_49' title="bbox 1919 1929 3505 1999">
     <span class='ocr_line' id='line_1_49' title="bbox 1919 1929 3505 1999; baseline 0.01 -24"><span class='ocrx_word' id='word_1_358' title='bbox 1919 1937 2187 1993; x_wconf 75' lang='lat' dir='ltr'><strong>gressum,</strong></span> <span class='ocrx_word' id='word_1_359' title='bbox 2217 1934 2310 1979; x_wconf 90' lang='lat' dir='ltr'><strong>aut</strong></span> <span class='ocrx_word' id='word_1_360' title='bbox 2335 1941 2514 1982; x_wconf 90' lang='lat' dir='ltr'><strong>morsu</strong></span> <span class='ocrx_word' id='word_1_361' title='bbox 2545 1929 2816 1984; x_wconf 82' lang='lat' dir='ltr'><strong>inﬁciatur</strong></span> <span class='ocrx_word' id='word_1_362' title='bbox 2840 1946 3064 1999; x_wconf 85' lang='lat' dir='ltr'><strong>operum</strong></span> <span class='ocrx_word' id='word_1_363' title='bbox 3093 1944 3505 1991; x_wconf 86' lang='lat' dir='ltr'><strong>venenatorum.</strong></span> 
     </span>
    </p>
   </div>
   <div class='ocr_carea' id='block_1_50' title="bbox 1919 2012 3507 2100">
    <p class='ocr_par' dir='ltr' id='par_1_50' title="bbox 1919 2012 3507 2100">
     <span class='ocr_line' id='line_1_50' title="bbox 1919 2012 3507 2100; baseline 0.01 -30"><span class='ocrx_word' id='word_1_364' title='bbox 1919 2012 2087 2090; x_wconf 80' lang='lat' dir='ltr'><strong>Cujus</strong></span> <span class='ocrx_word' id='word_1_365' title='bbox 2133 2016 2276 2070; x_wconf 90' lang='lat' dir='ltr'><strong>enim</strong></span> <span class='ocrx_word' id='word_1_366' title='bbox 2321 2034 2418 2073; x_wconf 91' lang='lat' dir='ltr'><strong>cor</strong></span> <span class='ocrx_word' id='word_1_367' title='bbox 2464 2019 2673 2076; x_wconf 82' lang='lat' dir='ltr'><strong>luxuria</strong></span> <span class='ocrx_word' id='word_1_368' title='bbox 2724 2025 2989 2091; x_wconf 83' lang='lat' dir='ltr'><strong>stimulat,</strong></span> <span class='ocrx_word' id='word_1_369' title='bbox 3024 2036 3082 2081; x_wconf 88' lang='lat' dir='ltr'><strong>ut</strong></span> <span class='ocrx_word' id='word_1_370' title='bbox 3109 2029 3264 2097; x_wconf 88' lang='lat' dir='ltr'><strong>spina</strong></span> <span class='ocrx_word' id='word_1_371' title='bbox 3313 2031 3507 2100; x_wconf 86' lang='lat' dir='ltr'><strong>pedem</strong></span> 
     </span>
    </p>
   </div>
   <div class='ocr_carea' id='block_1_51' title="bbox 1919 2103 3508 2190">
    <p class='ocr_par' dir='ltr' id='par_1_51' title="bbox 1919 2103 3508 2190">
     <span class='ocr_line' id='line_1_51' title="bbox 1919 2103 3508 2190; baseline 0.013 -31"><span class='ocrx_word' id='word_1_372' title='bbox 1919 2103 2250 2172; x_wconf 85' lang='lat' dir='ltr'><strong>claudicare,</strong></span> <span class='ocrx_word' id='word_1_373' title='bbox 2295 2108 2368 2163; x_wconf 90' lang='lat' dir='ltr'><strong>ita</strong></span> <span class='ocrx_word' id='word_1_374' title='bbox 2398 2120 2454 2165; x_wconf 90' lang='lat' dir='ltr'><strong>et</strong></span> <span class='ocrx_word' id='word_1_375' title='bbox 2483 2111 2595 2180; x_wconf 87' lang='lat' dir='ltr'><strong>ipsa</strong></span> <span class='ocrx_word' id='word_1_376' title='bbox 2645 2113 2972 2170; x_wconf 88' lang='lat' dir='ltr'><strong>desiderium</strong></span> <span class='ocrx_word' id='word_1_377' title='bbox 3016 2119 3088 2187; x_wconf 86' lang='lat' dir='ltr'><strong>pii</strong></span> <span class='ocrx_word' id='word_1_378' title='bbox 3125 2121 3308 2190; x_wconf 89' lang='lat' dir='ltr'><strong>operis</strong></span> <span class='ocrx_word' id='word_1_379' title='bbox 3356 2138 3508 2178; x_wconf 86' lang='lat' dir='ltr'><strong>com-</strong></span> 
     </span>
    </p>
   </div>
   <div class='ocr_carea' id='block_1_52' title="bbox 1917 2197 3505 2277">
    <p class='ocr_par' dir='ltr' id='par_1_52' title="bbox 1917 2197 3505 2277">
     <span class='ocr_line' id='line_1_52' title="bbox 1917 2197 3505 2277; baseline 0.011 -26"><span class='ocrx_word' id='word_1_380' title='bbox 1917 2197 2068 2266; x_wconf 89' lang='lat' dir='ltr'><strong>pellit</strong></span> <span class='ocrx_word' id='word_1_381' title='bbox 2097 2197 2417 2268; x_wconf 78' lang='lat' dir='ltr'><strong>fi&#39;tgescere;</strong></span> <span class='ocrx_word' id='word_1_382' title='bbox 2449 2203 2604 2273; x_wconf 88' lang='lat' dir='ltr'><strong>cujus</strong></span> <span class='ocrx_word' id='word_1_383' title='bbox 2632 2206 2843 2260; x_wconf 89' lang='lat' dir='ltr'><strong>animus</strong></span> <span class='ocrx_word' id='word_1_384' title='bbox 2871 2222 2998 2262; x_wconf 88' lang='lat' dir='ltr'><strong>vero</strong></span> <span class='ocrx_word' id='word_1_385' title='bbox 3027 2209 3224 2264; x_wconf 89' lang='lat' dir='ltr'><strong>invidia</strong></span> <span class='ocrx_word' id='word_1_386' title='bbox 3255 2212 3505 2277; x_wconf 84' lang='lat' dir='ltr'><strong>tabescit,</strong></span> 
     </span>
    </p>
   </div>
   <div class='ocr_carea' id='block_1_53' title="bbox 1920 2297 3520 2371">
    <p class='ocr_par' dir='ltr' id='par_1_53' title="bbox 1920 2297 3520 2371">
     <span class='ocr_line' id='line_1_53' title="bbox 1920 2297 3520 2371; baseline 0.011 -25"><span class='ocrx_word' id='word_1_387' title='bbox 1920 2307 2100 2348; x_wconf 89' lang='lat' dir='ltr'><strong>nonne</strong></span> <span class='ocrx_word' id='word_1_388' title='bbox 2147 2297 2451 2366; x_wconf 76' lang='lat' dir='ltr'><strong>grassantis</strong></span> <span class='ocrx_word' id='word_1_389' title='bbox 2504 2299 2696 2352; x_wconf 87' lang='lat' dir='ltr'><strong>veneni</strong></span> <span class='ocrx_word' id='word_1_390' title='bbox 2745 2299 2913 2355; x_wconf 89' lang='lat' dir='ltr'><strong>livore</strong></span> <span class='ocrx_word' id='word_1_391' title='bbox 2958 2301 3251 2371; x_wconf 87' lang='lat' dir='ltr'><strong>pallescit?</strong></span> <span class='ocrx_word' id='word_1_392' title='bbox 3298 2305 3520 2364; x_wconf 66' lang='lat' dir='ltr'><strong>Tenere</strong></span> 
     </span>
    </p>
   </div>
   <div class='ocr_carea' id='block_1_54' title="bbox 1919 2386 3508 2464">
    <p class='ocr_par' dir='ltr' id='par_1_54' title="bbox 1919 2386 3508 2464">
     <span class='ocr_line' id='line_1_54' title="bbox 1919 2386 3508 2464; baseline 0.009 -25"><span class='ocrx_word' id='word_1_393' title='bbox 1919 2386 2173 2440; x_wconf 89' lang='lat' dir='ltr'><strong>manibus</strong></span> <span class='ocrx_word' id='word_1_394' title='bbox 2200 2386 2356 2442; x_wconf 88' lang='lat' dir='ltr'><strong>nobis</strong></span> <span class='ocrx_word' id='word_1_395' title='bbox 2385 2395 2468 2442; x_wconf 90' lang='lat' dir='ltr'><strong>est</strong></span> <span class='ocrx_word' id='word_1_396' title='bbox 2500 2388 2775 2455; x_wconf 89' lang='lat' dir='ltr'><strong>baculum,</strong></span> <span class='ocrx_word' id='word_1_397' title='bbox 2812 2391 2988 2462; x_wconf 86' lang='lat' dir='ltr'><strong>rigore</strong></span> <span class='ocrx_word' id='word_1_398' title='bbox 3019 2393 3315 2464; x_wconf 70' lang='lat' dir='ltr'><strong>disciplinae</strong></span> <span class='ocrx_word' id='word_1_399' title='bbox 3342 2396 3508 2453; x_wconf 71' lang='lat' dir='ltr'><strong>etule-</strong></span> 
     </span>
    </p>
   </div>
   <div class='ocr_carea' id='block_1_55' title="bbox 1919 2477 3509 2550">
    <p class='ocr_par' dir='ltr' id='par_1_55' title="bbox 1919 2477 3509 2550">
     <span class='ocr_line' id='line_1_55' title="bbox 1919 2477 3509 2550; baseline 0.008 -19"><span class='ocrx_word' id='word_1_400' title='bbox 1919 2477 2019 2531; x_wconf 88' lang='lat' dir='ltr'><strong>stis</strong></span> <span class='ocrx_word' id='word_1_401' title='bbox 2064 2477 2312 2532; x_wconf 87' lang='lat' dir='ltr'><strong>illicitum</strong></span> <span class='ocrx_word' id='word_1_402' title='bbox 2358 2479 2615 2535; x_wconf 83' lang='lat' dir='ltr'><strong>cohibere</strong></span> <span class='ocrx_word' id='word_1_403' title='bbox 2663 2481 2992 2550; x_wconf 87' lang='lat' dir='ltr'><strong>appetitum;</strong></span> <span class='ocrx_word' id='word_1_404' title='bbox 3026 2492 3079 2538; x_wconf 91' lang='lat' dir='ltr'><strong>et</strong></span> <span class='ocrx_word' id='word_1_405' title='bbox 3111 2501 3178 2538; x_wconf 89' lang='lat' dir='ltr'><strong>ne</strong></span> <span class='ocrx_word' id='word_1_406' title='bbox 3213 2485 3267 2539; x_wconf 92' lang='lat' dir='ltr'><strong>in</strong></span> <span class='ocrx_word' id='word_1_407' title='bbox 3298 2485 3509 2544; x_wconf 86' lang='lat' dir='ltr'><strong>lubrico</strong></span> 
     </span>
    </p>
   </div>
   <div class='ocr_carea' id='block_1_56' title="bbox 1918 2567 3508 2646">
    <p class='ocr_par' dir='ltr' id='par_1_56' title="bbox 1918 2567 3508 2646">
     <span class='ocr_line' id='line_1_56' title="bbox 1918 2567 3508 2646; baseline 0.009 -26"><span class='ocrx_word' id='word_1_408' title='bbox 1918 2567 2017 2621; x_wconf 83' lang='lat' dir='ltr'><strong>viae</strong></span> <span class='ocrx_word' id='word_1_409' title='bbox 2041 2568 2323 2632; x_wconf 71' lang='lat' dir='ltr'><strong>praesentis</strong></span> <span class='ocrx_word' id='word_1_410' title='bbox 2353 2570 2573 2624; x_wconf 84' lang='lat' dir='ltr'><strong>noxium</strong></span> <span class='ocrx_word' id='word_1_411' title='bbox 2603 2571 2942 2628; x_wconf 89' lang='lat' dir='ltr'><strong>incurramus</strong></span> <span class='ocrx_word' id='word_1_412' title='bbox 2973 2571 3202 2644; x_wconf 79' lang='lat' dir='ltr'><strong>lapsum,</strong></span> <span class='ocrx_word' id='word_1_413' title='bbox 3235 2577 3508 2646; x_wconf 88' lang='lat' dir='ltr'><strong>quoddam</strong></span> 
     </span>
    </p>
   </div>
   <div class='ocr_carea' id='block_1_57' title="bbox 1919 2663 3524 2738">
    <p class='ocr_par' dir='ltr' id='par_1_57' title="bbox 1919 2663 3524 2738">
     <span class='ocr_line' id='line_1_57' title="bbox 1919 2663 3524 2738; baseline 0.006 -21"><span class='ocrx_word' id='word_1_414' title='bbox 1919 2663 2130 2720; x_wconf 89' lang='lat' dir='ltr'><strong>timoris</strong></span> <span class='ocrx_word' id='word_1_415' title='bbox 2171 2665 2264 2720; x_wconf 89' lang='lat' dir='ltr'><strong>Dei</strong></span> <span class='ocrx_word' id='word_1_416' title='bbox 2310 2681 2470 2718; x_wconf 87' lang='lat' dir='ltr'><strong>manu</strong></span> <span class='ocrx_word' id='word_1_417' title='bbox 2518 2667 2847 2736; x_wconf 85' lang='lat' dir='ltr'><strong>operationis</strong></span> <span class='ocrx_word' id='word_1_418' title='bbox 2895 2677 3113 2738; x_wconf 79' lang='lat' dir='ltr'><strong>gestare</strong></span> <span class='ocrx_word' id='word_1_419' title='bbox 3161 2678 3524 2727; x_wconf 21' lang='lat' dir='ltr'><strong>sustentacu-v</strong></span> 
     </span>
    </p>
   </div>
   <div class='ocr_carea' id='block_1_58' title="bbox 1921 2753 3509 2833">
    <p class='ocr_par' dir='ltr' id='par_1_58' title="bbox 1921 2753 3509 2833">
     <span class='ocr_line' id='line_1_58' title="bbox 1921 2753 3509 2833; baseline 0.008 -26"><span class='ocrx_word' id='word_1_420' title='bbox 1921 2753 2064 2820; x_wconf 87' lang='lat' dir='ltr'><strong>lum;</strong></span> <span class='ocrx_word' id='word_1_421' title='bbox 2099 2755 2363 2824; x_wconf 88' lang='lat' dir='ltr'><strong>pastorali</strong></span> <span class='ocrx_word' id='word_1_422' title='bbox 2395 2773 2610 2827; x_wconf 90' lang='lat' dir='ltr'><strong>quoque</strong></span> <span class='ocrx_word' id='word_1_423' title='bbox 2644 2757 2820 2813; x_wconf 77' lang='lat' dir='ltr'><strong>oliicio</strong></span> <span class='ocrx_word' id='word_1_424' title='bbox 2851 2761 3004 2814; x_wconf 87' lang='lat' dir='ltr'><strong>nobis</strong></span> <span class='ocrx_word' id='word_1_425' title='bbox 3034 2762 3165 2831; x_wconf 89' lang='lat' dir='ltr'><strong>ipsis</strong></span> <span class='ocrx_word' id='word_1_426' title='bbox 3194 2763 3509 2833; x_wconf 68' lang='lat' dir='ltr'><strong>praesidere,</strong></span> 
     </span>
    </p>
   </div>
   <div class='ocr_carea' id='block_1_59' title="bbox 1914 2846 3290 2923">
    <p class='ocr_par' dir='ltr' id='par_1_59' title="bbox 1914 2846 3290 2923">
     <span class='ocr_line' id='line_1_59' title="bbox 1914 2846 3290 2923; baseline 0.008 -25"><span class='ocrx_word' id='word_1_427' title='bbox 1914 2847 2080 2920; x_wconf 76' lang='lat'><strong>606</strong></span> <span class='ocrx_word' id='word_1_428' title='bbox 2111 2846 2274 2902; x_wconf 87' lang='lat' dir='ltr'><strong>Deum</strong></span> <span class='ocrx_word' id='word_1_429' title='bbox 2306 2850 2520 2911; x_wconf 64' lang='lat' dir='ltr'><strong>animat,</strong></span> <span class='ocrx_word' id='word_1_430' title='bbox 2556 2851 2789 2905; x_wconf 88' lang='lat' dir='ltr'><strong>animam</strong></span> <span class='ocrx_word' id='word_1_431' title='bbox 2819 2853 2964 2906; x_wconf 81' lang='lat' dir='ltr'><strong>carni</strong></span> <span class='ocrx_word' id='word_1_432' title='bbox 2996 2854 3290 2923; x_wconf 66' lang='lat' dir='ltr'><strong>praeﬁcere.</strong></span> 
     </span>
    </p>
   </div>
   <div class='ocr_carea' id='block_1_60' title="bbox 1984 2939 3511 3011">
    <p class='ocr_par' dir='ltr' id='par_1_60' title="bbox 1984 2939 3511 3011">
     <span class='ocr_line' id='line_1_60' title="bbox 1984 2939 3511 3011; baseline 0.006 -18"><span class='ocrx_word' id='word_1_433' title='bbox 1984 2940 2036 2993; x_wconf 81' lang='grc'><strong>5.</strong></span> <span class='ocrx_word' id='word_1_434' title='bbox 2073 2939 2184 2994; x_wconf 88' lang='lat' dir='ltr'><strong>Hoc</strong></span> <span class='ocrx_word' id='word_1_435' title='bbox 2223 2939 2266 2995; x_wconf 82' lang='lat' dir='ltr'><strong>si</strong></span> <span class='ocrx_word' id='word_1_436' title='bbox 2297 2940 2524 2994; x_wconf 84' lang='lat' dir='ltr'><strong>solerter</strong></span> <span class='ocrx_word' id='word_1_437' title='bbox 2551 2942 2859 3011; x_wconf 68' lang='lat' dir='ltr'><strong>pet-agimus</strong></span> <span class='ocrx_word' id='word_1_438' title='bbox 2878 2985 2892 3007; x_wconf 92' lang='lat'><strong>,</strong></span> <span class='ocrx_word' id='word_1_439' title='bbox 2923 2941 3132 2998; x_wconf 79' lang='lat' dir='ltr'><strong>Pascha</strong></span> <span class='ocrx_word' id='word_1_440' title='bbox 3168 2943 3511 3002; x_wconf 81' lang='lat' dir='ltr'><strong>Dominicull</strong></span> 
     </span>
    </p>
   </div>
   <div class='ocr_carea' id='block_1_61' title="bbox 1917 3030 3508 3104">
    <p class='ocr_par' dir='ltr' id='par_1_61' title="bbox 1917 3030 3508 3104">
     <span class='ocr_line' id='line_1_61' title="bbox 1917 3030 3508 3104; baseline 0.006 -21"><span class='ocrx_word' id='word_1_441' title='bbox 1917 3030 2020 3084; x_wconf 90' lang='lat' dir='ltr'><strong>rite</strong></span> <span class='ocrx_word' id='word_1_442' title='bbox 2081 3030 2419 3086; x_wconf 83' lang='lat' dir='ltr'><strong>celebramus</strong></span> <span class='ocrx_word' id='word_1_443' title='bbox 2488 3030 2808 3087; x_wconf 80' lang='lat' dir='ltr'><strong>festinantes</strong></span> <span class='ocrx_word' id='word_1_444' title='bbox 2863 3033 2968 3087; x_wconf 89' lang='lat' dir='ltr'><strong>isto</strong></span> <span class='ocrx_word' id='word_1_445' title='bbox 3011 3033 3361 3104; x_wconf 81' lang='lat' dir='ltr'><strong>pertingere,</strong></span> <span class='ocrx_word' id='word_1_446' title='bbox 3410 3033 3508 3092; x_wconf 81' lang='lat' dir='ltr'><strong>ubi</strong></span> 
     </span>
    </p>
   </div>
   <div class='ocr_carea' id='block_1_62' title="bbox 1913 3121 3510 3194">
    <p class='ocr_par' dir='ltr' id='par_1_62' title="bbox 1913 3121 3510 3194">
     <span class='ocr_line' id='line_1_62' title="bbox 1913 3121 3510 3194; baseline 0.003 -17"><span class='ocrx_word' id='word_1_447' title='bbox 1913 3121 2190 3178; x_wconf 89' lang='lat' dir='ltr'><strong>Christum</strong></span> <span class='ocrx_word' id='word_1_448' title='bbox 2218 3123 2270 3177; x_wconf 92' lang='lat' dir='ltr'><strong>in</strong></span> <span class='ocrx_word' id='word_1_449' title='bbox 2298 3123 2540 3187; x_wconf 79' lang='lat' dir='ltr'><strong>dextera,</strong></span> <span class='ocrx_word' id='word_1_450' title='bbox 2567 3125 2669 3178; x_wconf 89' lang='lat' dir='ltr'><strong>hoc</strong></span> <span class='ocrx_word' id='word_1_451' title='bbox 2688 3133 2770 3180; x_wconf 91' lang='lat' dir='ltr'><strong>est</strong></span> <span class='ocrx_word' id='word_1_452' title='bbox 2793 3125 3118 3194; x_wconf 82' lang='lat' dir='ltr'><strong>aequalitate,</strong></span> <span class='ocrx_word' id='word_1_453' title='bbox 3152 3125 3333 3181; x_wconf 88' lang='lat' dir='ltr'><strong>Patris</strong></span> <span class='ocrx_word' id='word_1_454' title='bbox 3354 3127 3510 3182; x_wconf 87' lang='lat' dir='ltr'><strong>novi-</strong></span> 
     </span>
    </p>
   </div>
   <div class='ocr_carea' id='block_1_63' title="bbox 217 3203 3509 3290">
    <p class='ocr_par' dir='ltr' id='par_1_63' title="bbox 217 3203 3509 3290">
     <span class='ocr_line' id='line_1_63' title="bbox 217 3203 3509 3290; baseline 0 -16"><span class='ocrx_word' id='word_1_455' title='bbox 217 3229 345 3274; x_wconf 84' lang='lat' dir='ltr'><strong>sunt</strong></span> <span class='ocrx_word' id='word_1_456' title='bbox 367 3219 742 3290; x_wconf 86' lang='lat' dir='ltr'><strong>amplectenda</strong></span> <span class='ocrx_word' id='word_1_457' title='bbox 768 3227 1056 3290; x_wconf 67' lang='lat' dir='ltr'><strong>praecepta.</strong></span> <span class='ocrx_word' id='word_1_458' title='bbox 1085 3219 1218 3275; x_wconf 84' lang='lat' dir='ltr'><strong>Nam</strong></span> <span class='ocrx_word' id='word_1_459' title='bbox 1248 3220 1388 3275; x_wconf 87' lang='lat' dir='ltr'><strong>sicut</strong></span> <span class='ocrx_word' id='word_1_460' title='bbox 1411 3234 1576 3288; x_wconf 90' lang='lat' dir='ltr'><strong>prava</strong></span> <span class='ocrx_word' id='word_1_461' title='bbox 1604 3220 1812 3288; x_wconf 85' lang='lat' dir='ltr'><strong>agendo</strong></span> <span class='ocrx_word' id='word_1_462' title='bbox 1839 3203 1886 3270; x_wconf 72' lang='grc' dir='ltr'><strong>ε</strong></span> <span class='ocrx_word' id='word_1_463' title='bbox 1920 3231 2038 3268; x_wconf 84' lang='lat' dir='ltr'><strong>llllls</strong></span> <span class='ocrx_word' id='word_1_464' title='bbox 2086 3215 2308 3280; x_wconf 89' lang='lat' dir='ltr'><strong>sedere;</strong></span> <span class='ocrx_word' id='word_1_465' title='bbox 2351 3216 2451 3269; x_wconf 90' lang='lat' dir='ltr'><strong>hoc</strong></span> <span class='ocrx_word' id='word_1_466' title='bbox 2483 3217 2625 3270; x_wconf 86' lang='lat' dir='ltr'><strong>enim</strong></span> <span class='ocrx_word' id='word_1_467' title='bbox 2659 3218 2858 3285; x_wconf 84' lang='lat' dir='ltr'><strong>phase,</strong></span> <span class='ocrx_word' id='word_1_468' title='bbox 2896 3218 2947 3272; x_wconf 83' lang='lat' dir='ltr'><strong>id</strong></span> <span class='ocrx_word' id='word_1_469' title='bbox 2979 3229 3082 3282; x_wconf 90' lang='lat' dir='ltr'><strong>est,</strong></span> <span class='ocrx_word' id='word_1_470' title='bbox 3115 3218 3373 3275; x_wconf 87' lang='lat' dir='ltr'><strong>transitus</strong></span> <span class='ocrx_word' id='word_1_471' title='bbox 3402 3221 3509 3277; x_wconf 84' lang='lat' dir='ltr'><strong>Do-</strong></span> 
     </span>
    </p>
   </div>
   <div class='ocr_carea' id='block_1_64' title="bbox 218 3309 1815 3382">
    <p class='ocr_par' dir='ltr' id='par_1_64' title="bbox 218 3309 1815 3382">
     <span class='ocr_line' id='line_1_64' title="bbox 218 3309 1815 3382; baseline 0 -16"><span class='ocrx_word' id='word_1_472' title='bbox 218 3326 516 3382; x_wconf 85' lang='lat' dir='ltr'><strong>pravorum</strong></span> <span class='ocrx_word' id='word_1_473' title='bbox 561 3311 861 3381; x_wconf 88' lang='lat' dir='ltr'><strong>acquiritur</strong></span> <span class='ocrx_word' id='word_1_474' title='bbox 900 3311 1265 3382; x_wconf 89' lang='lat' dir='ltr'><strong>participatio,</strong></span> <span class='ocrx_word' id='word_1_475' title='bbox 1299 3311 1371 3364; x_wconf 88' lang='lat' dir='ltr'><strong>ita</strong></span> <span class='ocrx_word' id='word_1_476' title='bbox 1407 3321 1461 3365; x_wconf 92' lang='lat' dir='ltr'><strong>et</strong></span> <span class='ocrx_word' id='word_1_477' title='bbox 1486 3309 1627 3365; x_wconf 89' lang='lat' dir='ltr'><strong>bona</strong></span> <span class='ocrx_word' id='word_1_478' title='bbox 1657 3327 1815 3366; x_wconf 75' lang='lat' dir='ltr'><strong>exse-</strong></span> 
     </span>
    </p>
   </div>
   <div class='ocr_carea' id='block_1_65' title="bbox 219 3405 1809 3476">
    <p class='ocr_par' dir='ltr' id='par_1_65' title="bbox 219 3405 1809 3476">
     <span class='ocr_line' id='line_1_65' title="bbox 219 3405 1809 3476; baseline 0.001 -16"><span class='ocrx_word' id='word_1_479' title='bbox 219 3405 440 3476; x_wconf 88' lang='lat' dir='ltr'><strong>quendo</strong></span> <span class='ocrx_word' id='word_1_480' title='bbox 477 3415 790 3460; x_wconf 83' lang='lat' dir='ltr'><strong>sanctorum</strong></span> <span class='ocrx_word' id='word_1_481' title='bbox 823 3405 1156 3460; x_wconf 91' lang='lat' dir='ltr'><strong>consortium</strong></span> <span class='ocrx_word' id='word_1_482' title='bbox 1194 3405 1469 3460; x_wconf 88' lang='lat' dir='ltr'><strong>lucramur</strong></span> <span class='ocrx_word' id='word_1_483' title='bbox 1500 3420 1533 3460; x_wconf 92' lang='lat' dir='ltr'><strong>e</strong></span> <span class='ocrx_word' id='word_1_484' title='bbox 1562 3405 1809 3473; x_wconf 88' lang='lat' dir='ltr'><strong>diverso;</strong></span> 
     </span>
    </p>
   </div>
   <div class='ocr_carea' id='block_1_66' title="bbox 221 3497 1813 3570">
    <p class='ocr_par' dir='ltr' id='par_1_66' title="bbox 221 3497 1813 3570">
     <span class='ocr_line' id='line_1_66' title="bbox 221 3497 1813 3570; baseline 0 -18"><span class='ocrx_word' id='word_1_485' title='bbox 221 3497 328 3553; x_wconf 88' lang='lat' dir='ltr'><strong>imo</strong></span> <span class='ocrx_word' id='word_1_486' title='bbox 363 3497 599 3554; x_wconf 85' lang='lat' dir='ltr'><strong>filiorum</strong></span> <span class='ocrx_word' id='word_1_487' title='bbox 630 3499 724 3552; x_wconf 86' lang='lat' dir='ltr'><strong>Dei</strong></span> <span class='ocrx_word' id='word_1_488' title='bbox 769 3498 924 3554; x_wconf 88' lang='lat' dir='ltr'><strong>nobis</strong></span> <span class='ocrx_word' id='word_1_489' title='bbox 954 3514 1079 3553; x_wconf 89' lang='lat' dir='ltr'><strong>cum</strong></span> <span class='ocrx_word' id='word_1_490' title='bbox 1116 3514 1176 3554; x_wconf 89' lang='lat' dir='ltr'><strong>re</strong></span> <span class='ocrx_word' id='word_1_491' title='bbox 1207 3499 1456 3570; x_wconf 89' lang='lat' dir='ltr'><strong>provenit</strong></span> <span class='ocrx_word' id='word_1_492' title='bbox 1492 3498 1813 3563; x_wconf 90' lang='lat' dir='ltr'><strong>nominatio,</strong></span> 
     </span>
    </p>
   </div>
   <div class='ocr_carea' id='block_1_67' title="bbox 219 3588 1816 3655">
    <p class='ocr_par' dir='ltr' id='par_1_67' title="bbox 219 3588 1816 3655">
     <span class='ocr_line' id='line_1_67' title="bbox 219 3588 1816 3655; baseline 0 -12"><span class='ocrx_word' id='word_1_493' title='bbox 219 3589 294 3643; x_wconf 83' lang='lat' dir='ltr'><strong>ita</strong></span> <span class='ocrx_word' id='word_1_494' title='bbox 338 3589 490 3644; x_wconf 83' lang='lat' dir='ltr'><strong>enim</strong></span> <span class='ocrx_word' id='word_1_495' title='bbox 533 3589 664 3644; x_wconf 80' lang='lat' dir='ltr'><strong>dicit</strong></span> <span class='ocrx_word' id='word_1_496' title='bbox 702 3604 716 3642; x_wconf 89' lang='lat'><strong>:</strong></span> <span class='ocrx_word' id='word_1_497' title='bbox 755 3589 935 3644; x_wconf 87' lang='lat' dir='ltr'><strong>Estote</strong></span> <span class='ocrx_word' id='word_1_498' title='bbox 972 3590 1354 3655; x_wconf 78' lang='lat' dir='ltr'><strong>misericordes,</strong></span> <span class='ocrx_word' id='word_1_499' title='bbox 1401 3591 1533 3644; x_wconf 83' lang='lat' dir='ltr'><strong>sicut</strong></span> <span class='ocrx_word' id='word_1_500' title='bbox 1576 3601 1624 3644; x_wconf 87' lang='lat' dir='ltr'><strong>et</strong></span> <span class='ocrx_word' id='word_1_501' title='bbox 1653 3588 1816 3643; x_wconf 85' lang='lat' dir='ltr'><strong>Pater</strong></span> 
     </span>
    </p>
   </div>
   <div class='ocr_carea' id='block_1_68' title="bbox 220 3683 1814 3757">
    <p class='ocr_par' dir='ltr' id='par_1_68' title="bbox 220 3683 1814 3757">
     <span class='ocr_line' id='line_1_68' title="bbox 220 3683 1814 3757; baseline 0.003 -21"><span class='ocrx_word' id='word_1_502' title='bbox 220 3693 385 3738; x_wconf 74' lang='lat' dir='ltr'><strong>vester</strong></span> <span class='ocrx_word' id='word_1_503' title='bbox 410 3683 632 3738; x_wconf 68' lang='lat' dir='ltr'><strong>caelestis</strong></span> <span class='ocrx_word' id='word_1_504' title='bbox 662 3685 956 3740; x_wconf 83' lang='lat' dir='ltr'><strong>misericors</strong></span> <span class='ocrx_word' id='word_1_505' title='bbox 981 3695 1057 3740; x_wconf 83' lang='lat' dir='ltr'><strong>est</strong></span> <span class='ocrx_word' id='word_1_506' title='bbox 1078 3685 1228 3757; x_wconf 87' lang='lat' dir='ltr'><strong>(Luc.</strong></span> <span class='ocrx_word' id='word_1_507' title='bbox 1254 3701 1330 3752; x_wconf 80' lang='lat' dir='ltr'><strong>vi,</strong></span> <span class='ocrx_word' id='word_1_508' title='bbox 1360 3685 1470 3755; x_wconf 80' lang='grc'><strong>56).</strong></span> <span class='ocrx_word' id='word_1_509' title='bbox 1505 3684 1656 3740; x_wconf 90' lang='lat' dir='ltr'><strong>Unde</strong></span> <span class='ocrx_word' id='word_1_510' title='bbox 1685 3685 1814 3755; x_wconf 85' lang='lat' dir='ltr'><strong>quia</strong></span> 
     </span>
    </p>
   </div>
   <div class='ocr_carea' id='block_1_69' title="bbox 222 3775 1815 3831">
    <p class='ocr_par' dir='ltr' id='par_1_69' title="bbox 222 3775 1815 3831">
     <span class='ocr_line' id='line_1_69' title="bbox 222 3775 1815 3831; baseline 0.003 -4"><span class='ocrx_word' id='word_1_511' title='bbox 222 3775 286 3828; x_wconf 86' lang='lat' dir='ltr'><strong>ad</strong></span> <span class='ocrx_word' id='word_1_512' title='bbox 333 3775 730 3830; x_wconf 72' lang='lat' dir='ltr'><strong>relaxationem</strong></span> <span class='ocrx_word' id='word_1_513' title='bbox 784 3777 1098 3830; x_wconf 85' lang='lat' dir='ltr'><strong>merendam</strong></span> <span class='ocrx_word' id='word_1_514' title='bbox 1150 3777 1451 3831; x_wconf 83' lang='lat' dir='ltr'><strong>facinorum</strong></span> <span class='ocrx_word' id='word_1_515' title='bbox 1500 3776 1660 3831; x_wconf 91' lang='lat' dir='ltr'><strong>hodie</strong></span> <span class='ocrx_word' id='word_1_516' title='bbox 1708 3777 1815 3831; x_wconf 89' lang='lat' dir='ltr'><strong>huc</strong></span> 
     </span>
    </p>
   </div>
   <div class='ocr_carea' id='block_1_70' title="bbox 220 3867 1824 3938">
    <p class='ocr_par' dir='ltr' id='par_1_70' title="bbox 220 3867 1824 3938">
     <span class='ocr_line' id='line_1_70' title="bbox 220 3867 1824 3938; baseline 0.002 -18"><span class='ocrx_word' id='word_1_517' title='bbox 220 3867 578 3930; x_wconf 88' lang='lat' dir='ltr'><strong>convenistis,</strong></span> <span class='ocrx_word' id='word_1_518' title='bbox 632 3867 996 3935; x_wconf 87' lang='lat' dir='ltr'><strong>considerate,</strong></span> <span class='ocrx_word' id='word_1_519' title='bbox 1051 3883 1254 3938; x_wconf 61' lang='lat' dir='ltr'><strong>quaeso,</strong></span> <span class='ocrx_word' id='word_1_520' title='bbox 1291 3869 1420 3938; x_wconf 89' lang='lat' dir='ltr'><strong>quid</strong></span> <span class='ocrx_word' id='word_1_521' title='bbox 1463 3868 1723 3938; x_wconf 84' lang='lat' dir='ltr'><strong>quaeritis,</strong></span> <span class='ocrx_word' id='word_1_522' title='bbox 1757 3876 1824 3924; x_wconf 83' lang='lat' dir='ltr'><strong>et&#39;</strong></span> 
     </span>
    </p>
   </div>
   <div class='ocr_carea' id='block_1_71' title="bbox 223 3958 1811 4029">
    <p class='ocr_par' dir='ltr' id='par_1_71' title="bbox 223 3958 1811 4029">
     <span class='ocr_line' id='line_1_71' title="bbox 223 3958 1811 4029; baseline 0.002 -18"><span class='ocrx_word' id='word_1_523' title='bbox 223 3966 373 4013; x_wconf 88' lang='lat' dir='ltr'><strong>tanto</strong></span> <span class='ocrx_word' id='word_1_524' title='bbox 400 3958 667 4014; x_wconf 86' lang='lat' dir='ltr'><strong>attentius</strong></span> <span class='ocrx_word' id='word_1_525' title='bbox 701 3959 984 4014; x_wconf 85' lang='lat' dir='ltr'><strong>consistite</strong></span> <span class='ocrx_word' id='word_1_526' title='bbox 1024 3959 1078 4014; x_wconf 92' lang='lat' dir='ltr'><strong>in</strong></span> <span class='ocrx_word' id='word_1_527' title='bbox 1111 3959 1384 4029; x_wconf 88' lang='lat' dir='ltr'><strong>precibus,</strong></span> <span class='ocrx_word' id='word_1_528' title='bbox 1424 3974 1530 4029; x_wconf 91' lang='lat' dir='ltr'><strong>quo</strong></span> <span class='ocrx_word' id='word_1_529' title='bbox 1556 3975 1651 4014; x_wconf 91' lang='lat' dir='ltr'><strong>vos</strong></span> <span class='ocrx_word' id='word_1_530' title='bbox 1681 3974 1811 4029; x_wconf 90' lang='lat' dir='ltr'><strong>pec-</strong></span> 
     </span>
    </p>
   </div>
   <div class='ocr_carea' id='block_1_72' title="bbox 221 4052 1815 4124">
    <p class='ocr_par' dir='ltr' id='par_1_72' title="bbox 221 4052 1815 4124">
     <span class='ocr_line' id='line_1_72' title="bbox 221 4052 1815 4124; baseline 0.003 -19"><span class='ocrx_word' id='word_1_531' title='bbox 221 4065 374 4106; x_wconf 85' lang='lat' dir='ltr'><strong>casse</strong></span> <span class='ocrx_word' id='word_1_532' title='bbox 394 4052 730 4121; x_wconf 82' lang='lat' dir='ltr'><strong>cognoscitis</strong></span> <span class='ocrx_word' id='word_1_533' title='bbox 752 4053 984 4124; x_wconf 75' lang='lat' dir='ltr'><strong>gravius.</strong></span> <span class='ocrx_word' id='word_1_534' title='bbox 1003 4052 1242 4108; x_wconf 84' lang='lat' dir='ltr'><strong>Clamate</strong></span> <span class='ocrx_word' id='word_1_535' title='bbox 1261 4054 1501 4116; x_wconf 90' lang='lat' dir='ltr'><strong>vocibus,</strong></span> <span class='ocrx_word' id='word_1_536' title='bbox 1520 4052 1815 4110; x_wconf 83' lang='lat' dir='ltr'><strong>vociferate</strong></span> 
     </span>
    </p>
   </div>
   <div class='ocr_carea' id='block_1_73' title="bbox 221 4141 1814 4216">
    <p class='ocr_par' dir='ltr' id='par_1_73' title="bbox 221 4141 1814 4216">
     <span class='ocr_line' id='line_1_73' title="bbox 221 4141 1814 4216; baseline 0.004 -21"><span class='ocrx_word' id='word_1_537' title='bbox 221 4143 497 4208; x_wconf 79' lang='lat' dir='ltr'><strong>cordibus,</strong></span> <span class='ocrx_word' id='word_1_538' title='bbox 529 4141 672 4210; x_wconf 89' lang='lat' dir='ltr'><strong>Tibi,</strong></span> <span class='ocrx_word' id='word_1_539' title='bbox 699 4144 944 4209; x_wconf 90' lang='lat' dir='ltr'><strong>Domine,</strong></span> <span class='ocrx_word' id='word_1_540' title='bbox 967 4146 1226 4210; x_wconf 87' lang='lat' dir='ltr'><strong>dicentes,</strong></span> <span class='ocrx_word' id='word_1_541' title='bbox 1260 4147 1621 4216; x_wconf 84' lang='lat' dir='ltr'><strong>peccavimus.</strong></span> <span class='ocrx_word' id='word_1_542' title='bbox 1647 4145 1814 4201; x_wconf 88' lang='lat' dir='ltr'><strong>Nemo</strong></span> 
     </span>
    </p>
   </div>
   <div class='ocr_carea' id='block_1_74' title="bbox 221 4238 1815 4306">
    <p class='ocr_par' dir='ltr' id='par_1_74' title="bbox 221 4238 1815 4306">
     <span class='ocr_line' id='line_1_74' title="bbox 221 4238 1815 4306; baseline 0.001 -16"><span class='ocrx_word' id='word_1_543' title='bbox 221 4248 278 4290; x_wconf 84' lang='lat' dir='ltr'><strong>se</strong></span> <span class='ocrx_word' id='word_1_544' title='bbox 305 4251 415 4292; x_wconf 92' lang='lat' dir='ltr'><strong>non</strong></span> <span class='ocrx_word' id='word_1_545' title='bbox 444 4251 705 4306; x_wconf 84' lang='lat' dir='ltr'><strong>peccasse</strong></span> <span class='ocrx_word' id='word_1_546' title='bbox 751 4246 995 4303; x_wconf 80' lang='lat' dir='ltr'><strong>excuset,</strong></span> <span class='ocrx_word' id='word_1_547' title='bbox 1027 4251 1185 4293; x_wconf 89' lang='lat' dir='ltr'><strong>nemo</strong></span> <span class='ocrx_word' id='word_1_548' title='bbox 1210 4238 1697 4304; x_wconf 86' lang='lat' dir='ltr'><strong>circumveniatur;</strong></span> <span class='ocrx_word' id='word_1_549' title='bbox 1735 4239 1815 4292; x_wconf 91' lang='lat' dir='ltr'><strong>iu-</strong></span> 
     </span>
    </p>
   </div>
   <div class='ocr_carea' id='block_1_75' title="bbox 223 4325 1817 4399">
    <p class='ocr_par' dir='ltr' id='par_1_75' title="bbox 223 4325 1817 4399">
     <span class='ocr_line' id='line_1_75' title="bbox 223 4325 1817 4399; baseline 0.003 -19"><span class='ocrx_word' id='word_1_550' title='bbox 223 4325 394 4381; x_wconf 87' lang='lat' dir='ltr'><strong>ultum</strong></span> <span class='ocrx_word' id='word_1_551' title='bbox 446 4327 616 4392; x_wconf 88' lang='lat' dir='ltr'><strong>enim,</strong></span> <span class='ocrx_word' id='word_1_552' title='bbox 647 4336 710 4382; x_wconf 93' lang='lat' dir='ltr'><strong>ut</strong></span> <span class='ocrx_word' id='word_1_553' title='bbox 736 4326 838 4383; x_wconf 79' lang='lat' dir='ltr'><strong>Job</strong></span> <span class='ocrx_word' id='word_1_554' title='bbox 865 4329 1082 4393; x_wconf 83' lang='lat' dir='ltr'><strong>asserit,</strong></span> <span class='ocrx_word' id='word_1_555' title='bbox 1114 4329 1256 4383; x_wconf 87' lang='lat' dir='ltr'><strong>Deus</strong></span> <span class='ocrx_word' id='word_1_556' title='bbox 1305 4330 1456 4385; x_wconf 88' lang='lat' dir='ltr'><strong>abire</strong></span> <span class='ocrx_word' id='word_1_557' title='bbox 1500 4329 1574 4383; x_wconf 90' lang='lat' dir='ltr'><strong>nil</strong></span> <span class='ocrx_word' id='word_1_558' title='bbox 1611 4330 1817 4399; x_wconf 86' lang='lat' dir='ltr'><strong>patitur</strong></span> 
     </span>
    </p>
   </div>
   <div class='ocr_carea' id='block_1_76' title="bbox 224 4415 1813 4491">
    <p class='ocr_par' dir='ltr' id='par_1_76' title="bbox 224 4415 1813 4491">
     <span class='ocr_line' id='line_1_76' title="bbox 224 4415 1813 4491; baseline 0.004 -21"><span class='ocrx_word' id='word_1_559' title='bbox 224 4415 346 4488; x_wconf 82' lang='lat' dir='ltr'><strong>(Job</strong></span> <span class='ocrx_word' id='word_1_560' title='bbox 373 4434 522 4484; x_wconf 73' lang='lat' dir='ltr'><strong>xxxv,</strong></span> <span class='ocrx_word' id='word_1_561' title='bbox 548 4418 665 4488; x_wconf 72' lang='lat'><strong>12).</strong></span> <span class='ocrx_word' id='word_1_562' title='bbox 713 4419 907 4474; x_wconf 87' lang='lat' dir='ltr'><strong>Audite</strong></span> <span class='ocrx_word' id='word_1_563' title='bbox 933 4420 1270 4491; x_wconf 85' lang='lat' dir='ltr'><strong>Apostolum,</strong></span> <span class='ocrx_word' id='word_1_564' title='bbox 1316 4420 1514 4491; x_wconf 89' lang='lat' dir='ltr'><strong>legitur</strong></span> <span class='ocrx_word' id='word_1_565' title='bbox 1539 4422 1684 4476; x_wconf 89' lang='lat' dir='ltr'><strong>enim</strong></span> <span class='ocrx_word' id='word_1_566' title='bbox 1712 4422 1813 4476; x_wconf 82' lang='lat' dir='ltr'><strong>ho-</strong></span> 
     </span>
    </p>
   </div>
   <div class='ocr_carea' id='block_1_77' title="bbox 224 4508 1816 4585">
    <p class='ocr_par' dir='ltr' id='par_1_77' title="bbox 224 4508 1816 4585">
     <span class='ocr_line' id='line_1_77' title="bbox 224 4508 1816 4585; baseline 0.003 -21"><span class='ocrx_word' id='word_1_567' title='bbox 224 4508 350 4566; x_wconf 81' lang='lat' dir='ltr'><strong>die:</strong></span> <span class='ocrx_word' id='word_1_568' title='bbox 377 4509 440 4566; x_wconf 87' lang='lat' dir='ltr'><strong>Si</strong></span> <span class='ocrx_word' id='word_1_569' title='bbox 474 4512 817 4582; x_wconf 78' lang='lat' dir='ltr'><strong>nosmetipsos</strong></span> <span class='ocrx_word' id='word_1_570' title='bbox 849 4513 1283 4582; x_wconf 86' lang='lat' dir='ltr'><strong>dijudicaremus,</strong></span> <span class='ocrx_word' id='word_1_571' title='bbox 1321 4529 1426 4568; x_wconf 90' lang='lat' dir='ltr'><strong>non</strong></span> <span class='ocrx_word' id='word_1_572' title='bbox 1460 4515 1637 4585; x_wconf 82' lang='lat' dir='ltr'><strong>utique</strong></span> <span class='ocrx_word' id='word_1_573' title='bbox 1666 4514 1816 4584; x_wconf 84' lang='lat' dir='ltr'><strong>judi-</strong></span> 
     </span>
    </p>
   </div>
   <div class='ocr_carea' id='block_1_78' title="bbox 1918 3307 3511 3376">
    <p class='ocr_par' dir='ltr' id='par_1_78' title="bbox 1918 3307 3511 3376">
     <span class='ocr_line' id='line_1_78' title="bbox 1918 3307 3511 3376; baseline 0.004 -16"><span class='ocrx_word' id='word_1_574' title='bbox 1918 3307 2049 3360; x_wconf 90' lang='lat' dir='ltr'><strong>mini</strong></span> <span class='ocrx_word' id='word_1_575' title='bbox 2083 3316 2326 3361; x_wconf 87' lang='lat' dir='ltr'><strong>vocatur.</strong></span> <span class='ocrx_word' id='word_1_576' title='bbox 2363 3307 2428 3361; x_wconf 88' lang='lat' dir='ltr'><strong>Et</strong></span> <span class='ocrx_word' id='word_1_577' title='bbox 2459 3307 2503 3360; x_wconf 91' lang='lat' dir='ltr'><strong>si</strong></span> <span class='ocrx_word' id='word_1_578' title='bbox 2529 3307 2594 3361; x_wconf 90' lang='lat' dir='ltr'><strong>de</strong></span> <span class='ocrx_word' id='word_1_579' title='bbox 2619 3308 2768 3362; x_wconf 90' lang='lat' dir='ltr'><strong>vitiis</strong></span> <span class='ocrx_word' id='word_1_580' title='bbox 2805 3309 2869 3360; x_wconf 87' lang='lat' dir='ltr'><strong>ad</strong></span> <span class='ocrx_word' id='word_1_581' title='bbox 2901 3309 3146 3376; x_wconf 87' lang='lat' dir='ltr'><strong>virtutes,</strong></span> <span class='ocrx_word' id='word_1_582' title='bbox 3179 3309 3245 3364; x_wconf 82' lang='lat' dir='ltr'><strong>&#39;de</strong></span> <span class='ocrx_word' id='word_1_583' title='bbox 3275 3310 3511 3368; x_wconf 78' lang='lat' dir='ltr'><strong>terrenis</strong></span> 
     </span>
    </p>
   </div>
   <div class='ocr_carea' id='block_1_79' title="bbox 1918 3398 3508 3471">
    <p class='ocr_par' dir='ltr' id='par_1_79' title="bbox 1918 3398 3508 3471">
     <span class='ocr_line' id='line_1_79' title="bbox 1918 3398 3508 3471; baseline 0.003 -20"><span class='ocrx_word' id='word_1_584' title='bbox 1918 3399 1984 3452; x_wconf 89' lang='lat' dir='ltr'><strong>ad</strong></span> <span class='ocrx_word' id='word_1_585' title='bbox 2037 3398 2279 3453; x_wconf 71' lang='lat' dir='ltr'><strong>coelestia</strong></span> <span class='ocrx_word' id='word_1_586' title='bbox 2328 3400 2682 3452; x_wconf 84' lang='lat' dir='ltr'><strong>conversione</strong></span> <span class='ocrx_word' id='word_1_587' title='bbox 2733 3399 3094 3454; x_wconf 87' lang='lat' dir='ltr'><strong>saluberrima</strong></span> <span class='ocrx_word' id='word_1_588' title='bbox 3151 3402 3508 3471; x_wconf 80' lang='lat' dir='ltr'><strong>transmigra-</strong></span> 
     </span>
    </p>
   </div>
   <div class='ocr_carea' id='block_1_80' title="bbox 1919 3492 3512 3564">
    <p class='ocr_par' dir='ltr' id='par_1_80' title="bbox 1919 3492 3512 3564">
     <span class='ocr_line' id='line_1_80' title="bbox 1919 3492 3512 3564; baseline 0.001 -18"><span class='ocrx_word' id='word_1_589' title='bbox 1919 3507 2071 3555; x_wconf 89' lang='lat' dir='ltr'><strong>mus;</strong></span> <span class='ocrx_word' id='word_1_590' title='bbox 2107 3492 2397 3560; x_wconf 89' lang='lat' dir='ltr'><strong>quodcum</strong></span> <span class='ocrx_word' id='word_1_591' title='bbox 2429 3492 2799 3546; x_wconf 88' lang='lat' dir='ltr'><strong>indesinenter</strong></span> <span class='ocrx_word' id='word_1_592' title='bbox 2829 3493 3228 3547; x_wconf 89' lang='lat' dir='ltr'><strong>conveniat.....</strong></span> <span class='ocrx_word' id='word_1_593' title='bbox 3263 3493 3372 3564; x_wconf 83' lang='lat' dir='ltr'><strong>agi,</strong></span> <span class='ocrx_word' id='word_1_594' title='bbox 3406 3495 3512 3548; x_wconf 88' lang='lat' dir='ltr'><strong>hoc</strong></span> 
     </span>
    </p>
   </div>
   <div class='ocr_carea' id='block_1_81' title="bbox 1919 3582 3509 3653">
    <p class='ocr_par' dir='ltr' id='par_1_81' title="bbox 1919 3582 3509 3653">
     <span class='ocr_line' id='line_1_81' title="bbox 1919 3582 3509 3653; baseline 0.001 -17"><span class='ocrx_word' id='word_1_595' title='bbox 1919 3582 2291 3636; x_wconf 87' lang='lat' dir='ltr'><strong>sacratissimo</strong></span> <span class='ocrx_word' id='word_1_596' title='bbox 2325 3591 2567 3651; x_wconf 88' lang='lat' dir='ltr'><strong>tempore</strong></span> <span class='ocrx_word' id='word_1_597' title='bbox 2595 3596 2789 3636; x_wconf 90' lang='lat' dir='ltr'><strong>moneo</strong></span> <span class='ocrx_word' id='word_1_598' title='bbox 2823 3590 2972 3637; x_wconf 88' lang='lat' dir='ltr'><strong>tanto</strong></span> <span class='ocrx_word' id='word_1_599' title='bbox 3006 3583 3267 3638; x_wconf 89' lang='lat' dir='ltr'><strong>intentius</strong></span> <span class='ocrx_word' id='word_1_600' title='bbox 3295 3583 3509 3653; x_wconf 82' lang='lat' dir='ltr'><strong>perﬁci,</strong></span> 
     </span>
    </p>
   </div>
   <div class='ocr_carea' id='block_1_82' title="bbox 1919 3674 3512 3744">
    <p class='ocr_par' dir='ltr' id='par_1_82' title="bbox 1919 3674 3512 3744">
     <span class='ocr_line' id='line_1_82' title="bbox 1919 3674 3512 3744; baseline 0.004 -19"><span class='ocrx_word' id='word_1_601' title='bbox 1919 3684 2215 3742; x_wconf 86' lang='lat' dir='ltr'><strong>quanto....</strong></span> <span class='ocrx_word' id='word_1_602' title='bbox 2254 3674 2574 3744; x_wconf 76' lang='lat' dir='ltr'><strong>mysterium</strong></span> <span class='ocrx_word' id='word_1_603' title='bbox 2610 3674 2823 3744; x_wconf 79' lang='lat' dir='ltr'><strong>dignius</strong></span> <span class='ocrx_word' id='word_1_604' title='bbox 2854 3674 3196 3744; x_wconf 85' lang='lat' dir='ltr'><strong>compellitur</strong></span> <span class='ocrx_word' id='word_1_605' title='bbox 3222 3675 3512 3731; x_wconf 87' lang='lat' dir='ltr'><strong>celebrari.</strong></span> 
     </span>
    </p>
   </div>
   <div class='ocr_carea' id='block_1_83' title="bbox 1921 3763 3507 3837">
    <p class='ocr_par' dir='ltr' id='par_1_83' title="bbox 1921 3763 3507 3837">
     <span class='ocr_line' id='line_1_83' title="bbox 1921 3763 3507 3837; baseline 0.004 -20"><span class='ocrx_word' id='word_1_606' title='bbox 1921 3763 2388 3818; x_wconf 87' lang='lat' dir='ltr'><strong>Miserrime.......</strong></span> <span class='ocrx_word' id='word_1_607' title='bbox 2415 3764 2870 3834; x_wconf 87' lang='lat' dir='ltr'><strong>quadragesimali</strong></span> <span class='ocrx_word' id='word_1_608' title='bbox 2914 3766 3200 3820; x_wconf 89' lang='lat' dir='ltr'><strong>inchoatur</strong></span> <span class='ocrx_word' id='word_1_609' title='bbox 3242 3776 3507 3837; x_wconf 89' lang='lat' dir='ltr'><strong>tempore.</strong></span> 
     </span>
    </p>
   </div>
   <div class='ocr_carea' id='block_1_84' title="bbox 1923 3855 3516 3927">
    <p class='ocr_par' dir='ltr' id='par_1_84' title="bbox 1923 3855 3516 3927">
     <span class='ocr_line' id='line_1_84' title="bbox 1923 3855 3516 3927; baseline 0.003 -17"><span class='ocrx_word' id='word_1_610' title='bbox 1923 3855 2171 3910; x_wconf 85' lang='lat' dir='ltr'><strong>Paschali</strong></span> <span class='ocrx_word' id='word_1_611' title='bbox 2225 3865 2642 3910; x_wconf 84' lang='lat' dir='ltr'><strong>transacta......</strong></span> <span class='ocrx_word' id='word_1_612' title='bbox 2674 3867 2792 3925; x_wconf 90' lang='lat' dir='ltr'><strong>post</strong></span> <span class='ocrx_word' id='word_1_613' title='bbox 2832 3859 2907 3912; x_wconf 86' lang='lat' dir='ltr'><strong>ad</strong></span> <span class='ocrx_word' id='word_1_614' title='bbox 2937 3858 3069 3912; x_wconf 87' lang='lat' dir='ltr'><strong>vitia</strong></span> <span class='ocrx_word' id='word_1_615' title='bbox 3118 3858 3322 3925; x_wconf 87' lang='lat' dir='ltr'><strong>redeat,</strong></span> <span class='ocrx_word' id='word_1_616' title='bbox 3356 3857 3516 3927; x_wconf 87' lang='lat' dir='ltr'><strong>quasi</strong></span> 
     </span>
    </p>
   </div>
   <div class='ocr_carea' id='block_1_85' title="bbox 1917 3947 3506 4018">
    <p class='ocr_par' dir='ltr' id='par_1_85' title="bbox 1917 3947 3506 4018">
     <span class='ocr_line' id='line_1_85' title="bbox 1917 3947 3506 4018; baseline 0.003 -16"><span class='ocrx_word' id='word_1_617' title='bbox 1917 3965 2024 4004; x_wconf 87' lang='lat' dir='ltr'><strong>non</strong></span> <span class='ocrx_word' id='word_1_618' title='bbox 2055 3965 2154 4018; x_wconf 85' lang='lat' dir='ltr'><strong>pro</strong></span> <span class='ocrx_word' id='word_1_619' title='bbox 2179 3947 2297 4012; x_wconf 91' lang='lat' dir='ltr'><strong>Dei,</strong></span> <span class='ocrx_word' id='word_1_620' title='bbox 2329 3950 2424 4004; x_wconf 90' lang='lat' dir='ltr'><strong>sed</strong></span> <span class='ocrx_word' id='word_1_621' title='bbox 2469 3965 2566 4018; x_wconf 84' lang='lat' dir='ltr'><strong>pro</strong></span> <span class='ocrx_word' id='word_1_622' title='bbox 2608 3950 2750 4003; x_wconf 91' lang='lat' dir='ltr'><strong>illius</strong></span> <span class='ocrx_word' id='word_1_623' title='bbox 2770 3949 3106 4004; x_wconf 88' lang='lat' dir='ltr'><strong>solummodo</strong></span> <span class='ocrx_word' id='word_1_624' title='bbox 3136 3951 3360 4005; x_wconf 90' lang='lat' dir='ltr'><strong>diei.....</strong></span> <span class='ocrx_word' id='word_1_625' title='bbox 3391 3951 3506 4007; x_wconf 87' lang='lat' dir='ltr'><strong>dis-</strong></span> 
     </span>
    </p>
   </div>
   <div class='ocr_carea' id='block_1_86' title="bbox 1917 4039 3510 4110">
    <p class='ocr_par' dir='ltr' id='par_1_86' title="bbox 1917 4039 3510 4110">
     <span class='ocr_line' id='line_1_86' title="bbox 1917 4039 3510 4110; baseline 0.002 -16"><span class='ocrx_word' id='word_1_626' title='bbox 1917 4054 2146 4103; x_wconf 89' lang='lat' dir='ltr'><strong>cessum,</strong></span> <span class='ocrx_word' id='word_1_627' title='bbox 2193 4041 2286 4093; x_wconf 90' lang='lat' dir='ltr'><strong>sed</strong></span> <span class='ocrx_word' id='word_1_628' title='bbox 2328 4039 2718 4108; x_wconf 87' lang='lat' dir='ltr'><strong>aliquantulum</strong></span> <span class='ocrx_word' id='word_1_629' title='bbox 2794 4039 2862 4094; x_wconf 90' lang='lat' dir='ltr'><strong>sit</strong></span> <span class='ocrx_word' id='word_1_630' title='bbox 2911 4041 3312 4108; x_wconf 90' lang='lat' dir='ltr'><strong>intermissum;</strong></span> <span class='ocrx_word' id='word_1_631' title='bbox 3361 4041 3510 4110; x_wconf 89' lang='lat' dir='ltr'><strong>quod</strong></span> 
     </span>
    </p>
   </div>
   <div class='ocr_carea' id='block_1_87' title="bbox 1919 4124 3512 4204">
    <p class='ocr_par' dir='ltr' id='par_1_87' title="bbox 1919 4124 3512 4204">
     <span class='ocr_line' id='line_1_87' title="bbox 1919 4124 3512 4204; baseline 0.002 -17"><span class='ocrx_word' id='word_1_632' title='bbox 1919 4146 2080 4204; x_wconf 83' lang='lat' dir='ltr'><strong>agere</strong></span> <span class='ocrx_word' id='word_1_633' title='bbox 2124 4132 2254 4201; x_wconf 88' lang='lat' dir='ltr'><strong>quid</strong></span> <span class='ocrx_word' id='word_1_634' title='bbox 2298 4142 2381 4188; x_wconf 87' lang='lat' dir='ltr'><strong>est</strong></span> <span class='ocrx_word' id='word_1_635' title='bbox 2409 4124 2760 4186; x_wconf 87' lang='lat' dir='ltr'><strong>aliud.........</strong></span> <span class='ocrx_word' id='word_1_636' title='bbox 2809 4132 3096 4202; x_wconf 86' lang='lat' dir='ltr'><strong>Quousque</strong></span> <span class='ocrx_word' id='word_1_637' title='bbox 3127 4133 3271 4188; x_wconf 91' lang='lat' dir='ltr'><strong>enim</strong></span> <span class='ocrx_word' id='word_1_638' title='bbox 3299 4133 3512 4190; x_wconf 84' lang='lat' dir='ltr'><strong>Pascha</strong></span> 
     </span>
    </p>
   </div>
   <div class='ocr_carea' id='block_1_88' title="bbox 1917 4221 3516 4293">
    <p class='ocr_par' dir='ltr' id='par_1_88' title="bbox 1917 4221 3516 4293">
     <span class='ocr_line' id='line_1_88' title="bbox 1917 4221 3516 4293; baseline 0.003 -16"><span class='ocrx_word' id='word_1_639' title='bbox 1917 4221 2353 4278; x_wconf 88' lang='lat' dir='ltr'><strong>Christianorum</strong></span> <span class='ocrx_word' id='word_1_640' title='bbox 2403 4223 2564 4278; x_wconf 88' lang='lat' dir='ltr'><strong>debet</strong></span> <span class='ocrx_word' id='word_1_641' title='bbox 2611 4224 2939 4293; x_wconf 85' lang='lat' dir='ltr'><strong>pertingere,</strong></span> <span class='ocrx_word' id='word_1_642' title='bbox 2986 4223 3274 4280; x_wconf 83' lang='lat' dir='ltr'><strong>Psalmista</strong></span> <span class='ocrx_word' id='word_1_643' title='bbox 3333 4235 3516 4282; x_wconf 84' lang='lat' dir='ltr'><strong>cente-</strong></span> 
     </span>
    </p>
   </div>
   <div class='ocr_carea' id='block_1_89' title="bbox 1920 4318 3514 4387">
    <p class='ocr_par' dir='ltr' id='par_1_89' title="bbox 1920 4318 3514 4387">
     <span class='ocr_line' id='line_1_89' title="bbox 1920 4318 3514 4387; baseline 0.003 -15"><span class='ocrx_word' id='word_1_644' title='bbox 1920 4318 2060 4373; x_wconf 90' lang='lat' dir='ltr'><strong>simo</strong></span> <span class='ocrx_word' id='word_1_645' title='bbox 2104 4319 2312 4373; x_wconf 90' lang='lat' dir='ltr'><strong>decimo</strong></span> <span class='ocrx_word' id='word_1_646' title='bbox 2363 4319 2594 4387; x_wconf 86' lang='lat' dir='ltr'><strong>septimo</strong></span> <span class='ocrx_word' id='word_1_647' title='bbox 2638 4318 2868 4386; x_wconf 80' lang='lat' dir='ltr'><strong>psalmo,</strong></span> <span class='ocrx_word' id='word_1_648' title='bbox 2917 4320 3007 4387; x_wconf 91' lang='lat' dir='ltr'><strong>qui</strong></span> <span class='ocrx_word' id='word_1_649' title='bbox 3062 4328 3205 4374; x_wconf 90' lang='lat' dir='ltr'><strong>totus</strong></span> <span class='ocrx_word' id='word_1_650' title='bbox 3251 4319 3305 4374; x_wconf 93' lang='lat' dir='ltr'><strong>in</strong></span> <span class='ocrx_word' id='word_1_651' title='bbox 3352 4319 3514 4382; x_wconf 81' lang='lat' dir='ltr'><strong>laude</strong></span> 
     </span>
    </p>
   </div>
   <div class='ocr_carea' id='block_1_90' title="bbox 1919 4411 3515 4482">
    <p class='ocr_par' dir='ltr' id='par_1_90' title="bbox 1919 4411 3515 4482">
     <span class='ocr_line' id='line_1_90' title="bbox 1919 4411 3515 4482; baseline 0 -14"><span class='ocrx_word' id='word_1_652' title='bbox 1919 4411 2080 4482; x_wconf 87' lang='lat' dir='ltr'><strong>hujus</strong></span> <span class='ocrx_word' id='word_1_653' title='bbox 2131 4412 2238 4465; x_wconf 83' lang='lat' dir='ltr'><strong>diei</strong></span> <span class='ocrx_word' id='word_1_654' title='bbox 2295 4413 2531 4473; x_wconf 84' lang='lat' dir='ltr'><strong>canitur,</strong></span> <span class='ocrx_word' id='word_1_655' title='bbox 2586 4411 2827 4466; x_wconf 85' lang='lat' dir='ltr'><strong>declarat</strong></span> <span class='ocrx_word' id='word_1_656' title='bbox 2876 4412 3146 4466; x_wconf 88' lang='lat' dir='ltr'><strong>dicendo:</strong></span> <span class='ocrx_word' id='word_1_657' title='bbox 3195 4411 3515 4469; x_wconf 69' lang='lat' dir='ltr'><strong>Constituitc</strong></span> 
     </span>
    </p>
   </div>
   <div class='ocr_carea' id='block_1_91' title="bbox 1919 4489 3516 4567">
    <p class='ocr_par' dir='ltr' id='par_1_91' title="bbox 1919 4489 3516 4567">
     <span class='ocr_line' id='line_1_91' title="bbox 1919 4489 3516 4567; baseline 0.001 -12"><span class='ocrx_word' id='word_1_658' title='bbox 1919 4503 2057 4556; x_wconf 84' lang='lat' dir='ltr'><strong>diem</strong></span> <span class='ocrx_word' id='word_1_659' title='bbox 2091 4505 2144 4556; x_wconf 89' lang='lat' dir='ltr'><strong>in</strong></span> <span class='ocrx_word' id='word_1_660' title='bbox 2173 4503 2470 4567; x_wconf 86' lang='lat' dir='ltr'><strong>condensis,</strong></span> <span class='ocrx_word' id='word_1_661' title='bbox 2519 4503 2653 4567; x_wconf 83' lang='lat' dir='ltr'><strong>sive,</strong></span> <span class='ocrx_word' id='word_1_662' title='bbox 2685 4512 2742 4556; x_wconf 91' lang='lat' dir='ltr'><strong>ut</strong></span> <span class='ocrx_word' id='word_1_663' title='bbox 2770 4503 2876 4556; x_wconf 89' lang='lat' dir='ltr'><strong>alia</strong></span> <span class='ocrx_word' id='word_1_664' title='bbox 2903 4503 3068 4557; x_wconf 91' lang='lat' dir='ltr'><strong>editio</strong></span> <span class='ocrx_word' id='word_1_665' title='bbox 3096 4503 3279 4563; x_wconf 85' lang='lat' dir='ltr'><strong>habet,</strong></span> <span class='ocrx_word' id='word_1_666' title='bbox 3311 4504 3366 4556; x_wconf 90' lang='lat' dir='ltr'><strong>in</strong></span> <span class='ocrx_word' id='word_1_667' title='bbox 3390 4489 3516 4556; x_wconf 67' lang='lat' dir='ltr'><strong>con-</strong></span> 
     </span>
    </p>
   </div>
   <div class='ocr_carea' id='block_1_92' title="bbox 224 4583 1813 4675">
    <p class='ocr_par' dir='ltr' id='par_1_92' title="bbox 224 4583 1811 4675">
     <span class='ocr_line' id='line_1_92' title="bbox 224 4583 1811 4675; baseline 0.004 -20"><span class='ocrx_word' id='word_1_668' title='bbox 224 4615 467 4656; x_wconf 79' lang='lat' dir='ltr'><strong>caremur</strong></span> <span class='ocrx_word' id='word_1_669' title='bbox 495 4602 546 4674; x_wconf 84' lang='grc' dir='ltr'><strong>(Ι</strong></span> <span class='ocrx_word' id='word_1_670' title='bbox 570 4602 695 4657; x_wconf 86' lang='lat' dir='ltr'><strong>Cor.</strong></span> <span class='ocrx_word' id='word_1_671' title='bbox 726 4615 802 4669; x_wconf 73' lang='lat' dir='ltr'><strong>tu,</strong></span> <span class='ocrx_word' id='word_1_672' title='bbox 831 4603 944 4673; x_wconf 69' lang='lat'><strong>&#39;51).</strong></span> <span class='ocrx_word' id='word_1_673' title='bbox 996 4602 1312 4659; x_wconf 67' lang='lat' dir='ltr'><strong>Iudicemus</strong></span> <span class='ocrx_word' id='word_1_674' title='bbox 1345 4605 1526 4674; x_wconf 87' lang='lat' dir='ltr'><strong>itaque</strong></span> <span class='ocrx_word' id='word_1_675' title='bbox 1552 4583 1676 4660; x_wconf 82' lang='lat' dir='ltr'><strong>nos</strong></span> <span class='ocrx_word' id='word_1_676' title='bbox 1710 4606 1811 4675; x_wconf 86' lang='lat' dir='ltr'><strong>ipsi</strong></span> 
     </span>
    </p>
   </div>
   <div class='ocr_carea' id='block_1_93' title="bbox 1920 4583 3514 4675">
    <p class='ocr_par' dir='ltr' id='par_1_93' title="bbox 1920 4591 3514 4664">
     <span class='ocr_line' id='line_1_93' title="bbox 1920 4591 3514 4664; baseline -0.001 -18"><span class='ocrx_word' id='word_1_677' title='bbox 1920 4593 2426 4664; x_wconf 78' lang='lat' dir='ltr'><strong>frequentationibas</strong></span> <span class='ocrx_word' id='word_1_678' title='bbox 2459 4610 2621 4663; x_wconf 86' lang='lat' dir='ltr'><strong>usque</strong></span> <span class='ocrx_word' id='word_1_679' title='bbox 2649 4593 2716 4646; x_wconf 88' lang='lat' dir='ltr'><strong>ad</strong></span> <span class='ocrx_word' id='word_1_680' title='bbox 2743 4609 2904 4648; x_wconf 79' lang='lat' dir='ltr'><strong>cornu</strong></span> <span class='ocrx_word' id='word_1_681' title='bbox 2935 4593 3118 4647; x_wconf 81' lang='lat' dir='ltr'><strong>altaris</strong></span> <span class='ocrx_word' id='word_1_682' title='bbox 3147 4591 3318 4662; x_wconf 82' lang='lat' dir='ltr'><strong>(Psal.</strong></span> <span class='ocrx_word' id='word_1_683' title='bbox 3341 4606 3514 4656; x_wconf 81' lang='lat' dir='ltr'><strong>cxvu,</strong></span> 
     </span>
    </p>
   </div>
   <div class='ocr_carea' id='block_1_94' title="bbox 225 4694 1813 4767">
    <p class='ocr_par' dir='ltr' id='par_1_94' title="bbox 225 4694 1813 4767">
     <span class='ocr_line' id='line_1_94' title="bbox 225 4694 1813 4767; baseline 0.004 -19"><span class='ocrx_word' id='word_1_684' title='bbox 225 4704 458 4762; x_wconf 87' lang='lat' dir='ltr'><strong>nosmet,</strong></span> <span class='ocrx_word' id='word_1_685' title='bbox 485 4694 707 4762; x_wconf 87' lang='lat' dir='ltr'><strong>fratres,</strong></span> <span class='ocrx_word' id='word_1_686' title='bbox 739 4696 792 4750; x_wconf 91' lang='lat' dir='ltr'><strong>in</strong></span> <span class='ocrx_word' id='word_1_687' title='bbox 822 4695 1074 4767; x_wconf 64' lang='lat' dir='ltr'><strong>praesenti</strong></span> <span class='ocrx_word' id='word_1_688' title='bbox 1105 4704 1161 4751; x_wconf 89' lang='lat' dir='ltr'><strong>et</strong></span> <span class='ocrx_word' id='word_1_689' title='bbox 1187 4695 1629 4760; x_wconf 89' lang='lat' dir='ltr'><strong>condemnemus,</strong></span> <span class='ocrx_word' id='word_1_690' title='bbox 1662 4712 1727 4752; x_wconf 89' lang='lat' dir='ltr'><strong>ne</strong></span> <span class='ocrx_word' id='word_1_691' title='bbox 1757 4699 1813 4754; x_wconf 92' lang='lat' dir='ltr'><strong>in</strong></span> 
     </span>
    </p>
   </div>
   <div class='ocr_carea' id='block_1_95' title="bbox 226 4780 1812 4859">
    <p class='ocr_par' dir='ltr' id='par_1_95' title="bbox 226 4780 1812 4859">
     <span class='ocr_line' id='line_1_95' title="bbox 226 4780 1812 4859; baseline 0.002 -20"><span class='ocrx_word' id='word_1_692' title='bbox 226 4780 410 4859; x_wconf 76' lang='lat' dir='ltr'><strong>futuro</strong></span> <span class='ocrx_word' id='word_1_693' title='bbox 442 4783 774 4855; x_wconf 88' lang='lat' dir='ltr'><strong>judicemur.</strong></span> <span class='ocrx_word' id='word_1_694' title='bbox 811 4785 998 4844; x_wconf 86' lang='lat' dir='ltr'><strong>Simus</strong></span> <span class='ocrx_word' id='word_1_695' title='bbox 1037 4788 1209 4844; x_wconf 87' lang='lat' dir='ltr'><strong>nostri</strong></span> <span class='ocrx_word' id='word_1_696' title='bbox 1240 4797 1497 4854; x_wconf 89' lang='lat' dir='ltr'><strong>tortores,</strong></span> <span class='ocrx_word' id='word_1_697' title='bbox 1526 4798 1585 4843; x_wconf 91' lang='lat' dir='ltr'><strong>ut</strong></span> <span class='ocrx_word' id='word_1_698' title='bbox 1614 4788 1812 4842; x_wconf 85' lang='lat' dir='ltr'><strong>inferni</strong></span> 
     </span>
    </p>
   </div>
   <div class='ocr_carea' id='block_1_96' title="bbox 228 4881 1815 4955">
    <p class='ocr_par' dir='ltr' id='par_1_96' title="bbox 228 4881 1815 4955">
     <span class='ocr_line' id='line_1_96' title="bbox 228 4881 1815 4955; baseline -0.001 -19"><span class='ocrx_word' id='word_1_699' title='bbox 228 4894 333 4952; x_wconf 74' lang='lat' dir='ltr'><strong>non</strong></span> <span class='ocrx_word' id='word_1_700' title='bbox 382 4883 682 4938; x_wconf 88' lang='lat' dir='ltr'><strong>sentiamus</strong></span> <span class='ocrx_word' id='word_1_701' title='bbox 726 4883 1031 4940; x_wconf 82' lang='lat' dir='ltr'><strong>carnifices.</strong></span> <span class='ocrx_word' id='word_1_702' title='bbox 1079 4883 1148 4938; x_wconf 87' lang='lat' dir='ltr'><strong>Et</strong></span> <span class='ocrx_word' id='word_1_703' title='bbox 1176 4883 1305 4955; x_wconf 93' lang='lat' dir='ltr'><strong>quid</strong></span> <span class='ocrx_word' id='word_1_704' title='bbox 1343 4882 1572 4954; x_wconf 89' lang='lat' dir='ltr'><strong>amplius</strong></span> <span class='ocrx_word' id='word_1_705' title='bbox 1601 4881 1815 4938; x_wconf 88' lang='lat' dir='ltr'><strong>dicam?</strong></span> 
     </span>
    </p>
   </div>
   <div class='ocr_carea' id='block_1_97' title="bbox 227 4967 1818 5034">
    <p class='ocr_par' dir='ltr' id='par_1_97' title="bbox 227 4967 1818 5034">
     <span class='ocr_line' id='line_1_97' title="bbox 227 4967 1818 5034; baseline 0.001 -4"><span class='ocrx_word' id='word_1_706' title='bbox 227 4967 394 5030; x_wconf 69' lang='lat' dir='ltr'><strong>Cinna</strong></span> <span class='ocrx_word' id='word_1_707' title='bbox 416 4975 628 5032; x_wconf 89' lang='lat' dir='ltr'><strong>Domini</strong></span> <span class='ocrx_word' id='word_1_708' title='bbox 659 4985 882 5034; x_wconf 84' lang='lat' dir='ltr'><strong>vocatur</strong></span> <span class='ocrx_word' id='word_1_709' title='bbox 905 4977 1009 5034; x_wconf 87' lang='lat' dir='ltr'><strong>ista</strong></span> <span class='ocrx_word' id='word_1_710' title='bbox 1035 4978 1169 5034; x_wconf 85' lang='lat' dir='ltr'><strong>dies.</strong></span> <span class='ocrx_word' id='word_1_711' title='bbox 1202 4977 1370 5034; x_wconf 56' lang='lat' dir='ltr'><strong>Canna</strong></span> <span class='ocrx_word' id='word_1_712' title='bbox 1402 4985 1580 5032; x_wconf 88' lang='lat' dir='ltr'><strong>autem</strong></span> <span class='ocrx_word' id='word_1_713' title='bbox 1611 4992 1641 5032; x_wconf 88' lang='lat' dir='ltr'><strong>a</strong></span> <span class='ocrx_word' id='word_1_714' title='bbox 1665 4991 1818 5032; x_wconf 91' lang='lat' dir='ltr'><strong>com-</strong></span> 
     </span>
    </p>
   </div>
   <div class='ocr_carea' id='block_1_98' title="bbox 230 5065 1816 5136">
    <p class='ocr_par' dir='ltr' id='par_1_98' title="bbox 230 5065 1816 5136">
     <span class='ocr_line' id='line_1_98' title="bbox 230 5065 1816 5136; baseline 0.003 -19"><span class='ocrx_word' id='word_1_715' title='bbox 230 5065 482 5122; x_wconf 86' lang='lat' dir='ltr'><strong>munione</strong></span> <span class='ocrx_word' id='word_1_716' title='bbox 523 5067 859 5124; x_wconf 86' lang='lat' dir='ltr'><strong>vescentium</strong></span> <span class='ocrx_word' id='word_1_717' title='bbox 901 5068 1129 5136; x_wconf 89' lang='lat' dir='ltr'><strong>dicitur;</strong></span> <span class='ocrx_word' id='word_1_718' title='bbox 1171 5067 1319 5124; x_wconf 89' lang='lat' dir='ltr'><strong>nulla</strong></span> <span class='ocrx_word' id='word_1_719' title='bbox 1362 5076 1540 5124; x_wconf 87' lang='lat' dir='ltr'><strong>autem</strong></span> <span class='ocrx_word' id='word_1_720' title='bbox 1572 5083 1816 5122; x_wconf 89' lang='lat' dir='ltr'><strong>commu-</strong></span> 
     </span>
    </p>
   </div>
   <div class='ocr_carea' id='block_1_99' title="bbox 233 5152 1817 5230">
    <p class='ocr_par' dir='ltr' id='par_1_99' title="bbox 233 5152 1817 5230">
     <span class='ocr_line' id='line_1_99' title="bbox 233 5152 1817 5230; baseline 0.003 -23"><span class='ocrx_word' id='word_1_721' title='bbox 233 5152 321 5210; x_wconf 89' lang='lat' dir='ltr'><strong>nio</strong></span> <span class='ocrx_word' id='word_1_722' title='bbox 367 5157 458 5212; x_wconf 87' lang='lat' dir='ltr'><strong>ubi</strong></span> <span class='ocrx_word' id='word_1_723' title='bbox 498 5157 783 5213; x_wconf 82' lang='lat' dir='ltr'><strong>discordiae</strong></span> <span class='ocrx_word' id='word_1_724' title='bbox 820 5158 1031 5216; x_wconf 89' lang='lat' dir='ltr'><strong>divisio.</strong></span> <span class='ocrx_word' id='word_1_725' title='bbox 1085 5159 1344 5230; x_wconf 87' lang='lat' dir='ltr'><strong>Quisquis</strong></span> <span class='ocrx_word' id='word_1_726' title='bbox 1391 5158 1574 5228; x_wconf 87' lang='lat' dir='ltr'><strong>itaque</strong></span> <span class='ocrx_word' id='word_1_727' title='bbox 1608 5158 1718 5214; x_wconf 90' lang='lat' dir='ltr'><strong>odii</strong></span> <span class='ocrx_word' id='word_1_728' title='bbox 1759 5156 1817 5212; x_wconf 86' lang='lat' dir='ltr'><strong>in</strong></span> 
     </span>
    </p>
   </div>
   <div class='ocr_carea' id='block_1_100' title="bbox 233 5247 1816 5319">
    <p class='ocr_par' dir='ltr' id='par_1_100' title="bbox 233 5247 1816 5319">
     <span class='ocr_line' id='line_1_100' title="bbox 233 5247 1816 5319; baseline 0.005 -19"><span class='ocrx_word' id='word_1_729' title='bbox 233 5247 394 5302; x_wconf 87' lang='lat' dir='ltr'><strong>corde</strong></span> <span class='ocrx_word' id='word_1_730' title='bbox 426 5250 625 5306; x_wconf 90' lang='lat' dir='ltr'><strong>retinet</strong></span> <span class='ocrx_word' id='word_1_731' title='bbox 649 5266 935 5319; x_wconf 89' lang='lat' dir='ltr'><strong>venenum,</strong></span> <span class='ocrx_word' id='word_1_732' title='bbox 964 5268 1069 5308; x_wconf 93' lang='lat' dir='ltr'><strong>non</strong></span> <span class='ocrx_word' id='word_1_733' title='bbox 1099 5253 1328 5309; x_wconf 83' lang='lat' dir='ltr'><strong>accedat</strong></span> <span class='ocrx_word' id='word_1_734' title='bbox 1357 5253 1423 5308; x_wconf 88' lang='lat' dir='ltr'><strong>ad</strong></span> <span class='ocrx_word' id='word_1_735' title='bbox 1459 5253 1603 5309; x_wconf 91' lang='lat' dir='ltr'><strong>istud</strong></span> <span class='ocrx_word' id='word_1_736' title='bbox 1631 5252 1816 5310; x_wconf 83' lang='lat' dir='ltr'><strong>chari-</strong></span> 
     </span>
    </p>
   </div>
   <div class='ocr_carea' id='block_1_101' title="bbox 1919 4684 3514 4754">
    <p class='ocr_par' dir='ltr' id='par_1_101' title="bbox 1919 4684 3514 4754">
     <span class='ocr_line' id='line_1_101' title="bbox 1919 4684 3514 4754; baseline 0.001 -16"><span class='ocrx_word' id='word_1_737' title='bbox 1919 4685 2026 4754; x_wconf 69' lang='grc'><strong>27).</strong></span> <span class='ocrx_word' id='word_1_738' title='bbox 2063 4685 2118 4739; x_wconf 91' lang='lat' dir='ltr'><strong>In</strong></span> <span class='ocrx_word' id='word_1_739' title='bbox 2154 4686 2443 4739; x_wconf 88' lang='lat' dir='ltr'><strong>condensis</strong></span> <span class='ocrx_word' id='word_1_740' title='bbox 2490 4686 2634 4740; x_wconf 89' lang='lat' dir='ltr'><strong>enim</strong></span> <span class='ocrx_word' id='word_1_741' title='bbox 2679 4695 2762 4739; x_wconf 85' lang='lat' dir='ltr'><strong>est</strong></span> <span class='ocrx_word' id='word_1_742' title='bbox 2814 4685 2868 4738; x_wconf 89' lang='lat' dir='ltr'><strong>in</strong></span> <span class='ocrx_word' id='word_1_743' title='bbox 2916 4684 3145 4740; x_wconf 89' lang='lat' dir='ltr'><strong>occultis</strong></span> <span class='ocrx_word' id='word_1_744' title='bbox 3168 4684 3396 4750; x_wconf 88' lang='lat' dir='ltr'><strong>mentis;</strong></span> <span class='ocrx_word' id='word_1_745' title='bbox 3455 4685 3514 4740; x_wconf 90' lang='lat' dir='ltr'><strong>in</strong></span> 
     </span>
    </p>
   </div>
   <div class='ocr_carea' id='block_1_102' title="bbox 1921 4773 3518 4844">
    <p class='ocr_par' dir='ltr' id='par_1_102' title="bbox 1921 4773 3518 4844">
     <span class='ocr_line' id='line_1_102' title="bbox 1921 4773 3518 4844; baseline 0.001 -15"><span class='ocrx_word' id='word_1_746' title='bbox 1921 4775 2550 4844; x_wconf 84' lang='lat' dir='ltr'><strong>confrequentationibus</strong></span> <span class='ocrx_word' id='word_1_747' title='bbox 2578 4783 2780 4842; x_wconf 89' lang='lat' dir='ltr'><strong>autem,</strong></span> <span class='ocrx_word' id='word_1_748' title='bbox 2808 4775 2862 4828; x_wconf 90' lang='lat' dir='ltr'><strong>in</strong></span> <span class='ocrx_word' id='word_1_749' title='bbox 2891 4789 2989 4828; x_wconf 89' lang='lat' dir='ltr'><strong>usu</strong></span> <span class='ocrx_word' id='word_1_750' title='bbox 3016 4773 3101 4828; x_wconf 91' lang='lat' dir='ltr'><strong>vel</strong></span> <span class='ocrx_word' id='word_1_751' title='bbox 3125 4773 3518 4830; x_wconf 79' lang='lat' dir='ltr'><strong>consuetudine</strong></span> 
     </span>
    </p>
   </div>
   <div class='ocr_carea' id='block_1_103' title="bbox 1922 4865 3509 4933">
    <p class='ocr_par' dir='ltr' id='par_1_103' title="bbox 1922 4865 3509 4933">
     <span class='ocr_line' id='line_1_103' title="bbox 1922 4865 3509 4933; baseline -0.003 -9"><span class='ocrx_word' id='word_1_752' title='bbox 1922 4869 2036 4924; x_wconf 91' lang='lat' dir='ltr'><strong>sive</strong></span> <span class='ocrx_word' id='word_1_753' title='bbox 2086 4869 2512 4924; x_wconf 90' lang='lat' dir='ltr'><strong>continuatione.</strong></span> <span class='ocrx_word' id='word_1_754' title='bbox 2545 4867 2754 4922; x_wconf 87' lang='lat' dir='ltr'><strong>Pascha</strong></span> <span class='ocrx_word' id='word_1_755' title='bbox 2803 4868 2947 4921; x_wconf 86' lang='lat' dir='ltr'><strong>enim</strong></span> <span class='ocrx_word' id='word_1_756' title='bbox 2995 4873 3275 4928; x_wconf 88' lang='lat' dir='ltr'><strong>nostrum,</strong></span> <span class='ocrx_word' id='word_1_757' title='bbox 3311 4865 3363 4919; x_wconf 91' lang='lat' dir='ltr'><strong>id</strong></span> <span class='ocrx_word' id='word_1_758' title='bbox 3406 4873 3509 4933; x_wconf 90' lang='lat' dir='ltr'><strong>est,</strong></span> 
     </span>
    </p>
   </div>
   <div class='ocr_carea' id='block_1_104' title="bbox 1923 4954 3519 5028">
    <p class='ocr_par' dir='ltr' id='par_1_104' title="bbox 1923 4954 3519 5028">
     <span class='ocr_line' id='line_1_104' title="bbox 1923 4954 3519 5028; baseline -0.002 -12"><span class='ocrx_word' id='word_1_759' title='bbox 1923 4961 2199 5026; x_wconf 89' lang='lat' dir='ltr'><strong>Christus,</strong></span> <span class='ocrx_word' id='word_1_760' title='bbox 2234 4977 2263 5015; x_wconf 87' lang='lat' dir='ltr'><strong>a</strong></span> <span class='ocrx_word' id='word_1_761' title='bbox 2296 4960 2459 5015; x_wconf 86' lang='lat' dir='ltr'><strong>corde</strong></span> <span class='ocrx_word' id='word_1_762' title='bbox 2491 4975 2765 5028; x_wconf 88' lang='lat' dir='ltr'><strong>nunquam</strong></span> <span class='ocrx_word' id='word_1_763' title='bbox 2797 4957 2958 5012; x_wconf 87' lang='lat' dir='ltr'><strong>debet</strong></span> <span class='ocrx_word' id='word_1_764' title='bbox 2983 4954 3258 5017; x_wconf 85' lang='lat' dir='ltr'><strong>recedere,</strong></span> <span class='ocrx_word' id='word_1_765' title='bbox 3293 4954 3399 5010; x_wconf 89' lang='lat' dir='ltr'><strong>hoc</strong></span> <span class='ocrx_word' id='word_1_766' title='bbox 3431 4957 3519 5013; x_wconf 87' lang='lat' dir='ltr'><strong>in-</strong></span> 
     </span>
    </p>
   </div>
   <div class='ocr_carea' id='block_1_105' title="bbox 1924 5049 3525 5122">
    <p class='ocr_par' dir='ltr' id='par_1_105' title="bbox 1924 5049 3525 5122">
     <span class='ocr_line' id='line_1_105' title="bbox 1924 5049 3525 5122; baseline -0.003 -11"><span class='ocrx_word' id='word_1_767' title='bbox 1924 5053 2186 5111; x_wconf 90' lang='lat' dir='ltr'><strong>desinenti</strong></span> <span class='ocrx_word' id='word_1_768' title='bbox 2215 5053 2569 5108; x_wconf 87' lang='lat' dir='ltr'><strong>veneratione</strong></span> <span class='ocrx_word' id='word_1_769' title='bbox 2599 5053 2854 5109; x_wconf 90' lang='lat' dir='ltr'><strong>debemus</strong></span> <span class='ocrx_word' id='word_1_770' title='bbox 2881 5049 3228 5122; x_wconf 86' lang='lat' dir='ltr'><strong>frequentare</strong></span> <span class='ocrx_word' id='word_1_771' title='bbox 3255 5061 3429 5117; x_wconf 89' lang='lat' dir='ltr'><strong>usque</strong></span> <span class='ocrx_word' id='word_1_772' title='bbox 3453 5049 3525 5106; x_wconf 78' lang='lat' dir='ltr'><strong>ad</strong></span> 
     </span>
    </p>
   </div>
   <div class='ocr_carea' id='block_1_106' title="bbox 1925 5135 3528 5211">
    <p class='ocr_par' dir='ltr' id='par_1_106' title="bbox 1925 5135 3528 5211">
     <span class='ocr_line' id='line_1_106' title="bbox 1925 5135 3528 5211; baseline -0.003 -8"><span class='ocrx_word' id='word_1_773' title='bbox 1925 5163 2090 5203; x_wconf 85' lang='lat' dir='ltr'><strong>cornu</strong></span> <span class='ocrx_word' id='word_1_774' title='bbox 2119 5145 2330 5200; x_wconf 88' lang='lat' dir='ltr'><strong>altaris.</strong></span> <span class='ocrx_word' id='word_1_775' title='bbox 2362 5143 2517 5211; x_wconf 86' lang='lat' dir='ltr'><strong>Quod</strong></span> <span class='ocrx_word' id='word_1_776' title='bbox 2543 5152 2724 5198; x_wconf 89' lang='lat' dir='ltr'><strong>autem</strong></span> <span class='ocrx_word' id='word_1_777' title='bbox 2753 5141 2896 5197; x_wconf 89' lang='lat' dir='ltr'><strong>istud</strong></span> <span class='ocrx_word' id='word_1_778' title='bbox 2923 5154 3012 5196; x_wconf 86' lang='lat' dir='ltr'><strong>est</strong></span> <span class='ocrx_word' id='word_1_779' title='bbox 3041 5137 3247 5192; x_wconf 82' lang='lat' dir='ltr'><strong>altare?</strong></span> <span class='ocrx_word' id='word_1_780' title='bbox 3275 5135 3528 5198; x_wconf 79' lang='lat' dir='ltr'><strong>Christus</strong></span> 
     </span>
    </p>
   </div>
   <div class='ocr_carea' id='block_1_107' title="bbox 1924 5230 3526 5310">
    <p class='ocr_par' dir='ltr' id='par_1_107' title="bbox 1924 5230 3526 5310">
     <span class='ocr_line' id='line_1_107' title="bbox 1924 5230 3526 5310; baseline -0.004 -16"><span class='ocrx_word' id='word_1_781' title='bbox 1924 5240 2133 5310; x_wconf 91' lang='lat' dir='ltr'><strong>utique,</strong></span> <span class='ocrx_word' id='word_1_782' title='bbox 2172 5238 2267 5307; x_wconf 91' lang='lat' dir='ltr'><strong>qui</strong></span> <span class='ocrx_word' id='word_1_783' title='bbox 2297 5237 2574 5304; x_wconf 88' lang='lat' dir='ltr'><strong>sacerdos,</strong></span> <span class='ocrx_word' id='word_1_784' title='bbox 2607 5235 2779 5289; x_wconf 89' lang='lat' dir='ltr'><strong>altare</strong></span> <span class='ocrx_word' id='word_1_785' title='bbox 2809 5230 2975 5286; x_wconf 87' lang='lat' dir='ltr'><strong>simul</strong></span> <span class='ocrx_word' id='word_1_786' title='bbox 3004 5233 3200 5290; x_wconf 79' lang='lat' dir='ltr'><strong>exstat,</strong></span> <span class='ocrx_word' id='word_1_787' title='bbox 3236 5235 3292 5282; x_wconf 89' lang='lat' dir='ltr'><strong>et</strong></span> <span class='ocrx_word' id='word_1_788' title='bbox 3321 5230 3526 5300; x_wconf 89' lang='lat' dir='ltr'><strong>hostia,</strong></span> 
     </span>
    </p>
   </div>
  </div>
