4044 5348
429 245 449 271 <

419 4886 449 4898 α

807 294 903 318 Ί-,π

499 329 634 440 (ns
807 294 903 318 ””
1130 279 1256 343 ³⁷⁸

1454 340 1785 398 RATIIERII
1822 338 2037 398 EPISC.
2078 337 2334 398 VERON.
2375 339 2528 399 OPP.
2564 338 2748 399 PARS
2783 339 2872 401 Ill.

3697 338 3802 396 720

509 462 736 511 centum
768 451 1026 510 auferre?
1054 450 1310 520 Psalmis,
1337 453 1578 527 hymnis,
1608 462 1663 509 et
1689 453 1919 509 canticis
1949 453 2109 525 spiri-
2135 456 2189 518 Α
2213 453 2354 509 ratio
2382 454 2559 522 docet,
2589 455 2634 510 si
2663 454 2783 512 heri
2810 453 3048 510 lusimus
3073 468 3200 510 cum
3229 452 3510 525 apostolis,
3559 454 3801 526 gaudea-

515 542 756 600 tttalibus
787 544 841 599 in
868 543 1294 618 Quadrageslma
1345 547 1620 609 insistere,
1659 545 1712 600 in
1738 545 1947 600 Pascha
1977 559 2109 600 vero

509 635 805 701 otiositati,
836 635 967 702 imo,
996 638 1142 709 quod
1173 636 1326 709 pejus
1368 647 1475 701 est,
1504 636 1639 690 rixae
1668 634 1756 691 vel
1783 634 2108 691 detractioni

511 741 735 798 cperam
763 727 930 782 dare?
978 728 1163 801 (M73)
1208 744 1240 783 a
1286 728 1505 800 propria
1551 741 1720 783 uxore
1759 735 1889 782 tunc
1929 726 2108 782 conti-

510 829 664 882 nere,
713 816 769 872 in
815 816 1028 876 Pascha
1079 820 1341 877 maculari
1391 819 1556 876 etiam
1605 817 2012 873 fornicatione?
2053 815 2108 871 in

511 911 948 982 Quadragesima
974 918 1258 988 pmprium
1294 930 1489 986 panem
1521 929 1628 970 non
1655 914 1838 980 edere,
1866 922 1986 985 post
2007 913 2109 969 Pa-

503 1004 641 1058 scha
668 1003 875 1063 victum
907 993 1131 1066 alterius
1160 1010 1441 1080 diripere?
1468 1009 1598 1079 quid
1620 1005 1816 1078 pejus?
1853 1008 1982 1080 quid
2012 1023 2108 1064 ex-

500 1096 737 1170 cogitati
761 1099 915 1159 valet
945 1102 1454 1160 inconvenientius?

1028 1196 1190 1268 607
1232 1192 1465 1252 SERMO
1502 1193 1589 1250 IV.

929 1288 1135 1361 (1474)
1191 1303 1275 1342 ne
1331 1303 1608 1365 pascui.
1659 1302 1697 1341 ι.

591 1383 642 1437 1.
683 1380 1007 1445 Paschales,
1078 1379 1276 1435 fratres
1323 1378 1673 1442 charissimi,
1724 1377 1884 1433 hodie
1946 1376 2111 1448 dapes

497 1461 808 1542 'sumpturi,
838 1471 1099 1540 vobisque
1125 1484 1224 1540 pro
1253 1468 1434 1525 debito
1461 1467 1847 1533 ministraturi,
1878 1467 1980 1523 hoc
2004 1477 2106 1531 est,

505 1563 656 1631 .Agni
697 1561 840 1618 illius
865 1569 1274 1617 sacrosanctam
1327 1558 1700 1623 refectionem,
1727 1571 1888 1627 quem
1919 1555 2108 1629 (1475)

497 1643 687 1724 'digito
738 1651 978 1721 ejusdem
1021 1651 1336 1707 Praecursor
1383 1650 1765 1706 demonstrans
1823 1648 2106 1705 clamavit:

509 1741 655 1798 Ecce
676 1745 856 1816 Agnus
886 1743 998 1807 Dei,
1048 1744 1137 1815 qui
1184 1743 1319 1799 tollit
1370 1752 1584 1814 peccata
1629 1742 1813 1796 mundi
1849 1741 2034 1812 (Joau.
2066 1757 2108 1808 ι,

2211 562 2332 603 mus
2360 545 2521 602 hodie
2548 561 2673 603 cum
2705 546 2835 614 illis,
2867 553 2924 604 et
2951 545 3202 602 omnibus
3227 545 3451 601 sanctis.
3484 543 3678 616 Neque
3712 559 3800 602 ve-

2211 657 2466 708 reamur,
2513 656 2584 698 ne
2636 642 2794 699 nobis
2836 643 3050 699 dicatur
3093 659 3107 696 :
3161 640 3254 697 γω
3293 641 3435 697 vobis
3475 641 3569 714 qui
3617 642 3799 699 ridetis

2211 747 2370 798 nunc,
2395 735 2520 804 quia
2546 734 2788 806 lugebitis
2815 751 2877 789 ac
2898 733 3088 804 flebitis
3110 733 3264 806 (Luc.
3287 748 3364 802 vr,
3383 733 3502 806 25),
3526 749 3656 791 cum
3681 749 3801 806 pro-

2209 833 2330 897 pter
2355 826 2685 897 praeteritam
2713 825 3099 886 abstinentiam
3128 825 3623 896 atque‘trisititiam,
3668 825 3805 897 ejus-

2210 915 2334 973 dem
2364 916 2708 974 refoveamur
2754 917 3124 974 consolatione
3163 917 3395 975 dicentis
3424 918 3511 991 (ut
3540 918 3803 989 apostolis

2210 1023 2342 1064 vero
2369 1017 2494 1064 ante
2520 1008 2851 1078 passionem,
2894 1009 2968 1064 ita
3017 1008 3171 1065 nobis
3211 1018 3337 1064 ante
3381 1010 3802 1067 resurrectionis

2207 1101 2378 1174 608
2393 1100 2684 1158 Dominicze
2699 1101 2864 1174 diem)
2884 1120 2897 1156 :
2926 1099 2995 1156 Et
3020 1118 3108 1157 uos
3129 1102 3294 1174 igitur
3311 1117 3450 1157 nunc
3470 1101 3689 1174 quidem
3713 1104 3804 1157 tri-

2209 1191 2412 1247 stitiam
2449 1190 2683 1259 habetis;
2724 1192 2914 1247 iterum
2941 1201 3115 1247 autem
3137 1193 3320 1248 videbo
3344 1210 3457 1261 vos,
3480 1204 3530 1250 et
3555 1196 3802 1266 gaudebit

2207 1298 2303 1337 cor
2324 1291 2573 1347 vestium,
2601 1292 2648 1337 et
2681 1283 2937 1353 gaudium
2978 1293 3204 1338 uestrum
3237 1299 3386 1339 nemo
3409 1284 3562 1340 tollet
3602 1302 3637 1340 α
3667 1287 3804 1342 vobis

2211 1373 2397 1446 (Joau.
2425 1390 2538 1442 xvi,
2567 1374 2680 1445 22).
2730 1373 2844 1430 Hoc
2881 1375 3086 1431 dictum
3127 1383 3212 1430 est
3249 1375 3532 1445 apostolis,
3578 1377 3687 1433 hoc
3727 1378 3807 1432 di-

2212 1468 2356 1523 citur
2377 1467 2561 1539 (1478)
2601 1477 2658 1522 et
2705 1468 2893 1534 nobis;
2934 1467 3188 1524 luxerunt
3217 1469 3445 1540 apostoli
3475 1484 3578 1540 pro
3607 1479 3804 1534 morte,

2211 1573 2520 1629 quanquam
2551 1557 2659 1612 illis
2687 1557 2914 1614 nimium
2941 1557 3273 1625 necessaria,
3300 1557 3527 1626 Christi,
3557 1558 3807 1629 de,cujus

2187 1650 2614 1726 resurrectione
2642 1649 2840 1722 gaudio
2866 1649 3252 1713 inaestimabili,
3286 1657 3342 1705 et
3375 1649 3648 1704 immensa
3682 1659 3808 1705 sunt

2212 1743 2578 1814 gratulatione
2609 1743 2806 1808 laetati;
2845 1741 3042 1796 imitati
3092 1756 3280 1797 smnus
3305 1740 3569 1797 hesterno
3601 1741 3808 1797 luctum

504 1831 607 1902 99)
636 1833 914 1903 (nimirum
945 1833 1073 1904 quia
1124 1834 1334 1905 typicus
1363 1833 1452 1888 ille
1482 1832 1681 1904 (Exod.
1714 1849 1814 1898 xu,
1845 1833 1901 1904 5)
1937 1833 2100 1888 istum
2132 1837 2181 1900 Β
2209 1834 2449 1902 illorum,
2481 1835 2762 1891 imitemur
2787 1833 2950 1890 hodie
2976 1833 3253 1905 gaudium.
3307 1832 3415 1888 Sed
3445 1832 3493 1887 si
3522 1848 3625 1889 eos
3651 1832 3807 1888 volu-

513 1926 894 1981 tantummodo
928 1925 1180 1995 figurare,
1231 1939 1337 1980 non
1365 1938 1494 1978 vero
1521 1932 1742 1994 peccata
1775 1932 1987 1993 poterat
2017 1938 2104 1979 re-

511 2015 721 2081 laxare,
755 2018 897 2087 quod
925 2017 1073 2072 solus
1111 2017 1214 2073 iste
1244 2016 1296 2071 in
1330 2016 1552 2082 deitate,
1585 2032 1705 2085 qua:
1734 2015 1810 2070 illi
1839 2030 1946 2070 una
1975 2031 2100 2071 cum

508 2107 679 2166 Patre
704 2119 759 2166 et
783 2109 985 2181 Spiritu
1031 2117 1223 2165 sancto
1252 2109 1528 2164 individua
1556 2116 1658 2173 est,
1689 2107 1831 2164 valet
1865 2108 2103 2179 singula-

508 2201 652 2256 riter
677 2203 894 2276 agere);
933 2200 1094 2272 hujus
1149 2201 1332 2271 itaque
1361 2200 1494 2271 Agni
1544 2213 1742 2269 corpus
1783 2207 1839 2255 et
1884 2201 2102 2270 sangui-

507 2305 636 2346 Item
679 2291 976 2346 solemnius
1021 2291 1184 2347 hodie
1238 2291 1565 2357 tractaturi,
1618 2299 1922 2361 vestraeque
1969 2291 2101 2349 dile-

503 2385 676 2440 etiam
710 2385 1063 2456 propinaturi,
1113 2385 1480 2455 postulamus,
1512 2400 1580 2440 ne
1603 2384 1832 2440 moleste
1856 2394 2098 2441 vestrum

503 2476 706 2546 aliquis
756 2475 914 2539 ferat,
960 2476 1005 2530 si
1056 2475 1389 2531 lactucarum
1441 2477 1734 2544 agrestium
1788 2475 2099 2546 aliquantu-

505 2567 618 2623 lam
651 2567 836 2636 (H76)
887 2567 1297 2637 interponemus
1340 2576 1573 2638 partem,
1620 2581 1740 2622 cum
1791 2567 1977 2624 ethoc
2004 2583 2099 2638 per

502 2659 679 2732 ipsius
709 2659 972 2715 faciamus
1002 2659 1214 2714 Domini
1250 2657 1569 2729 iussionem.
1615 2656 1940 2714 Eorumdem
1967 2673 2100 2715 sane

501 2751 715 2807 olerum
745 2767 866 2806 cum
895 2751 1096 2805 nemini
1126 2760 1322 2806 noceat
1348 2751 1482 2806 adeo
1509 2751 1744 2820 speciem
1774 2765 2096 2820 corpoream

503 2842 784 2913 ignorare,
834 2858 940 2897 non
972 2857 1158 2912 parum
1211 2840 1397 2906 ollicit,
1429 2841 1474 2897 si
1505 2857 1610 2896 non
1660 2841 1960 2911 spiritalem
2007 2842 2093 2896 in-

505 2933 861 3003 telligentiam
890 2934 1011 3004 quis
1039 2948 1333 3002 agnoscere
1361 2948 1424 2988 ac
1451 2941 1632 2987 mente
1657 2933 1834 2988 valeat
1862 2934 2097 2989 retinere

507 3023 744 3079 illorum.
777 3023 980 3079 Natura
1017 3024 1267 3094 equidem
1296 3023 1461 3081 oleris
1497 3024 1655 3078 istius
1686 3023 1953 3079 sumentis
1984 3023 2096 3081 fer-

503 3125 597 3170 tur
623 3116 812 3172 oculos
861 3116 912 3170 in
957 3116 1228 3187 lacrymas
1274 3115 1440 3170 ﬂuere
1475 3113 1679 3180 facere,
1728 3116 1917 3171 dentes
1970 3133 2098 3186 pur-

2206 1943 2328 1984 mus
2368 1928 2595 1992 imitari,
2628 1927 2698 1983 ab
2720 1927 2926 1984 eisdem
2975 1941 3223 1983 normam
3251 1941 3553 1991 sumamus,
3583 1941 3806 1994 moneo,

2204 2017 2408 2089 gaudii.
2469 2017 2567 2073 Dic
2613 2018 2814 2090 igitur,
2863 2026 3050 2074 sancte
3097 2018 3391 2089 Apostole,
3440 2027 3569 2088 post
3615 2034 3811 2076 omnes

2204 2109 2426 2180 quidem
2456 2117 2670 2175 vocate,
2701 2109 2798 2165 sed
2826 2123 3000 2180 usque
3031 2109 3099 2164 ad
3135 2109 3361 2166 tertium
3403 2109 3613 2166 cadum
3647 2109 3810 2166 modo

2205 2217 2367 2274 quem
2389 2202 2506 2272 ipse
2527 2200 2722 2257 melius
2748 2201 2890 2257 nosti
2916 2201 3175 2258 divinitus
3203 2209 3388 2272 rapte;
3413 2200 3524 2266 die,
3552 2201 3804 2272 inquam,

2203 2293 2428 2349 satisfac
2477 2292 2960 2364 interrogantibus,
3003 2291 3149 2348 unde
3191 2291 3488 2348 debeamus
3534 2291 3802 2363 gaudere.

2202 2383 2438 2452 Pascha,
2470 2385 2665 2456 inquit,
2693 2385 2890 2455 pascha
2920 2393 3159 2440 nostrum
3207 2383 3512 2439 immolatus
3538 2391 3620 2438 est
3648 2382 3804 2438 Chri-

2201 2489 2315 2534 stus
2345 2477 2394 2549 (l
2421 2477 2546 2533 Cor.
2574 2493 2628 2544 v,
2653 2476 2732 2547 7).
2763 2475 2880 2531 Non
2909 2475 2982 2532 ob
3007 2473 3192 2530 aliud?
3217 2473 3654 2530 lmmolationem
3682 2489 3804 2528 nam

2201 2585 2304 2626 nos
2337 2571 2509 2641 ipsam
2558 2568 3001 2624 intellexeramus
3048 2567 3316 2634 eamdem,
3348 2581 3517 2639 quam
3571 2565 3804 2637 apostoli

2200 2664 2459 2720 luxerant
2501 2672 2758 2728 mortem,
2790 2677 3022 2732 quorum
3053 2671 3108 2717 et
3133 2661 3388 2717 hesterno
3434 2675 3635 2716 sumus
3681 2660 3804 2714 imi-

2200 2757 2300 2812 tati
2327 2771 2641 2812 maerorem.
2669 2755 2943 2826 Rogamus
2976 2754 3160 2825 igitur,
3188 2767 3524 2826 prosequere
3549 2753 3687 2823 quid
3715 2751 3804 2807 de-

2199 2851 2430 2906 beamus
2464 2848 2626 2903 hodie
2660 2845 2746 2902 vel
2788 2845 3021 2916 qualiter
3052 2859 3236 2917 agere.
3289 2844 3588 2916 Subjungit
3636 2851 3800 2913 atque

2199 2941 2314 2995 ait:
2339 2940 2529 3013 Itaque
2551 2939 2842 3010 epulemur,
2863 2939 2917 2994 id
2942 2947 3043 3003 est,
3069 2953 3287 2993 carnem
3320 2937 3537 2992 Domini
3569 2936 3799 2991 mandu-

2200 3045 2414 3096 cemus,
2447 3039 2503 3085 et
2534 3028 2852 3100 sanguinem
2903 3028 3070 3098 ipsius
3114 3027 3406 3082 bibamus:
3437 3023 3564 3080 Non
3614 3025 3670 3079 in
3695 3024 3802 3094 [er-

2199 3132 2376 3176 mento
2407 3130 2586 3177 tamen
2615 3120 2795 3185 veteri,
2821 3135 2982 3190 neque
3013 3121 3068 3174 in
3090 3119 3345 3189 fermento
3376 3118 3602 3173 malitia!
3632 3130 3684 3174 et
3711 3135 3802 3174 ne—

503 3221 639 3275 gare
673 3205 888 3277 (M77);
926 3207 1020 3260 sed
1052 3215 1245 3260 natura
1295 3205 1438 3260 illius
1464 3205 1606 3275 quod
1630 3205 1919 3275 signiﬁcat,
1965 3205 2096 3262 facit
2121 3191 2169 3255 Ο
2199 3209 2415 3279 quitice;
2439 3207 2528 3262 sed
2551 3208 2604 3261 iu
2627 3207 2828 3277 azymis
2848 3207 3168 3261 sinceritatis
3187 3217 3233 3258 et
3260 3205 3490 3260 ueritatis
3518 3203 3688 3276 (Ibid.
3711 3205 3790 3275 8).

504 3299 754 3368 corporis
801 3310 855 3354 et
883 3299 1063 3354 cordis
1102 3299 1356 3352 intuitum
1395 3298 1448 3352 in
1498 3297 1771 3366 planctum
1821 3297 2092 3354 salubrem

504 3390 759 3444 excitari.
779 3389 969 3444 Dicunt
984 3403 1219 3458 quoque,
1236 3387 1326 3456 qui
1345 3386 1411 3441 de
1431 3386 1651 3457 physica
1667 3385 1822 3455 quasi
1844 3385 2098 3441 videntur

504 3489 766 3548 tractare,
795 3483 936 3550 quod
963 3480 1141 3550 aquila
1175 3493 1426 3543 acumen,
1449 3494 1556 3550 quo
1581 3468 1870 3548 plurimum
1902 3478 2091 3548 pollet,

501 3573 551 3630 si
582 3572 878 3643 perdiderit
907 3571 1199 3625 occasione
1237 3569 1497 3640 qualibet,
1529 3568 1714 3634 visus;
1761 3577 1919 3639 gustu
1963 3567 2092 3622 illud

499 3672 787 3734 recuperet
824 3662 1007 3717 herba:
1041 3662 1221 3716 istius.
1274 3660 1656 3731 Percongrua,
1687 3658 1905 3722 fratres,
1942 3659 2094 3713 simi-

499 3754 672 3811 Iitudo
699 3754 934 3818 consilii,
969 3762 1028 3808 ut
1062 3753 1153 3822 qui
1185 3753 1437 3807 videlicet
1484 3751 1767 3821 caliginem
1817 3749 2093 3805 interioris

496 3848 649 3903 visus
680 3845 953 3902 contraxit
1002 3844 1321 3900 assiduitate
1353 3843 1678 3913 culparum,
1726 3850 1885 3911 gustu
1937 3847 2092 3894 eum-

497 3939 624 3994 dem
656 3950 978 4007 recuperare
1007 3933 1104 4005 (al.
1135 3922 1413 4006 reparare)
1445 3934 1663 3990 studeat
1695 3933 1881 3987 talium
1915 3933 2089 3989 lactu-

496 4046 722 4085 carum.
1331 4022 1338 4028 ’

573 4120 628 4173 ⁸3.
686 4119 792 4175 Sed
856 4120 971 4190 jam
1023 4133 1168 4173 nunc
1219 4133 1476 4174 ornemus
1524 4132 1689 4188 quam
1734 4120 2087 4189 promisnmus

499 4225 766 4266 mensam.
803 4210 930 4265 Hcce
961 4211 1092 4275 dies,
1140 4209 1340 4264 fratres
1390 4208 1726 4275 charissimi,
1763 4226 1920 4280 quam
1961 4210 2085 4279 fecit

499 4301 781 4365 Dominus,
811 4301 887 4354 ait
913 4299 1183 4370 Propheta
1207 4299 1617 4364 sanctissimus;
1669 4298 1989 4353 exsultemus
2034 4309 2085 4355 et

495 4391 737 4447 lwtemur
783 4393 839 4446 in
877 4409 939 4446 ea
982 4389 1156 4461 (Psal.
1186 4404 1352 4455 cxvn,
1383 4389 1500 4462 25).
1539 4389 1813 4461 Nunquid,
1861 4389 2085 4456 fratres,

496 4496 610 4538 non
657 4489 712 4537 et
757 4481 1069 4537 hesternam
1115 4481 1255 4536 diem
1305 4481 1554 4536 similiter
1603 4481 1864 4537 Dominus
1914 4480 2084 4538 fecit?

2198 3298 2268 3353 Et
2294 3297 2560 3362 veritatis,
2590 3297 2830 3366 inquam.
2863 3295 3042 3364 Quare
3067 3296 3208 3351 hoc?
3237 3295 3373 3362 Quia
3404 3307 3461 3352 et
3487 3295 3622 3350 alibi
3652 3297 3796 3352 idem

2197 3388 2332 3443 dicit
2371 3388 2704 3458 Apostolus:
2740 3385 3043 3458 Cousepulti
3088 3404 3268 3442 sumus
3317 3387 3531 3443 Christo
3572 3406 3670 3459 per
3707 3388 3802 3442 bu-

2195 3479 2442 3548 ptismum
2495 3479 2550 3532 in
2588 3488 2844 3545 mortem;
2899 3489 2958 3532 ut
2994 3480 3256 3549 quomodo
3298 3481 3533 3535 surrexit
3557 3479 3802 3535 Christus

2196 3586 2229 3623 α
2255 3570 2477 3623 mortuis
2515 3586 2606 3639 per
2638 3569 2862 3640 gloriam
2884 3568 3088 3635 Patris,
3134 3572 3208 3625 ita
3249 3579 3299 3625 et
3341 3587 3438 3625 nos
3480 3573 3538 3626 in
3575 3573 3802 3626 novitate

2195 3663 2318 3714 uita:
2349 3659 2699 3714 ambulemus.
2724 3659 2781 3715 Si
2804 3661 2944 3715 enim
2969 3660 3309 3733 complantati
3333 3678 3520 3717 sumus
3548 3662 3799 3717 similitu-

2195 3750 2309 3805 dini
2336 3752 2518 3806 mortis
2544 3751 2680 3821 ejus,
2704 3750 2862 3805 simul
2883 3761 2930 3805 et
2959 3753 3354 3807 resurrectionis
3376 3753 3578 3808 erimus
3608 3751 3790 3824 (Rom.

2193 3856 2272 3907 vt,
2301 3843 2356 3908 4,
2384 3842 2464 3914 5).
2518 3841 2632 3898 Hoc
2679 3843 2844 3912 igitur
2894 3858 3078 3908 sensu,
3127 3842 3326 3899 fratres
3367 3843 3711 3908 charissimi,
3749 3843 3796 3898 si

2193 3947 2478 3989 servamus
2519 3934 2794 4006 operando
2823 3933 2966 4004 quod
3013 3935 3310 4002 credimus,
3355 3934 3410 3989 in
3437 3934 3661 3991 Christo
3707 3947 3796 3988 re-

2192 4023 2334 4088 nati,
2367 4023 2420 4077 in
2447 4021 2664 4079 Christo
2693 4023 2860 4093 passi,
2899 4025 2955 4079 in
2983 4023 3202 4081 Christo
3227 4025 3450 4091 mortui,
3484 4025 3543 4081 in
3574 4025 3796 4082 Christo

2191 4126 2384 4168 sumus
2407 4128 2438 4167 a
2466 4115 2696 4170 mortuis
2722 4114 2992 4181 suscitati,
3022 4130 3088 4170 ac
3116 4131 3213 4186 per
3237 4114 3344 4172 hoc
3370 4117 3614 4174 maxima
3640 4116 3798 4173 nobis

2190 4213 2277 4260 est
2304 4205 2445 4260 ratio
2469 4207 2650 4277 gaudi.
2685 4207 2837 4262 lianc
2863 4222 2995 4279 ergo
3024 4195 3168 4268 diem
3193 4225 3304 4266 non
3332 4209 3438 4266 sibi
3467 4211 3674 4276 solum,
3699 4209 3794 4264 sed

2190 4303 2249 4351 et
2269 4295 2428 4352 nobis
2455 4297 2582 4368 quia
2618 4296 2745 4354 fecit
2770 4299 3054 4369 Dominus,
3083 4299 3304 4364 fratres.
3347 4302 3696 4359 exsultemus
3738 4308 3797 4356 et

2188 4383 2435 4443 laetemur
2460 4389 2516 4445 in
2544 4404 2630 4444 ea.

2210 4495 2247 4531 .i

494 4573 682 4640 Plane,
711 4576 804 4630 sed
835 4573 980 4628 illam
1018 4572 1244 4645 jejunio,
1275 4574 1433 4630 istam
1479 4574 1679 4630 laetitiae
1708 4576 2078 4640 consecravit;
2110 4544 2196 4606 D‘
2265 4569 2319 4624 3.
2361 4568 2504 4626 Ecce
2554 4569 2637 4626 hac
2683 4579 2813 4628 sunt
2855 4573 3130 4642 paschalis
3177 4572 3305 4632 festi
3355 4575 3787 4642 decentissima,

495 4664 588 4720 illa
633 4664 911 4734 discipulis
961 4665 1191 4730 luctum,
1224 4665 1341 4719 lucc
1387 4665 1684 4719 maximum
1724 4663 1908 4720 intulit
1949 4680 2086 4736 gau-

495 4757 664 4812 dium.
715 4757 854 4823 Quid
898 4771 1052 4825 ergo,
1101 4755 1321 4821 fratres,
1351 4755 1659 4828 agendum?
1699 4754 1987 4822 Nimirum,
2024 4763 2086 4811 ut

568 4884 754 4957 (M73)
785 4884 1187 4941 Continentiam
1235 4884 1304 4940 ab
1346 4899 1513 4957 uxore
1565 4893 1807 4955 tempore
1836 4885 2083 4952 Quadra-

495 4955 1430 5052 gssitnﬁl'deeihmkonfﬁeulo
1459 4955 1804 5011 observatam
1847 4967 1959 5012 tum
1995 4958 2087 5014 hic

519 5025 609 5052 μιν.
646 5025 774 5052 ..ηιά
801 5026 818 5052 ι

2193 4676 2334 4733 quas
2361 4663 2518 4719 vobis
2545 4665 2912 4734 promisimus,
2970 4667 3158 4738 dapes,
3215 4683 3362 4725 nunc
3414 4668 3578 4726 vobis
3632 4683 3791 4725 mon-

2195 4762 2381 4810 stratae
2407 4755 2613 4828 (H79),
2641 4765 2767 4828 post
2795 4757 3067 4815 modicum
3115 4758 3513 4816 ministrandae.
3556 4759 3637 4816 De
3679 4760 3792 4838 lac-

2267 4887 2451 4964 (1477)
2536 4890 2838 4948 Novissima
2900 4891 3174 4964 Spicilegii
3237 4896 3532 4952 Achcriani
3621 4895 3788 4953 editio

2193 4961 2410 5052 ruendo,
2443 4969 2523 5052 Ιιιι
2546 4963 2870 5052 credimus,
2905 4961 3374 5052 .typographorum
3421 4967 3599 5052 riterite.
3629 4966 3787 5052 “Mox
