  <div class='ocr_page' id='page_1' title='image "/cluster/home/n/w/nwhite01/storage/ocr_20150623/136/hvd.32044015471766/364.png"; bbox 0 0 4044 5348; ppageno 0'>
   <div class='ocr_carea' id='block_1_1' title="bbox 178 339 277 383">
    <p class='ocr_par' dir='ltr' id='par_1_1' title="bbox 178 339 277 383">
     <span class='ocr_line' id='line_1_1' title="bbox 178 339 277 383; baseline 0 0"><span class='ocrx_word' id='word_1_1' title='bbox 178 339 277 383; x_wconf 69' lang='grc' dir='ltr'><strong>ἠὶ</strong></span> 
     </span>
    </p>
   </div>
   <div class='ocr_carea' id='block_1_2' title="bbox 1626 331 2014 393">
    <p class='ocr_par' dir='ltr' id='par_1_2' title="bbox 1626 331 2014 393">
     <span class='ocr_line' id='line_1_2' title="bbox 1626 331 2014 393; baseline 0 -2"><span class='ocrx_word' id='word_1_2' title='bbox 1626 331 2014 393; x_wconf 73' lang='lat' dir='ltr'><strong>SERMONES.</strong></span> 
     </span>
    </p>
   </div>
   <div class='ocr_carea' id='block_1_3' title="bbox 2187 280 2261 310">
    <p class='ocr_par' dir='ltr' id='par_1_3' title="bbox 2187 280 2261 310">
     <span class='ocr_line' id='line_1_3' title="bbox 2187 280 2261 310; baseline -0.027 -15"><span class='ocrx_word' id='word_1_3' title='bbox 2187 280 2261 310; x_wconf 48' lang='lat' dir='ltr'><strong>&#39;u“</strong></span> 
     </span>
    </p>
   </div>
   <div class='ocr_carea' id='block_1_4' title="bbox 2262 330 2349 347">
    <p class='ocr_par' dir='ltr' id='par_1_4' title="bbox 2262 330 2349 347">
     <span class='ocr_line' id='line_1_4' title="bbox 2262 330 2349 347; baseline 0 -12"><span class='ocrx_word' id='word_1_4' title='bbox 2262 332 2265 335; x_wconf 44' lang='grc' dir='ltr'><strong><em>ν</em></strong></span> <span class='ocrx_word' id='word_1_5' title='bbox 2282 330 2349 347; x_wconf 35' lang='grc' dir='ltr'><strong>,κ</strong></span> 
     </span>
    </p>
   </div>
   <div class='ocr_carea' id='block_1_5' title="bbox 3356 342 3467 399">
    <p class='ocr_par' dir='ltr' id='par_1_5' title="bbox 3356 342 3467 399">
     <span class='ocr_line' id='line_1_5' title="bbox 3356 342 3467 399; baseline 0.018 -2"><span class='ocrx_word' id='word_1_6' title='bbox 3356 342 3467 399; x_wconf 63' lang='grc'><strong>712</strong></span> 
     </span>
    </p>
   </div>
   <div class='ocr_carea' id='block_1_6' title="bbox 183 440 3467 521">
    <p class='ocr_par' dir='ltr' id='par_1_6' title="bbox 183 440 3467 521">
     <span class='ocr_line' id='line_1_6' title="bbox 183 440 3467 521; baseline 0.002 -21"><span class='ocrx_word' id='word_1_7' title='bbox 183 453 430 500; x_wconf 86' lang='lat' dir='ltr'><strong>tucarum</strong></span> <span class='ocrx_word' id='word_1_8' title='bbox 460 442 751 514; x_wconf 82' lang='lat' dir='ltr'><strong>agrestlum</strong></span> <span class='ocrx_word' id='word_1_9' title='bbox 786 442 881 501; x_wconf 89' lang='lat' dir='ltr'><strong>sed</strong></span> <span class='ocrx_word' id='word_1_10' title='bbox 923 440 1053 515; x_wconf 89' lang='lat' dir='ltr'><strong>quid</strong></span> <span class='ocrx_word' id='word_1_11' title='bbox 1108 442 1338 503; x_wconf 80' lang='lat' dir='ltr'><strong>facimus</strong></span> <span class='ocrx_word' id='word_1_12' title='bbox 1389 444 1599 519; x_wconf 73' lang='grc'><strong>(1480),</strong></span> <span class='ocrx_word' id='word_1_13' title='bbox 1647 446 1767 514; x_wconf 88' lang='lat' dir='ltr'><strong>ﬁlii,</strong></span> <span class='ocrx_word' id='word_1_14' title='bbox 1794 460 1849 521; x_wconf 70' lang='grc' dir='ltr'>Α</span> <span class='ocrx_word' id='word_1_15' title='bbox 1874 448 2263 518; x_wconf 89' lang='lat' dir='ltr'><strong>racitatem,ct</strong></span> <span class='ocrx_word' id='word_1_16' title='bbox 2280 450 2692 509; x_wconf 88' lang='lat' dir='ltr'><strong>veracissimam</strong></span> <span class='ocrx_word' id='word_1_17' title='bbox 2715 450 3151 518; x_wconf 89' lang='lat' dir='ltr'><strong>mordacitatcm,</strong></span> <span class='ocrx_word' id='word_1_18' title='bbox 3199 450 3467 508; x_wconf 79' lang='lat' dir='ltr'><strong>lactucam</strong></span> 
     </span>
    </p>
   </div>
   <div class='ocr_carea' id='block_1_7' title="bbox 182 535 1773 609">
    <p class='ocr_par' dir='ltr' id='par_1_7' title="bbox 182 535 1773 609">
     <span class='ocr_line' id='line_1_7' title="bbox 182 535 1773 609; baseline 0.002 -19"><span class='ocrx_word' id='word_1_19' title='bbox 182 535 489 606; x_wconf 83' lang='lat' dir='ltr'><strong>promisso?</strong></span> <span class='ocrx_word' id='word_1_20' title='bbox 511 536 745 592; x_wconf 76' lang='lat' dir='ltr'><strong>Veniant</strong></span> <span class='ocrx_word' id='word_1_21' title='bbox 772 544 829 592; x_wconf 91' lang='lat' dir='ltr'><strong>et</strong></span> <span class='ocrx_word' id='word_1_22' title='bbox 857 537 1008 608; x_wconf 70' lang='lat' dir='ltr'><strong>ipsae,</strong></span> <span class='ocrx_word' id='word_1_23' title='bbox 1032 546 1265 609; x_wconf 88' lang='lat' dir='ltr'><strong>purgent</strong></span> <span class='ocrx_word' id='word_1_24' title='bbox 1310 538 1590 593; x_wconf 84' lang='lat' dir='ltr'><strong>rheumata</strong></span> <span class='ocrx_word' id='word_1_25' title='bbox 1640 537 1773 593; x_wconf 84' lang='lat' dir='ltr'><strong>den-</strong></span> 
     </span>
    </p>
   </div>
   <div class='ocr_carea' id='block_1_8' title="bbox 183 629 1772 703">
    <p class='ocr_par' dir='ltr' id='par_1_8' title="bbox 183 629 1772 703">
     <span class='ocr_line' id='line_1_8' title="bbox 183 629 1772 703; baseline 0.002 -19"><span class='ocrx_word' id='word_1_26' title='bbox 183 629 339 702; x_wconf 80' lang='lat' dir='ltr'><strong>tium,</strong></span> <span class='ocrx_word' id='word_1_27' title='bbox 368 630 474 687; x_wconf 86' lang='lat' dir='ltr'><strong>hoc</strong></span> <span class='ocrx_word' id='word_1_28' title='bbox 500 638 605 696; x_wconf 90' lang='lat' dir='ltr'><strong>est,</strong></span> <span class='ocrx_word' id='word_1_29' title='bbox 628 630 1013 701; x_wconf 90' lang='lat' dir='ltr'><strong>impedimenta</strong></span> <span class='ocrx_word' id='word_1_30' title='bbox 1054 632 1120 687; x_wconf 90' lang='lat' dir='ltr'><strong>de</strong></span> <span class='ocrx_word' id='word_1_31' title='bbox 1168 630 1469 687; x_wconf 76' lang='lat' dir='ltr'><strong>facinorum</strong></span> <span class='ocrx_word' id='word_1_32' title='bbox 1518 632 1772 703; x_wconf 77' lang='lat' dir='ltr'><strong>congerie</strong></span> 
     </span>
    </p>
   </div>
   <div class='ocr_carea' id='block_1_9' title="bbox 184 722 1770 794">
    <p class='ocr_par' dir='ltr' id='par_1_9' title="bbox 184 722 1770 794">
     <span class='ocr_line' id='line_1_9' title="bbox 184 722 1770 794; baseline 0 -18"><span class='ocrx_word' id='word_1_33' title='bbox 184 722 450 778; x_wconf 85' lang='lat' dir='ltr'><strong>mentium</strong></span> <span class='ocrx_word' id='word_1_34' title='bbox 501 722 726 792; x_wconf 66' lang='grc' dir='ltr'>(μεως</span> <span class='ocrx_word' id='word_1_35' title='bbox 773 724 1063 780; x_wconf 82' lang='lat' dir='ltr'><strong>comedere</strong></span> <span class='ocrx_word' id='word_1_36' title='bbox 1120 724 1211 793; x_wconf 91' lang='lat' dir='ltr'><strong>qui</strong></span> <span class='ocrx_word' id='word_1_37' title='bbox 1264 724 1490 779; x_wconf 90' lang='lat' dir='ltr'><strong>veniunt</strong></span> <span class='ocrx_word' id='word_1_38' title='bbox 1536 723 1770 794; x_wconf 81' lang='lat' dir='ltr'><strong>Agnum,</strong></span> 
     </span>
    </p>
   </div>
   <div class='ocr_carea' id='block_1_10' title="bbox 184 811 1775 888">
    <p class='ocr_par' dir='ltr' id='par_1_10' title="bbox 184 811 1775 888">
     <span class='ocr_line' id='line_1_10' title="bbox 184 811 1775 888; baseline 0 -21"><span class='ocrx_word' id='word_1_39' title='bbox 184 811 355 868; x_wconf 78' lang='lat' dir='ltr'><strong>fluere</strong></span> <span class='ocrx_word' id='word_1_40' title='bbox 406 828 474 868; x_wconf 79' lang='lat' dir='ltr'><strong>ex</strong></span> <span class='ocrx_word' id='word_1_41' title='bbox 529 814 702 870; x_wconf 88' lang='lat' dir='ltr'><strong>oculis</strong></span> <span class='ocrx_word' id='word_1_42' title='bbox 735 813 941 871; x_wconf 80' lang='lat' dir='ltr'><strong>rivulos</strong></span> <span class='ocrx_word' id='word_1_43' title='bbox 992 822 1189 888; x_wconf 90' lang='lat' dir='ltr'><strong>cogant</strong></span> <span class='ocrx_word' id='word_1_44' title='bbox 1215 830 1503 885; x_wconf 90' lang='lat' dir='ltr'><strong>aquarum.</strong></span> <span class='ocrx_word' id='word_1_45' title='bbox 1540 812 1666 867; x_wconf 86' lang='lat' dir='ltr'><strong>Non</strong></span> <span class='ocrx_word' id='word_1_46' title='bbox 1718 814 1775 867; x_wconf 86' lang='lat' dir='ltr'><strong>in</strong></span> 
     </span>
    </p>
   </div>
   <div class='ocr_carea' id='block_1_11' title="bbox 184 903 1772 976">
    <p class='ocr_par' dir='ltr' id='par_1_11' title="bbox 184 903 1772 976">
     <span class='ocr_line' id='line_1_11' title="bbox 184 903 1772 976; baseline 0.001 -18"><span class='ocrx_word' id='word_1_47' title='bbox 184 903 467 973; x_wconf 68' lang='lat' dir='ltr'><strong>(amento,</strong></span> <span class='ocrx_word' id='word_1_48' title='bbox 510 905 706 976; x_wconf 85' lang='lat' dir='ltr'><strong>inquit,</strong></span> <span class='ocrx_word' id='word_1_49' title='bbox 742 906 926 973; x_wconf 80' lang='lat' dir='ltr'><strong>veteri,</strong></span> <span class='ocrx_word' id='word_1_50' title='bbox 954 908 1057 964; x_wconf 87' lang='lat' dir='ltr'><strong>hoc</strong></span> <span class='ocrx_word' id='word_1_51' title='bbox 1086 915 1196 974; x_wconf 88' lang='lat' dir='ltr'><strong>est,</strong></span> <span class='ocrx_word' id='word_1_52' title='bbox 1223 906 1498 962; x_wconf 85' lang='lat' dir='ltr'><strong>inflatione</strong></span> <span class='ocrx_word' id='word_1_53' title='bbox 1525 904 1772 961; x_wconf 89' lang='lat' dir='ltr'><strong>anterio-</strong></span> 
     </span>
    </p>
   </div>
   <div class='ocr_carea' id='block_1_12' title="bbox 186 998 1777 1072">
    <p class='ocr_par' dir='ltr' id='par_1_12' title="bbox 186 998 1777 1072">
     <span class='ocr_line' id='line_1_12' title="bbox 186 998 1777 1072; baseline -0.002 -17"><span class='ocrx_word' id='word_1_54' title='bbox 186 999 265 1055; x_wconf 88' lang='lat' dir='ltr'><strong>ris</strong></span> <span class='ocrx_word' id='word_1_55' title='bbox 295 1002 528 1072; x_wconf 85' lang='lat' dir='ltr'><strong>peccati,</strong></span> <span class='ocrx_word' id='word_1_56' title='bbox 558 1001 642 1057; x_wconf 81' lang='lat' dir='ltr'><strong>vel</strong></span> <span class='ocrx_word' id='word_1_57' title='bbox 667 1000 865 1059; x_wconf 80' lang='lat' dir='ltr'><strong>affectu</strong></span> <span class='ocrx_word' id='word_1_58' title='bbox 906 1002 1050 1059; x_wconf 87' lang='lat' dir='ltr'><strong>idem</strong></span> <span class='ocrx_word' id='word_1_59' title='bbox 1094 1001 1182 1058; x_wconf 88' lang='lat' dir='ltr'><strong>vel</strong></span> <span class='ocrx_word' id='word_1_60' title='bbox 1211 1002 1356 1056; x_wconf 85' lang='lat' dir='ltr'><strong>aliud</strong></span> <span class='ocrx_word' id='word_1_61' title='bbox 1405 998 1777 1072; x_wconf 87' lang='lat' dir='ltr'><strong>perpetrandi,</strong></span> 
     </span>
    </p>
   </div>
   <div class='ocr_carea' id='block_1_13' title="bbox 186 1088 1779 1165">
    <p class='ocr_par' dir='ltr' id='par_1_13' title="bbox 186 1088 1779 1165">
     <span class='ocr_line' id='line_1_13' title="bbox 186 1088 1779 1165; baseline -0.001 -19"><span class='ocrx_word' id='word_1_62' title='bbox 186 1091 243 1146; x_wconf 96' lang='lat' dir='ltr'><strong>id</strong></span> <span class='ocrx_word' id='word_1_63' title='bbox 263 1101 370 1161; x_wconf 91' lang='lat' dir='ltr'><strong>est,</strong></span> <span class='ocrx_word' id='word_1_64' title='bbox 402 1103 559 1149; x_wconf 87' lang='lat' dir='ltr'><strong>utne</strong></span> <span class='ocrx_word' id='word_1_65' title='bbox 595 1092 836 1165; x_wconf 84' lang='lat' dir='ltr'><strong>ejusdem</strong></span> <span class='ocrx_word' id='word_1_66' title='bbox 886 1093 1003 1149; x_wconf 90' lang='lat' dir='ltr'><strong>vitii</strong></span> <span class='ocrx_word' id='word_1_67' title='bbox 1057 1093 1219 1149; x_wconf 86' lang='lat' dir='ltr'><strong>hodie</strong></span> <span class='ocrx_word' id='word_1_68' title='bbox 1266 1093 1405 1157; x_wconf 89' lang='lat' dir='ltr'><strong>sitis,</strong></span> <span class='ocrx_word' id='word_1_69' title='bbox 1458 1090 1604 1161; x_wconf 88' lang='lat' dir='ltr'><strong>quod</strong></span> <span class='ocrx_word' id='word_1_70' title='bbox 1659 1088 1779 1145; x_wconf 91' lang='lat' dir='ltr'><strong>heri</strong></span> 
     </span>
    </p>
   </div>
   <div class='ocr_carea' id='block_1_14' title="bbox 186 1179 1779 1256">
    <p class='ocr_par' dir='ltr' id='par_1_14' title="bbox 186 1179 1779 1256">
     <span class='ocr_line' id='line_1_14' title="bbox 186 1179 1779 1256; baseline -0.002 -18"><span class='ocrx_word' id='word_1_71' title='bbox 186 1181 389 1239; x_wconf 90' lang='lat' dir='ltr'><strong>fuistis.</strong></span> <span class='ocrx_word' id='word_1_72' title='bbox 418 1184 601 1256; x_wconf 84' lang='lat' dir='ltr'><strong>Neque</strong></span> <span class='ocrx_word' id='word_1_73' title='bbox 625 1186 680 1241; x_wconf 86' lang='lat' dir='ltr'><strong>in</strong></span> <span class='ocrx_word' id='word_1_74' title='bbox 716 1186 969 1254; x_wconf 71' lang='lat' dir='ltr'><strong>fermento</strong></span> <span class='ocrx_word' id='word_1_75' title='bbox 1000 1185 1217 1239; x_wconf 72' lang='lat' dir='ltr'><strong>malitia:</strong></span> <span class='ocrx_word' id='word_1_76' title='bbox 1249 1193 1295 1239; x_wconf 88' lang='lat' dir='ltr'><strong>et</strong></span> <span class='ocrx_word' id='word_1_77' title='bbox 1321 1183 1597 1254; x_wconf 78' lang='lat' dir='ltr'><strong>nequitiw;</strong></span> <span class='ocrx_word' id='word_1_78' title='bbox 1623 1179 1779 1251; x_wconf 90' lang='lat' dir='ltr'><strong>quasi</strong></span> 
     </span>
    </p>
   </div>
   <div class='ocr_carea' id='block_1_15' title="bbox 186 1277 1775 1349">
    <p class='ocr_par' dir='ltr' id='par_1_15' title="bbox 186 1277 1775 1349">
     <span class='ocr_line' id='line_1_15' title="bbox 186 1277 1775 1349; baseline -0.001 -19"><span class='ocrx_word' id='word_1_79' title='bbox 186 1277 379 1346; x_wconf 89' lang='lat' dir='ltr'><strong>utique</strong></span> <span class='ocrx_word' id='word_1_80' title='bbox 404 1277 550 1333; x_wconf 82' lang='lat' dir='ltr'><strong>dicat</strong></span> <span class='ocrx_word' id='word_1_81' title='bbox 579 1296 591 1332; x_wconf 93' lang='lat'>:</span> <span class='ocrx_word' id='word_1_82' title='bbox 618 1277 875 1332; x_wconf 80' lang='lat' dir='ltr'><strong>Malitiam</strong></span> <span class='ocrx_word' id='word_1_83' title='bbox 906 1278 1238 1349; x_wconf 67' lang='lat' dir='ltr'><strong>praeteritam</strong></span> <span class='ocrx_word' id='word_1_84' title='bbox 1267 1277 1509 1331; x_wconf 89' lang='lat' dir='ltr'><strong>bonitate</strong></span> <span class='ocrx_word' id='word_1_85' title='bbox 1533 1282 1775 1341; x_wconf 90' lang='lat' dir='ltr'><strong>mutate;</strong></span> 
     </span>
    </p>
   </div>
   <div class='ocr_carea' id='block_1_16' title="bbox 187 1366 1780 1443">
    <p class='ocr_par' dir='ltr' id='par_1_16' title="bbox 187 1366 1780 1443">
     <span class='ocr_line' id='line_1_16' title="bbox 187 1366 1780 1443; baseline -0.002 -20"><span class='ocrx_word' id='word_1_86' title='bbox 187 1369 491 1439; x_wconf 84' lang='lat' dir='ltr'><strong>nequitiam</strong></span> <span class='ocrx_word' id='word_1_87' title='bbox 530 1370 842 1442; x_wconf 87' lang='lat' dir='ltr'><strong>relinquite,</strong></span> <span class='ocrx_word' id='word_1_88' title='bbox 872 1370 916 1426; x_wconf 90' lang='lat' dir='ltr'><strong>si</strong></span> <span class='ocrx_word' id='word_1_89' title='bbox 942 1370 1264 1443; x_wconf 77' lang='lat' dir='ltr'><strong>609Agni</strong></span> <span class='ocrx_word' id='word_1_90' title='bbox 1297 1370 1390 1424; x_wconf 86' lang='lat' dir='ltr'><strong>Dei</strong></span> <span class='ocrx_word' id='word_1_91' title='bbox 1447 1368 1568 1442; x_wconf 86' lang='lat' dir='ltr'><strong>[al.,</strong></span> <span class='ocrx_word' id='word_1_92' title='bbox 1596 1366 1780 1422; x_wconf 87' lang='lat' dir='ltr'><strong>Domi-</strong></span> 
     </span>
    </p>
   </div>
   <div class='ocr_carea' id='block_1_17' title="bbox 189 1458 1782 1531">
    <p class='ocr_par' dir='ltr' id='par_1_17' title="bbox 189 1458 1782 1531">
     <span class='ocr_line' id='line_1_17' title="bbox 189 1458 1782 1531; baseline -0.001 -18"><span class='ocrx_word' id='word_1_93' title='bbox 189 1459 323 1531; x_wconf 88' lang='lat' dir='ltr'><strong>nici]</strong></span> <span class='ocrx_word' id='word_1_94' title='bbox 352 1475 576 1516; x_wconf 87' lang='lat' dir='ltr'><strong>carnem</strong></span> <span class='ocrx_word' id='word_1_95' title='bbox 621 1461 785 1516; x_wconf 82' lang='lat' dir='ltr'><strong>vultis</strong></span> <span class='ocrx_word' id='word_1_96' title='bbox 829 1464 1136 1524; x_wconf 81' lang='lat' dir='ltr'><strong>comedere,</strong></span> <span class='ocrx_word' id='word_1_97' title='bbox 1187 1470 1241 1515; x_wconf 89' lang='lat' dir='ltr'><strong>et</strong></span> <span class='ocrx_word' id='word_1_98' title='bbox 1292 1458 1411 1530; x_wconf 87' lang='lat' dir='ltr'><strong>ejus</strong></span> <span class='ocrx_word' id='word_1_99' title='bbox 1466 1459 1782 1530; x_wconf 84' lang='lat' dir='ltr'><strong>sanguinem</strong></span> 
     </span>
    </p>
   </div>
   <div class='ocr_carea' id='block_1_18' title="bbox 186 1550 1787 1625">
    <p class='ocr_par' dir='ltr' id='par_1_18' title="bbox 186 1550 1787 1625">
     <span class='ocr_line' id='line_1_18' title="bbox 186 1550 1787 1625; baseline -0.002 -18"><span class='ocrx_word' id='word_1_100' title='bbox 186 1552 401 1609; x_wconf 78' lang='lat' dir='ltr'><strong>bibere.</strong></span> <span class='ocrx_word' id='word_1_101' title='bbox 432 1551 692 1624; x_wconf 86' lang='lat' dir='ltr'><strong>Sequitur</strong></span> <span class='ocrx_word' id='word_1_102' title='bbox 720 1570 734 1609; x_wconf 88' lang='lat'><strong>:</strong></span> <span class='ocrx_word' id='word_1_103' title='bbox 765 1554 856 1609; x_wconf 83' lang='lat' dir='ltr'><strong>sed</strong></span> <span class='ocrx_word' id='word_1_104' title='bbox 887 1555 941 1608; x_wconf 88' lang='lat' dir='ltr'><strong>in</strong></span> <span class='ocrx_word' id='word_1_105' title='bbox 972 1553 1173 1625; x_wconf 79' lang='lat' dir='ltr'><strong>azymis</strong></span> <span class='ocrx_word' id='word_1_106' title='bbox 1223 1552 1539 1608; x_wconf 78' lang='lat' dir='ltr'><strong>sinceritatis</strong></span> <span class='ocrx_word' id='word_1_107' title='bbox 1573 1560 1621 1606; x_wconf 89' lang='lat' dir='ltr'><strong>et</strong></span> <span class='ocrx_word' id='word_1_108' title='bbox 1652 1550 1787 1605; x_wconf 75' lang='lat' dir='ltr'><strong>reri-</strong></span> 
     </span>
    </p>
   </div>
   <div class='ocr_carea' id='block_1_19' title="bbox 190 1638 1787 1716">
    <p class='ocr_par' dir='ltr' id='par_1_19' title="bbox 190 1638 1787 1716">
     <span class='ocr_line' id='line_1_19' title="bbox 190 1638 1787 1716; baseline -0.004 -17"><span class='ocrx_word' id='word_1_109' title='bbox 190 1645 338 1699; x_wconf 84' lang='lat' dir='ltr'><strong>tatis.</strong></span> <span class='ocrx_word' id='word_1_110' title='bbox 365 1643 672 1716; x_wconf 90' lang='lat' dir='ltr'><strong>lntelligitc,</strong></span> <span class='ocrx_word' id='word_1_111' title='bbox 703 1644 927 1711; x_wconf 89' lang='lat' dir='ltr'><strong>fratres,</strong></span> <span class='ocrx_word' id='word_1_112' title='bbox 954 1645 1063 1699; x_wconf 92' lang='lat' dir='ltr'><strong>imo</strong></span> <span class='ocrx_word' id='word_1_113' title='bbox 1086 1643 1366 1714; x_wconf 89' lang='lat' dir='ltr'><strong>intelligite</strong></span> <span class='ocrx_word' id='word_1_114' title='bbox 1392 1641 1598 1713; x_wconf 76' lang='lat' dir='ltr'><strong>(M82),</strong></span> <span class='ocrx_word' id='word_1_115' title='bbox 1624 1640 1669 1695; x_wconf 91' lang='lat' dir='ltr'><strong>si</strong></span> <span class='ocrx_word' id='word_1_116' title='bbox 1694 1638 1787 1709; x_wconf 93' lang='lat' dir='ltr'><strong>qui</strong></span> 
     </span>
    </p>
   </div>
   <div class='ocr_carea' id='block_1_20' title="bbox 192 1730 1786 1800">
    <p class='ocr_par' dir='ltr' id='par_1_20' title="bbox 192 1730 1786 1800">
     <span class='ocr_line' id='line_1_20' title="bbox 192 1730 1786 1800; baseline -0.002 -13"><span class='ocrx_word' id='word_1_117' title='bbox 192 1732 282 1788; x_wconf 88' lang='lat' dir='ltr'><strong>hic</strong></span> <span class='ocrx_word' id='word_1_118' title='bbox 314 1732 544 1789; x_wconf 80' lang='lat' dir='ltr'><strong>forsitan</strong></span> <span class='ocrx_word' id='word_1_119' title='bbox 598 1735 705 1790; x_wconf 92' lang='lat' dir='ltr'><strong>mei</strong></span> <span class='ocrx_word' id='word_1_120' title='bbox 746 1734 879 1791; x_wconf 88' lang='lat' dir='ltr'><strong>estis</strong></span> <span class='ocrx_word' id='word_1_121' title='bbox 918 1734 1249 1800; x_wconf 74' lang='lat' dir='ltr'><strong>consimiles,</strong></span> <span class='ocrx_word' id='word_1_122' title='bbox 1296 1732 1547 1788; x_wconf 90' lang='lat' dir='ltr'><strong>malitiosi</strong></span> <span class='ocrx_word' id='word_1_123' title='bbox 1579 1730 1786 1800; x_wconf 89' lang='lat' dir='ltr'><strong>utique,</strong></span> 
     </span>
    </p>
   </div>
   <div class='ocr_carea' id='block_1_21' title="bbox 1873 537 3471 616">
    <p class='ocr_par' dir='ltr' id='par_1_21' title="bbox 1873 537 3471 616">
     <span class='ocr_line' id='line_1_21' title="bbox 1873 537 3471 616; baseline 0.004 -21"><span class='ocrx_word' id='word_1_124' title='bbox 1873 537 2086 610; x_wconf 91' lang='lat' dir='ltr'><strong>appello</strong></span> <span class='ocrx_word' id='word_1_125' title='bbox 2131 555 2429 613; x_wconf 79' lang='lat' dir='ltr'><strong>agrestem,</strong></span> <span class='ocrx_word' id='word_1_126' title='bbox 2482 558 2603 615; x_wconf 73' lang='lat' dir='ltr'><strong>quae</strong></span> <span class='ocrx_word' id='word_1_127' title='bbox 2637 544 2841 616; x_wconf 88' lang='lat' dir='ltr'><strong>utique,</strong></span> <span class='ocrx_word' id='word_1_128' title='bbox 2891 542 3097 615; x_wconf 82' lang='lat' dir='ltr'><strong>ﬂagito,</strong></span> <span class='ocrx_word' id='word_1_129' title='bbox 3135 545 3380 602; x_wconf 90' lang='lat' dir='ltr'><strong>cordium</strong></span> <span class='ocrx_word' id='word_1_130' title='bbox 3411 556 3471 602; x_wconf 87' lang='lat' dir='ltr'><strong>et</strong></span> 
     </span>
    </p>
   </div>
   <div class='ocr_carea' id='block_1_22' title="bbox 1874 638 3471 711">
    <p class='ocr_par' dir='ltr' id='par_1_22' title="bbox 1874 638 3471 711">
     <span class='ocr_line' id='line_1_22' title="bbox 1874 638 3471 711; baseline 0.004 -22"><span class='ocrx_word' id='word_1_131' title='bbox 1874 648 2168 704; x_wconf 84' lang='lat' dir='ltr'><strong>corporum</strong></span> <span class='ocrx_word' id='word_1_132' title='bbox 2196 638 2775 708; x_wconf 88' lang='lat' dir='ltr'><strong>nostrorum,spiritali</strong></span> <span class='ocrx_word' id='word_1_133' title='bbox 2805 649 2964 710; x_wconf 88' lang='lat' dir='ltr'><strong>gustu</strong></span> <span class='ocrx_word' id='word_1_134' title='bbox 2987 648 3263 710; x_wconf 90' lang='lat' dir='ltr'><strong>percepta,</strong></span> <span class='ocrx_word' id='word_1_135' title='bbox 3295 638 3471 711; x_wconf 82' lang='lat' dir='ltr'><strong>quali-</strong></span> 
     </span>
    </p>
   </div>
   <div class='ocr_carea' id='block_1_23' title="bbox 1877 728 3475 802">
    <p class='ocr_par' dir='ltr' id='par_1_23' title="bbox 1877 728 3475 802">
     <span class='ocr_line' id='line_1_23' title="bbox 1877 728 3475 802; baseline 0.005 -21"><span class='ocrx_word' id='word_1_136' title='bbox 1877 733 2043 781; x_wconf 88' lang='lat' dir='ltr'><strong>tatem</strong></span> <span class='ocrx_word' id='word_1_137' title='bbox 2084 736 2381 784; x_wconf 87' lang='lat' dir='ltr'><strong>commutet</strong></span> <span class='ocrx_word' id='word_1_138' title='bbox 2420 748 2434 784; x_wconf 89' lang='lat'><strong>:</strong></span> <span class='ocrx_word' id='word_1_139' title='bbox 2481 744 2578 785; x_wconf 92' lang='lat' dir='ltr'><strong>cor</strong></span> <span class='ocrx_word' id='word_1_140' title='bbox 2604 728 2855 785; x_wconf 82' lang='lat' dir='ltr'><strong>videlicet</strong></span> <span class='ocrx_word' id='word_1_141' title='bbox 2883 730 2951 784; x_wconf 90' lang='lat' dir='ltr'><strong>ad</strong></span> <span class='ocrx_word' id='word_1_142' title='bbox 2988 731 3240 801; x_wconf 90' lang='lat' dir='ltr'><strong>suspiria,</strong></span> <span class='ocrx_word' id='word_1_143' title='bbox 3273 745 3475 802; x_wconf 80' lang='lat' dir='ltr'><strong>corpus</strong></span> 
     </span>
    </p>
   </div>
   <div class='ocr_carea' id='block_1_24' title="bbox 1876 816 3473 891">
    <p class='ocr_par' dir='ltr' id='par_1_24' title="bbox 1876 816 3473 891">
     <span class='ocr_line' id='line_1_24' title="bbox 1876 816 3473 891; baseline 0.002 -18"><span class='ocrx_word' id='word_1_144' title='bbox 1876 816 2005 874; x_wconf 88' lang='lat' dir='ltr'><strong>dum</strong></span> <span class='ocrx_word' id='word_1_145' title='bbox 2028 827 2289 889; x_wconf 85' lang='lat' dir='ltr'><strong>provocat</strong></span> <span class='ocrx_word' id='word_1_146' title='bbox 2315 820 2383 875; x_wconf 90' lang='lat' dir='ltr'><strong>ad</strong></span> <span class='ocrx_word' id='word_1_147' title='bbox 2411 820 2667 885; x_wconf 87' lang='lat' dir='ltr'><strong>lamenta,</strong></span> <span class='ocrx_word' id='word_1_148' title='bbox 2701 828 2934 891; x_wconf 86' lang='lat' dir='ltr'><strong>utraque</strong></span> <span class='ocrx_word' id='word_1_149' title='bbox 2959 820 3073 875; x_wconf 64' lang='lat' dir='ltr'><strong>haec</strong></span> <span class='ocrx_word' id='word_1_150' title='bbox 3094 820 3161 874; x_wconf 92' lang='lat' dir='ltr'><strong>ad</strong></span> <span class='ocrx_word' id='word_1_151' title='bbox 3185 820 3339 875; x_wconf 83' lang='lat' dir='ltr'><strong>malae</strong></span> <span class='ocrx_word' id='word_1_152' title='bbox 3369 834 3473 876; x_wconf 73' lang='lat' dir='ltr'><strong>vo-</strong></span> 
     </span>
    </p>
   </div>
   <div class='ocr_carea' id='block_1_25' title="bbox 1878 910 3467 984">
    <p class='ocr_par' dir='ltr' id='par_1_25' title="bbox 1878 910 3467 984">
     <span class='ocr_line' id='line_1_25' title="bbox 1878 910 3467 984; baseline 0 -18"><span class='ocrx_word' id='word_1_153' title='bbox 1878 910 2101 968; x_wconf 87' lang='lat' dir='ltr'><strong>luntatis</strong></span> <span class='ocrx_word' id='word_1_154' title='bbox 2129 913 2480 984; x_wconf 91' lang='lat' dir='ltr'><strong>relinquenda</strong></span> <span class='ocrx_word' id='word_1_155' title='bbox 2513 913 2812 969; x_wconf 90' lang='lat' dir='ltr'><strong>molimina.</strong></span> <span class='ocrx_word' id='word_1_156' title='bbox 2848 913 3000 980; x_wconf 83' lang='lat' dir='ltr'><strong>Quod</strong></span> <span class='ocrx_word' id='word_1_157' title='bbox 3042 912 3245 984; x_wconf 65' lang='lat' dir='ltr'><strong>nisque</strong></span> <span class='ocrx_word' id='word_1_158' title='bbox 3297 912 3467 967; x_wconf 89' lang='lat' dir='ltr'><strong>dubio</strong></span> 
     </span>
    </p>
   </div>
   <div class='ocr_carea' id='block_1_26' title="bbox 1878 1000 3519 1076">
    <p class='ocr_par' dir='ltr' id='par_1_26' title="bbox 1878 1000 3519 1076">
     <span class='ocr_line' id='line_1_26' title="bbox 1878 1000 3519 1076; baseline -0.002 -15"><span class='ocrx_word' id='word_1_159' title='bbox 1878 1004 2153 1061; x_wconf 83' lang='lat' dir='ltr'><strong>credimus</strong></span> <span class='ocrx_word' id='word_1_160' title='bbox 2183 1016 2596 1076; x_wconf 88' lang='lat' dir='ltr'><strong>proventurum,</strong></span> <span class='ocrx_word' id='word_1_161' title='bbox 2634 1004 2678 1060; x_wconf 84' lang='lat' dir='ltr'><strong>si</strong></span> <span class='ocrx_word' id='word_1_162' title='bbox 2708 1004 2873 1059; x_wconf 85' lang='lat' dir='ltr'><strong>etiam</strong></span> <span class='ocrx_word' id='word_1_163' title='bbox 2901 1006 3046 1073; x_wconf 90' lang='lat' dir='ltr'><strong>quod</strong></span> <span class='ocrx_word' id='word_1_164' title='bbox 3082 1000 3344 1058; x_wconf 86' lang='lat' dir='ltr'><strong>Dominus</strong></span> <span class='ocrx_word' id='word_1_165' title='bbox 3369 1018 3473 1072; x_wconf 77' lang='lat' dir='ltr'><strong>per</strong></span> <span class='ocrx_word' id='word_1_166' title='bbox 3504 1042 3519 1057; x_wconf 82' lang='lat'><strong>.</strong></span> 
     </span>
    </p>
   </div>
   <div class='ocr_carea' id='block_1_27' title="bbox 1881 1095 3527 1168">
    <p class='ocr_par' dir='ltr' id='par_1_27' title="bbox 1881 1095 3527 1168">
     <span class='ocr_line' id='line_1_27' title="bbox 1881 1095 3527 1168; baseline 0 -17"><span class='ocrx_word' id='word_1_167' title='bbox 1881 1096 2133 1168; x_wconf 86' lang='lat' dir='ltr'><strong>Decalogi</strong></span> <span class='ocrx_word' id='word_1_168' title='bbox 2160 1097 2319 1153; x_wconf 91' lang='lat' dir='ltr'><strong>nobis</strong></span> <span class='ocrx_word' id='word_1_169' title='bbox 2346 1097 2573 1152; x_wconf 86' lang='lat' dir='ltr'><strong>mandat</strong></span> <span class='ocrx_word' id='word_1_170' title='bbox 2602 1097 2668 1152; x_wconf 92' lang='lat' dir='ltr'><strong>de</strong></span> <span class='ocrx_word' id='word_1_171' title='bbox 2690 1096 2899 1152; x_wconf 83' lang='lat' dir='ltr'><strong>Pascha</strong></span> <span class='ocrx_word' id='word_1_172' title='bbox 2930 1096 3255 1152; x_wconf 88' lang='lat' dir='ltr'><strong>celebrando</strong></span> <span class='ocrx_word' id='word_1_173' title='bbox 3286 1095 3481 1150; x_wconf 77' lang='lat' dir='ltr'><strong>minis—</strong></span> <span class='ocrx_word' id='word_1_174' title='bbox 3504 1100 3527 1163; x_wconf 41' lang='grc' dir='ltr'><strong>εἰ,</strong></span> 
     </span>
    </p>
   </div>
   <div class='ocr_carea' id='block_1_28' title="bbox 1883 1187 3487 1262">
    <p class='ocr_par' dir='ltr' id='par_1_28' title="bbox 1883 1187 3487 1262">
     <span class='ocr_line' id='line_1_28' title="bbox 1883 1187 3487 1262; baseline 0 -19"><span class='ocrx_word' id='word_1_175' title='bbox 1883 1196 2028 1243; x_wconf 89' lang='lat' dir='ltr'><strong>trum</strong></span> <span class='ocrx_word' id='word_1_176' title='bbox 2062 1187 2139 1261; x_wconf 84' lang='lat' dir='ltr'><strong>[id</strong></span> <span class='ocrx_word' id='word_1_177' title='bbox 2154 1199 2229 1243; x_wconf 83' lang='lat' dir='ltr'><strong>est</strong></span> <span class='ocrx_word' id='word_1_178' title='bbox 2261 1187 2527 1262; x_wconf 85' lang='lat' dir='ltr'><strong>Moysen],</strong></span> <span class='ocrx_word' id='word_1_179' title='bbox 2551 1188 2620 1243; x_wconf 88' lang='lat' dir='ltr'><strong>ad</strong></span> <span class='ocrx_word' id='word_1_180' title='bbox 2650 1197 2899 1244; x_wconf 89' lang='lat' dir='ltr'><strong>naturam</strong></span> <span class='ocrx_word' id='word_1_181' title='bbox 2922 1189 3239 1245; x_wconf 88' lang='lat' dir='ltr'><strong>earumdem</strong></span> <span class='ocrx_word' id='word_1_182' title='bbox 3268 1187 3487 1243; x_wconf 81' lang='lat' dir='ltr'><strong>referre</strong></span> 
     </span>
    </p>
   </div>
   <div class='ocr_carea' id='block_1_29' title="bbox 1883 1277 3490 1351">
    <p class='ocr_par' dir='ltr' id='par_1_29' title="bbox 1883 1277 3490 1351">
     <span class='ocr_line' id='line_1_29' title="bbox 1883 1277 3490 1351; baseline 0 -17"><span class='ocrx_word' id='word_1_183' title='bbox 1883 1279 2181 1351; x_wconf 87' lang='lat' dir='ltr'><strong>satagimus</strong></span> <span class='ocrx_word' id='word_1_184' title='bbox 2203 1279 2559 1335; x_wconf 84' lang='lat' dir='ltr'><strong>lactucarntn.</strong></span> <span class='ocrx_word' id='word_1_185' title='bbox 2592 1277 2684 1335; x_wconf 85' lang='lat' dir='ltr'><strong>Sic</strong></span> <span class='ocrx_word' id='word_1_186' title='bbox 2708 1289 2903 1345; x_wconf 85' lang='lat' dir='ltr'><strong>autem,</strong></span> <span class='ocrx_word' id='word_1_187' title='bbox 2952 1280 3152 1350; x_wconf 88' lang='lat' dir='ltr'><strong>inquit,</strong></span> <span class='ocrx_word' id='word_1_188' title='bbox 3198 1281 3490 1334; x_wconf 71' lang='lat' dir='ltr'><strong>comedetis</strong></span> 
     </span>
    </p>
   </div>
   <div class='ocr_carea' id='block_1_30' title="bbox 1884 1370 3563 1442">
    <p class='ocr_par' dir='ltr' id='par_1_30' title="bbox 1884 1370 3563 1442">
     <span class='ocr_line' id='line_1_30' title="bbox 1884 1370 3563 1442; baseline -0.001 -14"><span class='ocrx_word' id='word_1_189' title='bbox 1884 1388 2003 1428; x_wconf 81' lang='lat' dir='ltr'><strong>eum</strong></span> <span class='ocrx_word' id='word_1_190' title='bbox 2031 1390 2050 1428; x_wconf 90' lang='lat'><strong><em>:</em></strong></span> <span class='ocrx_word' id='word_1_191' title='bbox 2104 1388 2252 1426; x_wconf 83' lang='lat' dir='ltr'><strong>renes</strong></span> <span class='ocrx_word' id='word_1_192' title='bbox 2292 1383 2486 1427; x_wconf 79' lang='lat' dir='ltr'><strong>vestros</strong></span> <span class='ocrx_word' id='word_1_193' title='bbox 2514 1372 2816 1442; x_wconf 85' lang='lat' dir='ltr'><strong>accingetis,</strong></span> <span class='ocrx_word' id='word_1_194' title='bbox 2848 1370 3203 1426; x_wconf 86' lang='lat' dir='ltr'><strong>calceamenta</strong></span> <span class='ocrx_word' id='word_1_195' title='bbox 3225 1372 3490 1426; x_wconf 66' lang='lat' dir='ltr'><strong>habebitis</strong></span> <span class='ocrx_word' id='word_1_196' title='bbox 3562 1390 3563 1395; x_wconf 70' lang='lat'>‘</span> 
     </span>
    </p>
   </div>
   <div class='ocr_carea' id='block_1_31' title="bbox 1884 1459 3574 1529">
    <p class='ocr_par' dir='ltr' id='par_1_31' title="bbox 1884 1459 3574 1529">
     <span class='ocr_line' id='line_1_31' title="bbox 1884 1459 3574 1529; baseline 0.001 -14"><span class='ocrx_word' id='word_1_197' title='bbox 1884 1462 1941 1515; x_wconf 87' lang='lat' dir='ltr'><strong>in</strong></span> <span class='ocrx_word' id='word_1_198' title='bbox 1962 1461 2201 1529; x_wconf 77' lang='lat' dir='ltr'><strong>pedibus,</strong></span> <span class='ocrx_word' id='word_1_199' title='bbox 2235 1470 2466 1516; x_wconf 83' lang='lat' dir='ltr'><strong>tenentes</strong></span> <span class='ocrx_word' id='word_1_200' title='bbox 2502 1459 2724 1515; x_wconf 79' lang='lat' dir='ltr'><strong>buculos</strong></span> <span class='ocrx_word' id='word_1_201' title='bbox 2743 1462 2801 1515; x_wconf 91' lang='lat' dir='ltr'><strong>in</strong></span> <span class='ocrx_word' id='word_1_202' title='bbox 2824 1462 3091 1527; x_wconf 84' lang='lat' dir='ltr'><strong>manibus,</strong></span> <span class='ocrx_word' id='word_1_203' title='bbox 3123 1472 3169 1516; x_wconf 89' lang='lat' dir='ltr'><strong>et</strong></span> <span class='ocrx_word' id='word_1_204' title='bbox 3196 1462 3489 1517; x_wconf 63' lang='lat' dir='ltr'><strong>comedetis</strong></span> <span class='ocrx_word' id='word_1_205' title='bbox 3552 1464 3574 1507; x_wconf 56' lang='lat'><strong>1*</strong></span> 
     </span>
    </p>
   </div>
   <div class='ocr_carea' id='block_1_32' title="bbox 1890 1552 3575 1625">
    <p class='ocr_par' dir='ltr' id='par_1_32' title="bbox 1890 1552 3575 1625">
     <span class='ocr_line' id='line_1_32' title="bbox 1890 1552 3575 1625; baseline -0.001 -18"><span class='ocrx_word' id='word_1_206' title='bbox 1890 1553 2193 1624; x_wconf 75' lang='lat' dir='ltr'><strong>festinantes</strong></span> <span class='ocrx_word' id='word_1_207' title='bbox 2224 1553 2423 1625; x_wconf 77' lang='lat' dir='ltr'><strong>(Exod.</strong></span> <span class='ocrx_word' id='word_1_208' title='bbox 2449 1570 2546 1620; x_wconf 79' lang='lat' dir='ltr'><strong>xu,</strong></span> <span class='ocrx_word' id='word_1_209' title='bbox 2580 1554 2689 1624; x_wconf 85' lang='lat' dir='ltr'><strong>ll).</strong></span> <span class='ocrx_word' id='word_1_210' title='bbox 2735 1553 2875 1621; x_wconf 88' lang='lat' dir='ltr'><strong>Quid</strong></span> <span class='ocrx_word' id='word_1_211' title='bbox 2923 1555 3216 1620; x_wconf 88' lang='lat' dir='ltr'><strong>austerius,</strong></span> <span class='ocrx_word' id='word_1_212' title='bbox 3262 1554 3492 1622; x_wconf 73' lang='lat' dir='ltr'><strong>fratres,</strong></span> <span class='ocrx_word' id='word_1_213' title='bbox 3538 1552 3575 1606; x_wconf 72' lang='grc' dir='ltr'><strong>ξ’</strong></span> 
     </span>
    </p>
   </div>
   <div class='ocr_carea' id='block_1_33' title="bbox 1889 1648 3496 1722">
    <p class='ocr_par' dir='ltr' id='par_1_33' title="bbox 1889 1648 3496 1722">
     <span class='ocr_line' id='line_1_33' title="bbox 1889 1648 3496 1722; baseline 0.003 -20"><span class='ocrx_word' id='word_1_214' title='bbox 1889 1648 2018 1718; x_wconf 91' lang='lat' dir='ltr'><strong>quid</strong></span> <span class='ocrx_word' id='word_1_215' title='bbox 2038 1650 2205 1721; x_wconf 67' lang='grc' dir='ltr'><strong>διο</strong></span> <span class='ocrx_word' id='word_1_216' title='bbox 2225 1650 2405 1705; x_wconf 89' lang='lat' dir='ltr'><strong>acrius</strong></span> <span class='ocrx_word' id='word_1_217' title='bbox 2433 1650 2540 1705; x_wconf 88' lang='lat' dir='ltr'><strong>dici</strong></span> <span class='ocrx_word' id='word_1_218' title='bbox 2567 1650 2746 1721; x_wconf 90' lang='lat' dir='ltr'><strong>potuit</strong></span> <span class='ocrx_word' id='word_1_219' title='bbox 2771 1650 2867 1717; x_wconf 91' lang='lat' dir='ltr'><strong>illi,</strong></span> <span class='ocrx_word' id='word_1_220' title='bbox 2905 1650 2998 1721; x_wconf 91' lang='lat' dir='ltr'><strong>qui</strong></span> <span class='ocrx_word' id='word_1_221' title='bbox 3027 1653 3127 1705; x_wconf 89' lang='lat' dir='ltr'><strong>ista</strong></span> <span class='ocrx_word' id='word_1_222' title='bbox 3159 1651 3496 1722; x_wconf 76' lang='lat' dir='ltr'><strong>intelligens,</strong></span> 
     </span>
    </p>
   </div>
   <div class='ocr_carea' id='block_1_34' title="bbox 1893 1740 3499 1812">
    <p class='ocr_par' dir='ltr' id='par_1_34' title="bbox 1893 1740 3499 1812">
     <span class='ocr_line' id='line_1_34' title="bbox 1893 1740 3499 1812; baseline 0.004 -18"><span class='ocrx_word' id='word_1_223' title='bbox 1893 1740 2106 1796; x_wconf 83' lang='lat' dir='ltr'><strong>Pascha</strong></span> <span class='ocrx_word' id='word_1_224' title='bbox 2140 1742 2477 1812; x_wconf 62' lang='lat' dir='ltr'><strong>praeteritum</strong></span> <span class='ocrx_word' id='word_1_225' title='bbox 2533 1757 2593 1797; x_wconf 90' lang='lat' dir='ltr'><strong>se</strong></span> <span class='ocrx_word' id='word_1_226' title='bbox 2636 1740 2888 1797; x_wconf 90' lang='lat' dir='ltr'><strong>meminit</strong></span> <span class='ocrx_word' id='word_1_227' title='bbox 2937 1743 3142 1797; x_wconf 82' lang='lat' dir='ltr'><strong>eisdem</strong></span> <span class='ocrx_word' id='word_1_228' title='bbox 3184 1744 3499 1800; x_wconf 76' lang='lat' dir='ltr'><strong>observatis</strong></span> 
     </span>
    </p>
   </div>
   <div class='ocr_carea' id='block_1_35' title="bbox 196 1825 3499 1901">
    <p class='ocr_par' dir='ltr' id='par_1_35' title="bbox 196 1825 3499 1901">
     <span class='ocr_line' id='line_1_35' title="bbox 196 1825 3499 1901; baseline 0.002 -19"><span class='ocrx_word' id='word_1_229' title='bbox 196 1828 448 1898; x_wconf 82' lang='lat' dir='ltr'><strong>nequitia</strong></span> <span class='ocrx_word' id='word_1_230' title='bbox 478 1829 643 1900; x_wconf 89' lang='lat' dir='ltr'><strong>pleni.</strong></span> <span class='ocrx_word' id='word_1_231' title='bbox 672 1827 730 1885; x_wconf 88' lang='lat' dir='ltr'><strong>Si</strong></span> <span class='ocrx_word' id='word_1_232' title='bbox 776 1829 939 1884; x_wconf 90' lang='lat' dir='ltr'><strong>vultis</strong></span> <span class='ocrx_word' id='word_1_233' title='bbox 985 1829 1276 1885; x_wconf 88' lang='lat' dir='ltr'><strong>salubriter</strong></span> <span class='ocrx_word' id='word_1_234' title='bbox 1311 1828 1565 1899; x_wconf 84' lang='lat' dir='ltr'><strong>gaudere,</strong></span> <span class='ocrx_word' id='word_1_235' title='bbox 1599 1826 1653 1880; x_wconf 91' lang='lat' dir='ltr'><strong>in</strong></span> <span class='ocrx_word' id='word_1_236' title='bbox 1680 1825 1789 1880; x_wconf 91' lang='lat' dir='ltr'><strong>Do—</strong></span> <span class='ocrx_word' id='word_1_237' title='bbox 1818 1838 1868 1901; x_wconf 76' lang='grc' dir='ltr'><strong>Β</strong></span> <span class='ocrx_word' id='word_1_238' title='bbox 1895 1830 2043 1886; x_wconf 91' lang='lat' dir='ltr'><strong>nullo</strong></span> <span class='ocrx_word' id='word_1_239' title='bbox 2084 1831 2246 1887; x_wconf 91' lang='lat' dir='ltr'><strong>modo</strong></span> <span class='ocrx_word' id='word_1_240' title='bbox 2297 1830 2649 1887; x_wconf 87' lang='lat' dir='ltr'><strong>celebrasse?</strong></span> <span class='ocrx_word' id='word_1_241' title='bbox 2699 1830 2800 1897; x_wconf 86' lang='lat' dir='ltr'><strong>Qui</strong></span> <span class='ocrx_word' id='word_1_242' title='bbox 2854 1831 2999 1886; x_wconf 90' lang='lat' dir='ltr'><strong>enim</strong></span> <span class='ocrx_word' id='word_1_243' title='bbox 3058 1847 3164 1887; x_wconf 89' lang='lat' dir='ltr'><strong>non</strong></span> <span class='ocrx_word' id='word_1_244' title='bbox 3212 1831 3499 1888; x_wconf 72' lang='lat' dir='ltr'><strong>obaudivio</strong></span> 
     </span>
    </p>
   </div>
   <div class='ocr_carea' id='block_1_36' title="bbox 194 1914 1793 1992">
    <p class='ocr_par' dir='ltr' id='par_1_36' title="bbox 194 1914 1793 1992">
     <span class='ocr_line' id='line_1_36' title="bbox 194 1914 1793 1992; baseline -0.003 -19"><span class='ocrx_word' id='word_1_245' title='bbox 194 1920 347 1975; x_wconf 87' lang='lat' dir='ltr'><strong>mino</strong></span> <span class='ocrx_word' id='word_1_246' title='bbox 367 1920 621 1992; x_wconf 89' lang='lat' dir='ltr'><strong>gaudete,</strong></span> <span class='ocrx_word' id='word_1_247' title='bbox 653 1935 761 1975; x_wconf 89' lang='lat' dir='ltr'><strong>non</strong></span> <span class='ocrx_word' id='word_1_248' title='bbox 794 1920 846 1974; x_wconf 91' lang='lat' dir='ltr'><strong>in</strong></span> <span class='ocrx_word' id='word_1_249' title='bbox 868 1918 1010 1988; x_wconf 88' lang='lat' dir='ltr'><strong>jocis</strong></span> <span class='ocrx_word' id='word_1_250' title='bbox 1032 1919 1341 1990; x_wconf 85' lang='lat' dir='ltr'><strong>superfluis,</strong></span> <span class='ocrx_word' id='word_1_251' title='bbox 1374 1933 1480 1972; x_wconf 91' lang='lat' dir='ltr'><strong>non</strong></span> <span class='ocrx_word' id='word_1_252' title='bbox 1512 1917 1565 1971; x_wconf 91' lang='lat' dir='ltr'><strong>in</strong></span> <span class='ocrx_word' id='word_1_253' title='bbox 1598 1914 1793 1970; x_wconf 90' lang='lat' dir='ltr'><strong>fabulis</strong></span> 
     </span>
    </p>
   </div>
   <div class='ocr_carea' id='block_1_37' title="bbox 197 2006 1795 2081">
    <p class='ocr_par' dir='ltr' id='par_1_37' title="bbox 197 2006 1795 2081">
     <span class='ocr_line' id='line_1_37' title="bbox 197 2006 1795 2081; baseline -0.003 -16"><span class='ocrx_word' id='word_1_254' title='bbox 197 2010 409 2075; x_wconf 87' lang='lat' dir='ltr'><strong>otiosis,</strong></span> <span class='ocrx_word' id='word_1_255' title='bbox 453 2025 560 2065; x_wconf 92' lang='lat' dir='ltr'><strong>non</strong></span> <span class='ocrx_word' id='word_1_256' title='bbox 617 2010 672 2065; x_wconf 92' lang='lat' dir='ltr'><strong>in</strong></span> <span class='ocrx_word' id='word_1_257' title='bbox 718 2010 1065 2081; x_wconf 89' lang='lat' dir='ltr'><strong>turpiloquiis</strong></span> <span class='ocrx_word' id='word_1_258' title='bbox 1096 2009 1294 2075; x_wconf 76' lang='lat' dir='ltr'><strong>noxiis,</strong></span> <span class='ocrx_word' id='word_1_259' title='bbox 1324 2024 1429 2062; x_wconf 89' lang='lat' dir='ltr'><strong>non</strong></span> <span class='ocrx_word' id='word_1_260' title='bbox 1476 2007 1529 2061; x_wconf 89' lang='lat' dir='ltr'><strong>in</strong></span> <span class='ocrx_word' id='word_1_261' title='bbox 1565 2006 1795 2062; x_wconf 85' lang='lat' dir='ltr'><strong>tactibus</strong></span> 
     </span>
    </p>
   </div>
   <div class='ocr_carea' id='block_1_38' title="bbox 197 2097 1793 2173">
    <p class='ocr_par' dir='ltr' id='par_1_38' title="bbox 197 2097 1793 2173">
     <span class='ocr_line' id='line_1_38' title="bbox 197 2097 1793 2173; baseline -0.004 -16"><span class='ocrx_word' id='word_1_262' title='bbox 197 2102 558 2169; x_wconf 84' lang='lat' dir='ltr'><strong>illecebrosis,</strong></span> <span class='ocrx_word' id='word_1_263' title='bbox 586 2118 695 2157; x_wconf 92' lang='lat' dir='ltr'><strong>non</strong></span> <span class='ocrx_word' id='word_1_264' title='bbox 726 2103 779 2157; x_wconf 91' lang='lat' dir='ltr'><strong>in</strong></span> <span class='ocrx_word' id='word_1_265' title='bbox 832 2101 1055 2173; x_wconf 88' lang='lat' dir='ltr'><strong>crapula</strong></span> <span class='ocrx_word' id='word_1_266' title='bbox 1120 2110 1176 2156; x_wconf 91' lang='lat' dir='ltr'><strong>et</strong></span> <span class='ocrx_word' id='word_1_267' title='bbox 1232 2101 1520 2165; x_wconf 89' lang='lat' dir='ltr'><strong>ebrietate,</strong></span> <span class='ocrx_word' id='word_1_268' title='bbox 1576 2113 1683 2153; x_wconf 91' lang='lat' dir='ltr'><strong>non</strong></span> <span class='ocrx_word' id='word_1_269' title='bbox 1738 2097 1793 2151; x_wconf 91' lang='lat' dir='ltr'><strong>in</strong></span> 
     </span>
    </p>
   </div>
   <div class='ocr_carea' id='block_1_39' title="bbox 199 2190 1798 2267">
    <p class='ocr_par' dir='ltr' id='par_1_39' title="bbox 199 2190 1798 2267">
     <span class='ocr_line' id='line_1_39' title="bbox 199 2190 1798 2267; baseline -0.003 -17"><span class='ocrx_word' id='word_1_270' title='bbox 199 2204 461 2251; x_wconf 87' lang='lat' dir='ltr'><strong>cantuum</strong></span> <span class='ocrx_word' id='word_1_271' title='bbox 492 2197 749 2252; x_wconf 90' lang='lat' dir='ltr'><strong>vanitate.</strong></span> <span class='ocrx_word' id='word_1_272' title='bbox 782 2196 839 2251; x_wconf 89' lang='lat' dir='ltr'><strong>Si</strong></span> <span class='ocrx_word' id='word_1_273' title='bbox 894 2196 1089 2267; x_wconf 90' lang='lat' dir='ltr'><strong>cupitis</strong></span> <span class='ocrx_word' id='word_1_274' title='bbox 1118 2195 1414 2260; x_wconf 83' lang='lat' dir='ltr'><strong>exsultare,</strong></span> <span class='ocrx_word' id='word_1_275' title='bbox 1462 2193 1646 2247; x_wconf 81' lang='lat' dir='ltr'><strong>servile</strong></span> <span class='ocrx_word' id='word_1_276' title='bbox 1689 2190 1798 2246; x_wconf 83' lang='lat' dir='ltr'><strong>Do-</strong></span> 
     </span>
    </p>
   </div>
   <div class='ocr_carea' id='block_1_40' title="bbox 198 2282 1796 2354">
    <p class='ocr_par' dir='ltr' id='par_1_40' title="bbox 198 2282 1796 2354">
     <span class='ocr_line' id='line_1_40' title="bbox 198 2282 1796 2354; baseline -0.003 -14"><span class='ocrx_word' id='word_1_277' title='bbox 198 2288 343 2341; x_wconf 86' lang='lat' dir='ltr'><strong>mino</strong></span> <span class='ocrx_word' id='word_1_278' title='bbox 367 2289 423 2342; x_wconf 87' lang='lat' dir='ltr'><strong>in</strong></span> <span class='ocrx_word' id='word_1_279' title='bbox 450 2289 653 2352; x_wconf 88' lang='lat' dir='ltr'><strong>timore,</strong></span> <span class='ocrx_word' id='word_1_280' title='bbox 683 2298 731 2342; x_wconf 84' lang='lat' dir='ltr'><strong>et</strong></span> <span class='ocrx_word' id='word_1_281' title='bbox 756 2287 1012 2343; x_wconf 78' lang='lat' dir='ltr'><strong>exsultate</strong></span> <span class='ocrx_word' id='word_1_282' title='bbox 1053 2288 1101 2341; x_wconf 83' lang='lat' dir='ltr'><strong>ei</strong></span> <span class='ocrx_word' id='word_1_283' title='bbox 1125 2303 1242 2341; x_wconf 85' lang='lat' dir='ltr'><strong>cum</strong></span> <span class='ocrx_word' id='word_1_284' title='bbox 1288 2296 1511 2340; x_wconf 83' lang='lat' dir='ltr'><strong>tremore</strong></span> <span class='ocrx_word' id='word_1_285' title='bbox 1565 2282 1681 2354; x_wconf 85' lang='lat' dir='ltr'><strong>(Ps.</strong></span> <span class='ocrx_word' id='word_1_286' title='bbox 1733 2298 1796 2349; x_wconf 88' lang='grc' dir='ltr'>ιι,</span> 
     </span>
    </p>
   </div>
   <div class='ocr_carea' id='block_1_41' title="bbox 202 2375 1798 2451">
    <p class='ocr_par' dir='ltr' id='par_1_41' title="bbox 202 2375 1798 2451">
     <span class='ocr_line' id='line_1_41' title="bbox 202 2375 1798 2451; baseline -0.001 -20"><span class='ocrx_word' id='word_1_287' title='bbox 202 2378 319 2449; x_wconf 80' lang='grc' dir='ltr'><strong>Η).</strong></span> <span class='ocrx_word' id='word_1_288' title='bbox 352 2377 413 2434; x_wconf 89' lang='lat' dir='ltr'><strong>Si</strong></span> <span class='ocrx_word' id='word_1_289' title='bbox 455 2380 774 2435; x_wconf 84' lang='lat' dir='ltr'><strong>desideratis</strong></span> <span class='ocrx_word' id='word_1_290' title='bbox 820 2381 1021 2451; x_wconf 88' lang='lat' dir='ltr'><strong>pascha</strong></span> <span class='ocrx_word' id='word_1_291' title='bbox 1062 2380 1357 2450; x_wconf 84' lang='lat' dir='ltr'><strong>legitimum</strong></span> <span class='ocrx_word' id='word_1_292' title='bbox 1411 2375 1711 2440; x_wconf 86' lang='lat' dir='ltr'><strong>celebrare,</strong></span> <span class='ocrx_word' id='word_1_293' title='bbox 1743 2376 1798 2430; x_wconf 89' lang='lat' dir='ltr'><strong>in</strong></span> 
     </span>
    </p>
   </div>
   <div class='ocr_carea' id='block_1_42' title="bbox 204 2469 1801 2542">
    <p class='ocr_par' dir='ltr' id='par_1_42' title="bbox 204 2469 1801 2542">
     <span class='ocr_line' id='line_1_42' title="bbox 204 2469 1801 2542; baseline -0.001 -18"><span class='ocrx_word' id='word_1_294' title='bbox 204 2472 414 2542; x_wconf 79' lang='lat' dir='ltr'><strong>azymis</strong></span> <span class='ocrx_word' id='word_1_295' title='bbox 440 2470 734 2527; x_wconf 84' lang='lat' dir='ltr'><strong>celebrate.</strong></span> <span class='ocrx_word' id='word_1_296' title='bbox 763 2472 893 2540; x_wconf 69' lang='lat' dir='ltr'><strong>Qum</strong></span> <span class='ocrx_word' id='word_1_297' title='bbox 921 2482 1049 2528; x_wconf 89' lang='lat' dir='ltr'><strong>sunt</strong></span> <span class='ocrx_word' id='word_1_298' title='bbox 1098 2486 1229 2527; x_wconf 90' lang='lat' dir='ltr'><strong>vero</strong></span> <span class='ocrx_word' id='word_1_299' title='bbox 1274 2471 1318 2526; x_wconf 91' lang='lat' dir='ltr'><strong>si</strong></span> <span class='ocrx_word' id='word_1_300' title='bbox 1357 2469 1648 2539; x_wconf 88' lang='lat' dir='ltr'><strong>requiratis</strong></span> <span class='ocrx_word' id='word_1_301' title='bbox 1674 2483 1801 2539; x_wconf 85' lang='lat' dir='ltr'><strong>azy-</strong></span> 
     </span>
    </p>
   </div>
   <div class='ocr_carea' id='block_1_43' title="bbox 203 2564 1800 2639">
    <p class='ocr_par' dir='ltr' id='par_1_43' title="bbox 203 2564 1800 2639">
     <span class='ocr_line' id='line_1_43' title="bbox 203 2564 1800 2639; baseline -0.001 -20"><span class='ocrx_word' id='word_1_302' title='bbox 203 2579 295 2619; x_wconf 87' lang='lat' dir='ltr'><strong>ma</strong></span> <span class='ocrx_word' id='word_1_303' title='bbox 324 2581 338 2630; x_wconf 91' lang='lat'><strong>;</strong></span> <span class='ocrx_word' id='word_1_304' title='bbox 372 2565 662 2621; x_wconf 86' lang='lat' dir='ltr'><strong>sinceritas</strong></span> <span class='ocrx_word' id='word_1_305' title='bbox 692 2568 994 2637; x_wconf 88' lang='lat' dir='ltr'><strong>respondeo</strong></span> <span class='ocrx_word' id='word_1_306' title='bbox 1026 2565 1145 2639; x_wconf 86' lang='lat' dir='ltr'><strong>[al.,</strong></span> <span class='ocrx_word' id='word_1_307' title='bbox 1172 2564 1535 2637; x_wconf 87' lang='lat' dir='ltr'><strong>respondebo]</strong></span> <span class='ocrx_word' id='word_1_308' title='bbox 1563 2573 1618 2620; x_wconf 92' lang='lat' dir='ltr'><strong>et</strong></span> <span class='ocrx_word' id='word_1_309' title='bbox 1653 2564 1800 2619; x_wconf 89' lang='lat' dir='ltr'><strong>veri-</strong></span> 
     </span>
    </p>
   </div>
   <div class='ocr_carea' id='block_1_44' title="bbox 208 2655 1804 2728">
    <p class='ocr_par' dir='ltr' id='par_1_44' title="bbox 208 2655 1804 2728">
     <span class='ocr_line' id='line_1_44' title="bbox 208 2655 1804 2728; baseline 0.001 -18"><span class='ocrx_word' id='word_1_310' title='bbox 208 2664 317 2710; x_wconf 89' lang='lat' dir='ltr'><strong>tas.</strong></span> <span class='ocrx_word' id='word_1_311' title='bbox 354 2656 707 2712; x_wconf 86' lang='lat' dir='ltr'><strong>Fermentum</strong></span> <span class='ocrx_word' id='word_1_312' title='bbox 759 2658 903 2712; x_wconf 90' lang='lat' dir='ltr'><strong>enim</strong></span> <span class='ocrx_word' id='word_1_313' title='bbox 960 2658 1256 2728; x_wconf 90' lang='lat' dir='ltr'><strong>pessimum</strong></span> <span class='ocrx_word' id='word_1_314' title='bbox 1305 2668 1389 2712; x_wconf 87' lang='lat' dir='ltr'><strong>est</strong></span> <span class='ocrx_word' id='word_1_315' title='bbox 1441 2655 1804 2712; x_wconf 88' lang='lat' dir='ltr'><strong>simulationis</strong></span> 
     </span>
    </p>
   </div>
   <div class='ocr_carea' id='block_1_45' title="bbox 206 2747 1804 2818">
    <p class='ocr_par' dir='ltr' id='par_1_45' title="bbox 206 2747 1804 2818">
     <span class='ocr_line' id='line_1_45' title="bbox 206 2747 1804 2818; baseline 0 -16"><span class='ocrx_word' id='word_1_316' title='bbox 206 2748 525 2818; x_wconf 79' lang='lat' dir='ltr'><strong>(inplicitas;</strong></span> <span class='ocrx_word' id='word_1_317' title='bbox 555 2748 879 2806; x_wconf 87' lang='lat' dir='ltr'><strong>fermentum</strong></span> <span class='ocrx_word' id='word_1_318' title='bbox 898 2750 1120 2805; x_wconf 81' lang='lat' dir='ltr'><strong>noxium</strong></span> <span class='ocrx_word' id='word_1_319' title='bbox 1145 2757 1230 2804; x_wconf 87' lang='lat' dir='ltr'><strong>est</strong></span> <span class='ocrx_word' id='word_1_320' title='bbox 1253 2748 1508 2805; x_wconf 85' lang='lat' dir='ltr'><strong>falsitatis</strong></span> <span class='ocrx_word' id='word_1_321' title='bbox 1530 2747 1804 2803; x_wconf 83' lang='lat' dir='ltr'><strong>voluntas.</strong></span> 
     </span>
    </p>
   </div>
   <div class='ocr_carea' id='block_1_46' title="bbox 206 2836 1803 2904">
    <p class='ocr_par' dir='ltr' id='par_1_46' title="bbox 206 2836 1803 2904">
     <span class='ocr_line' id='line_1_46' title="bbox 206 2836 1803 2904; baseline -0.001 -12"><span class='ocrx_word' id='word_1_322' title='bbox 206 2836 561 2896; x_wconf 83' lang='lat' dir='ltr'><strong>Fermentum</strong></span> <span class='ocrx_word' id='word_1_323' title='bbox 585 2841 729 2895; x_wconf 87' lang='lat' dir='ltr'><strong>enim</strong></span> <span class='ocrx_word' id='word_1_324' title='bbox 761 2856 883 2896; x_wconf 86' lang='lat' dir='ltr'><strong>cum</strong></span> <span class='ocrx_word' id='word_1_325' title='bbox 934 2856 965 2895; x_wconf 90' lang='lat' dir='ltr'><strong>a</strong></span> <span class='ocrx_word' id='word_1_326' title='bbox 1028 2839 1241 2896; x_wconf 88' lang='lat' dir='ltr'><strong>fervore</strong></span> <span class='ocrx_word' id='word_1_327' title='bbox 1296 2841 1367 2895; x_wconf 85' lang='lat' dir='ltr'><strong>sit</strong></span> <span class='ocrx_word' id='word_1_328' title='bbox 1422 2840 1803 2904; x_wconf 90' lang='lat' dir='ltr'><strong>nominatum;</strong></span> 
     </span>
    </p>
   </div>
   <div class='ocr_carea' id='block_1_47' title="bbox 210 2928 1810 3003">
    <p class='ocr_par' dir='ltr' id='par_1_47' title="bbox 210 2928 1810 3003">
     <span class='ocr_line' id='line_1_47' title="bbox 210 2928 1810 3003; baseline 0.001 -20"><span class='ocrx_word' id='word_1_329' title='bbox 210 2929 387 3001; x_wconf 88' lang='lat' dir='ltr'><strong>ipsam</strong></span> <span class='ocrx_word' id='word_1_330' title='bbox 441 2931 728 2997; x_wconf 89' lang='lat' dir='ltr'><strong>malitiam,</strong></span> <span class='ocrx_word' id='word_1_331' title='bbox 789 2932 960 3003; x_wconf 90' lang='lat' dir='ltr'><strong>ipsam</strong></span> <span class='ocrx_word' id='word_1_332' title='bbox 1012 2932 1331 3002; x_wconf 88' lang='lat' dir='ltr'><strong>nequitiam,</strong></span> <span class='ocrx_word' id='word_1_333' title='bbox 1386 2932 1559 3001; x_wconf 90' lang='lat' dir='ltr'><strong>ipsam</strong></span> <span class='ocrx_word' id='word_1_334' title='bbox 1606 2928 1810 2986; x_wconf 85' lang='lat' dir='ltr'><strong>veteris</strong></span> 
     </span>
    </p>
   </div>
   <div class='ocr_carea' id='block_1_48' title="bbox 210 3019 1811 3092">
    <p class='ocr_par' dir='ltr' id='par_1_48' title="bbox 210 3019 1811 3092">
     <span class='ocr_line' id='line_1_48' title="bbox 210 3019 1811 3092; baseline 0.002 -18"><span class='ocrx_word' id='word_1_335' title='bbox 210 3019 346 3075; x_wconf 64' lang='lat' dir='ltr'><strong>Adae</strong></span> <span class='ocrx_word' id='word_1_336' title='bbox 370 3036 492 3077; x_wconf 92' lang='lat' dir='ltr'><strong>cum</strong></span> <span class='ocrx_word' id='word_1_337' title='bbox 524 3024 833 3079; x_wconf 88' lang='lat' dir='ltr'><strong>universam</strong></span> <span class='ocrx_word' id='word_1_338' title='bbox 859 3024 1133 3079; x_wconf 89' lang='lat' dir='ltr'><strong>nominari</strong></span> <span class='ocrx_word' id='word_1_339' title='bbox 1192 3023 1472 3080; x_wconf 88' lang='lat' dir='ltr'><strong>valeamus</strong></span> <span class='ocrx_word' id='word_1_340' title='bbox 1508 3022 1811 3092; x_wconf 81' lang='lat' dir='ltr'><strong>intelligere</strong></span> 
     </span>
    </p>
   </div>
   <div class='ocr_carea' id='block_1_49' title="bbox 213 3114 1804 3186">
    <p class='ocr_par' dir='ltr' id='par_1_49' title="bbox 213 3114 1804 3186">
     <span class='ocr_line' id='line_1_49' title="bbox 213 3114 1804 3186; baseline -0.001 -17"><span class='ocrx_word' id='word_1_341' title='bbox 213 3115 682 3179; x_wconf 84' lang='lat' dir='ltr'><strong>consuetudinem,</strong></span> <span class='ocrx_word' id='word_1_342' title='bbox 737 3115 941 3171; x_wconf 89' lang='lat' dir='ltr'><strong>nullam</strong></span> <span class='ocrx_word' id='word_1_343' title='bbox 992 3116 1167 3186; x_wconf 82' lang='lat' dir='ltr'><strong>magis</strong></span> <span class='ocrx_word' id='word_1_344' title='bbox 1213 3114 1456 3172; x_wconf 88' lang='lat' dir='ltr'><strong>valemus</strong></span> <span class='ocrx_word' id='word_1_345' title='bbox 1511 3115 1804 3186; x_wconf 84' lang='lat' dir='ltr'><strong>conjicere,</strong></span> 
     </span>
    </p>
   </div>
   <div class='ocr_carea' id='block_1_50' title="bbox 1899 1922 3504 1994">
    <p class='ocr_par' dir='ltr' id='par_1_50' title="bbox 1899 1922 3504 1994">
     <span class='ocr_line' id='line_1_50' title="bbox 1899 1922 3504 1994; baseline -0.002 -15"><span class='ocrx_word' id='word_1_346' title='bbox 1899 1922 2203 1979; x_wconf 67' lang='lat' dir='ltr'><strong>Psalmistze</strong></span> <span class='ocrx_word' id='word_1_347' title='bbox 2230 1923 2430 1978; x_wconf 86' lang='lat' dir='ltr'><strong>dicenti</strong></span> <span class='ocrx_word' id='word_1_348' title='bbox 2464 1939 2480 1977; x_wconf 91' lang='lat'><strong>:</strong></span> <span class='ocrx_word' id='word_1_349' title='bbox 2505 1922 2789 1994; x_wconf 79' lang='lat' dir='ltr'><strong>Accingere</strong></span> <span class='ocrx_word' id='word_1_350' title='bbox 2811 1923 2989 1994; x_wconf 87' lang='lat' dir='ltr'><strong>gladio</strong></span> <span class='ocrx_word' id='word_1_351' title='bbox 3021 1933 3111 1977; x_wconf 89' lang='lat' dir='ltr'><strong>tuo</strong></span> <span class='ocrx_word' id='word_1_352' title='bbox 3138 1940 3299 1994; x_wconf 63' lang='lat' dir='ltr'><strong>super</strong></span> <span class='ocrx_word' id='word_1_353' title='bbox 3320 1923 3504 1993; x_wconf 74' lang='lat' dir='ltr'><strong>[emitr</strong></span> 
     </span>
    </p>
   </div>
   <div class='ocr_carea' id='block_1_51' title="bbox 1898 2014 3497 2086">
    <p class='ocr_par' dir='ltr' id='par_1_51' title="bbox 1898 2014 3497 2086">
     <span class='ocr_line' id='line_1_51' title="bbox 1898 2014 3497 2086; baseline 0.001 -17"><span class='ocrx_word' id='word_1_354' title='bbox 1898 2026 2066 2078; x_wconf 87' lang='lat' dir='ltr'><strong>tuum,</strong></span> <span class='ocrx_word' id='word_1_355' title='bbox 2091 2016 2450 2086; x_wconf 78' lang='lat' dir='ltr'><strong>potentissime</strong></span> <span class='ocrx_word' id='word_1_356' title='bbox 2472 2014 2646 2086; x_wconf 87' lang='lat' dir='ltr'><strong>(Psal.</strong></span> <span class='ocrx_word' id='word_1_357' title='bbox 2672 2030 2784 2081; x_wconf 82' lang='lat' dir='ltr'><strong>xu,</strong></span> <span class='ocrx_word' id='word_1_358' title='bbox 2813 2014 2891 2085; x_wconf 69' lang='lat'><strong>4),</strong></span> <span class='ocrx_word' id='word_1_359' title='bbox 2918 2014 2970 2069; x_wconf 91' lang='lat' dir='ltr'><strong>id</strong></span> <span class='ocrx_word' id='word_1_360' title='bbox 3003 2024 3087 2070; x_wconf 90' lang='lat' dir='ltr'><strong>est</strong></span> <span class='ocrx_word' id='word_1_361' title='bbox 3109 2015 3358 2080; x_wconf 68' lang='lat' dir='ltr'><strong>fortiter;</strong></span> <span class='ocrx_word' id='word_1_362' title='bbox 3391 2016 3497 2070; x_wconf 76' lang='lat' dir='ltr'><strong>set!</strong></span> 
     </span>
    </p>
   </div>
   <div class='ocr_carea' id='block_1_52' title="bbox 1897 2103 3495 2177">
    <p class='ocr_par' dir='ltr' id='par_1_52' title="bbox 1897 2103 3495 2177">
     <span class='ocr_line' id='line_1_52' title="bbox 1897 2103 3495 2177; baseline 0 -16"><span class='ocrx_word' id='word_1_363' title='bbox 1897 2106 2173 2161; x_wconf 90' lang='lat' dir='ltr'><strong>enerviter</strong></span> <span class='ocrx_word' id='word_1_364' title='bbox 2197 2121 2316 2161; x_wconf 84' lang='lat' dir='ltr'><strong>sese</strong></span> <span class='ocrx_word' id='word_1_365' title='bbox 2338 2106 2567 2161; x_wconf 67' lang='lat' dir='ltr'><strong>luxuriae</strong></span> <span class='ocrx_word' id='word_1_366' title='bbox 2588 2104 2813 2171; x_wconf 91' lang='lat' dir='ltr'><strong>dedens,</strong></span> <span class='ocrx_word' id='word_1_367' title='bbox 2862 2104 2931 2159; x_wconf 88' lang='lat' dir='ltr'><strong>ad</strong></span> <span class='ocrx_word' id='word_1_368' title='bbox 2977 2104 3114 2175; x_wconf 84' lang='lat' dir='ltr'><strong>Agni</strong></span> <span class='ocrx_word' id='word_1_369' title='bbox 3146 2103 3240 2159; x_wconf 82' lang='lat' dir='ltr'><strong>Dei</strong></span> <span class='ocrx_word' id='word_1_370' title='bbox 3275 2105 3373 2177; x_wconf 87' lang='grc' dir='ltr'><strong>[αι.</strong></span> <span class='ocrx_word' id='word_1_371' title='bbox 3407 2106 3495 2161; x_wconf 89' lang='lat' dir='ltr'><strong>di-</strong></span> 
     </span>
    </p>
   </div>
   <div class='ocr_carea' id='block_1_53' title="bbox 1898 2195 3502 2271">
    <p class='ocr_par' dir='ltr' id='par_1_53' title="bbox 1898 2195 3502 2271">
     <span class='ocr_line' id='line_1_53' title="bbox 1898 2195 3502 2271; baseline 0.001 -18"><span class='ocrx_word' id='word_1_372' title='bbox 1898 2198 2036 2271; x_wconf 83' lang='lat' dir='ltr'><strong>vini]</strong></span> <span class='ocrx_word' id='word_1_373' title='bbox 2091 2198 2413 2254; x_wconf 89' lang='lat' dir='ltr'><strong>sumcndum</strong></span> <span class='ocrx_word' id='word_1_374' title='bbox 2463 2212 2661 2267; x_wconf 91' lang='lat' dir='ltr'><strong>corpus</strong></span> <span class='ocrx_word' id='word_1_375' title='bbox 2709 2205 2765 2252; x_wconf 94' lang='lat' dir='ltr'><strong>et</strong></span> <span class='ocrx_word' id='word_1_376' title='bbox 2814 2195 3133 2265; x_wconf 88' lang='lat' dir='ltr'><strong>sanguinem</strong></span> <span class='ocrx_word' id='word_1_377' title='bbox 3195 2204 3276 2252; x_wconf 87' lang='lat' dir='ltr'><strong>est</strong></span> <span class='ocrx_word' id='word_1_378' title='bbox 3327 2211 3502 2255; x_wconf 73' lang='lat' dir='ltr'><strong>ausus</strong></span> 
     </span>
    </p>
   </div>
   <div class='ocr_carea' id='block_1_54' title="bbox 1905 2286 3501 2361">
    <p class='ocr_par' dir='ltr' id='par_1_54' title="bbox 1905 2286 3501 2361">
     <span class='ocr_line' id='line_1_54' title="bbox 1905 2286 3501 2361; baseline -0.001 -16"><span class='ocrx_word' id='word_1_379' title='bbox 1905 2290 2200 2355; x_wconf 87' lang='lat' dir='ltr'><strong>accedere;</strong></span> <span class='ocrx_word' id='word_1_380' title='bbox 2226 2290 2318 2361; x_wconf 91' lang='lat' dir='ltr'><strong>qui</strong></span> <span class='ocrx_word' id='word_1_381' title='bbox 2352 2303 2458 2344; x_wconf 91' lang='lat' dir='ltr'><strong>non</strong></span> <span class='ocrx_word' id='word_1_382' title='bbox 2510 2296 2729 2343; x_wconf 86' lang='lat' dir='ltr'><strong>secutus</strong></span> <span class='ocrx_word' id='word_1_383' title='bbox 2774 2296 2858 2343; x_wconf 90' lang='lat' dir='ltr'><strong>est</strong></span> <span class='ocrx_word' id='word_1_384' title='bbox 2899 2286 3151 2357; x_wconf 79' lang='lat' dir='ltr'><strong>exempla</strong></span> <span class='ocrx_word' id='word_1_385' title='bbox 3181 2297 3501 2344; x_wconf 88' lang='lat' dir='ltr'><strong>sanctorum</strong></span> 
     </span>
    </p>
   </div>
   <div class='ocr_carea' id='block_1_55' title="bbox 1902 2377 3501 2451">
    <p class='ocr_par' dir='ltr' id='par_1_55' title="bbox 1902 2377 3501 2451">
     <span class='ocr_line' id='line_1_55' title="bbox 1902 2377 3501 2451; baseline 0.001 -18"><span class='ocrx_word' id='word_1_386' title='bbox 1902 2381 1996 2451; x_wconf 91' lang='lat' dir='ltr'><strong>qui</strong></span> <span class='ocrx_word' id='word_1_387' title='bbox 2038 2381 2149 2450; x_wconf 87' lang='lat' dir='ltr'><strong>jam</strong></span> <span class='ocrx_word' id='word_1_388' title='bbox 2176 2380 2231 2433; x_wconf 92' lang='lat' dir='ltr'><strong>in</strong></span> <span class='ocrx_word' id='word_1_389' title='bbox 2263 2379 2481 2434; x_wconf 90' lang='lat' dir='ltr'><strong>Christo</strong></span> <span class='ocrx_word' id='word_1_390' title='bbox 2530 2379 2780 2433; x_wconf 87' lang='lat' dir='ltr'><strong>obierunt</strong></span> <span class='ocrx_word' id='word_1_391' title='bbox 2819 2377 3075 2444; x_wconf 90' lang='lat' dir='ltr'><strong>Patrum;</strong></span> <span class='ocrx_word' id='word_1_392' title='bbox 3133 2379 3222 2448; x_wconf 89' lang='lat' dir='ltr'><strong>qui</strong></span> <span class='ocrx_word' id='word_1_393' title='bbox 3274 2394 3380 2434; x_wconf 90' lang='lat' dir='ltr'><strong>non</strong></span> <span class='ocrx_word' id='word_1_394' title='bbox 3436 2394 3501 2435; x_wconf 80' lang='lat' dir='ltr'><strong>se</strong></span> 
     </span>
    </p>
   </div>
   <div class='ocr_carea' id='block_1_56' title="bbox 1905 2470 3502 2542">
    <p class='ocr_par' dir='ltr' id='par_1_56' title="bbox 1905 2470 3502 2542">
     <span class='ocr_line' id='line_1_56' title="bbox 1905 2470 3502 2542; baseline -0.001 -14"><span class='ocrx_word' id='word_1_395' title='bbox 1905 2471 2101 2529; x_wconf 86' lang='lat' dir='ltr'><strong>baculo</strong></span> <span class='ocrx_word' id='word_1_396' title='bbox 2130 2472 2410 2542; x_wconf 87' lang='lat' dir='ltr'><strong>regiminis</strong></span> <span class='ocrx_word' id='word_1_397' title='bbox 2440 2470 2681 2526; x_wconf 86' lang='lat' dir='ltr'><strong>defendit</strong></span> <span class='ocrx_word' id='word_1_398' title='bbox 2708 2479 2899 2525; x_wconf 89' lang='lat' dir='ltr'><strong>contra</strong></span> <span class='ocrx_word' id='word_1_399' title='bbox 2926 2470 3230 2542; x_wconf 84' lang='lat' dir='ltr'><strong>rugientem</strong></span> <span class='ocrx_word' id='word_1_400' title='bbox 3260 2472 3502 2537; x_wconf 82' lang='lat' dir='ltr'><strong>leonem,</strong></span> 
     </span>
    </p>
   </div>
   <div class='ocr_carea' id='block_1_57' title="bbox 1906 2560 3513 2633">
    <p class='ocr_par' dir='ltr' id='par_1_57' title="bbox 1906 2560 3513 2633">
     <span class='ocr_line' id='line_1_57' title="bbox 1906 2560 3513 2633; baseline -0.001 -15"><span class='ocrx_word' id='word_1_401' title='bbox 1906 2563 1965 2618; x_wconf 90' lang='lat' dir='ltr'><strong>id</strong></span> <span class='ocrx_word' id='word_1_402' title='bbox 2003 2571 2103 2627; x_wconf 91' lang='lat' dir='ltr'><strong>est,</strong></span> <span class='ocrx_word' id='word_1_403' title='bbox 2138 2570 2472 2633; x_wconf 68' lang='lat' dir='ltr'><strong>qumrentem</strong></span> <span class='ocrx_word' id='word_1_404' title='bbox 2522 2575 2581 2616; x_wconf 88' lang='lat' dir='ltr'><strong>se</strong></span> <span class='ocrx_word' id='word_1_405' title='bbox 2619 2561 2886 2616; x_wconf 87' lang='lat' dir='ltr'><strong>devorare</strong></span> <span class='ocrx_word' id='word_1_406' title='bbox 2920 2560 3232 2627; x_wconf 89' lang='lat' dir='ltr'><strong>diabolum;</strong></span> <span class='ocrx_word' id='word_1_407' title='bbox 3261 2562 3351 2631; x_wconf 90' lang='lat' dir='ltr'><strong>qui</strong></span> <span class='ocrx_word' id='word_1_408' title='bbox 3405 2562 3513 2631; x_wconf 77' lang='lat' dir='ltr'><strong>pio.</strong></span> 
     </span>
    </p>
   </div>
   <div class='ocr_carea' id='block_1_58' title="bbox 1906 2652 3513 2727">
    <p class='ocr_par' dir='ltr' id='par_1_58' title="bbox 1906 2652 3513 2727">
     <span class='ocr_line' id='line_1_58' title="bbox 1906 2652 3513 2727; baseline -0.001 -16"><span class='ocrx_word' id='word_1_409' title='bbox 1906 2654 2178 2711; x_wconf 91' lang='lat' dir='ltr'><strong>desiderio</strong></span> <span class='ocrx_word' id='word_1_410' title='bbox 2203 2668 2306 2708; x_wconf 91' lang='lat' dir='ltr'><strong>non</strong></span> <span class='ocrx_word' id='word_1_411' title='bbox 2334 2652 2628 2718; x_wconf 89' lang='lat' dir='ltr'><strong>festinavit,</strong></span> <span class='ocrx_word' id='word_1_412' title='bbox 2663 2652 2715 2706; x_wconf 92' lang='lat' dir='ltr'><strong>id</strong></span> <span class='ocrx_word' id='word_1_413' title='bbox 2742 2660 2979 2727; x_wconf 91' lang='lat' dir='ltr'><strong>est,non</strong></span> <span class='ocrx_word' id='word_1_414' title='bbox 3027 2653 3237 2722; x_wconf 81' lang='lat' dir='ltr'><strong>Optavit</strong></span> <span class='ocrx_word' id='word_1_415' title='bbox 3276 2652 3513 2709; x_wconf 76' lang='lat' dir='ltr'><strong>dissolvi;</strong></span> 
     </span>
    </p>
   </div>
   <div class='ocr_carea' id='block_1_59' title="bbox 1907 2746 3513 2816">
    <p class='ocr_par' dir='ltr' id='par_1_59' title="bbox 1907 2746 3513 2816">
     <span class='ocr_line' id='line_1_59' title="bbox 1907 2746 3513 2816; baseline -0.003 -11"><span class='ocrx_word' id='word_1_416' title='bbox 1907 2758 1963 2805; x_wconf 90' lang='lat' dir='ltr'><strong>et</strong></span> <span class='ocrx_word' id='word_1_417' title='bbox 2017 2764 2139 2805; x_wconf 90' lang='lat' dir='ltr'><strong>esse</strong></span> <span class='ocrx_word' id='word_1_418' title='bbox 2168 2765 2289 2804; x_wconf 90' lang='lat' dir='ltr'><strong>cum</strong></span> <span class='ocrx_word' id='word_1_419' title='bbox 2321 2746 2540 2803; x_wconf 89' lang='lat' dir='ltr'><strong>Christo</strong></span> <span class='ocrx_word' id='word_1_420' title='bbox 2576 2765 2588 2801; x_wconf 94' lang='lat'>:</span> <span class='ocrx_word' id='word_1_421' title='bbox 2649 2746 2885 2816; x_wconf 90' lang='lat' dir='ltr'><strong>qualiter</strong></span> <span class='ocrx_word' id='word_1_422' title='bbox 2932 2746 3096 2801; x_wconf 83' lang='lat' dir='ltr'><strong>hodie</strong></span> <span class='ocrx_word' id='word_1_423' title='bbox 3147 2746 3265 2799; x_wconf 89' lang='lat' dir='ltr'><strong>sine</strong></span> <span class='ocrx_word' id='word_1_424' title='bbox 3296 2746 3513 2815; x_wconf 72' lang='lat' dir='ltr'><strong>gemitu.</strong></span> 
     </span>
    </p>
   </div>
   <div class='ocr_carea' id='block_1_60' title="bbox 1912 2835 3517 2912">
    <p class='ocr_par' dir='ltr' id='par_1_60' title="bbox 1912 2835 3517 2912">
     <span class='ocr_line' id='line_1_60' title="bbox 1912 2835 3517 2912; baseline -0.007 -14"><span class='ocrx_word' id='word_1_425' title='bbox 1912 2851 2075 2912; x_wconf 90' lang='lat' dir='ltr'><strong>atque</strong></span> <span class='ocrx_word' id='word_1_426' title='bbox 2106 2840 2341 2910; x_wconf 89' lang='lat' dir='ltr'><strong>suspirio</strong></span> <span class='ocrx_word' id='word_1_427' title='bbox 2367 2853 2562 2909; x_wconf 91' lang='lat' dir='ltr'><strong>corpus</strong></span> <span class='ocrx_word' id='word_1_428' title='bbox 2583 2846 2639 2892; x_wconf 87' lang='lat' dir='ltr'><strong>et</strong></span> <span class='ocrx_word' id='word_1_429' title='bbox 2670 2837 2989 2907; x_wconf 90' lang='lat' dir='ltr'><strong>sanguinem</strong></span> <span class='ocrx_word' id='word_1_430' title='bbox 3026 2835 3239 2890; x_wconf 88' lang='lat' dir='ltr'><strong>Domini</strong></span> <span class='ocrx_word' id='word_1_431' title='bbox 3294 2850 3517 2905; x_wconf 69' lang='lat' dir='ltr'><strong>priesu~</strong></span> 
     </span>
    </p>
   </div>
   <div class='ocr_carea' id='block_1_61' title="bbox 1912 2928 3519 3005">
    <p class='ocr_par' dir='ltr' id='par_1_61' title="bbox 1912 2928 3519 3005">
     <span class='ocr_line' id='line_1_61' title="bbox 1912 2928 3519 3005; baseline -0.006 -12"><span class='ocrx_word' id='word_1_432' title='bbox 1912 2943 2028 2993; x_wconf 87' lang='lat' dir='ltr'><strong>mat</strong></span> <span class='ocrx_word' id='word_1_433' title='bbox 2054 2934 2321 3005; x_wconf 87' lang='lat' dir='ltr'><strong>accipere,</strong></span> <span class='ocrx_word' id='word_1_434' title='bbox 2352 2947 2459 2987; x_wconf 91' lang='lat' dir='ltr'><strong>non</strong></span> <span class='ocrx_word' id='word_1_435' title='bbox 2487 2930 2676 2994; x_wconf 89' lang='lat' dir='ltr'><strong>video;</strong></span> <span class='ocrx_word' id='word_1_436' title='bbox 2703 2929 2807 2984; x_wconf 91' lang='lat' dir='ltr'><strong>nisi</strong></span> <span class='ocrx_word' id='word_1_437' title='bbox 2838 2929 2967 2999; x_wconf 90' lang='lat' dir='ltr'><strong>quia</strong></span> <span class='ocrx_word' id='word_1_438' title='bbox 2991 2936 3085 2981; x_wconf 89' lang='lat' dir='ltr'><strong>aut</strong></span> <span class='ocrx_word' id='word_1_439' title='bbox 3123 2928 3519 2997; x_wconf 71' lang='lat' dir='ltr'><strong>desperatione:</strong></span> 
     </span>
    </p>
   </div>
   <div class='ocr_carea' id='block_1_62' title="bbox 1915 3019 3520 3091">
    <p class='ocr_par' dir='ltr' id='par_1_62' title="bbox 1915 3019 3520 3091">
     <span class='ocr_line' id='line_1_62' title="bbox 1915 3019 3520 3091; baseline -0.006 -8"><span class='ocrx_word' id='word_1_440' title='bbox 1915 3024 2197 3083; x_wconf 88' lang='lat' dir='ltr'><strong>mortifera</strong></span> <span class='ocrx_word' id='word_1_441' title='bbox 2222 3024 2554 3087; x_wconf 90' lang='lat' dir='ltr'><strong>induratum,</strong></span> <span class='ocrx_word' id='word_1_442' title='bbox 2589 3030 2682 3075; x_wconf 90' lang='lat' dir='ltr'><strong>aut</strong></span> <span class='ocrx_word' id='word_1_443' title='bbox 2716 3019 2851 3076; x_wconf 87' lang='lat' dir='ltr'><strong>falsa</strong></span> <span class='ocrx_word' id='word_1_444' title='bbox 2881 3035 2975 3090; x_wconf 76' lang='lat' dir='ltr'><strong>5pc</strong></span> <span class='ocrx_word' id='word_1_445' title='bbox 2999 3020 3284 3089; x_wconf 90' lang='lat' dir='ltr'><strong>deceptum</strong></span> <span class='ocrx_word' id='word_1_446' title='bbox 3313 3019 3520 3091; x_wconf 67' lang='lat' dir='ltr'><strong>tutius-</strong></span> 
     </span>
    </p>
   </div>
   <div class='ocr_carea' id='block_1_63' title="bbox 1916 3110 3515 3182">
    <p class='ocr_par' dir='ltr' id='par_1_63' title="bbox 1916 3110 3515 3182">
     <span class='ocr_line' id='line_1_63' title="bbox 1916 3110 3515 3182; baseline -0.006 -9"><span class='ocrx_word' id='word_1_447' title='bbox 1916 3116 2064 3173; x_wconf 89' lang='lat' dir='ltr'><strong>modi</strong></span> <span class='ocrx_word' id='word_1_448' title='bbox 2087 3116 2270 3171; x_wconf 90' lang='lat' dir='ltr'><strong>credo.</strong></span> <span class='ocrx_word' id='word_1_449' title='bbox 2301 3112 2409 3169; x_wconf 87' lang='lat' dir='ltr'><strong>Sed</strong></span> <span class='ocrx_word' id='word_1_450' title='bbox 2439 3127 2507 3168; x_wconf 92' lang='lat' dir='ltr'><strong>ne</strong></span> <span class='ocrx_word' id='word_1_451' title='bbox 2529 3111 2696 3167; x_wconf 89' lang='lat' dir='ltr'><strong>faciat</strong></span> <span class='ocrx_word' id='word_1_452' title='bbox 2740 3123 3003 3182; x_wconf 84' lang='lat' dir='ltr'><strong>suggero;</strong></span> <span class='ocrx_word' id='word_1_453' title='bbox 3054 3125 3122 3165; x_wconf 89' lang='lat' dir='ltr'><strong>ne</strong></span> <span class='ocrx_word' id='word_1_454' title='bbox 3151 3124 3211 3165; x_wconf 88' lang='lat' dir='ltr'><strong>se</strong></span> <span class='ocrx_word' id='word_1_455' title='bbox 3253 3110 3515 3180; x_wconf 67' lang='lat' dir='ltr'><strong>desperet</strong></span> 
     </span>
    </p>
   </div>
   <div class='ocr_carea' id='block_1_64' title="bbox 215 3192 3517 3277">
    <p class='ocr_par' dir='ltr' id='par_1_64' title="bbox 215 3192 3517 3277">
     <span class='ocr_line' id='line_1_64' title="bbox 215 3192 3517 3277; baseline -0.001 -17"><span class='ocrx_word' id='word_1_456' title='bbox 215 3218 379 3275; x_wconf 85' lang='lat' dir='ltr'><strong>quam</strong></span> <span class='ocrx_word' id='word_1_457' title='bbox 408 3207 740 3261; x_wconf 89' lang='lat' dir='ltr'><strong>contrariam</strong></span> <span class='ocrx_word' id='word_1_458' title='bbox 773 3206 1074 3263; x_wconf 89' lang='lat' dir='ltr'><strong>sinceritati</strong></span> <span class='ocrx_word' id='word_1_459' title='bbox 1121 3215 1178 3262; x_wconf 89' lang='lat' dir='ltr'><strong>et</strong></span> <span class='ocrx_word' id='word_1_460' title='bbox 1228 3206 1444 3262; x_wconf 89' lang='lat' dir='ltr'><strong>veritati</strong></span> <span class='ocrx_word' id='word_1_461' title='bbox 1491 3206 1809 3277; x_wconf 78' lang='lat' dir='ltr'><strong>magistram</strong></span> <span class='ocrx_word' id='word_1_462' title='bbox 1838 3192 1885 3255; x_wconf 89' lang='lat' dir='ltr'><strong>C</strong></span> <span class='ocrx_word' id='word_1_463' title='bbox 1919 3222 2152 3273; x_wconf 83' lang='lat' dir='ltr'><strong>moneo;</strong></span> <span class='ocrx_word' id='word_1_464' title='bbox 2182 3221 2250 3262; x_wconf 87' lang='lat' dir='ltr'><strong>ne</strong></span> <span class='ocrx_word' id='word_1_465' title='bbox 2272 3204 2406 3261; x_wconf 91' lang='lat' dir='ltr'><strong>falsa</strong></span> <span class='ocrx_word' id='word_1_466' title='bbox 2438 3219 2535 3274; x_wconf 87' lang='lat' dir='ltr'><strong>spe</strong></span> <span class='ocrx_word' id='word_1_467' title='bbox 2560 3217 2683 3259; x_wconf 89' lang='lat' dir='ltr'><strong>sese</strong></span> <span class='ocrx_word' id='word_1_468' title='bbox 2713 3201 2948 3272; x_wconf 91' lang='lat' dir='ltr'><strong>decipiat</strong></span> <span class='ocrx_word' id='word_1_469' title='bbox 2980 3200 3215 3273; x_wconf 89' lang='lat' dir='ltr'><strong>amplius</strong></span> <span class='ocrx_word' id='word_1_470' title='bbox 3239 3217 3389 3272; x_wconf 79' lang='lat' dir='ltr'><strong>mgo.</strong></span> <span class='ocrx_word' id='word_1_471' title='bbox 3421 3201 3517 3256; x_wconf 90' lang='lat' dir='ltr'><strong>ln-</strong></span> 
     </span>
    </p>
   </div>
   <div class='ocr_carea' id='block_1_65' title="bbox 216 3296 1813 3371">
    <p class='ocr_par' dir='ltr' id='par_1_65' title="bbox 216 3296 1813 3371">
     <span class='ocr_line' id='line_1_65' title="bbox 216 3296 1813 3371; baseline 0 -18"><span class='ocrx_word' id='word_1_472' title='bbox 216 3296 518 3368; x_wconf 89' lang='lat' dir='ltr'><strong>decipiendi</strong></span> <span class='ocrx_word' id='word_1_473' title='bbox 571 3300 880 3370; x_wconf 83' lang='lat' dir='ltr'><strong>proximum</strong></span> <span class='ocrx_word' id='word_1_474' title='bbox 911 3298 1214 3366; x_wconf 87' lang='lat' dir='ltr'><strong>fallaciam;</strong></span> <span class='ocrx_word' id='word_1_475' title='bbox 1267 3315 1374 3371; x_wconf 89' lang='lat' dir='ltr'><strong>qua</strong></span> <span class='ocrx_word' id='word_1_476' title='bbox 1425 3300 1610 3369; x_wconf 89' lang='lat' dir='ltr'><strong>utique</strong></span> <span class='ocrx_word' id='word_1_477' title='bbox 1657 3299 1813 3353; x_wconf 82' lang='lat' dir='ltr'><strong>inex-</strong></span> 
     </span>
    </p>
   </div>
   <div class='ocr_carea' id='block_1_66' title="bbox 221 3389 1814 3464">
    <p class='ocr_par' dir='ltr' id='par_1_66' title="bbox 221 3389 1814 3464">
     <span class='ocr_line' id='line_1_66' title="bbox 221 3389 1814 3464; baseline 0.001 -19"><span class='ocrx_word' id='word_1_478' title='bbox 221 3391 614 3464; x_wconf 85' lang='lat' dir='ltr'><strong>stinguibiliter</strong></span> <span class='ocrx_word' id='word_1_479' title='bbox 666 3391 1135 3448; x_wconf 88' lang='lat' dir='ltr'><strong>fraudulentorum</strong></span> <span class='ocrx_word' id='word_1_480' title='bbox 1184 3400 1384 3448; x_wconf 66' lang='lat' dir='ltr'><strong>aestuat</strong></span> <span class='ocrx_word' id='word_1_481' title='bbox 1426 3392 1661 3446; x_wconf 90' lang='lat' dir='ltr'><strong>animus.</strong></span> <span class='ocrx_word' id='word_1_482' title='bbox 1693 3389 1814 3459; x_wconf 86' lang='lat' dir='ltr'><strong>Ipsa</strong></span> 
     </span>
    </p>
   </div>
   <div class='ocr_carea' id='block_1_67' title="bbox 222 3482 1817 3556">
    <p class='ocr_par' dir='ltr' id='par_1_67' title="bbox 222 3482 1817 3556">
     <span class='ocr_line' id='line_1_67' title="bbox 222 3482 1817 3556; baseline 0.001 -19"><span class='ocrx_word' id='word_1_483' title='bbox 222 3482 411 3556; x_wconf 85' lang='lat' dir='ltr'><strong>itaque</strong></span> <span class='ocrx_word' id='word_1_484' title='bbox 442 3500 567 3541; x_wconf 90' lang='lat' dir='ltr'><strong>cum</strong></span> <span class='ocrx_word' id='word_1_485' title='bbox 594 3485 834 3541; x_wconf 83' lang='lat' dir='ltr'><strong>maxime</strong></span> <span class='ocrx_word' id='word_1_486' title='bbox 860 3486 1067 3541; x_wconf 80' lang='lat' dir='ltr'><strong>nitatUr</strong></span> <span class='ocrx_word' id='word_1_487' title='bbox 1088 3484 1290 3540; x_wconf 90' lang='lat' dir='ltr'><strong>malum</strong></span> <span class='ocrx_word' id='word_1_488' title='bbox 1317 3483 1594 3555; x_wconf 88' lang='lat' dir='ltr'><strong>quodlibet</strong></span> <span class='ocrx_word' id='word_1_489' title='bbox 1622 3495 1817 3554; x_wconf 76' lang='lat' dir='ltr'><strong>perpo-</strong></span> 
     </span>
    </p>
   </div>
   <div class='ocr_carea' id='block_1_68' title="bbox 229 3568 1820 3644">
    <p class='ocr_par' dir='ltr' id='par_1_68' title="bbox 229 3568 1820 3644">
     <span class='ocr_line' id='line_1_68' title="bbox 229 3568 1820 3644; baseline -0.003 -14"><span class='ocrx_word' id='word_1_490' title='bbox 229 3576 414 3633; x_wconf 82' lang='lat' dir='ltr'><strong>tran’di</strong></span> <span class='ocrx_word' id='word_1_491' title='bbox 439 3577 727 3644; x_wconf 87' lang='lat' dir='ltr'><strong>voluntas;</strong></span> <span class='ocrx_word' id='word_1_492' title='bbox 761 3578 1036 3635; x_wconf 90' lang='lat' dir='ltr'><strong>abstineat</strong></span> <span class='ocrx_word' id='word_1_493' title='bbox 1066 3584 1217 3631; x_wconf 91' lang='lat' dir='ltr'><strong>tanto</strong></span> <span class='ocrx_word' id='word_1_494' title='bbox 1270 3575 1337 3631; x_wconf 89' lang='lat' dir='ltr'><strong>ab</strong></span> <span class='ocrx_word' id='word_1_495' title='bbox 1358 3568 1446 3640; x_wconf 81' lang='lat' dir='ltr'><strong>ea,</strong></span> <span class='ocrx_word' id='word_1_496' title='bbox 1473 3573 1526 3628; x_wconf 91' lang='lat' dir='ltr'><strong>id</strong></span> <span class='ocrx_word' id='word_1_497' title='bbox 1554 3581 1640 3628; x_wconf 91' lang='lat' dir='ltr'><strong>est</strong></span> <span class='ocrx_word' id='word_1_498' title='bbox 1667 3570 1820 3627; x_wconf 82' lang='lat' dir='ltr'><strong>falla-</strong></span> 
     </span>
    </p>
   </div>
   <div class='ocr_carea' id='block_1_69' title="bbox 222 3661 1819 3741">
    <p class='ocr_par' dir='ltr' id='par_1_69' title="bbox 222 3661 1819 3741">
     <span class='ocr_line' id='line_1_69' title="bbox 222 3661 1819 3741; baseline -0.004 -18"><span class='ocrx_word' id='word_1_499' title='bbox 222 3668 326 3731; x_wconf 90' lang='lat' dir='ltr'><strong>cia,</strong></span> <span class='ocrx_word' id='word_1_500' title='bbox 380 3677 590 3734; x_wconf 89' lang='lat' dir='ltr'><strong>vestra,</strong></span> <span class='ocrx_word' id='word_1_501' title='bbox 642 3668 1001 3741; x_wconf 89' lang='lat' dir='ltr'><strong>suggerimus,</strong></span> <span class='ocrx_word' id='word_1_502' title='bbox 1053 3664 1388 3733; x_wconf 87' lang='lat' dir='ltr'><strong>fraternitas,</strong></span> <span class='ocrx_word' id='word_1_503' title='bbox 1455 3670 1661 3734; x_wconf 91' lang='lat' dir='ltr'><strong>quanto</strong></span> <span class='ocrx_word' id='word_1_504' title='bbox 1715 3661 1819 3717; x_wconf 88' lang='lat' dir='ltr'><strong>hac</strong></span> 
     </span>
    </p>
   </div>
   <div class='ocr_carea' id='block_1_70' title="bbox 222 3758 1821 3833">
    <p class='ocr_par' dir='ltr' id='par_1_70' title="bbox 222 3758 1821 3833">
     <span class='ocr_line' id='line_1_70' title="bbox 222 3758 1821 3833; baseline -0.004 -17"><span class='ocrx_word' id='word_1_505' title='bbox 222 3762 401 3833; x_wconf 87' lang='lat' dir='ltr'><strong>magis</strong></span> <span class='ocrx_word' id='word_1_506' title='bbox 431 3760 724 3818; x_wconf 69' lang='lat' dir='ltr'><strong>oﬂenditur</strong></span> <span class='ocrx_word' id='word_1_507' title='bbox 750 3762 931 3817; x_wconf 89' lang='lat' dir='ltr'><strong>divina</strong></span> <span class='ocrx_word' id='word_1_508' title='bbox 963 3758 1245 3829; x_wconf 77' lang='lat' dir='ltr'><strong>maiestas,</strong></span> <span class='ocrx_word' id='word_1_509' title='bbox 1271 3768 1330 3816; x_wconf 90' lang='lat' dir='ltr'><strong>et</strong></span> <span class='ocrx_word' id='word_1_510' title='bbox 1361 3760 1678 3827; x_wconf 87' lang='lat' dir='ltr'><strong>deturpatur</strong></span> <span class='ocrx_word' id='word_1_511' title='bbox 1719 3768 1821 3825; x_wconf 84' lang='lat' dir='ltr'><strong>pa-</strong></span> 
     </span>
    </p>
   </div>
   <div class='ocr_carea' id='block_1_71' title="bbox 223 3853 1823 3919">
    <p class='ocr_par' dir='ltr' id='par_1_71' title="bbox 223 3853 1823 3919">
     <span class='ocr_line' id='line_1_71' title="bbox 223 3853 1823 3919; baseline -0.009 -5"><span class='ocrx_word' id='word_1_512' title='bbox 223 3857 431 3914; x_wconf 84' lang='lat' dir='ltr'><strong>schalis</strong></span> <span class='ocrx_word' id='word_1_513' title='bbox 452 3858 732 3913; x_wconf 86' lang='lat' dir='ltr'><strong>honestas.</strong></span> <span class='ocrx_word' id='word_1_514' title='bbox 781 3853 897 3912; x_wconf 81' lang='lat' dir='ltr'><strong>Nisi</strong></span> <span class='ocrx_word' id='word_1_515' title='bbox 924 3855 1071 3911; x_wconf 90' lang='lat' dir='ltr'><strong>enim</strong></span> <span class='ocrx_word' id='word_1_516' title='bbox 1127 3855 1204 3909; x_wconf 92' lang='lat' dir='ltr'><strong>ita</strong></span> <span class='ocrx_word' id='word_1_517' title='bbox 1250 3859 1418 3916; x_wconf 86' lang='lat' dir='ltr'><strong>esset,</strong></span> <span class='ocrx_word' id='word_1_518' title='bbox 1476 3860 1823 3919; x_wconf 88' lang='lat' dir='ltr'><strong>nequaquam</strong></span> 
     </span>
    </p>
   </div>
   <div class='ocr_carea' id='block_1_72' title="bbox 229 3942 1826 4021">
    <p class='ocr_par' dir='ltr' id='par_1_72' title="bbox 229 3942 1826 4021">
     <span class='ocr_line' id='line_1_72' title="bbox 229 3942 1826 4021; baseline -0.007 -17"><span class='ocrx_word' id='word_1_519' title='bbox 229 3949 530 4021; x_wconf 73' lang='lat' dir='ltr'><strong>Apostolus</strong></span> <span class='ocrx_word' id='word_1_520' title='bbox 549 3957 605 4005; x_wconf 91' lang='lat' dir='ltr'><strong>et</strong></span> <span class='ocrx_word' id='word_1_521' title='bbox 630 3948 1032 4005; x_wconf 85' lang='lat' dir='ltr'><strong>contrariorum</strong></span> <span class='ocrx_word' id='word_1_522' title='bbox 1062 3945 1445 4017; x_wconf 89' lang='lat' dir='ltr'><strong>prohibitione,</strong></span> <span class='ocrx_word' id='word_1_523' title='bbox 1494 3949 1548 3997; x_wconf 91' lang='lat' dir='ltr'><strong>et</strong></span> <span class='ocrx_word' id='word_1_524' title='bbox 1583 3942 1826 4012; x_wconf 89' lang='lat' dir='ltr'><strong>ipsarum</strong></span> 
     </span>
    </p>
   </div>
   <div class='ocr_carea' id='block_1_73' title="bbox 226 4032 1825 4115">
    <p class='ocr_par' dir='ltr' id='par_1_73' title="bbox 226 4032 1825 4115">
     <span class='ocr_line' id='line_1_73' title="bbox 226 4032 1825 4115; baseline -0.009 -16"><span class='ocrx_word' id='word_1_525' title='bbox 226 4043 603 4115; x_wconf 68' lang='lat' dir='ltr'><strong>praeceptione</strong></span> <span class='ocrx_word' id='word_1_526' title='bbox 628 4041 848 4098; x_wconf 88' lang='lat' dir='ltr'><strong>easdem</strong></span> <span class='ocrx_word' id='word_1_527' title='bbox 874 4037 1341 4097; x_wconf 89' lang='lat' dir='ltr'><strong>duasinsolubiles</strong></span> <span class='ocrx_word' id='word_1_528' title='bbox 1367 4036 1618 4098; x_wconf 88' lang='lat' dir='ltr'><strong>virtutes,</strong></span> <span class='ocrx_word' id='word_1_529' title='bbox 1652 4032 1703 4087; x_wconf 91' lang='lat' dir='ltr'><strong>id</strong></span> <span class='ocrx_word' id='word_1_530' title='bbox 1721 4039 1825 4096; x_wconf 90' lang='lat' dir='ltr'><strong>est,</strong></span> 
     </span>
    </p>
   </div>
   <div class='ocr_carea' id='block_1_74' title="bbox 228 4121 1830 4200">
    <p class='ocr_par' dir='ltr' id='par_1_74' title="bbox 228 4121 1830 4200">
     <span class='ocr_line' id='line_1_74' title="bbox 228 4121 1830 4200; baseline -0.007 -10"><span class='ocrx_word' id='word_1_531' title='bbox 228 4135 606 4192; x_wconf 87' lang='lat' dir='ltr'><strong>sinceritatem</strong></span> <span class='ocrx_word' id='word_1_532' title='bbox 634 4142 691 4189; x_wconf 90' lang='lat' dir='ltr'><strong>et</strong></span> <span class='ocrx_word' id='word_1_533' title='bbox 715 4132 1021 4197; x_wconf 88' lang='lat' dir='ltr'><strong>veritatem,</strong></span> <span class='ocrx_word' id='word_1_534' title='bbox 1072 4132 1127 4186; x_wconf 91' lang='lat' dir='ltr'><strong>in</strong></span> <span class='ocrx_word' id='word_1_535' title='bbox 1170 4126 1444 4200; x_wconf 89' lang='lat' dir='ltr'><strong>paschalis</strong></span> <span class='ocrx_word' id='word_1_536' title='bbox 1498 4124 1622 4181; x_wconf 89' lang='lat' dir='ltr'><strong>festi</strong></span> <span class='ocrx_word' id='word_1_537' title='bbox 1653 4121 1830 4194; x_wconf 86' lang='lat' dir='ltr'><strong>epulis</strong></span> 
     </span>
    </p>
   </div>
   <div class='ocr_carea' id='block_1_75' title="bbox 234 4214 1829 4299">
    <p class='ocr_par' dir='ltr' id='par_1_75' title="bbox 234 4214 1829 4299">
     <span class='ocr_line' id='line_1_75' title="bbox 234 4214 1829 4299; baseline -0.009 -17"><span class='ocrx_word' id='word_1_538' title='bbox 234 4236 527 4299; x_wconf 90' lang='lat' dir='ltr'><strong>tantopere</strong></span> <span class='ocrx_word' id='word_1_539' title='bbox 555 4225 1033 4291; x_wconf 83' lang='lat' dir='ltr'><strong>commendasset,</strong></span> <span class='ocrx_word' id='word_1_540' title='bbox 1066 4221 1298 4277; x_wconf 89' lang='lat' dir='ltr'><strong>diversis</strong></span> <span class='ocrx_word' id='word_1_541' title='bbox 1327 4216 1606 4275; x_wconf 85' lang='lat' dir='ltr'><strong>vocabulis</strong></span> <span class='ocrx_word' id='word_1_542' title='bbox 1640 4214 1829 4270; x_wconf 90' lang='lat' dir='ltr'><strong>eadem</strong></span> 
     </span>
    </p>
   </div>
   <div class='ocr_carea' id='block_1_76' title="bbox 231 4305 1833 4392">
    <p class='ocr_par' dir='ltr' id='par_1_76' title="bbox 231 4305 1833 4392">
     <span class='ocr_line' id='line_1_76' title="bbox 231 4305 1833 4392; baseline -0.012 -17"><span class='ocrx_word' id='word_1_543' title='bbox 231 4318 538 4392; x_wconf 89' lang='lat' dir='ltr'><strong>repetendo</strong></span> <span class='ocrx_word' id='word_1_544' title='bbox 570 4328 736 4389; x_wconf 90' lang='lat' dir='ltr'><strong>atque</strong></span> <span class='ocrx_word' id='word_1_545' title='bbox 792 4314 1025 4373; x_wconf 90' lang='lat' dir='ltr'><strong>dicendo</strong></span> <span class='ocrx_word' id='word_1_546' title='bbox 1056 4329 1070 4368; x_wconf 89' lang='lat'><strong>:</strong></span> <span class='ocrx_word' id='word_1_547' title='bbox 1124 4312 1310 4383; x_wconf 82' lang='lat' dir='ltr'><strong>Itaque</strong></span> <span class='ocrx_word' id='word_1_548' title='bbox 1340 4309 1611 4380; x_wconf 88' lang='lat' dir='ltr'><strong>epulemur</strong></span> <span class='ocrx_word' id='word_1_549' title='bbox 1642 4321 1747 4359; x_wconf 87' lang='lat' dir='ltr'><strong>non</strong></span> <span class='ocrx_word' id='word_1_550' title='bbox 1777 4305 1833 4356; x_wconf 84' lang='lat' dir='ltr'><strong>in</strong></span> 
     </span>
    </p>
   </div>
   <div class='ocr_carea' id='block_1_77' title="bbox 235 4393 1836 4478">
    <p class='ocr_par' dir='ltr' id='par_1_77' title="bbox 235 4393 1836 4478">
     <span class='ocr_line' id='line_1_77' title="bbox 235 4393 1836 4478; baseline -0.012 -13"><span class='ocrx_word' id='word_1_551' title='bbox 235 4409 497 4478; x_wconf 77' lang='lat' dir='ltr'><strong>fermento</strong></span> <span class='ocrx_word' id='word_1_552' title='bbox 525 4407 707 4473; x_wconf 82' lang='lat' dir='ltr'><strong>veteri,</strong></span> <span class='ocrx_word' id='word_1_553' title='bbox 738 4422 903 4477; x_wconf 85' lang='lat' dir='ltr'><strong>neque</strong></span> <span class='ocrx_word' id='word_1_554' title='bbox 930 4404 986 4459; x_wconf 89' lang='lat' dir='ltr'><strong>in</strong></span> <span class='ocrx_word' id='word_1_555' title='bbox 1015 4403 1269 4473; x_wconf 81' lang='lat' dir='ltr'><strong>fermento</strong></span> <span class='ocrx_word' id='word_1_556' title='bbox 1317 4397 1533 4453; x_wconf 72' lang='lat' dir='ltr'><strong>malitia:</strong></span> <span class='ocrx_word' id='word_1_557' title='bbox 1564 4404 1613 4451; x_wconf 89' lang='lat' dir='ltr'><strong>et</strong></span> <span class='ocrx_word' id='word_1_558' title='bbox 1648 4393 1836 4461; x_wconf 85' lang='lat' dir='ltr'><strong>nequi-</strong></span> 
     </span>
    </p>
   </div>
   <div class='ocr_carea' id='block_1_78' title="bbox 235 4483 1834 4570">
    <p class='ocr_par' dir='ltr' id='par_1_78' title="bbox 235 4483 1834 4570">
     <span class='ocr_line' id='line_1_78' title="bbox 235 4483 1834 4570; baseline -0.013 -16"><span class='ocrx_word' id='word_1_559' title='bbox 235 4500 347 4567; x_wconf 71' lang='lat' dir='ltr'><strong>tiae,</strong></span> <span class='ocrx_word' id='word_1_560' title='bbox 385 4501 475 4555; x_wconf 84' lang='lat' dir='ltr'><strong>sed</strong></span> <span class='ocrx_word' id='word_1_561' title='bbox 518 4501 576 4555; x_wconf 88' lang='lat' dir='ltr'><strong>in</strong></span> <span class='ocrx_word' id='word_1_562' title='bbox 590 4497 791 4570; x_wconf 77' lang='lat' dir='ltr'><strong>azymis</strong></span> <span class='ocrx_word' id='word_1_563' title='bbox 818 4494 1129 4552; x_wconf 73' lang='lat' dir='ltr'><strong>sinceritatis</strong></span> <span class='ocrx_word' id='word_1_564' title='bbox 1153 4503 1200 4547; x_wconf 85' lang='lat' dir='ltr'><strong>et</strong></span> <span class='ocrx_word' id='word_1_565' title='bbox 1226 4489 1457 4545; x_wconf 83' lang='lat' dir='ltr'><strong>veritatis</strong></span> <span class='ocrx_word' id='word_1_566' title='bbox 1484 4485 1533 4557; x_wconf 87' lang='lat' dir='ltr'><strong>(I</strong></span> <span class='ocrx_word' id='word_1_567' title='bbox 1551 4485 1739 4549; x_wconf 67' lang='lat' dir='ltr'><strong>Conv,</strong></span> <span class='ocrx_word' id='word_1_568' title='bbox 1756 4483 1834 4554; x_wconf 77' lang='lat'><strong>7).</strong></span> 
     </span>
    </p>
   </div>
   <div class='ocr_carea' id='block_1_79' title="bbox 238 4575 1837 4660">
    <p class='ocr_par' dir='ltr' id='par_1_79' title="bbox 238 4575 1837 4660">
     <span class='ocr_line' id='line_1_79' title="bbox 238 4575 1837 4660; baseline -0.012 -15"><span class='ocrx_word' id='word_1_569' title='bbox 238 4589 456 4647; x_wconf 77' lang='lat' dir='ltr'><strong>Nedum</strong></span> <span class='ocrx_word' id='word_1_570' title='bbox 480 4590 627 4647; x_wconf 91' lang='lat' dir='ltr'><strong>enim</strong></span> <span class='ocrx_word' id='word_1_571' title='bbox 676 4586 989 4660; x_wconf 88' lang='lat' dir='ltr'><strong>paschalem</strong></span> <span class='ocrx_word' id='word_1_572' title='bbox 1020 4583 1222 4641; x_wconf 91' lang='lat' dir='ltr'><strong>nullam</strong></span> <span class='ocrx_word' id='word_1_573' title='bbox 1272 4580 1516 4637; x_wconf 88' lang='lat' dir='ltr'><strong>celebrat</strong></span> <span class='ocrx_word' id='word_1_574' title='bbox 1572 4575 1837 4631; x_wconf 78' lang='lat' dir='ltr'><strong>festivita-</strong></span> 
     </span>
    </p>
   </div>
   <div class='ocr_carea' id='block_1_80' title="bbox 244 4664 1839 4753">
    <p class='ocr_par' dir='ltr' id='par_1_80' title="bbox 244 4664 1839 4753">
     <span class='ocr_line' id='line_1_80' title="bbox 244 4664 1839 4753; baseline -0.011 -15"><span class='ocrx_word' id='word_1_575' title='bbox 244 4691 378 4743; x_wconf 85' lang='lat' dir='ltr'><strong>tem.</strong></span> <span class='ocrx_word' id='word_1_576' title='bbox 411 4684 591 4753; x_wconf 89' lang='lat' dir='ltr'><strong>quiin</strong></span> <span class='ocrx_word' id='word_1_577' title='bbox 642 4681 807 4738; x_wconf 90' lang='lat' dir='ltr'><strong>corde</strong></span> <span class='ocrx_word' id='word_1_578' title='bbox 854 4678 1052 4735; x_wconf 90' lang='lat' dir='ltr'><strong>malam</strong></span> <span class='ocrx_word' id='word_1_579' title='bbox 1100 4674 1267 4731; x_wconf 88' lang='lat' dir='ltr'><strong>habet</strong></span> <span class='ocrx_word' id='word_1_580' title='bbox 1310 4671 1685 4734; x_wconf 88' lang='lat' dir='ltr'><strong>voluntatem;</strong></span> <span class='ocrx_word' id='word_1_581' title='bbox 1742 4664 1839 4721; x_wconf 90' lang='lat' dir='ltr'><strong>sed</strong></span> 
     </span>
    </p>
   </div>
   <div class='ocr_carea' id='block_1_81' title="bbox 244 4762 1842 4845">
    <p class='ocr_par' dir='ltr' id='par_1_81' title="bbox 244 4762 1842 4845">
     <span class='ocr_line' id='line_1_81' title="bbox 244 4762 1842 4845; baseline -0.013 -13"><span class='ocrx_word' id='word_1_582' title='bbox 244 4789 350 4831; x_wconf 82' lang='lat' dir='ltr'><strong>nec</strong></span> <span class='ocrx_word' id='word_1_583' title='bbox 384 4772 571 4845; x_wconf 71' lang='lat' dir='ltr'><strong>(H83)</strong></span> <span class='ocrx_word' id='word_1_584' title='bbox 599 4772 827 4845; x_wconf 78' lang='lat' dir='ltr'><strong>gloriam</strong></span> <span class='ocrx_word' id='word_1_585' title='bbox 859 4770 916 4825; x_wconf 92' lang='lat' dir='ltr'><strong>in</strong></span> <span class='ocrx_word' id='word_1_586' title='bbox 942 4766 1172 4825; x_wconf 85' lang='lat' dir='ltr'><strong>excelsis</strong></span> <span class='ocrx_word' id='word_1_587' title='bbox 1196 4780 1319 4820; x_wconf 91' lang='lat' dir='ltr'><strong>cum</strong></span> <span class='ocrx_word' id='word_1_588' title='bbox 1344 4762 1471 4828; x_wconf 89' lang='lat' dir='ltr'><strong>Deo,</strong></span> <span class='ocrx_word' id='word_1_589' title='bbox 1510 4774 1611 4816; x_wconf 90' lang='lat' dir='ltr'><strong>nec</strong></span> <span class='ocrx_word' id='word_1_590' title='bbox 1654 4771 1842 4813; x_wconf 86' lang='lat' dir='ltr'><strong>veram</strong></span> 
     </span>
    </p>
   </div>
   <div class='ocr_carea' id='block_1_82' title="bbox 251 4848 1841 4932">
    <p class='ocr_par' dir='ltr' id='par_1_82' title="bbox 251 4848 1841 4932">
     <span class='ocr_line' id='line_1_82' title="bbox 251 4848 1841 4932; baseline -0.013 -8"><span class='ocrx_word' id='word_1_591' title='bbox 251 4867 479 4932; x_wconf 60' lang='lat' dir='ltr'><strong>interra</strong></span> <span class='ocrx_word' id='word_1_592' title='bbox 501 4881 625 4922; x_wconf 92' lang='lat' dir='ltr'><strong>cum</strong></span> <span class='ocrx_word' id='word_1_593' title='bbox 656 4864 974 4922; x_wconf 91' lang='lat' dir='ltr'><strong>hominibus</strong></span> <span class='ocrx_word' id='word_1_594' title='bbox 1000 4861 1123 4932; x_wconf 91' lang='lat' dir='ltr'><strong>quis</strong></span> <span class='ocrx_word' id='word_1_595' title='bbox 1164 4858 1329 4915; x_wconf 87' lang='lat' dir='ltr'><strong>habet</strong></span> <span class='ocrx_word' id='word_1_596' title='bbox 1352 4870 1565 4927; x_wconf 90' lang='lat' dir='ltr'><strong>pacem,</strong></span> <span class='ocrx_word' id='word_1_597' title='bbox 1613 4851 1715 4907; x_wconf 93' lang='lat' dir='ltr'><strong>nisi</strong></span> <span class='ocrx_word' id='word_1_598' title='bbox 1748 4848 1841 4921; x_wconf 89' lang='lat' dir='ltr'><strong>qui</strong></span> 
     </span>
    </p>
   </div>
   <div class='ocr_carea' id='block_1_83' title="bbox 180 4951 1104 5031">
    <p class='ocr_par' dir='ltr' id='par_1_83' title="bbox 180 4951 1104 5031">
     <span class='ocr_line' id='line_1_83' title="bbox 180 4951 1104 5031; baseline -0.013 -13"><span class='ocrx_word' id='word_1_599' title='bbox 180 4951 191 4990; x_wconf 57' lang='grc' dir='ltr'>ἶ</span> <span class='ocrx_word' id='word_1_600' title='bbox 253 4959 451 5017; x_wconf 89' lang='lat' dir='ltr'><strong>bonam</strong></span> <span class='ocrx_word' id='word_1_601' title='bbox 480 4959 722 5031; x_wconf 88' lang='lat' dir='ltr'><strong>possidet</strong></span> <span class='ocrx_word' id='word_1_602' title='bbox 749 4957 1104 5012; x_wconf 88' lang='lat' dir='ltr'><strong>voluntatem.</strong></span> 
     </span>
    </p>
   </div>
   <div class='ocr_carea' id='block_1_84' title="bbox 328 5038 1849 5120">
    <p class='ocr_par' dir='ltr' id='par_1_84' title="bbox 328 5038 1849 5120">
     <span class='ocr_line' id='line_1_84' title="bbox 328 5038 1849 5120; baseline -0.011 -13"><span class='ocrx_word' id='word_1_603' title='bbox 328 5051 382 5108; x_wconf 76' lang='grc'><strong>4.</strong></span> <span class='ocrx_word' id='word_1_604' title='bbox 424 5052 600 5120; x_wconf 84' lang='lat' dir='ltr'><strong>Hanc,</strong></span> <span class='ocrx_word' id='word_1_605' title='bbox 632 5049 829 5106; x_wconf 88' lang='lat' dir='ltr'><strong>fratres</strong></span> <span class='ocrx_word' id='word_1_606' title='bbox 857 5042 1189 5111; x_wconf 89' lang='lat' dir='ltr'><strong>charissimi,</strong></span> <span class='ocrx_word' id='word_1_607' title='bbox 1240 5038 1707 5098; x_wconf 87' lang='lat' dir='ltr'><strong>mordacissimam</strong></span> <span class='ocrx_word' id='word_1_608' title='bbox 1756 5049 1849 5092; x_wconf 83' lang='lat' dir='ltr'><strong>ve-</strong></span> 
     </span>
    </p>
   </div>
   <div class='ocr_carea' id='block_1_85' title="bbox 894 5286 1576 5302">
    <p class='ocr_par' dir='ltr' id='par_1_85' title="bbox 894 5286 1576 5302">
     <span class='ocr_line' id='line_1_85' title="bbox 894 5286 1576 5302; baseline -0.001 0"><span class='ocrx_word' id='word_1_609' title='bbox 894 5291 923 5302; x_wconf 70' lang='grc' dir='ltr'><strong>Α</strong></span> <span class='ocrx_word' id='word_1_610' title='bbox 979 5293 990 5302; x_wconf 75' lang='grc' dir='ltr'><strong><em>ο</em></strong></span> <span class='ocrx_word' id='word_1_611' title='bbox 1106 5292 1119 5302; x_wconf 70' lang='grc' dir='ltr'><strong>ο</strong></span> <span class='ocrx_word' id='word_1_612' title='bbox 1143 5291 1154 5302; x_wconf 80' lang='grc' dir='ltr'><strong><em>ι</em></strong></span> <span class='ocrx_word' id='word_1_613' title='bbox 1206 5291 1224 5302; x_wconf 66' lang='grc' dir='ltr'><strong><em>Δ</em></strong></span> <span class='ocrx_word' id='word_1_614' title='bbox 1290 5286 1303 5301; x_wconf 71' lang='lat' dir='ltr'><strong>I</strong></span> <span class='ocrx_word' id='word_1_615' title='bbox 1485 5286 1576 5302; x_wconf 63' lang='lat' dir='ltr'><strong>1‘ch</strong></span> 
     </span>
    </p>
   </div>
   <div class='ocr_carea' id='block_1_86' title="bbox 1916 3295 3519 3375">
    <p class='ocr_par' dir='ltr' id='par_1_86' title="bbox 1916 3295 3519 3375">
     <span class='ocr_line' id='line_1_86' title="bbox 1916 3295 3519 3375; baseline -0.004 -14"><span class='ocrx_word' id='word_1_616' title='bbox 1916 3305 2103 3363; x_wconf 89' lang='lat' dir='ltr'><strong>tendat</strong></span> <span class='ocrx_word' id='word_1_617' title='bbox 2124 3304 2267 3375; x_wconf 91' lang='lat' dir='ltr'><strong>quod</strong></span> <span class='ocrx_word' id='word_1_618' title='bbox 2290 3301 2559 3373; x_wconf 88' lang='lat' dir='ltr'><strong>sequitur,</strong></span> <span class='ocrx_word' id='word_1_619' title='bbox 2589 3298 2825 3369; x_wconf 88' lang='lat' dir='ltr'><strong>suspiret</strong></span> <span class='ocrx_word' id='word_1_620' title='bbox 2857 3306 2914 3353; x_wconf 91' lang='lat' dir='ltr'><strong>et</strong></span> <span class='ocrx_word' id='word_1_621' title='bbox 2943 3305 3126 3367; x_wconf 89' lang='lat' dir='ltr'><strong>gemat</strong></span> <span class='ocrx_word' id='word_1_622' title='bbox 3175 3316 3202 3353; x_wconf 60' lang='grc' dir='ltr'>ξ</span> <span class='ocrx_word' id='word_1_623' title='bbox 3238 3295 3334 3351; x_wconf 77' lang='lat' dir='ltr'><strong>Est</strong></span> <span class='ocrx_word' id='word_1_624' title='bbox 3373 3298 3519 3354; x_wconf 80' lang='lat' dir='ltr'><strong>enim</strong></span> 
     </span>
    </p>
   </div>
   <div class='ocr_carea' id='block_1_87' title="bbox 1915 3387 3523 3471">
    <p class='ocr_par' dir='ltr' id='par_1_87' title="bbox 1915 3387 3523 3471">
     <span class='ocr_line' id='line_1_87' title="bbox 1915 3387 3523 3471; baseline -0.008 -16"><span class='ocrx_word' id='word_1_625' title='bbox 1915 3401 2098 3471; x_wconf 80' lang='lat' dir='ltr'><strong>phase,</strong></span> <span class='ocrx_word' id='word_1_626' title='bbox 2150 3398 2205 3451; x_wconf 84' lang='lat' dir='ltr'><strong>id</strong></span> <span class='ocrx_word' id='word_1_627' title='bbox 2259 3405 2336 3451; x_wconf 88' lang='lat' dir='ltr'><strong>est</strong></span> <span class='ocrx_word' id='word_1_628' title='bbox 2384 3393 2639 3449; x_wconf 80' lang='lat' dir='ltr'><strong>transitus</strong></span> <span class='ocrx_word' id='word_1_629' title='bbox 2704 3390 2939 3445; x_wconf 87' lang='lat' dir='ltr'><strong>Domini.</strong></span> <span class='ocrx_word' id='word_1_630' title='bbox 2996 3387 3164 3457; x_wconf 74' lang='lat' dir='ltr'><strong>Quasi</strong></span> <span class='ocrx_word' id='word_1_631' title='bbox 3218 3388 3446 3445; x_wconf 77' lang='lat' dir='ltr'><strong>dixisset</strong></span> <span class='ocrx_word' id='word_1_632' title='bbox 3497 3404 3523 3443; x_wconf 84' lang='lat'><strong>:</strong></span> 
     </span>
    </p>
   </div>
   <div class='ocr_carea' id='block_1_88' title="bbox 1919 3478 3527 3549">
    <p class='ocr_par' dir='ltr' id='par_1_88' title="bbox 1919 3478 3527 3549">
     <span class='ocr_line' id='line_1_88' title="bbox 1919 3478 3527 3549; baseline -0.007 -4"><span class='ocrx_word' id='word_1_633' title='bbox 1919 3488 2141 3545; x_wconf 89' lang='lat' dir='ltr'><strong>Transit</strong></span> <span class='ocrx_word' id='word_1_634' title='bbox 2171 3503 2200 3542; x_wconf 94' lang='lat' dir='ltr'><strong>a</strong></span> <span class='ocrx_word' id='word_1_635' title='bbox 2230 3484 2448 3542; x_wconf 90' lang='lat' dir='ltr'><strong>diabolo</strong></span> <span class='ocrx_word' id='word_1_636' title='bbox 2479 3484 2545 3539; x_wconf 90' lang='lat' dir='ltr'><strong>ad</strong></span> <span class='ocrx_word' id='word_1_637' title='bbox 2566 3482 2871 3546; x_wconf 89' lang='lat' dir='ltr'><strong>Christum,</strong></span> <span class='ocrx_word' id='word_1_638' title='bbox 2908 3479 3003 3549; x_wconf 88' lang='lat' dir='ltr'><strong>qui</strong></span> <span class='ocrx_word' id='word_1_639' title='bbox 3047 3492 3209 3536; x_wconf 81' lang='lat' dir='ltr'><strong>renes</strong></span> <span class='ocrx_word' id='word_1_640' title='bbox 3236 3496 3269 3535; x_wconf 86' lang='lat' dir='ltr'><strong>a</strong></span> <span class='ocrx_word' id='word_1_641' title='bbox 3300 3478 3527 3535; x_wconf 71' lang='lat' dir='ltr'><strong>luxuria</strong></span> 
     </span>
    </p>
   </div>
   <div class='ocr_carea' id='block_1_89' title="bbox 1919 3569 3527 3651">
    <p class='ocr_par' dir='ltr' id='par_1_89' title="bbox 1919 3569 3527 3651">
     <span class='ocr_line' id='line_1_89' title="bbox 1919 3569 3527 3651; baseline -0.009 -14"><span class='ocrx_word' id='word_1_642' title='bbox 1919 3580 2236 3651; x_wconf 89' lang='lat' dir='ltr'><strong>restringit;</strong></span> <span class='ocrx_word' id='word_1_643' title='bbox 2268 3577 2361 3648; x_wconf 90' lang='lat' dir='ltr'><strong>qui</strong></span> <span class='ocrx_word' id='word_1_644' title='bbox 2392 3584 2706 3632; x_wconf 89' lang='lat' dir='ltr'><strong>sanctorum</strong></span> <span class='ocrx_word' id='word_1_645' title='bbox 2727 3569 2992 3640; x_wconf 79' lang='lat' dir='ltr'><strong>exemplis</strong></span> <span class='ocrx_word' id='word_1_646' title='bbox 3018 3584 3242 3639; x_wconf 83' lang='lat' dir='ltr'><strong>gressus</strong></span> <span class='ocrx_word' id='word_1_647' title='bbox 3285 3583 3527 3641; x_wconf 83' lang='lat' dir='ltr'><strong>operum.</strong></span> 
     </span>
    </p>
   </div>
   <div class='ocr_carea' id='block_1_90' title="bbox 1920 3661 3526 3740">
    <p class='ocr_par' dir='ltr' id='par_1_90' title="bbox 1920 3661 3526 3740">
     <span class='ocr_line' id='line_1_90' title="bbox 1920 3661 3526 3740; baseline -0.007 -12"><span class='ocrx_word' id='word_1_648' title='bbox 1920 3671 2125 3736; x_wconf 88' lang='lat' dir='ltr'><strong>munit;</strong></span> <span class='ocrx_word' id='word_1_649' title='bbox 2150 3669 2243 3740; x_wconf 90' lang='lat' dir='ltr'><strong>qui</strong></span> <span class='ocrx_word' id='word_1_650' title='bbox 2269 3665 2460 3724; x_wconf 89' lang='lat' dir='ltr'><strong>baculo</strong></span> <span class='ocrx_word' id='word_1_651' title='bbox 2489 3664 2773 3734; x_wconf 84' lang='lat' dir='ltr'><strong>regiminis</strong></span> <span class='ocrx_word' id='word_1_652' title='bbox 2796 3677 2828 3716; x_wconf 90' lang='lat' dir='ltr'><strong>a</strong></span> <span class='ocrx_word' id='word_1_653' title='bbox 2857 3661 3075 3717; x_wconf 88' lang='lat' dir='ltr'><strong>diabolo</strong></span> <span class='ocrx_word' id='word_1_654' title='bbox 3096 3677 3220 3721; x_wconf 88' lang='lat' dir='ltr'><strong>sese</strong></span> <span class='ocrx_word' id='word_1_655' title='bbox 3241 3661 3526 3729; x_wconf 68' lang='lat' dir='ltr'><strong>defendit;</strong></span> 
     </span>
    </p>
   </div>
   <div class='ocr_carea' id='block_1_91' title="bbox 1924 3752 3520 3834">
    <p class='ocr_par' dir='ltr' id='par_1_91' title="bbox 1924 3752 3520 3834">
     <span class='ocr_line' id='line_1_91' title="bbox 1924 3752 3520 3834; baseline -0.008 -17"><span class='ocrx_word' id='word_1_656' title='bbox 1924 3761 2016 3834; x_wconf 90' lang='lat' dir='ltr'><strong>qui</strong></span> <span class='ocrx_word' id='word_1_657' title='bbox 2041 3759 2398 3817; x_wconf 88' lang='lat' dir='ltr'><strong>desiderando</strong></span> <span class='ocrx_word' id='word_1_658' title='bbox 2429 3755 2651 3812; x_wconf 84' lang='lat' dir='ltr'><strong>festinat</strong></span> <span class='ocrx_word' id='word_1_659' title='bbox 2696 3753 2765 3807; x_wconf 90' lang='lat' dir='ltr'><strong>ad</strong></span> <span class='ocrx_word' id='word_1_660' title='bbox 2806 3752 3041 3822; x_wconf 88' lang='lat' dir='ltr'><strong>patriam</strong></span> <span class='ocrx_word' id='word_1_661' title='bbox 3072 3753 3357 3823; x_wconf 74' lang='lat' dir='ltr'><strong>caelestem</strong></span> <span class='ocrx_word' id='word_1_662' title='bbox 3396 3767 3520 3820; x_wconf 75' lang='lat' dir='ltr'><strong>per-</strong></span> 
     </span>
    </p>
   </div>
   <div class='ocr_carea' id='block_1_92' title="bbox 1928 3841 3529 3921">
    <p class='ocr_par' dir='ltr' id='par_1_92' title="bbox 1928 3841 3529 3921">
     <span class='ocr_line' id='line_1_92' title="bbox 1928 3841 3529 3921; baseline -0.006 -15"><span class='ocrx_word' id='word_1_663' title='bbox 1928 3851 2157 3921; x_wconf 86' lang='lat' dir='ltr'><strong>tingere.</strong></span> <span class='ocrx_word' id='word_1_664' title='bbox 2196 3848 2335 3904; x_wconf 85' lang='lat' dir='ltr'><strong>lluic</strong></span> <span class='ocrx_word' id='word_1_665' title='bbox 2362 3847 2543 3916; x_wconf 89' lang='lat' dir='ltr'><strong>itaque</strong></span> <span class='ocrx_word' id='word_1_666' title='bbox 2591 3844 2690 3900; x_wconf 90' lang='lat' dir='ltr'><strong>soli</strong></span> <span class='ocrx_word' id='word_1_667' title='bbox 2724 3842 3047 3898; x_wconf 86' lang='lat' dir='ltr'><strong>conceditur</strong></span> <span class='ocrx_word' id='word_1_668' title='bbox 3072 3844 3281 3900; x_wconf 80' lang='lat' dir='ltr'><strong>Pascha</strong></span> <span class='ocrx_word' id='word_1_669' title='bbox 3306 3841 3529 3897; x_wconf 58' lang='lat' dir='ltr'><strong>Domini;</strong></span> 
     </span>
    </p>
   </div>
   <div class='ocr_carea' id='block_1_93' title="bbox 1927 3932 3532 4003">
    <p class='ocr_par' dir='ltr' id='par_1_93' title="bbox 1927 3932 3532 4003">
     <span class='ocr_line' id='line_1_93' title="bbox 1927 3932 3532 4003; baseline -0.005 -8"><span class='ocrx_word' id='word_1_670' title='bbox 1927 3940 2227 4003; x_wconf 89' lang='lat' dir='ltr'><strong>celebrare,</strong></span> <span class='ocrx_word' id='word_1_671' title='bbox 2271 3945 2326 3994; x_wconf 92' lang='lat' dir='ltr'><strong>et</strong></span> <span class='ocrx_word' id='word_1_672' title='bbox 2356 3945 2535 3990; x_wconf 88' lang='lat' dir='ltr'><strong>tamen</strong></span> <span class='ocrx_word' id='word_1_673' title='bbox 2567 3948 2667 3988; x_wconf 91' lang='lat' dir='ltr'><strong>nec</strong></span> <span class='ocrx_word' id='word_1_674' title='bbox 2707 3932 2835 3987; x_wconf 91' lang='lat' dir='ltr'><strong>huic</strong></span> <span class='ocrx_word' id='word_1_675' title='bbox 2882 3933 2999 3988; x_wconf 85' lang='lat' dir='ltr'><strong>sine</strong></span> <span class='ocrx_word' id='word_1_676' title='bbox 3025 3933 3251 3987; x_wconf 88' lang='lat' dir='ltr'><strong>lactucis</strong></span> <span class='ocrx_word' id='word_1_677' title='bbox 3291 3932 3532 4003; x_wconf 50' lang='lat' dir='ltr'><strong>agrestb</strong></span> 
     </span>
    </p>
   </div>
   <div class='ocr_carea' id='block_1_94' title="bbox 1928 4022 3536 4097">
    <p class='ocr_par' dir='ltr' id='par_1_94' title="bbox 1928 4022 3536 4097">
     <span class='ocr_line' id='line_1_94' title="bbox 1928 4022 3536 4097; baseline -0.006 -10"><span class='ocrx_word' id='word_1_678' title='bbox 1928 4033 2050 4097; x_wconf 88' lang='lat' dir='ltr'><strong>bus,</strong></span> <span class='ocrx_word' id='word_1_679' title='bbox 2110 4029 2163 4084; x_wconf 87' lang='lat' dir='ltr'><strong>id</strong></span> <span class='ocrx_word' id='word_1_680' title='bbox 2209 4038 2293 4083; x_wconf 90' lang='lat' dir='ltr'><strong>est</strong></span> <span class='ocrx_word' id='word_1_681' title='bbox 2349 4025 2610 4081; x_wconf 87' lang='lat' dir='ltr'><strong>memoria</strong></span> <span class='ocrx_word' id='word_1_682' title='bbox 2655 4022 3059 4094; x_wconf 80' lang='lat' dir='ltr'><strong>praeteritorum</strong></span> <span class='ocrx_word' id='word_1_683' title='bbox 3101 4023 3423 4087; x_wconf 85' lang='lat' dir='ltr'><strong>facinorum,</strong></span> <span class='ocrx_word' id='word_1_684' title='bbox 3466 4029 3536 4078; x_wconf 76' lang='lat' dir='ltr'><strong>el;</strong></span> 
     </span>
    </p>
   </div>
   <div class='ocr_carea' id='block_1_95' title="bbox 1932 4120 2926 4190">
    <p class='ocr_par' dir='ltr' id='par_1_95' title="bbox 1932 4120 2926 4190">
     <span class='ocr_line' id='line_1_95' title="bbox 1932 4120 2926 4190; baseline -0.011 -6"><span class='ocrx_word' id='word_1_685' title='bbox 1932 4126 2195 4184; x_wconf 81' lang='lat' dir='ltr'><strong>ellusione</strong></span> <span class='ocrx_word' id='word_1_686' title='bbox 2220 4121 2509 4178; x_wconf 87' lang='lat' dir='ltr'><strong>utilissima</strong></span> <span class='ocrx_word' id='word_1_687' title='bbox 2537 4120 2926 4190; x_wconf 85' lang='lat' dir='ltr'><strong>lacrymarum.</strong></span> 
     </span>
    </p>
   </div>
   <div class='ocr_carea' id='block_1_96' title="bbox 2005 4209 3535 4287">
    <p class='ocr_par' dir='ltr' id='par_1_96' title="bbox 2005 4209 3535 4287">
     <span class='ocr_line' id='line_1_96' title="bbox 2005 4209 3535 4287; baseline -0.007 -14"><span class='ocrx_word' id='word_1_688' title='bbox 2005 4218 2059 4273; x_wconf 84' lang='lat'><strong>5.</strong></span> <span class='ocrx_word' id='word_1_689' title='bbox 2079 4217 2184 4273; x_wconf 89' lang='lat' dir='ltr'><strong>Sed</strong></span> <span class='ocrx_word' id='word_1_690' title='bbox 2211 4215 2322 4287; x_wconf 85' lang='lat' dir='ltr'><strong>jam</strong></span> <span class='ocrx_word' id='word_1_691' title='bbox 2346 4227 2489 4268; x_wconf 89' lang='lat' dir='ltr'><strong>nunc</strong></span> <span class='ocrx_word' id='word_1_692' title='bbox 2504 4211 2570 4266; x_wconf 89' lang='lat' dir='ltr'><strong>ad</strong></span> <span class='ocrx_word' id='word_1_693' title='bbox 2586 4210 2904 4282; x_wconf 82' lang='lat' dir='ltr'><strong>Apostolum</strong></span> <span class='ocrx_word' id='word_1_694' title='bbox 2940 4209 3294 4275; x_wconf 83' lang='lat' dir='ltr'><strong>redeundum,</strong></span> <span class='ocrx_word' id='word_1_695' title='bbox 3314 4218 3535 4264; x_wconf 88' lang='lat' dir='ltr'><strong>tantum.</strong></span> 
     </span>
    </p>
   </div>
   <div class='ocr_carea' id='block_1_97' title="bbox 1937 4301 3537 4382">
    <p class='ocr_par' dir='ltr' id='par_1_97' title="bbox 1937 4301 3537 4382">
     <span class='ocr_line' id='line_1_97' title="bbox 1937 4301 3537 4382; baseline -0.008 -16"><span class='ocrx_word' id='word_1_696' title='bbox 1937 4310 2029 4382; x_wconf 90' lang='lat' dir='ltr'><strong>qui</strong></span> <span class='ocrx_word' id='word_1_697' title='bbox 2058 4308 2313 4366; x_wconf 87' lang='lat' dir='ltr'><strong>conficiat</strong></span> <span class='ocrx_word' id='word_1_698' title='bbox 2333 4306 2474 4377; x_wconf 90' lang='lat' dir='ltr'><strong>quod</strong></span> <span class='ocrx_word' id='word_1_699' title='bbox 2497 4303 2902 4375; x_wconf 84' lang='lat' dir='ltr'><strong>proposuimus,</strong></span> <span class='ocrx_word' id='word_1_700' title='bbox 2942 4302 3095 4357; x_wconf 90' lang='lat' dir='ltr'><strong>obliti</strong></span> <span class='ocrx_word' id='word_1_701' title='bbox 3120 4301 3537 4373; x_wconf 77' lang='lat' dir='ltr'><strong>impossibilita-</strong></span> 
     </span>
    </p>
   </div>
   <div class='ocr_carea' id='block_1_98' title="bbox 1940 4389 3537 4466">
    <p class='ocr_par' dir='ltr' id='par_1_98' title="bbox 1940 4389 3537 4466">
     <span class='ocr_line' id='line_1_98' title="bbox 1940 4389 3537 4466; baseline -0.008 -10"><span class='ocrx_word' id='word_1_702' title='bbox 1940 4401 2010 4457; x_wconf 91' lang='lat' dir='ltr'><strong>tis</strong></span> <span class='ocrx_word' id='word_1_703' title='bbox 2033 4408 2254 4462; x_wconf 72' lang='lat' dir='ltr'><strong>nostrae,</strong></span> <span class='ocrx_word' id='word_1_704' title='bbox 2300 4396 2391 4466; x_wconf 91' lang='lat' dir='ltr'><strong>qui</strong></span> <span class='ocrx_word' id='word_1_705' title='bbox 2452 4394 2597 4447; x_wconf 88' lang='lat' dir='ltr'><strong>valet</strong></span> <span class='ocrx_word' id='word_1_706' title='bbox 2650 4392 2855 4463; x_wconf 89' lang='lat' dir='ltr'><strong>utique,</strong></span> <span class='ocrx_word' id='word_1_707' title='bbox 2912 4392 3230 4462; x_wconf 86' lang='lat' dir='ltr'><strong>negotium:</strong></span> <span class='ocrx_word' id='word_1_708' title='bbox 3295 4389 3537 4458; x_wconf 62' lang='lat' dir='ltr'><strong>Pascha.</strong></span> 
     </span>
    </p>
   </div>
   <div class='ocr_carea' id='block_1_99' title="bbox 1941 4478 3533 4562">
    <p class='ocr_par' dir='ltr' id='par_1_99' title="bbox 1941 4478 3533 4562">
     <span class='ocr_line' id='line_1_99' title="bbox 1941 4478 3533 4562; baseline -0.008 -16"><span class='ocrx_word' id='word_1_709' title='bbox 1941 4486 2335 4562; x_wconf 64' lang='lat' dir='ltr'><strong>inquit(l!tSi),</strong></span> <span class='ocrx_word' id='word_1_710' title='bbox 2354 4485 2547 4556; x_wconf 79' lang='lat' dir='ltr'><strong>pascha</strong></span> <span class='ocrx_word' id='word_1_711' title='bbox 2576 4494 2812 4538; x_wconf 85' lang='lat' dir='ltr'><strong>nostrum</strong></span> <span class='ocrx_word' id='word_1_712' title='bbox 2841 4480 3138 4537; x_wconf 75' lang='lat' dir='ltr'><strong>immoiatus</strong></span> <span class='ocrx_word' id='word_1_713' title='bbox 3160 4491 3234 4534; x_wconf 85' lang='lat' dir='ltr'><strong>cst</strong></span> <span class='ocrx_word' id='word_1_714' title='bbox 3258 4478 3533 4533; x_wconf 81' lang='lat' dir='ltr'><strong>Christus.</strong></span> 
     </span>
    </p>
   </div>
   <div class='ocr_carea' id='block_1_100' title="bbox 1942 4569 3539 4652">
    <p class='ocr_par' dir='ltr' id='par_1_100' title="bbox 1942 4569 3539 4652">
     <span class='ocr_line' id='line_1_100' title="bbox 1942 4569 3539 4652; baseline -0.009 -12"><span class='ocrx_word' id='word_1_715' title='bbox 1942 4583 2097 4652; x_wconf 87' lang='lat' dir='ltr'><strong>Quod</strong></span> <span class='ocrx_word' id='word_1_716' title='bbox 2126 4581 2228 4635; x_wconf 89' lang='lat' dir='ltr'><strong>fuit</strong></span> <span class='ocrx_word' id='word_1_717' title='bbox 2254 4580 2458 4648; x_wconf 92' lang='lat' dir='ltr'><strong>utique,</strong></span> <span class='ocrx_word' id='word_1_718' title='bbox 2487 4586 2547 4631; x_wconf 89' lang='lat' dir='ltr'><strong>ut</strong></span> <span class='ocrx_word' id='word_1_719' title='bbox 2573 4590 2778 4638; x_wconf 90' lang='lat' dir='ltr'><strong>remur,</strong></span> <span class='ocrx_word' id='word_1_720' title='bbox 2818 4574 3017 4630; x_wconf 83' lang='lat' dir='ltr'><strong>dixisse</strong></span> <span class='ocrx_word' id='word_1_721' title='bbox 3046 4592 3058 4626; x_wconf 92' lang='lat'><strong>:</strong></span> <span class='ocrx_word' id='word_1_722' title='bbox 3090 4573 3213 4625; x_wconf 84' lang='lat' dir='ltr'><strong>ideo</strong></span> <span class='ocrx_word' id='word_1_723' title='bbox 3242 4586 3343 4638; x_wconf 87' lang='lat' dir='ltr'><strong>pro</strong></span> <span class='ocrx_word' id='word_1_724' title='bbox 3367 4569 3539 4626; x_wconf 63' lang='lat' dir='ltr'><strong>nobis</strong></span> 
     </span>
    </p>
   </div>
   <div class='ocr_carea' id='block_1_101' title="bbox 1945 4665 3540 4733">
    <p class='ocr_par' dir='ltr' id='par_1_101' title="bbox 1945 4665 3540 4733">
     <span class='ocr_line' id='line_1_101' title="bbox 1945 4665 3540 4733; baseline -0.013 -1"><span class='ocrx_word' id='word_1_725' title='bbox 1945 4673 2254 4733; x_wconf 87' lang='lat' dir='ltr'><strong>immolatus</strong></span> <span class='ocrx_word' id='word_1_726' title='bbox 2287 4677 2368 4724; x_wconf 89' lang='lat' dir='ltr'><strong>est</strong></span> <span class='ocrx_word' id='word_1_727' title='bbox 2391 4667 2664 4731; x_wconf 88' lang='lat' dir='ltr'><strong>Christus,</strong></span> <span class='ocrx_word' id='word_1_728' title='bbox 2692 4674 2751 4719; x_wconf 92' lang='lat' dir='ltr'><strong>ut</strong></span> <span class='ocrx_word' id='word_1_729' title='bbox 2780 4665 2896 4732; x_wconf 88' lang='lat' dir='ltr'><strong>ipse</strong></span> <span class='ocrx_word' id='word_1_730' title='bbox 2928 4672 3113 4717; x_wconf 89' lang='lat' dir='ltr'><strong>noster</strong></span> <span class='ocrx_word' id='word_1_731' title='bbox 3160 4668 3306 4714; x_wconf 89' lang='lat' dir='ltr'><strong>esset</strong></span> <span class='ocrx_word' id='word_1_732' title='bbox 3348 4667 3540 4713; x_wconf 51' lang='lat' dir='ltr'><strong>transv-</strong></span> 
     </span>
    </p>
   </div>
   <div class='ocr_carea' id='block_1_102' title="bbox 1947 4747 3544 4830">
    <p class='ocr_par' dir='ltr' id='par_1_102' title="bbox 1947 4747 3544 4830">
     <span class='ocr_line' id='line_1_102' title="bbox 1947 4747 3544 4830; baseline -0.015 -6"><span class='ocrx_word' id='word_1_733' title='bbox 1947 4769 2056 4824; x_wconf 91' lang='lat' dir='ltr'><strong>itns</strong></span> <span class='ocrx_word' id='word_1_734' title='bbox 2086 4762 2153 4818; x_wconf 90' lang='lat' dir='ltr'><strong>ad</strong></span> <span class='ocrx_word' id='word_1_735' title='bbox 2180 4760 2438 4830; x_wconf 88' lang='lat' dir='ltr'><strong>seipsum,</strong></span> <span class='ocrx_word' id='word_1_736' title='bbox 2463 4766 2517 4812; x_wconf 91' lang='lat' dir='ltr'><strong>et</strong></span> <span class='ocrx_word' id='word_1_737' title='bbox 2546 4757 2661 4826; x_wconf 89' lang='lat' dir='ltr'><strong>ipse</strong></span> <span class='ocrx_word' id='word_1_738' title='bbox 2708 4763 2956 4809; x_wconf 87' lang='lat' dir='ltr'><strong>nostrum</strong></span> <span class='ocrx_word' id='word_1_739' title='bbox 3010 4758 3155 4806; x_wconf 82' lang='lat' dir='ltr'><strong>esset</strong></span> <span class='ocrx_word' id='word_1_740' title='bbox 3190 4747 3544 4801; x_wconf 70' lang='lat' dir='ltr'><strong>solummodo-</strong></span> 
     </span>
    </p>
   </div>
   <div class='ocr_carea' id='block_1_103' title="bbox 1949 4845 3619 4936">
    <p class='ocr_par' dir='ltr' id='par_1_103' title="bbox 1949 4845 3619 4936">
     <span class='ocr_line' id='line_1_103' title="bbox 1949 4845 3619 4936; baseline -0.016 -21"><span class='ocrx_word' id='word_1_741' title='bbox 1949 4857 2224 4936; x_wconf 86' lang='lat' dir='ltr'><strong>gaudium.</strong></span> <span class='ocrx_word' id='word_1_742' title='bbox 2256 4852 2349 4907; x_wconf 89' lang='lat' dir='ltr'><strong>Sic</strong></span> <span class='ocrx_word' id='word_1_743' title='bbox 2377 4864 2527 4920; x_wconf 82' lang='lat' dir='ltr'><strong>ergo,</strong></span> <span class='ocrx_word' id='word_1_744' title='bbox 2560 4849 2640 4904; x_wconf 89' lang='lat' dir='ltr'><strong>sic</strong></span> <span class='ocrx_word' id='word_1_745' title='bbox 2660 4845 3033 4915; x_wconf 82' lang='lat' dir='ltr'><strong>unusquisque</strong></span> <span class='ocrx_word' id='word_1_746' title='bbox 3076 4850 3325 4895; x_wconf 84' lang='lat' dir='ltr'><strong>nostrum</strong></span> <span class='ocrx_word' id='word_1_747' title='bbox 3350 4848 3547 4907; x_wconf 71' lang='lat' dir='ltr'><strong>posta.-</strong></span> <span class='ocrx_word' id='word_1_748' title='bbox 3606 4863 3619 4875; x_wconf 85' lang='lat'><strong>-</strong></span> 
     </span>
    </p>
   </div>
   <div class='ocr_carea' id='block_1_104' title="bbox 1951 4932 3659 5021">
    <p class='ocr_par' dir='ltr' id='par_1_104' title="bbox 1951 4932 3659 5021">
     <span class='ocr_line' id='line_1_104' title="bbox 1951 4932 3659 5021; baseline -0.025 -10"><span class='ocrx_word' id='word_1_749' title='bbox 1951 4932 2046 5021; x_wconf 76' lang='lat' dir='ltr'><strong>let,</strong></span> <span class='ocrx_word' id='word_1_750' title='bbox 2070 4960 2298 5021; x_wconf 81' lang='lat' dir='ltr'><strong>suggero</strong></span> <span class='ocrx_word' id='word_1_751' title='bbox 2346 4962 2360 4998; x_wconf 89' lang='lat'><strong>:</strong></span> <span class='ocrx_word' id='word_1_752' title='bbox 2400 4940 2734 4996; x_wconf 73' lang='lat' dir='ltr'><strong>Exsultcinus</strong></span> <span class='ocrx_word' id='word_1_753' title='bbox 2761 4946 2805 4990; x_wconf 86' lang='lat' dir='ltr'><strong>et</strong></span> <span class='ocrx_word' id='word_1_754' title='bbox 2839 4935 3080 4989; x_wconf 63' lang='lat' dir='ltr'><strong>laetemur</strong></span> <span class='ocrx_word' id='word_1_755' title='bbox 3105 4932 3159 4983; x_wconf 84' lang='lat' dir='ltr'><strong>in</strong></span> <span class='ocrx_word' id='word_1_756' title='bbox 3195 4947 3287 4988; x_wconf 55' lang='grc' dir='ltr'><strong>ειλ</strong></span> <span class='ocrx_word' id='word_1_757' title='bbox 3309 4933 3428 4999; x_wconf 61' lang='lat' dir='ltr'><strong>Ipse</strong></span> <span class='ocrx_word' id='word_1_758' title='bbox 3456 4938 3557 4987; x_wconf 63' lang='grc' dir='ltr'><strong>ρει</strong></span> <span class='ocrx_word' id='word_1_759' title='bbox 3646 4955 3659 4967; x_wconf 88' lang='grc'><strong>.</strong></span> 
     </span>
    </p>
   </div>
   <div class='ocr_carea' id='block_1_105' title="bbox 1952 5021 3547 5113">
    <p class='ocr_par' dir='ltr' id='par_1_105' title="bbox 1952 5021 3547 5113">
     <span class='ocr_line' id='line_1_105' title="bbox 1952 5021 3547 5113; baseline -0.022 0"><span class='ocrx_word' id='word_1_760' title='bbox 1952 5049 2100 5113; x_wconf 84' lang='lat' dir='ltr'><strong>enim</strong></span> <span class='ocrx_word' id='word_1_761' title='bbox 2120 5056 2224 5101; x_wconf 79' lang='lat' dir='ltr'><strong>uax</strong></span> <span class='ocrx_word' id='word_1_762' title='bbox 2254 5046 2457 5101; x_wconf 87' lang='lat' dir='ltr'><strong>nostra,</strong></span> <span class='ocrx_word' id='word_1_763' title='bbox 2478 5034 2592 5105; x_wconf 88' lang='lat' dir='ltr'><strong>ipse</strong></span> <span class='ocrx_word' id='word_1_764' title='bbox 2622 5033 2737 5095; x_wconf 82' lang='lat' dir='ltr'><strong>lux,</strong></span> <span class='ocrx_word' id='word_1_765' title='bbox 2787 5029 2901 5098; x_wconf 84' lang='lat' dir='ltr'><strong>ipse</strong></span> <span class='ocrx_word' id='word_1_766' title='bbox 2925 5026 3057 5090; x_wconf 83' lang='lat' dir='ltr'><strong>dux,</strong></span> <span class='ocrx_word' id='word_1_767' title='bbox 3089 5025 3217 5091; x_wconf 75' lang='lat' dir='ltr'><strong>ipse.</strong></span> <span class='ocrx_word' id='word_1_768' title='bbox 3243 5021 3390 5085; x_wconf 69' lang='lat' dir='ltr'><strong>dies,</strong></span> <span class='ocrx_word' id='word_1_769' title='bbox 3416 5024 3547 5094; x_wconf 74' lang='lat' dir='ltr'><strong>ipse</strong></span> 
     </span>
    </p>
   </div>
   <div class='ocr_carea' id='block_1_106' title="bbox 3553 5125 3573 5167">
    <p class='ocr_par' dir='ltr' id='par_1_106' title="bbox 3553 5125 3573 5167">
     <span class='ocr_line' id='line_1_106' title="bbox 3553 5125 3573 5167; baseline 0 0"><span class='ocrx_word' id='word_1_770' title='bbox 3553 5125 3573 5167; x_wconf 71' lang='lat' dir='ltr'><em>l</em></span> 
     </span>
    </p>
   </div>
   <div class='ocr_carea' id='block_1_107' title="bbox 2043 5253 3556 5302">
    <p class='ocr_par' dir='ltr' id='par_1_107' title="bbox 2043 5253 3556 5302">
     <span class='ocr_line' id='line_1_107' title="bbox 2043 5253 3556 5302; baseline 0 0"><span class='ocrx_word' id='word_1_771' title='bbox 2043 5292 2081 5302; x_wconf 89' lang='lat'><strong>..</strong></span> <span class='ocrx_word' id='word_1_772' title='bbox 2104 5279 2213 5302; x_wconf 68' lang='lat' dir='ltr'><strong>mm</strong></span> <span class='ocrx_word' id='word_1_773' title='bbox 2252 5276 2324 5302; x_wconf 70' lang='lat'><strong>1...</strong></span> <span class='ocrx_word' id='word_1_774' title='bbox 2359 5278 2675 5302; x_wconf 57' lang='lat' dir='ltr'><strong>mm...th</strong></span> <span class='ocrx_word' id='word_1_775' title='bbox 2697 5276 2777 5302; x_wconf 70' lang='lat' dir='ltr'><strong>me</strong></span> <span class='ocrx_word' id='word_1_776' title='bbox 2814 5258 3055 5302; x_wconf 63' lang='lat' dir='ltr'><strong>Friaino-</strong></span> <span class='ocrx_word' id='word_1_777' title='bbox 3078 5253 3226 5302; x_wconf 68' lang='lat' dir='ltr'><strong>Amnl</strong></span> <span class='ocrx_word' id='word_1_778' title='bbox 3245 5255 3556 5302; x_wconf 63' lang='lat' dir='ltr'><strong>Achar-ium</strong></span> 
     </span>
    </p>
   </div>
  </div>
