  <div class='ocr_page' id='page_1' title='image "/cluster/home/n/w/nwhite01/storage/ocr_20150623/136/hvd.32044015471766/365.png"; bbox 0 0 4044 5348; ppageno 0'>
   <div class='ocr_carea' id='block_1_1' title="bbox 515 184 724 247">
    <p class='ocr_par' dir='ltr' id='par_1_1' title="bbox 515 184 724 247">
     <span class='ocr_line' id='line_1_1' title="bbox 515 184 724 247; baseline 0 0"><span class='ocrx_word' id='word_1_1' title='bbox 515 184 724 247; x_wconf 69' lang='grc' dir='ltr'><strong>’125ι</strong></span> 
     </span>
    </p>
   </div>
   <div class='ocr_carea' id='block_1_2' title="bbox 1465 158 2874 259">
    <p class='ocr_par' dir='ltr' id='par_1_2' title="bbox 1465 158 2874 259">
     <span class='ocr_line' id='line_1_2' title="bbox 1465 158 2874 259; baseline -0.004 -13"><span class='ocrx_word' id='word_1_2' title='bbox 1465 187 1794 246; x_wconf 68' lang='lat' dir='ltr'><strong>unum!</strong></span> <span class='ocrx_word' id='word_1_3' title='bbox 1830 186 2044 244; x_wconf 85' lang='lat' dir='ltr'><strong>EPlSC.</strong></span> <span class='ocrx_word' id='word_1_4' title='bbox 2086 158 2341 259; x_wconf 61' lang='lat' dir='ltr'><strong>vanos.</strong></span> <span class='ocrx_word' id='word_1_5' title='bbox 2380 185 2533 243; x_wconf 68' lang='lat' dir='ltr'><strong>ore.</strong></span> <span class='ocrx_word' id='word_1_6' title='bbox 2572 183 2755 244; x_wconf 66' lang='lat' dir='ltr'><strong>rans</strong></span> <span class='ocrx_word' id='word_1_7' title='bbox 2787 185 2874 243; x_wconf 92' lang='grc' dir='ltr'><strong><em>ιιι.</em></strong></span> 
     </span>
    </p>
   </div>
   <div class='ocr_carea' id='block_1_3' title="bbox 3697 190 3807 263">
    <p class='ocr_par' dir='ltr' id='par_1_3' title="bbox 3697 190 3807 263">
     <span class='ocr_line' id='line_1_3' title="bbox 3697 190 3807 263; baseline 0 -2"><span class='ocrx_word' id='word_1_8' title='bbox 3697 190 3807 263; x_wconf 56' lang='lat' dir='ltr'><strong>ﬁt</strong></span> 
     </span>
    </p>
   </div>
   <div class='ocr_carea' id='block_1_4' title="bbox 517 307 3798 385">
    <p class='ocr_par' dir='ltr' id='par_1_4' title="bbox 517 307 3798 385">
     <span class='ocr_line' id='line_1_4' title="bbox 517 307 3798 385; baseline -0.001 -19"><span class='ocrx_word' id='word_1_9' title='bbox 517 311 619 375; x_wconf 83' lang='lat' dir='ltr'><strong>sol,</strong></span> <span class='ocrx_word' id='word_1_10' title='bbox 651 309 764 380; x_wconf 89' lang='lat' dir='ltr'><strong>ipse</strong></span> <span class='ocrx_word' id='word_1_11' title='bbox 802 308 968 375; x_wconf 87' lang='lat' dir='ltr'><strong>salus,</strong></span> <span class='ocrx_word' id='word_1_12' title='bbox 996 310 1110 381; x_wconf 90' lang='lat' dir='ltr'><strong>ipse</strong></span> <span class='ocrx_word' id='word_1_13' title='bbox 1139 309 1271 373; x_wconf 85' lang='lat' dir='ltr'><strong>vita,</strong></span> <span class='ocrx_word' id='word_1_14' title='bbox 1314 310 1428 381; x_wconf 85' lang='lat' dir='ltr'><strong>ipse</strong></span> <span class='ocrx_word' id='word_1_15' title='bbox 1442 311 1798 377; x_wconf 78' lang='lat' dir='ltr'><strong>resurrectio,</strong></span> <span class='ocrx_word' id='word_1_16' title='bbox 1832 310 1946 380; x_wconf 86' lang='lat' dir='ltr'><strong>ipse</strong></span> <span class='ocrx_word' id='word_1_17' title='bbox 1970 325 2101 380; x_wconf 52' lang='lat' dir='ltr'><strong>gaue</strong></span> <span class='ocrx_word' id='word_1_18' title='bbox 2128 310 2176 375; x_wconf 80' lang='grc' dir='ltr'><strong>Α</strong></span> <span class='ocrx_word' id='word_1_19' title='bbox 2205 322 2304 377; x_wconf 87' lang='lat' dir='ltr'><strong>per</strong></span> <span class='ocrx_word' id='word_1_20' title='bbox 2357 308 2736 379; x_wconf 70' lang='lat' dir='ltr'><strong>pmnitentiam</strong></span> <span class='ocrx_word' id='word_1_21' title='bbox 2780 308 3071 385; x_wconf 78' lang='lat' dir='ltr'><strong>mentibus,</strong></span> <span class='ocrx_word' id='word_1_22' title='bbox 3126 316 3377 381; x_wconf 74' lang='lat' dir='ltr'><strong>salictum</strong></span> <span class='ocrx_word' id='word_1_23' title='bbox 3420 307 3603 381; x_wconf 81' lang='lat' dir='ltr'><strong>ipsum</strong></span> <span class='ocrx_word' id='word_1_24' title='bbox 3654 308 3798 371; x_wconf 59' lang='lat' dir='ltr'><strong>theta</strong></span> 
     </span>
    </p>
   </div>
   <div class='ocr_carea' id='block_1_5' title="bbox 515 400 2101 477">
    <p class='ocr_par' dir='ltr' id='par_1_5' title="bbox 515 400 2101 477">
     <span class='ocr_line' id='line_1_5' title="bbox 515 400 2101 477; baseline 0.003 -21"><span class='ocrx_word' id='word_1_25' title='bbox 515 400 664 457; x_wconf 90' lang='lat' dir='ltr'><strong>dium</strong></span> <span class='ocrx_word' id='word_1_26' title='bbox 688 414 900 468; x_wconf 88' lang='lat' dir='ltr'><strong>verum,</strong></span> <span class='ocrx_word' id='word_1_27' title='bbox 928 402 1043 473; x_wconf 92' lang='lat' dir='ltr'><strong>ipse</strong></span> <span class='ocrx_word' id='word_1_28' title='bbox 1078 401 1360 477; x_wconf 77' lang='lat' dir='ltr'><strong>beatitudo</strong></span> <span class='ocrx_word' id='word_1_29' title='bbox 1390 411 1671 475; x_wconf 82' lang='lat' dir='ltr'><strong>perpetua,</strong></span> <span class='ocrx_word' id='word_1_30' title='bbox 1708 403 1822 473; x_wconf 88' lang='lat' dir='ltr'><strong>ipse</strong></span> <span class='ocrx_word' id='word_1_31' title='bbox 1868 400 2101 461; x_wconf 76' lang='lat' dir='ltr'><strong>felicitas</strong></span> 
     </span>
    </p>
   </div>
   <div class='ocr_carea' id='block_1_6' title="bbox 521 493 2098 567">
    <p class='ocr_par' dir='ltr' id='par_1_6' title="bbox 521 493 2098 567">
     <span class='ocr_line' id='line_1_6' title="bbox 521 493 2098 567; baseline 0.001 -18"><span class='ocrx_word' id='word_1_32' title='bbox 521 504 749 560; x_wconf 73' lang='lat' dir='ltr'><strong>aeterna,</strong></span> <span class='ocrx_word' id='word_1_33' title='bbox 777 495 893 565; x_wconf 88' lang='lat' dir='ltr'><strong>ipse</strong></span> <span class='ocrx_word' id='word_1_34' title='bbox 911 493 1098 550; x_wconf 75' lang='lat' dir='ltr'><strong>laetitia</strong></span> <span class='ocrx_word' id='word_1_35' title='bbox 1130 495 1464 560; x_wconf 84' lang='lat' dir='ltr'><strong>indeﬁcicns,</strong></span> <span class='ocrx_word' id='word_1_36' title='bbox 1512 505 1784 565; x_wconf 89' lang='lat' dir='ltr'><strong>postremo</strong></span> <span class='ocrx_word' id='word_1_37' title='bbox 1811 495 1923 567; x_wconf 91' lang='lat' dir='ltr'><strong>ipse</strong></span> <span class='ocrx_word' id='word_1_38' title='bbox 1960 495 2098 562; x_wconf 87' lang='lat' dir='ltr'><strong>dies,</strong></span> 
     </span>
    </p>
   </div>
   <div class='ocr_carea' id='block_1_7' title="bbox 511 586 2101 659">
    <p class='ocr_par' dir='ltr' id='par_1_7' title="bbox 511 586 2101 659">
     <span class='ocr_line' id='line_1_7' title="bbox 511 586 2101 659; baseline 0.001 -17"><span class='ocrx_word' id='word_1_39' title='bbox 511 601 675 657; x_wconf 76' lang='lat' dir='ltr'><strong>quem</strong></span> <span class='ocrx_word' id='word_1_40' title='bbox 706 587 993 657; x_wconf 84' lang='lat' dir='ltr'><strong>gignendo,</strong></span> <span class='ocrx_word' id='word_1_41' title='bbox 1020 602 1124 641; x_wconf 91' lang='lat' dir='ltr'><strong>non</strong></span> <span class='ocrx_word' id='word_1_42' title='bbox 1149 589 1422 659; x_wconf 79' lang='lat' dir='ltr'><strong>Operando</strong></span> <span class='ocrx_word' id='word_1_43' title='bbox 1445 586 1571 643; x_wconf 85' lang='lat' dir='ltr'><strong>fecit</strong></span> <span class='ocrx_word' id='word_1_44' title='bbox 1595 588 1878 655; x_wconf 89' lang='lat' dir='ltr'><strong>Dominus,</strong></span> <span class='ocrx_word' id='word_1_45' title='bbox 1912 597 1968 643; x_wconf 85' lang='lat' dir='ltr'><strong>et</strong></span> <span class='ocrx_word' id='word_1_46' title='bbox 1996 588 2101 645; x_wconf 86' lang='lat' dir='ltr'><strong>hoc</strong></span> 
     </span>
    </p>
   </div>
   <div class='ocr_carea' id='block_1_8' title="bbox 511 675 2103 742">
    <p class='ocr_par' dir='ltr' id='par_1_8' title="bbox 511 675 2103 742">
     <span class='ocr_line' id='line_1_8' title="bbox 511 675 2103 742; baseline 0.001 -10"><span class='ocrx_word' id='word_1_47' title='bbox 511 675 860 733; x_wconf 82' lang='lat' dir='ltr'><strong>ineﬂ&#39;abiliter</strong></span> <span class='ocrx_word' id='word_1_48' title='bbox 886 693 1036 742; x_wconf 87' lang='lat' dir='ltr'><strong>vero,</strong></span> <span class='ocrx_word' id='word_1_49' title='bbox 1061 677 1380 733; x_wconf 77' lang='lat' dir='ltr'><strong>exsultemus</strong></span> <span class='ocrx_word' id='word_1_50' title='bbox 1403 688 1451 733; x_wconf 88' lang='lat' dir='ltr'><strong>et</strong></span> <span class='ocrx_word' id='word_1_51' title='bbox 1482 679 1720 733; x_wconf 76' lang='lat' dir='ltr'><strong>ltetemur</strong></span> <span class='ocrx_word' id='word_1_52' title='bbox 1764 682 1819 734; x_wconf 88' lang='lat' dir='ltr'><strong>in</strong></span> <span class='ocrx_word' id='word_1_53' title='bbox 1856 697 1935 734; x_wconf 92' lang='lat' dir='ltr'><strong>eo.</strong></span> <span class='ocrx_word' id='word_1_54' title='bbox 1982 679 2103 741; x_wconf 63' lang='lat' dir='ltr'><strong>Lae-</strong></span> 
     </span>
    </p>
   </div>
   <div class='ocr_carea' id='block_1_9' title="bbox 511 768 2101 845">
    <p class='ocr_par' dir='ltr' id='par_1_9' title="bbox 511 768 2101 845">
     <span class='ocr_line' id='line_1_9' title="bbox 511 768 2101 845; baseline 0.001 -21"><span class='ocrx_word' id='word_1_55' title='bbox 511 768 632 824; x_wconf 81' lang='lat' dir='ltr'><strong>titia</strong></span> <span class='ocrx_word' id='word_1_56' title='bbox 660 784 874 839; x_wconf 88' lang='lat' dir='ltr'><strong>quoque</strong></span> <span class='ocrx_word' id='word_1_57' title='bbox 902 785 1102 826; x_wconf 69' lang='lat' dir='ltr'><strong>mensae.</strong></span> <span class='ocrx_word' id='word_1_58' title='bbox 1126 778 1329 826; x_wconf 71' lang='lat' dir='ltr'><strong>nostrze</strong></span> <span class='ocrx_word' id='word_1_59' title='bbox 1362 771 1631 842; x_wconf 80' lang='lat' dir='ltr'><strong>pertingat</strong></span> <span class='ocrx_word' id='word_1_60' title='bbox 1660 770 1845 845; x_wconf 71' lang='lat' dir='ltr'><strong>(MSS)</strong></span> <span class='ocrx_word' id='word_1_61' title='bbox 1875 771 1942 827; x_wconf 91' lang='lat' dir='ltr'><strong>ad</strong></span> <span class='ocrx_word' id='word_1_62' title='bbox 1965 787 2101 842; x_wconf 89' lang='lat' dir='ltr'><strong>pau-</strong></span> 
     </span>
    </p>
   </div>
   <div class='ocr_carea' id='block_1_10' title="bbox 509 862 2099 934">
    <p class='ocr_par' dir='ltr' id='par_1_10' title="bbox 509 862 2099 934">
     <span class='ocr_line' id='line_1_10' title="bbox 509 862 2099 934; baseline 0.002 -18"><span class='ocrx_word' id='word_1_63' title='bbox 509 877 669 933; x_wconf 90' lang='lat' dir='ltr'><strong>peres</strong></span> <span class='ocrx_word' id='word_1_64' title='bbox 690 862 894 918; x_wconf 90' lang='lat' dir='ltr'><strong>Christi</strong></span> <span class='ocrx_word' id='word_1_65' title='bbox 918 878 933 917; x_wconf 92' lang='lat'><strong>:</strong></span> <span class='ocrx_word' id='word_1_66' title='bbox 959 873 1144 918; x_wconf 78' lang='lat' dir='ltr'><strong>nostra</strong></span> <span class='ocrx_word' id='word_1_67' title='bbox 1169 863 1500 921; x_wconf 77' lang='lat' dir='ltr'><strong>abundantia</strong></span> <span class='ocrx_word' id='word_1_68' title='bbox 1528 863 1741 918; x_wconf 90' lang='lat' dir='ltr'><strong>illorum</strong></span> <span class='ocrx_word' id='word_1_69' title='bbox 1787 864 2099 934; x_wconf 81' lang='lat' dir='ltr'><strong>suppleatur</strong></span> 
     </span>
    </p>
   </div>
   <div class='ocr_carea' id='block_1_11' title="bbox 471 952 2098 1027">
    <p class='ocr_par' dir='ltr' id='par_1_11' title="bbox 471 952 2098 1027">
     <span class='ocr_line' id='line_1_11' title="bbox 471 952 2098 1027; baseline 0.003 -20"><span class='ocrx_word' id='word_1_70' title='bbox 471 962 476 965; x_wconf 86' lang='lat'>&#39;</span> <span class='ocrx_word' id='word_1_71' title='bbox 509 952 713 1022; x_wconf 82' lang='lat' dir='ltr'><strong>inopia.</strong></span> <span class='ocrx_word' id='word_1_72' title='bbox 744 954 844 1025; x_wconf 91' lang='lat' dir='ltr'><strong>Ipsi</strong></span> <span class='ocrx_word' id='word_1_73' title='bbox 874 970 1089 1024; x_wconf 82' lang='lat' dir='ltr'><strong>quoque</strong></span> <span class='ocrx_word' id='word_1_74' title='bbox 1116 971 1381 1026; x_wconf 84' lang='lat' dir='ltr'><strong>pauperes</strong></span> <span class='ocrx_word' id='word_1_75' title='bbox 1419 970 1537 1010; x_wconf 81' lang='lat' dir='ltr'><strong>sese</strong></span> <span class='ocrx_word' id='word_1_76' title='bbox 1563 956 1793 1010; x_wconf 82' lang='lat' dir='ltr'><strong>invicem</strong></span> <span class='ocrx_word' id='word_1_77' title='bbox 1823 956 2098 1027; x_wconf 89' lang='lat' dir='ltr'><strong>adjuvent.</strong></span> 
     </span>
    </p>
   </div>
   <div class='ocr_carea' id='block_1_12' title="bbox 509 1043 2098 1114">
    <p class='ocr_par' dir='ltr' id='par_1_12' title="bbox 509 1043 2098 1114">
     <span class='ocr_line' id='line_1_12' title="bbox 509 1043 2098 1114; baseline 0.003 -17"><span class='ocrx_word' id='word_1_78' title='bbox 509 1043 663 1111; x_wconf 85' lang='lat' dir='ltr'><strong>Quod</strong></span> <span class='ocrx_word' id='word_1_79' title='bbox 694 1044 782 1099; x_wconf 90' lang='lat' dir='ltr'><strong>uni</strong></span> <span class='ocrx_word' id='word_1_80' title='bbox 812 1046 983 1113; x_wconf 82' lang='lat' dir='ltr'><strong>deest,</strong></span> <span class='ocrx_word' id='word_1_81' title='bbox 1014 1047 1105 1102; x_wconf 88' lang='lat' dir='ltr'><strong>det</strong></span> <span class='ocrx_word' id='word_1_82' title='bbox 1135 1047 1295 1112; x_wconf 85' lang='lat' dir='ltr'><strong>alter,</strong></span> <span class='ocrx_word' id='word_1_83' title='bbox 1348 1047 1391 1103; x_wconf 88' lang='lat' dir='ltr'><strong>si</strong></span> <span class='ocrx_word' id='word_1_84' title='bbox 1442 1047 1641 1114; x_wconf 91' lang='lat' dir='ltr'><strong>habet;</strong></span> <span class='ocrx_word' id='word_1_85' title='bbox 1674 1046 1719 1103; x_wconf 89' lang='lat' dir='ltr'><strong>si</strong></span> <span class='ocrx_word' id='word_1_86' title='bbox 1763 1062 1871 1103; x_wconf 88' lang='lat' dir='ltr'><strong>non</strong></span> <span class='ocrx_word' id='word_1_87' title='bbox 1915 1047 2098 1114; x_wconf 87' lang='lat' dir='ltr'><strong>habet,</strong></span> 
     </span>
    </p>
   </div>
   <div class='ocr_carea' id='block_1_13' title="bbox 508 1136 2098 1208">
    <p class='ocr_par' dir='ltr' id='par_1_13' title="bbox 508 1136 2098 1208">
     <span class='ocr_line' id='line_1_13' title="bbox 508 1136 2098 1208; baseline 0.003 -19"><span class='ocrx_word' id='word_1_88' title='bbox 508 1142 660 1207; x_wconf 78' lang='lat' dir='ltr'><strong>optet</strong></span> <span class='ocrx_word' id='word_1_89' title='bbox 689 1136 880 1192; x_wconf 88' lang='lat' dir='ltr'><strong>saltem</strong></span> <span class='ocrx_word' id='word_1_90' title='bbox 914 1139 1149 1204; x_wconf 87' lang='lat' dir='ltr'><strong>dedisse,</strong></span> <span class='ocrx_word' id='word_1_91' title='bbox 1185 1147 1241 1193; x_wconf 86' lang='lat' dir='ltr'><strong>ut</strong></span> <span class='ocrx_word' id='word_1_92' title='bbox 1271 1153 1367 1208; x_wconf 89' lang='lat' dir='ltr'><strong>per</strong></span> <span class='ocrx_word' id='word_1_93' title='bbox 1393 1139 1576 1194; x_wconf 85' lang='lat' dir='ltr'><strong>omnia</strong></span> <span class='ocrx_word' id='word_1_94' title='bbox 1600 1147 1655 1194; x_wconf 88' lang='lat' dir='ltr'><strong>et</strong></span> <span class='ocrx_word' id='word_1_95' title='bbox 1677 1138 1730 1194; x_wconf 90' lang='lat' dir='ltr'><strong>in</strong></span> <span class='ocrx_word' id='word_1_96' title='bbox 1756 1138 2010 1195; x_wconf 85' lang='lat' dir='ltr'><strong>omnibus</strong></span> <span class='ocrx_word' id='word_1_97' title='bbox 2030 1137 2098 1193; x_wconf 89' lang='lat' dir='ltr'><strong>de</strong></span> 
     </span>
    </p>
   </div>
   <div class='ocr_carea' id='block_1_14' title="bbox 510 1230 2099 1304">
    <p class='ocr_par' dir='ltr' id='par_1_14' title="bbox 510 1230 2099 1304">
     <span class='ocr_line' id='line_1_14' title="bbox 510 1230 2099 1304; baseline 0.001 -19"><span class='ocrx_word' id='word_1_98' title='bbox 510 1230 670 1285; x_wconf 87' lang='lat' dir='ltr'><strong>nobis</strong></span> <span class='ocrx_word' id='word_1_99' title='bbox 696 1231 927 1302; x_wconf 83' lang='lat' dir='ltr'><strong>gaudeat</strong></span> <span class='ocrx_word' id='word_1_100' title='bbox 964 1233 1055 1301; x_wconf 90' lang='lat' dir='ltr'><strong>qui</strong></span> <span class='ocrx_word' id='word_1_101' title='bbox 1104 1232 1302 1304; x_wconf 89' lang='lat' dir='ltr'><strong>pascha</strong></span> <span class='ocrx_word' id='word_1_102' title='bbox 1351 1242 1596 1287; x_wconf 88' lang='lat' dir='ltr'><strong>nostrum</strong></span> <span class='ocrx_word' id='word_1_103' title='bbox 1642 1231 1952 1288; x_wconf 87' lang='lat' dir='ltr'><strong>immolatus</strong></span> <span class='ocrx_word' id='word_1_104' title='bbox 2013 1239 2099 1288; x_wconf 90' lang='lat' dir='ltr'><strong>est</strong></span> 
     </span>
    </p>
   </div>
   <div class='ocr_carea' id='block_1_15' title="bbox 508 1321 2096 1398">
    <p class='ocr_par' dir='ltr' id='par_1_15' title="bbox 508 1321 2096 1398">
     <span class='ocr_line' id='line_1_15' title="bbox 508 1321 2096 1398; baseline 0.002 -21"><span class='ocrx_word' id='word_1_105' title='bbox 508 1321 788 1378; x_wconf 78' lang='lat' dir='ltr'><strong>Christus.</strong></span> <span class='ocrx_word' id='word_1_106' title='bbox 822 1323 888 1379; x_wconf 83' lang='lat' dir='ltr'><strong>Et</strong></span> <span class='ocrx_word' id='word_1_107' title='bbox 918 1325 1034 1381; x_wconf 67' lang='lat' dir='ltr'><strong>haec</strong></span> <span class='ocrx_word' id='word_1_108' title='bbox 1068 1325 1138 1379; x_wconf 86' lang='lat' dir='ltr'><strong>sit</strong></span> <span class='ocrx_word' id='word_1_109' title='bbox 1161 1326 1275 1381; x_wconf 90' lang='lat' dir='ltr'><strong>dies</strong></span> <span class='ocrx_word' id='word_1_110' title='bbox 1298 1325 1481 1396; x_wconf 74' lang='grc'><strong>(1186)</strong></span> <span class='ocrx_word' id='word_1_111' title='bbox 1517 1342 1680 1398; x_wconf 92' lang='lat' dir='ltr'><strong>quam</strong></span> <span class='ocrx_word' id='word_1_112' title='bbox 1732 1324 1865 1381; x_wconf 85' lang='lat' dir='ltr'><strong>fecit</strong></span> <span class='ocrx_word' id='word_1_113' title='bbox 1910 1326 2096 1381; x_wconf 86' lang='lat' dir='ltr'><strong>Domi-</strong></span> 
     </span>
    </p>
   </div>
   <div class='ocr_carea' id='block_1_16' title="bbox 507 1412 2097 1481">
    <p class='ocr_par' dir='ltr' id='par_1_16' title="bbox 507 1412 2097 1481">
     <span class='ocr_line' id='line_1_16' title="bbox 507 1412 2097 1481; baseline 0.002 -13"><span class='ocrx_word' id='word_1_114' title='bbox 507 1418 636 1481; x_wconf 83' lang='lat' dir='ltr'><strong>&#39;nus,</strong></span> <span class='ocrx_word' id='word_1_115' title='bbox 668 1423 728 1468; x_wconf 89' lang='lat' dir='ltr'><strong>ut</strong></span> <span class='ocrx_word' id='word_1_116' title='bbox 750 1423 805 1468; x_wconf 88' lang='lat' dir='ltr'><strong>et</strong></span> <span class='ocrx_word' id='word_1_117' title='bbox 827 1430 925 1469; x_wconf 92' lang='lat' dir='ltr'><strong>nos</strong></span> <span class='ocrx_word' id='word_1_118' title='bbox 946 1415 1217 1470; x_wconf 80' lang='lat' dir='ltr'><strong>exsultare</strong></span> <span class='ocrx_word' id='word_1_119' title='bbox 1240 1414 1483 1471; x_wconf 67' lang='lat' dir='ltr'><strong>ctlaetari</strong></span> <span class='ocrx_word' id='word_1_120' title='bbox 1511 1417 1564 1470; x_wconf 93' lang='lat' dir='ltr'><strong>in</strong></span> <span class='ocrx_word' id='word_1_121' title='bbox 1599 1432 1660 1470; x_wconf 89' lang='lat' dir='ltr'><strong>ea</strong></span> <span class='ocrx_word' id='word_1_122' title='bbox 1717 1412 1860 1472; x_wconf 85' lang='lat' dir='ltr'><strong>nunc</strong></span> <span class='ocrx_word' id='word_1_123' title='bbox 1889 1424 1943 1471; x_wconf 91' lang='lat' dir='ltr'><strong>et</strong></span> <span class='ocrx_word' id='word_1_124' title='bbox 1981 1416 2097 1471; x_wconf 89' lang='lat' dir='ltr'><strong>sine</strong></span> 
     </span>
    </p>
   </div>
   <div class='ocr_carea' id='block_1_17' title="bbox 509 1507 2096 1581">
    <p class='ocr_par' dir='ltr' id='par_1_17' title="bbox 509 1507 2096 1581">
     <span class='ocr_line' id='line_1_17' title="bbox 509 1507 2096 1581; baseline 0 -18"><span class='ocrx_word' id='word_1_125' title='bbox 509 1507 619 1563; x_wconf 83' lang='lat' dir='ltr'><strong>ﬁne</strong></span> <span class='ocrx_word' id='word_1_126' title='bbox 640 1508 944 1578; x_wconf 88' lang='lat' dir='ltr'><strong>possimus;</strong></span> <span class='ocrx_word' id='word_1_127' title='bbox 986 1524 1184 1578; x_wconf 90' lang='lat' dir='ltr'><strong>corpus</strong></span> <span class='ocrx_word' id='word_1_128' title='bbox 1213 1525 1426 1581; x_wconf 88' lang='lat' dir='ltr'><strong>quoque</strong></span> <span class='ocrx_word' id='word_1_129' title='bbox 1467 1518 1517 1564; x_wconf 89' lang='lat' dir='ltr'><strong>et</strong></span> <span class='ocrx_word' id='word_1_130' title='bbox 1560 1509 1720 1581; x_wconf 74' lang='lat'><strong>611</strong></span> <span class='ocrx_word' id='word_1_131' title='bbox 1779 1509 2096 1577; x_wconf 80' lang='lat' dir='ltr'><strong>sanguinem</strong></span> 
     </span>
    </p>
   </div>
   <div class='ocr_carea' id='block_1_18' title="bbox 508 1601 2095 1675">
    <p class='ocr_par' dir='ltr' id='par_1_18' title="bbox 508 1601 2095 1675">
     <span class='ocr_line' id='line_1_18' title="bbox 508 1601 2095 1675; baseline 0.002 -19"><span class='ocrx_word' id='word_1_132' title='bbox 508 1601 683 1673; x_wconf 88' lang='lat' dir='ltr'><strong>ipsius</strong></span> <span class='ocrx_word' id='word_1_133' title='bbox 709 1602 781 1657; x_wconf 88' lang='lat' dir='ltr'><strong>ita</strong></span> <span class='ocrx_word' id='word_1_134' title='bbox 813 1603 1113 1673; x_wconf 82' lang='lat' dir='ltr'><strong>percipere,</strong></span> <span class='ocrx_word' id='word_1_135' title='bbox 1150 1610 1208 1658; x_wconf 90' lang='lat' dir='ltr'><strong>ut</strong></span> <span class='ocrx_word' id='word_1_136' title='bbox 1250 1619 1356 1658; x_wconf 92' lang='lat' dir='ltr'><strong>non</strong></span> <span class='ocrx_word' id='word_1_137' title='bbox 1392 1602 1456 1657; x_wconf 92' lang='lat' dir='ltr'><strong>ad</strong></span> <span class='ocrx_word' id='word_1_138' title='bbox 1488 1603 1753 1672; x_wconf 85' lang='lat' dir='ltr'><strong>judicium</strong></span> <span class='ocrx_word' id='word_1_139' title='bbox 1780 1603 1984 1675; x_wconf 81' lang='lat' dir='ltr'><strong>(M87),</strong></span> <span class='ocrx_word' id='word_1_140' title='bbox 2017 1614 2095 1671; x_wconf 87' lang='lat' dir='ltr'><strong>ut,</strong></span> 
     </span>
    </p>
   </div>
   <div class='ocr_carea' id='block_1_19' title="bbox 2149 388 3795 477">
    <p class='ocr_par' dir='ltr' id='par_1_19' title="bbox 2149 388 3795 477">
     <span class='ocr_line' id='line_1_19' title="bbox 2149 388 3795 477; baseline 0.004 -24"><span class='ocrx_word' id='word_1_141' title='bbox 2149 415 2154 419; x_wconf 93' lang='grc'><strong>·</strong></span> <span class='ocrx_word' id='word_1_142' title='bbox 2204 388 2464 477; x_wconf 72' lang='lat' dir='ltr'><strong>novorum</strong></span> <span class='ocrx_word' id='word_1_143' title='bbox 2496 399 2680 457; x_wconf 88' lang='lat' dir='ltr'><strong>videre</strong></span> <span class='ocrx_word' id='word_1_144' title='bbox 2710 408 2765 459; x_wconf 88' lang='lat' dir='ltr'><strong>et</strong></span> <span class='ocrx_word' id='word_1_145' title='bbox 2799 415 2924 459; x_wconf 87' lang='lat' dir='ltr'><strong>cum</strong></span> <span class='ocrx_word' id='word_1_146' title='bbox 2951 399 3147 473; x_wconf 79' lang='lat' dir='ltr'><strong>gaudio</strong></span> <span class='ocrx_word' id='word_1_147' title='bbox 3174 399 3455 463; x_wconf 83' lang='lat' dir='ltr'><strong>celebrare</strong></span> <span class='ocrx_word' id='word_1_148' title='bbox 3479 414 3795 472; x_wconf 76' lang='lat' dir='ltr'><strong>possemus;</strong></span> 
     </span>
    </p>
   </div>
   <div class='ocr_carea' id='block_1_20' title="bbox 2203 488 3796 569">
    <p class='ocr_par' dir='ltr' id='par_1_20' title="bbox 2203 488 3796 569">
     <span class='ocr_line' id='line_1_20' title="bbox 2203 488 3796 569; baseline 0.008 -28"><span class='ocrx_word' id='word_1_149' title='bbox 2203 501 2326 542; x_wconf 92' lang='lat' dir='ltr'><strong>cum</strong></span> <span class='ocrx_word' id='word_1_150' title='bbox 2378 488 2481 545; x_wconf 91' lang='lat' dir='ltr'><strong>hoc</strong></span> <span class='ocrx_word' id='word_1_151' title='bbox 2508 490 2732 546; x_wconf 90' lang='lat' dir='ltr'><strong>minime</strong></span> <span class='ocrx_word' id='word_1_152' title='bbox 2780 488 3097 558; x_wconf 81' lang='lat' dir='ltr'><strong>fecerimus,</strong></span> <span class='ocrx_word' id='word_1_153' title='bbox 3139 490 3295 562; x_wconf 88' lang='lat' dir='ltr'><strong>quale</strong></span> <span class='ocrx_word' id='word_1_154' title='bbox 3322 491 3608 569; x_wconf 74' lang='lat' dir='ltr'><strong>gaudium,</strong></span> <span class='ocrx_word' id='word_1_155' title='bbox 3636 507 3796 564; x_wconf 72' lang='lat' dir='ltr'><strong>qm</strong></span> 
     </span>
    </p>
   </div>
   <div class='ocr_carea' id='block_1_21' title="bbox 2202 579 3796 659">
    <p class='ocr_par' dir='ltr' id='par_1_21' title="bbox 2202 579 3796 659">
     <span class='ocr_line' id='line_1_21' title="bbox 2202 579 3796 659; baseline 0.005 -25"><span class='ocrx_word' id='word_1_156' title='bbox 2202 579 2645 647; x_wconf 81' lang='lat' dir='ltr'><strong>exsultationem,</strong></span> <span class='ocrx_word' id='word_1_157' title='bbox 2674 598 2837 654; x_wconf 89' lang='lat' dir='ltr'><strong>quam</strong></span> <span class='ocrx_word' id='word_1_158' title='bbox 2872 582 3111 659; x_wconf 69' lang='lat' dir='ltr'><strong>laetitiam</strong></span> <span class='ocrx_word' id='word_1_159' title='bbox 3159 583 3362 647; x_wconf 86' lang='lat' dir='ltr'><strong>habere</strong></span> <span class='ocrx_word' id='word_1_160' title='bbox 3396 583 3684 655; x_wconf 76' lang='lat' dir='ltr'><strong>valemus!</strong></span> <span class='ocrx_word' id='word_1_161' title='bbox 3708 585 3796 642; x_wconf 77' lang='lat' dir='ltr'><strong>Ait</strong></span> 
     </span>
    </p>
   </div>
   <div class='ocr_carea' id='block_1_22' title="bbox 2203 674 3792 749">
    <p class='ocr_par' dir='ltr' id='par_1_22' title="bbox 2203 674 3792 749">
     <span class='ocr_line' id='line_1_22' title="bbox 2203 674 3792 749; baseline 0.002 -19"><span class='ocrx_word' id='word_1_162' title='bbox 2203 675 2348 737; x_wconf 82' lang='lat' dir='ltr'><strong>enim</strong></span> <span class='ocrx_word' id='word_1_163' title='bbox 2382 674 2436 730; x_wconf 83' lang='lat' dir='ltr'><strong>in</strong></span> <span class='ocrx_word' id='word_1_164' title='bbox 2468 677 2995 735; x_wconf 86' lang='lat' dir='ltr'><strong>commendationem</strong></span> <span class='ocrx_word' id='word_1_165' title='bbox 3034 676 3277 749; x_wconf 79' lang='lat' dir='ltr'><strong>ejusdem</strong></span> <span class='ocrx_word' id='word_1_166' title='bbox 3315 677 3502 749; x_wconf 77' lang='lat' dir='ltr'><strong>gaudii</strong></span> <span class='ocrx_word' id='word_1_167' title='bbox 3548 687 3792 745; x_wconf 79' lang='lat' dir='ltr'><strong>sanctus,</strong></span> 
     </span>
    </p>
   </div>
   <div class='ocr_carea' id='block_1_23' title="bbox 2202 766 3792 842">
    <p class='ocr_par' dir='ltr' id='par_1_23' title="bbox 2202 766 3792 842">
     <span class='ocr_line' id='line_1_23' title="bbox 2202 766 3792 842; baseline 0.003 -20"><span class='ocrx_word' id='word_1_168' title='bbox 2202 776 2265 822; x_wconf 90' lang='lat' dir='ltr'><strong>ut</strong></span> <span class='ocrx_word' id='word_1_169' title='bbox 2288 766 2390 840; x_wconf 91' lang='lat' dir='ltr'><strong>legi</strong></span> <span class='ocrx_word' id='word_1_170' title='bbox 2419 769 2666 832; x_wconf 87' lang='lat' dir='ltr'><strong>audistis,</strong></span> <span class='ocrx_word' id='word_1_171' title='bbox 2700 768 2991 841; x_wconf 80' lang='lat' dir='ltr'><strong>Apostolus</strong></span> <span class='ocrx_word' id='word_1_172' title='bbox 3018 788 3031 823; x_wconf 88' lang='lat'><strong>:</strong></span> <span class='ocrx_word' id='word_1_173' title='bbox 3065 768 3256 842; x_wconf 81' lang='lat' dir='ltr'><strong>Itaque</strong></span> <span class='ocrx_word' id='word_1_174' title='bbox 3283 769 3561 841; x_wconf 75' lang='lat' dir='ltr'><strong>epulemur</strong></span> <span class='ocrx_word' id='word_1_175' title='bbox 3583 769 3636 839; x_wconf 87' lang='lat' dir='ltr'><strong>(l</strong></span> <span class='ocrx_word' id='word_1_176' title='bbox 3671 768 3792 829; x_wconf 78' lang='lat' dir='ltr'><strong>Cor.</strong></span> 
     </span>
    </p>
   </div>
   <div class='ocr_carea' id='block_1_24' title="bbox 2201 856 3801 935">
    <p class='ocr_par' dir='ltr' id='par_1_24' title="bbox 2201 856 3801 935">
     <span class='ocr_line' id='line_1_24' title="bbox 2201 856 3801 935; baseline 0.005 -22"><span class='ocrx_word' id='word_1_177' title='bbox 2201 872 2256 925; x_wconf 85' lang='lat' dir='ltr'><strong>v,</strong></span> <span class='ocrx_word' id='word_1_178' title='bbox 2282 856 2358 928; x_wconf 85' lang='lat'><strong>7).</strong></span> <span class='ocrx_word' id='word_1_179' title='bbox 2387 856 2524 926; x_wconf 84' lang='lat' dir='ltr'><strong>Quid</strong></span> <span class='ocrx_word' id='word_1_180' title='bbox 2547 859 2715 914; x_wconf 83' lang='lat' dir='ltr'><strong>dixit?</strong></span> <span class='ocrx_word' id='word_1_181' title='bbox 2740 859 2926 930; x_wconf 85' lang='lat' dir='ltr'><strong>Itaque</strong></span> <span class='ocrx_word' id='word_1_182' title='bbox 2948 873 3142 928; x_wconf 82' lang='lat' dir='ltr'><strong>corpus</strong></span> <span class='ocrx_word' id='word_1_183' title='bbox 3161 859 3324 935; x_wconf 58' lang='grc' dir='ltr'><strong>δια</strong></span> <span class='ocrx_word' id='word_1_184' title='bbox 3374 867 3432 916; x_wconf 87' lang='lat' dir='ltr'><strong>et</strong></span> <span class='ocrx_word' id='word_1_185' title='bbox 3474 859 3801 934; x_wconf 71' lang='lat' dir='ltr'><strong>sanguinein</strong></span> 
     </span>
    </p>
   </div>
   <div class='ocr_carea' id='block_1_25' title="bbox 2201 944 3793 1020">
    <p class='ocr_par' dir='ltr' id='par_1_25' title="bbox 2201 944 3793 1020">
     <span class='ocr_line' id='line_1_25' title="bbox 2201 944 3793 1020; baseline 0.001 -18"><span class='ocrx_word' id='word_1_186' title='bbox 2201 944 2398 1018; x_wconf 87' lang='lat' dir='ltr'><strong>ipsius,</strong></span> <span class='ocrx_word' id='word_1_187' title='bbox 2431 948 2522 1020; x_wconf 92' lang='lat' dir='ltr'><strong>qui</strong></span> <span class='ocrx_word' id='word_1_188' title='bbox 2571 964 2669 1020; x_wconf 86' lang='lat' dir='ltr'><strong>pro</strong></span> <span class='ocrx_word' id='word_1_189' title='bbox 2709 949 2866 1005; x_wconf 89' lang='lat' dir='ltr'><strong>nobis</strong></span> <span class='ocrx_word' id='word_1_190' title='bbox 2918 948 3227 1006; x_wconf 88' lang='lat' dir='ltr'><strong>immolatus</strong></span> <span class='ocrx_word' id='word_1_191' title='bbox 3271 960 3375 1016; x_wconf 88' lang='lat' dir='ltr'><strong>est,</strong></span> <span class='ocrx_word' id='word_1_192' title='bbox 3417 948 3627 1009; x_wconf 79' lang='lat' dir='ltr'><strong>Christi</strong></span> <span class='ocrx_word' id='word_1_193' title='bbox 3673 964 3793 1013; x_wconf 78' lang='lat' dir='ltr'><strong>cum</strong></span> 
     </span>
    </p>
   </div>
   <div class='ocr_carea' id='block_1_26' title="bbox 2203 1039 3580 1117">
    <p class='ocr_par' dir='ltr' id='par_1_26' title="bbox 2203 1039 3580 1117">
     <span class='ocr_line' id='line_1_26' title="bbox 2203 1039 3580 1117; baseline 0.001 -23"><span class='ocrx_word' id='word_1_194' title='bbox 2203 1039 2563 1096; x_wconf 78' lang='lat' dir='ltr'><strong>exsultatione</strong></span> <span class='ocrx_word' id='word_1_195' title='bbox 2583 1055 2886 1097; x_wconf 87' lang='lat' dir='ltr'><strong>sumamus.</strong></span> <span class='ocrx_word' id='word_1_196' title='bbox 2917 1040 3203 1117; x_wconf 86' lang='lat' dir='ltr'><strong>Faciamus</strong></span> <span class='ocrx_word' id='word_1_197' title='bbox 3226 1056 3377 1111; x_wconf 89' lang='lat' dir='ltr'><strong>ergo.</strong></span> <span class='ocrx_word' id='word_1_198' title='bbox 3576 1040 3580 1041; x_wconf 60' lang='grc'><strong><em>⁷</em></strong></span> 
     </span>
    </p>
   </div>
   <div class='ocr_carea' id='block_1_27' title="bbox 2272 1129 3792 1205">
    <p class='ocr_par' dir='ltr' id='par_1_27' title="bbox 2272 1129 3792 1205">
     <span class='ocr_line' id='line_1_27' title="bbox 2272 1129 3792 1205; baseline 0.003 -20"><span class='ocrx_word' id='word_1_199' title='bbox 2272 1131 2327 1185; x_wconf 88' lang='grc'><strong>2.</strong></span> <span class='ocrx_word' id='word_1_200' title='bbox 2370 1130 2474 1187; x_wconf 89' lang='lat' dir='ltr'><strong>Sed</strong></span> <span class='ocrx_word' id='word_1_201' title='bbox 2507 1131 2636 1203; x_wconf 89' lang='lat' dir='ltr'><strong>quid</strong></span> <span class='ocrx_word' id='word_1_202' title='bbox 2662 1131 2786 1197; x_wconf 86' lang='lat' dir='ltr'><strong>erit,</strong></span> <span class='ocrx_word' id='word_1_203' title='bbox 2817 1132 2863 1186; x_wconf 91' lang='lat' dir='ltr'><strong>si</strong></span> <span class='ocrx_word' id='word_1_204' title='bbox 2894 1129 3076 1188; x_wconf 86' lang='lat' dir='ltr'><strong>facere</strong></span> <span class='ocrx_word' id='word_1_205' title='bbox 3118 1132 3281 1204; x_wconf 83' lang='lat' dir='ltr'><strong>digne</strong></span> <span class='ocrx_word' id='word_1_206' title='bbox 3325 1146 3390 1187; x_wconf 90' lang='lat' dir='ltr'><strong>ac</strong></span> <span class='ocrx_word' id='word_1_207' title='bbox 3416 1130 3568 1201; x_wconf 85' lang='lat' dir='ltr'><strong>juste</strong></span> <span class='ocrx_word' id='word_1_208' title='bbox 3607 1132 3792 1205; x_wconf 61' lang='lat' dir='ltr'><strong>nequi:-</strong></span> 
     </span>
    </p>
   </div>
   <div class='ocr_carea' id='block_1_28' title="bbox 2202 1218 3793 1297">
    <p class='ocr_par' dir='ltr' id='par_1_28' title="bbox 2202 1218 3793 1297">
     <span class='ocr_line' id='line_1_28' title="bbox 2202 1218 3793 1297; baseline 0 -21"><span class='ocrx_word' id='word_1_209' title='bbox 2202 1219 2358 1277; x_wconf 88' lang='lat' dir='ltr'><strong>mus?</strong></span> <span class='ocrx_word' id='word_1_210' title='bbox 2381 1218 2669 1297; x_wconf 88' lang='lat' dir='ltr'><strong>Suhjungit</strong></span> <span class='ocrx_word' id='word_1_211' title='bbox 2699 1235 2931 1292; x_wconf 83' lang='lat' dir='ltr'><strong>namque</strong></span> <span class='ocrx_word' id='word_1_212' title='bbox 2961 1219 3168 1293; x_wconf 68' lang='grc'><strong>(1490),</strong></span> <span class='ocrx_word' id='word_1_213' title='bbox 3195 1229 3250 1279; x_wconf 90' lang='lat' dir='ltr'><strong>et</strong></span> <span class='ocrx_word' id='word_1_214' title='bbox 3274 1222 3350 1276; x_wconf 90' lang='lat' dir='ltr'><strong>ait</strong></span> <span class='ocrx_word' id='word_1_215' title='bbox 3394 1236 3409 1275; x_wconf 90' lang='lat'><strong>:</strong></span> <span class='ocrx_word' id='word_1_216' title='bbox 3455 1219 3583 1275; x_wconf 84' lang='lat' dir='ltr'><strong>Non</strong></span> <span class='ocrx_word' id='word_1_217' title='bbox 3611 1222 3667 1276; x_wconf 84' lang='lat' dir='ltr'><strong>in</strong></span> <span class='ocrx_word' id='word_1_218' title='bbox 3691 1221 3793 1290; x_wconf 85' lang='lat' dir='ltr'><strong>fer-</strong></span> 
     </span>
    </p>
   </div>
   <div class='ocr_carea' id='block_1_29' title="bbox 2201 1314 3792 1386">
    <p class='ocr_par' dir='ltr' id='par_1_29' title="bbox 2201 1314 3792 1386">
     <span class='ocr_line' id='line_1_29' title="bbox 2201 1314 3792 1386; baseline 0.001 -19"><span class='ocrx_word' id='word_1_219' title='bbox 2201 1326 2375 1367; x_wconf 79' lang='lat' dir='ltr'><strong>mento</strong></span> <span class='ocrx_word' id='word_1_220' title='bbox 2404 1315 2587 1380; x_wconf 77' lang='lat' dir='ltr'><strong>reteri,</strong></span> <span class='ocrx_word' id='word_1_221' title='bbox 2614 1314 2665 1368; x_wconf 89' lang='lat' dir='ltr'><strong>id</strong></span> <span class='ocrx_word' id='word_1_222' title='bbox 2694 1323 2799 1380; x_wconf 90' lang='lat' dir='ltr'><strong>est,</strong></span> <span class='ocrx_word' id='word_1_223' title='bbox 2824 1322 3035 1371; x_wconf 88' lang='lat' dir='ltr'><strong>tumore</strong></span> <span class='ocrx_word' id='word_1_224' title='bbox 3062 1315 3348 1371; x_wconf 88' lang='lat' dir='ltr'><strong>anterioris</strong></span> <span class='ocrx_word' id='word_1_225' title='bbox 3375 1315 3613 1385; x_wconf 83' lang='lat' dir='ltr'><strong>peccati,</strong></span> <span class='ocrx_word' id='word_1_226' title='bbox 3634 1329 3792 1386; x_wconf 73' lang='lat' dir='ltr'><strong>neque</strong></span> 
     </span>
    </p>
   </div>
   <div class='ocr_carea' id='block_1_30' title="bbox 2200 1400 3791 1476">
    <p class='ocr_par' dir='ltr' id='par_1_30' title="bbox 2200 1400 3791 1476">
     <span class='ocr_line' id='line_1_30' title="bbox 2200 1400 3791 1476; baseline 0.001 -17"><span class='ocrx_word' id='word_1_227' title='bbox 2200 1400 2257 1459; x_wconf 87' lang='lat' dir='ltr'><strong>iu</strong></span> <span class='ocrx_word' id='word_1_228' title='bbox 2288 1406 2538 1475; x_wconf 81' lang='lat' dir='ltr'><strong>fermento</strong></span> <span class='ocrx_word' id='word_1_229' title='bbox 2570 1403 2806 1471; x_wconf 73' lang='lat' dir='ltr'><strong>malitite,</strong></span> <span class='ocrx_word' id='word_1_230' title='bbox 2836 1405 3054 1460; x_wconf 62' lang='lat' dir='ltr'><strong>malitiae</strong></span> <span class='ocrx_word' id='word_1_231' title='bbox 3080 1406 3265 1476; x_wconf 90' lang='lat' dir='ltr'><strong>utique</strong></span> <span class='ocrx_word' id='word_1_232' title='bbox 3291 1406 3452 1465; x_wconf 79' lang='lat' dir='ltr'><strong>alieni</strong></span> <span class='ocrx_word' id='word_1_233' title='bbox 3476 1405 3791 1465; x_wconf 86' lang='lat' dir='ltr'><strong>Christiano</strong></span> 
     </span>
    </p>
   </div>
   <div class='ocr_carea' id='block_1_31' title="bbox 2194 1484 3791 1573">
    <p class='ocr_par' dir='ltr' id='par_1_31' title="bbox 2194 1484 3791 1573">
     <span class='ocr_line' id='line_1_31' title="bbox 2194 1484 3791 1573; baseline 0.004 -28"><span class='ocrx_word' id='word_1_234' title='bbox 2194 1495 2403 1550; x_wconf 79' lang='lat' dir='ltr'><strong>malum</strong></span> <span class='ocrx_word' id='word_1_235' title='bbox 2433 1498 2632 1553; x_wconf 78' lang='lat' dir='ltr'><strong>inferre</strong></span> <span class='ocrx_word' id='word_1_236' title='bbox 2662 1496 2932 1567; x_wconf 85' lang='lat' dir='ltr'><strong>cupiendi,</strong></span> <span class='ocrx_word' id='word_1_237' title='bbox 2964 1496 3221 1567; x_wconf 70' lang='lat' dir='ltr'><strong>nequitiac</strong></span> <span class='ocrx_word' id='word_1_238' title='bbox 3249 1484 3354 1555; x_wconf 70' lang='lat' dir='ltr'><strong>hoc</strong></span> <span class='ocrx_word' id='word_1_239' title='bbox 3408 1498 3594 1557; x_wconf 88' lang='lat' dir='ltr'><strong>facere</strong></span> <span class='ocrx_word' id='word_1_240' title='bbox 3632 1497 3791 1573; x_wconf 85' lang='lat' dir='ltr'><strong>etiam</strong></span> 
     </span>
    </p>
   </div>
   <div class='ocr_carea' id='block_1_32' title="bbox 2203 1582 3785 1663">
    <p class='ocr_par' dir='ltr' id='par_1_32' title="bbox 2203 1582 3785 1663">
     <span class='ocr_line' id='line_1_32' title="bbox 2203 1582 3785 1663; baseline -0.001 -19"><span class='ocrx_word' id='word_1_241' title='bbox 2203 1590 2403 1662; x_wconf 85' lang='lat' dir='ltr'><strong>injuste</strong></span> <span class='ocrx_word' id='word_1_242' title='bbox 2427 1591 2676 1646; x_wconf 88' lang='lat' dir='ltr'><strong>conandi.</strong></span> <span class='ocrx_word' id='word_1_243' title='bbox 2705 1589 2810 1645; x_wconf 88' lang='lat' dir='ltr'><strong>Sed</strong></span> <span class='ocrx_word' id='word_1_244' title='bbox 2850 1582 3116 1661; x_wconf 76' lang='lat' dir='ltr'><strong>qualiter?</strong></span> <span class='ocrx_word' id='word_1_245' title='bbox 3138 1590 3207 1647; x_wconf 88' lang='lat' dir='ltr'><strong>1n</strong></span> <span class='ocrx_word' id='word_1_246' title='bbox 3238 1592 3437 1663; x_wconf 77' lang='lat' dir='ltr'><strong>azymis</strong></span> <span class='ocrx_word' id='word_1_247' title='bbox 3460 1589 3785 1663; x_wconf 77' lang='lat' dir='ltr'><strong>sinceritatis</strong></span> 
     </span>
    </p>
   </div>
   <div class='ocr_carea' id='block_1_33' title="bbox 508 1678 3787 1765">
    <p class='ocr_par' dir='ltr' id='par_1_33' title="bbox 508 1678 3787 1765">
     <span class='ocr_line' id='line_1_33' title="bbox 508 1678 3787 1765; baseline -0.002 -18"><span class='ocrx_word' id='word_1_248' title='bbox 508 1692 648 1765; x_wconf 83' lang='lat' dir='ltr'><strong>proh</strong></span> <span class='ocrx_word' id='word_1_249' title='bbox 676 1691 859 1747; x_wconf 88' lang='lat' dir='ltr'><strong>nefas!</strong></span> <span class='ocrx_word' id='word_1_250' title='bbox 888 1693 1088 1759; x_wconf 88' lang='lat' dir='ltr'><strong>multis,</strong></span> <span class='ocrx_word' id='word_1_251' title='bbox 1116 1693 1210 1749; x_wconf 85' lang='lat' dir='ltr'><strong>sed</strong></span> <span class='ocrx_word' id='word_1_252' title='bbox 1235 1694 1303 1750; x_wconf 87' lang='lat' dir='ltr'><strong>ad</strong></span> <span class='ocrx_word' id='word_1_253' title='bbox 1354 1694 1650 1749; x_wconf 73' lang='lat' dir='ltr'><strong>remedium</strong></span> <span class='ocrx_word' id='word_1_254' title='bbox 1708 1695 2097 1765; x_wconf 86' lang='lat' dir='ltr'><strong>sempiternum</strong></span> <span class='ocrx_word' id='word_1_255' title='bbox 2126 1698 2175 1760; x_wconf 82' lang='grc' dir='ltr'><strong>Β</strong></span> <span class='ocrx_word' id='word_1_256' title='bbox 2202 1678 2249 1739; x_wconf 72' lang='grc' dir='ltr'><strong>ἐι</strong></span> <span class='ocrx_word' id='word_1_257' title='bbox 2301 1685 2549 1740; x_wconf 73' lang='grc' dir='ltr'><strong>υενὶιαιὶδο</strong></span> <span class='ocrx_word' id='word_1_258' title='bbox 2601 1683 2899 1739; x_wconf 69' lang='lat' dir='ltr'><strong>Sillcel‘ilﬂs</strong></span> <span class='ocrx_word' id='word_1_259' title='bbox 2952 1699 3083 1741; x_wconf 74' lang='grc' dir='ltr'><strong>νθΐο</strong></span> <span class='ocrx_word' id='word_1_260' title='bbox 3128 1685 3337 1755; x_wconf 70' lang='lat' dir='ltr'><strong>Purilas</strong></span> <span class='ocrx_word' id='word_1_261' title='bbox 3378 1692 3484 1749; x_wconf 81' lang='lat' dir='ltr'><strong>est.</strong></span> <span class='ocrx_word' id='word_1_262' title='bbox 3535 1683 3643 1743; x_wconf 83' lang='lat' dir='ltr'><strong>hoc</strong></span> <span class='ocrx_word' id='word_1_263' title='bbox 3684 1688 3787 1757; x_wconf 67' lang='lat' dir='ltr'><strong>est,</strong></span> 
     </span>
    </p>
   </div>
   <div class='ocr_carea' id='block_1_34' title="bbox 512 1783 2093 1857">
    <p class='ocr_par' dir='ltr' id='par_1_34' title="bbox 512 1783 2093 1857">
     <span class='ocr_line' id='line_1_34' title="bbox 512 1783 2093 1857; baseline 0.003 -20"><span class='ocrx_word' id='word_1_264' title='bbox 512 1784 695 1847; x_wconf 86' lang='lat' dir='ltr'><strong>nobis,</strong></span> <span class='ocrx_word' id='word_1_265' title='bbox 725 1793 785 1839; x_wconf 90' lang='lat' dir='ltr'><strong>ut</strong></span> <span class='ocrx_word' id='word_1_266' title='bbox 816 1783 1061 1840; x_wconf 84' lang='lat' dir='ltr'><strong>felicibus</strong></span> <span class='ocrx_word' id='word_1_267' title='bbox 1092 1786 1290 1851; x_wconf 85' lang='lat' dir='ltr'><strong>evenit,</strong></span> <span class='ocrx_word' id='word_1_268' title='bbox 1322 1786 1424 1841; x_wconf 93' lang='lat' dir='ltr'><strong>hoc</strong></span> <span class='ocrx_word' id='word_1_269' title='bbox 1467 1786 1754 1856; x_wconf 80' lang='lat' dir='ltr'><strong>provenire</strong></span> <span class='ocrx_word' id='word_1_270' title='bbox 1791 1786 2093 1857; x_wconf 87' lang='lat' dir='ltr'><strong>contingat.</strong></span> 
     </span>
    </p>
   </div>
   <div class='ocr_carea' id='block_1_35' title="bbox 504 1860 2097 1943">
    <p class='ocr_par' dir='ltr' id='par_1_35' title="bbox 504 1860 2097 1943">
     <span class='ocr_line' id='line_1_35' title="bbox 504 1860 2097 1943; baseline 0.004 -16"><span class='ocrx_word' id='word_1_271' title='bbox 504 1860 741 1942; x_wconf 66' lang='grc' dir='ltr'><strong>ἈᾶῘυνει</strong></span> <span class='ocrx_word' id='word_1_272' title='bbox 764 1875 831 1930; x_wconf 90' lang='lat' dir='ltr'><strong>ad</strong></span> <span class='ocrx_word' id='word_1_273' title='bbox 869 1876 972 1930; x_wconf 89' lang='lat' dir='ltr'><strong>hoc</strong></span> <span class='ocrx_word' id='word_1_274' title='bbox 1016 1874 1343 1932; x_wconf 82' lang='lat' dir='ltr'><strong>desiderium</strong></span> <span class='ocrx_word' id='word_1_275' title='bbox 1387 1889 1658 1943; x_wconf 84' lang='lat' dir='ltr'><strong>nostrum,</strong></span> <span class='ocrx_word' id='word_1_276' title='bbox 1685 1886 1740 1933; x_wconf 90' lang='lat' dir='ltr'><strong>et</strong></span> <span class='ocrx_word' id='word_1_277' title='bbox 1790 1879 2097 1934; x_wconf 82' lang='lat' dir='ltr'><strong>sanctilicet</strong></span> 
     </span>
    </p>
   </div>
   <div class='ocr_carea' id='block_1_36' title="bbox 512 1965 2093 2037">
    <p class='ocr_par' dir='ltr' id='par_1_36' title="bbox 512 1965 2093 2037">
     <span class='ocr_line' id='line_1_36' title="bbox 512 1965 2093 2037; baseline 0.006 -19"><span class='ocrx_word' id='word_1_278' title='bbox 512 1973 717 2030; x_wconf 86' lang='lat' dir='ltr'><strong>actum,</strong></span> <span class='ocrx_word' id='word_1_279' title='bbox 754 1965 846 2036; x_wconf 91' lang='lat' dir='ltr'><strong>qui</strong></span> <span class='ocrx_word' id='word_1_280' title='bbox 878 1982 974 2037; x_wconf 92' lang='lat' dir='ltr'><strong>pro</strong></span> <span class='ocrx_word' id='word_1_281' title='bbox 998 1967 1153 2023; x_wconf 87' lang='lat' dir='ltr'><strong>nobis</strong></span> <span class='ocrx_word' id='word_1_282' title='bbox 1182 1969 1235 2022; x_wconf 90' lang='lat' dir='ltr'><strong>in</strong></span> <span class='ocrx_word' id='word_1_283' title='bbox 1269 1981 1444 2025; x_wconf 88' lang='lat' dir='ltr'><strong>morte</strong></span> <span class='ocrx_word' id='word_1_284' title='bbox 1475 1971 1620 2026; x_wconf 87' lang='lat' dir='ltr'><strong>dedit</strong></span> <span class='ocrx_word' id='word_1_285' title='bbox 1650 1971 1869 2027; x_wconf 88' lang='lat' dir='ltr'><strong>unicum</strong></span> <span class='ocrx_word' id='word_1_286' title='bbox 1894 1970 2093 2027; x_wconf 85' lang='lat' dir='ltr'><strong>Filium</strong></span> 
     </span>
    </p>
   </div>
   <div class='ocr_carea' id='block_1_37' title="bbox 504 2056 2095 2137">
    <p class='ocr_par' dir='ltr' id='par_1_37' title="bbox 504 2056 2095 2137">
     <span class='ocr_line' id='line_1_37' title="bbox 504 2056 2095 2137; baseline 0.008 -27"><span class='ocrx_word' id='word_1_287' title='bbox 504 2068 685 2123; x_wconf 86' lang='lat' dir='ltr'><strong>suum,</strong></span> <span class='ocrx_word' id='word_1_288' title='bbox 713 2056 806 2127; x_wconf 89' lang='lat' dir='ltr'><strong>qui</strong></span> <span class='ocrx_word' id='word_1_289' title='bbox 833 2072 954 2112; x_wconf 92' lang='lat' dir='ltr'><strong>cum</strong></span> <span class='ocrx_word' id='word_1_290' title='bbox 982 2057 1100 2128; x_wconf 91' lang='lat' dir='ltr'><strong>ipso</strong></span> <span class='ocrx_word' id='word_1_291' title='bbox 1126 2068 1178 2113; x_wconf 91' lang='lat' dir='ltr'><strong>et</strong></span> <span class='ocrx_word' id='word_1_292' title='bbox 1206 2059 1410 2132; x_wconf 87' lang='lat' dir='ltr'><strong>Spiritu</strong></span> <span class='ocrx_word' id='word_1_293' title='bbox 1450 2071 1639 2119; x_wconf 88' lang='lat' dir='ltr'><strong>sancto</strong></span> <span class='ocrx_word' id='word_1_294' title='bbox 1663 2062 1797 2119; x_wconf 83' lang='lat' dir='ltr'><strong>vivit</strong></span> <span class='ocrx_word' id='word_1_295' title='bbox 1825 2072 1882 2119; x_wconf 92' lang='lat' dir='ltr'><strong>et</strong></span> <span class='ocrx_word' id='word_1_296' title='bbox 1905 2071 2095 2137; x_wconf 83' lang='lat' dir='ltr'><strong>regnat</strong></span> 
     </span>
    </p>
   </div>
   <div class='ocr_carea' id='block_1_38' title="bbox 502 2146 1921 2210">
    <p class='ocr_par' dir='ltr' id='par_1_38' title="bbox 502 2146 1921 2210">
     <span class='ocr_line' id='line_1_38' title="bbox 502 2146 1921 2210; baseline 0.01 -9"><span class='ocrx_word' id='word_1_297' title='bbox 502 2146 560 2203; x_wconf 92' lang='lat' dir='ltr'><strong>in</strong></span> <span class='ocrx_word' id='word_1_298' title='bbox 587 2148 782 2205; x_wconf 68' lang='lat' dir='ltr'><strong>saa‘cula</strong></span> <span class='ocrx_word' id='word_1_299' title='bbox 810 2150 1150 2208; x_wconf 75' lang='lat' dir='ltr'><strong>Saeculorum.</strong></span> <span class='ocrx_word' id='word_1_300' title='bbox 1179 2153 1371 2210; x_wconf 90' lang='lat' dir='ltr'><strong>Amen.</strong></span> <span class='ocrx_word' id='word_1_301' title='bbox 1910 2158 1921 2173; x_wconf 81' lang='lat'>‘</span> 
     </span>
    </p>
   </div>
   <div class='ocr_carea' id='block_1_39' title="bbox 1021 2243 1582 2322">
    <p class='ocr_par' dir='ltr' id='par_1_39' title="bbox 1021 2243 1582 2322">
     <span class='ocr_line' id='line_1_39' title="bbox 1021 2243 1582 2322; baseline 0.007 -23"><span class='ocrx_word' id='word_1_302' title='bbox 1021 2243 1255 2302; x_wconf 79' lang='lat' dir='ltr'><strong>SEBMO</strong></span> <span class='ocrx_word' id='word_1_303' title='bbox 1294 2247 1338 2303; x_wconf 91' lang='lat' dir='ltr'><strong>v</strong></span> <span class='ocrx_word' id='word_1_304' title='bbox 1377 2246 1582 2322; x_wconf 76' lang='lat' dir='ltr'><strong>(uss).</strong></span> 
     </span>
    </p>
   </div>
   <div class='ocr_carea' id='block_1_40' title="bbox 1099 2352 1507 2395">
    <p class='ocr_par' dir='ltr' id='par_1_40' title="bbox 1099 2352 1507 2395">
     <span class='ocr_line' id='line_1_40' title="bbox 1099 2352 1507 2395; baseline 0.007 -5"><span class='ocrx_word' id='word_1_305' title='bbox 1099 2352 1167 2391; x_wconf 73' lang='grc' dir='ltr'><strong>ΒΕ</strong></span> <span class='ocrx_word' id='word_1_306' title='bbox 1206 2354 1404 2394; x_wconf 75' lang='lat' dir='ltr'><strong>PASCHA</strong></span> <span class='ocrx_word' id='word_1_307' title='bbox 1445 2356 1507 2395; x_wconf 82' lang='lat' dir='ltr'><strong>ll.</strong></span> 
     </span>
    </p>
   </div>
   <div class='ocr_carea' id='block_1_41' title="bbox 509 2422 2095 2503">
    <p class='ocr_par' dir='ltr' id='par_1_41' title="bbox 509 2422 2095 2503">
     <span class='ocr_line' id='line_1_41' title="bbox 509 2422 2095 2503; baseline 0.011 -27"><span class='ocrx_word' id='word_1_308' title='bbox 509 2422 628 2503; x_wconf 34' lang='lat'><strong>“,1.</strong></span> <span class='ocrx_word' id='word_1_309' title='bbox 669 2422 804 2501; x_wconf 86' lang='lat' dir='ltr'><strong>Cum</strong></span> <span class='ocrx_word' id='word_1_310' title='bbox 857 2441 1049 2483; x_wconf 86' lang='lat' dir='ltr'><strong>omnes</strong></span> <span class='ocrx_word' id='word_1_311' title='bbox 1102 2427 1155 2482; x_wconf 91' lang='lat' dir='ltr'><strong>in</strong></span> <span class='ocrx_word' id='word_1_312' title='bbox 1202 2429 1306 2485; x_wconf 90' lang='lat' dir='ltr'><strong>hac</strong></span> <span class='ocrx_word' id='word_1_313' title='bbox 1355 2432 1442 2487; x_wconf 87' lang='lat' dir='ltr'><strong>die</strong></span> <span class='ocrx_word' id='word_1_314' title='bbox 1494 2429 1766 2502; x_wconf 88' lang='lat' dir='ltr'><strong>Propheta</strong></span> <span class='ocrx_word' id='word_1_315' title='bbox 1815 2433 2095 2493; x_wconf 82' lang='lat' dir='ltr'><strong>exsultare</strong></span> 
     </span>
    </p>
   </div>
   <div class='ocr_carea' id='block_1_42' title="bbox 503 2511 2094 2594">
    <p class='ocr_par' dir='ltr' id='par_1_42' title="bbox 503 2511 2094 2594">
     <span class='ocr_line' id='line_1_42' title="bbox 503 2511 2094 2594; baseline 0.011 -30"><span class='ocrx_word' id='word_1_316' title='bbox 503 2511 786 2594; x_wconf 54' lang='lat' dir='ltr'><strong>praecipiat</strong></span> <span class='ocrx_word' id='word_1_317' title='bbox 819 2522 981 2585; x_wconf 85' lang='lat' dir='ltr'><strong>atque</strong></span> <span class='ocrx_word' id='word_1_318' title='bbox 1024 2513 1194 2571; x_wconf 65' lang='lat' dir='ltr'><strong>lmtari</strong></span> <span class='ocrx_word' id='word_1_319' title='bbox 1226 2515 1401 2589; x_wconf 89' lang='lat' dir='ltr'><strong>(Psal.</strong></span> <span class='ocrx_word' id='word_1_320' title='bbox 1432 2535 1597 2585; x_wconf 79' lang='lat' dir='ltr'><strong>cxvn,</strong></span> <span class='ocrx_word' id='word_1_321' title='bbox 1631 2521 1721 2592; x_wconf 70' lang='grc'><strong>21)</strong></span> <span class='ocrx_word' id='word_1_322' title='bbox 1742 2562 1758 2589; x_wconf 84' lang='grc'><strong>,</strong></span> <span class='ocrx_word' id='word_1_323' title='bbox 1802 2524 2094 2594; x_wconf 86' lang='lat' dir='ltr'><strong>reprehen-</strong></span> 
     </span>
    </p>
   </div>
   <div class='ocr_carea' id='block_1_43' title="bbox 503 2604 2093 2678">
    <p class='ocr_par' dir='ltr' id='par_1_43' title="bbox 503 2604 2093 2678">
     <span class='ocr_line' id='line_1_43' title="bbox 503 2604 2093 2678; baseline 0.008 -18"><span class='ocrx_word' id='word_1_324' title='bbox 503 2604 674 2662; x_wconf 86' lang='lat' dir='ltr'><strong>sionis</strong></span> <span class='ocrx_word' id='word_1_325' title='bbox 703 2623 806 2661; x_wconf 93' lang='lat' dir='ltr'><strong>non</strong></span> <span class='ocrx_word' id='word_1_326' title='bbox 834 2623 1025 2678; x_wconf 90' lang='lat' dir='ltr'><strong>parum</strong></span> <span class='ocrx_word' id='word_1_327' title='bbox 1055 2619 1238 2666; x_wconf 91' lang='lat' dir='ltr'><strong>metuo</strong></span> <span class='ocrx_word' id='word_1_328' title='bbox 1268 2619 1468 2675; x_wconf 87' lang='lat' dir='ltr'><strong>notam,</strong></span> <span class='ocrx_word' id='word_1_329' title='bbox 1502 2614 1546 2671; x_wconf 83' lang='lat' dir='ltr'><strong>si</strong></span> <span class='ocrx_word' id='word_1_330' title='bbox 1580 2629 1731 2669; x_wconf 88' lang='lat' dir='ltr'><strong>more</strong></span> <span class='ocrx_word' id='word_1_331' title='bbox 1760 2630 1881 2670; x_wconf 93' lang='lat' dir='ltr'><strong>meo</strong></span> <span class='ocrx_word' id='word_1_332' title='bbox 1923 2616 2093 2673; x_wconf 87' lang='lat' dir='ltr'><strong>tristi-</strong></span> 
     </span>
    </p>
   </div>
   <div class='ocr_carea' id='block_1_44' title="bbox 505 2696 2089 2781">
    <p class='ocr_par' dir='ltr' id='par_1_44' title="bbox 505 2696 2089 2781">
     <span class='ocr_line' id='line_1_44' title="bbox 505 2696 2089 2781; baseline 0.011 -31"><span class='ocrx_word' id='word_1_333' title='bbox 505 2698 594 2751; x_wconf 87' lang='lat' dir='ltr'><strong>tiae</strong></span> <span class='ocrx_word' id='word_1_334' title='bbox 643 2696 876 2781; x_wconf 80' lang='lat' dir='ltr'><strong>aliquam</strong></span> <span class='ocrx_word' id='word_1_335' title='bbox 933 2702 1171 2781; x_wconf 84' lang='lat' dir='ltr'><strong>sermoni</strong></span> <span class='ocrx_word' id='word_1_336' title='bbox 1224 2719 1347 2759; x_wconf 87' lang='lat' dir='ltr'><strong>meo</strong></span> <span class='ocrx_word' id='word_1_337' title='bbox 1398 2704 1684 2776; x_wconf 87' lang='lat' dir='ltr'><strong>interpono</strong></span> <span class='ocrx_word' id='word_1_338' title='bbox 1741 2708 2089 2778; x_wconf 86' lang='lat' dir='ltr'><strong>particulam.</strong></span> 
     </span>
    </p>
   </div>
   <div class='ocr_carea' id='block_1_45' title="bbox 503 2778 2092 2862">
    <p class='ocr_par' dir='ltr' id='par_1_45' title="bbox 503 2778 2092 2862">
     <span class='ocr_line' id='line_1_45' title="bbox 503 2778 2092 2862; baseline 0.011 -21"><span class='ocrx_word' id='word_1_339' title='bbox 503 2786 611 2842; x_wconf 87' lang='lat' dir='ltr'><strong>Sed</strong></span> <span class='ocrx_word' id='word_1_340' title='bbox 639 2778 776 2843; x_wconf 83' lang='lat' dir='ltr'><strong>absit</strong></span> <span class='ocrx_word' id='word_1_341' title='bbox 799 2778 1199 2862; x_wconf 78' lang='lat' dir='ltr'><strong>reprehensor;</strong></span> <span class='ocrx_word' id='word_1_342' title='bbox 1234 2809 1357 2848; x_wconf 89' lang='lat' dir='ltr'><strong>nam</strong></span> <span class='ocrx_word' id='word_1_343' title='bbox 1395 2809 1482 2849; x_wconf 91' lang='lat' dir='ltr'><strong>me</strong></span> <span class='ocrx_word' id='word_1_344' title='bbox 1516 2810 1621 2850; x_wconf 91' lang='lat' dir='ltr'><strong>non</strong></span> <span class='ocrx_word' id='word_1_345' title='bbox 1662 2797 1866 2854; x_wconf 87' lang='lat' dir='ltr'><strong>tristari</strong></span> <span class='ocrx_word' id='word_1_346' title='bbox 1911 2801 2092 2857; x_wconf 87' lang='lat' dir='ltr'><strong>consi-</strong></span> 
     </span>
    </p>
   </div>
   <div class='ocr_carea' id='block_1_46' title="bbox 499 2873 2089 2961">
    <p class='ocr_par' dir='ltr' id='par_1_46' title="bbox 499 2873 2089 2961">
     <span class='ocr_line' id='line_1_46' title="bbox 499 2873 2089 2961; baseline 0.011 -34"><span class='ocrx_word' id='word_1_347' title='bbox 499 2873 692 2933; x_wconf 82' lang='lat' dir='ltr'><strong>liarius</strong></span> <span class='ocrx_word' id='word_1_348' title='bbox 739 2888 879 2934; x_wconf 89' lang='lat' dir='ltr'><strong>vetat</strong></span> <span class='ocrx_word' id='word_1_349' title='bbox 936 2881 1184 2936; x_wconf 90' lang='lat' dir='ltr'><strong>interior.</strong></span> <span class='ocrx_word' id='word_1_350' title='bbox 1229 2880 1300 2938; x_wconf 90' lang='lat' dir='ltr'><strong>Ut</strong></span> <span class='ocrx_word' id='word_1_351' title='bbox 1344 2883 1487 2939; x_wconf 90' lang='lat' dir='ltr'><strong>enim</strong></span> <span class='ocrx_word' id='word_1_352' title='bbox 1524 2883 1723 2942; x_wconf 89' lang='lat' dir='ltr'><strong>Tobias</strong></span> <span class='ocrx_word' id='word_1_353' title='bbox 1767 2888 1981 2961; x_wconf 78' lang='lat' dir='ltr'><strong>angelo,</strong></span> <span class='ocrx_word' id='word_1_354' title='bbox 2012 2890 2089 2957; x_wconf 79' lang='lat' dir='ltr'><strong>ita</strong></span> 
     </span>
    </p>
   </div>
   <div class='ocr_carea' id='block_1_47' title="bbox 500 2968 2088 3052">
    <p class='ocr_par' dir='ltr' id='par_1_47' title="bbox 500 2968 2088 3052">
     <span class='ocr_line' id='line_1_47' title="bbox 500 2968 2088 3052; baseline 0.013 -32"><span class='ocrx_word' id='word_1_355' title='bbox 500 2968 728 3025; x_wconf 83' lang='lat' dir='ltr'><strong>cuilibet</strong></span> <span class='ocrx_word' id='word_1_356' title='bbox 771 2989 856 3028; x_wconf 89' lang='lat' dir='ltr'><strong>me</strong></span> <span class='ocrx_word' id='word_1_357' title='bbox 883 2972 1052 3028; x_wconf 71' lang='lat' dir='ltr'><strong>lmtari</strong></span> <span class='ocrx_word' id='word_1_358' title='bbox 1083 2974 1331 3037; x_wconf 84' lang='lat' dir='ltr'><strong>suadenti</strong></span> <span class='ocrx_word' id='word_1_359' title='bbox 1375 2980 1704 3050; x_wconf 85' lang='lat' dir='ltr'><strong>respondere</strong></span> <span class='ocrx_word' id='word_1_360' title='bbox 1733 2980 1850 3052; x_wconf 87' lang='lat' dir='ltr'><strong>ipse</strong></span> <span class='ocrx_word' id='word_1_361' title='bbox 1879 2997 1980 3039; x_wconf 86' lang='lat' dir='ltr'><strong>nec</strong></span> <span class='ocrx_word' id='word_1_362' title='bbox 2007 2983 2088 3049; x_wconf 82' lang='lat' dir='ltr'><strong>in-</strong></span> 
     </span>
    </p>
   </div>
   <div class='ocr_carea' id='block_1_48' title="bbox 499 3157 2089 3239">
    <p class='ocr_par' dir='ltr' id='par_1_48' title="bbox 499 3157 2089 3239">
     <span class='ocr_line' id='line_1_48' title="bbox 499 3157 2089 3239; baseline 0.009 -31"><span class='ocrx_word' id='word_1_363' title='bbox 499 3157 631 3221; x_wconf 85' lang='lat' dir='ltr'><strong>erit,</strong></span> <span class='ocrx_word' id='word_1_364' title='bbox 658 3158 745 3228; x_wconf 88' lang='lat' dir='ltr'><strong>qui</strong></span> <span class='ocrx_word' id='word_1_365' title='bbox 774 3159 825 3211; x_wconf 88' lang='lat' dir='ltr'><strong>in</strong></span> <span class='ocrx_word' id='word_1_366' title='bbox 877 3159 1098 3214; x_wconf 78' lang='lat' dir='ltr'><strong>tenebris</strong></span> <span class='ocrx_word' id='word_1_367' title='bbox 1131 3161 1304 3226; x_wconf 85' lang='lat' dir='ltr'><strong>sedeo,</strong></span> <span class='ocrx_word' id='word_1_368' title='bbox 1344 3172 1394 3218; x_wconf 87' lang='lat' dir='ltr'><strong>et</strong></span> <span class='ocrx_word' id='word_1_369' title='bbox 1420 3161 1595 3218; x_wconf 84' lang='lat' dir='ltr'><strong>lumen</strong></span> <span class='ocrx_word' id='word_1_370' title='bbox 1623 3165 1739 3220; x_wconf 70' lang='lat' dir='ltr'><strong>cazli</strong></span> <span class='ocrx_word' id='word_1_371' title='bbox 1769 3184 1871 3221; x_wconf 85' lang='lat' dir='ltr'><strong>non</strong></span> <span class='ocrx_word' id='word_1_372' title='bbox 1903 3168 2089 3239; x_wconf 80' lang='lat' dir='ltr'><strong>video?</strong></span> 
     </span>
    </p>
   </div>
   <div class='ocr_carea' id='block_1_49' title="bbox 499 3245 2086 3327">
    <p class='ocr_par' dir='ltr' id='par_1_49' title="bbox 499 3245 2086 3327">
     <span class='ocr_line' id='line_1_49' title="bbox 499 3245 2086 3327; baseline 0.009 -28"><span class='ocrx_word' id='word_1_373' title='bbox 499 3245 653 3318; x_wconf 80' lang='lat' dir='ltr'><strong>(Tob.</strong></span> <span class='ocrx_word' id='word_1_374' title='bbox 689 3264 737 3315; x_wconf 91' lang='lat' dir='ltr'><strong>v,</strong></span> <span class='ocrx_word' id='word_1_375' title='bbox 772 3250 881 3322; x_wconf 93' lang='grc'><strong>12.)</strong></span> <span class='ocrx_word' id='word_1_376' title='bbox 943 3249 1013 3306; x_wconf 86' lang='lat' dir='ltr'><strong>Ut</strong></span> <span class='ocrx_word' id='word_1_377' title='bbox 1037 3251 1180 3307; x_wconf 90' lang='lat' dir='ltr'><strong>enim</strong></span> <span class='ocrx_word' id='word_1_378' title='bbox 1227 3253 1407 3309; x_wconf 90' lang='lat' dir='ltr'><strong>lumen</strong></span> <span class='ocrx_word' id='word_1_379' title='bbox 1453 3253 1577 3310; x_wconf 68' lang='lat' dir='ltr'><strong>coeli</strong></span> <span class='ocrx_word' id='word_1_380' title='bbox 1625 3255 1796 3327; x_wconf 89' lang='lat' dir='ltr'><strong>ipsam</strong></span> <span class='ocrx_word' id='word_1_381' title='bbox 1841 3267 2086 3315; x_wconf 90' lang='lat' dir='ltr'><strong>nostram</strong></span> 
     </span>
    </p>
   </div>
   <div class='ocr_carea' id='block_1_50' title="bbox 498 3338 2087 3419">
    <p class='ocr_par' dir='ltr' id='par_1_50' title="bbox 498 3338 2087 3419">
     <span class='ocr_line' id='line_1_50' title="bbox 498 3338 2087 3419; baseline 0.008 -26"><span class='ocrx_word' id='word_1_382' title='bbox 498 3338 769 3409; x_wconf 84' lang='lat' dir='ltr'><strong>appellare</strong></span> <span class='ocrx_word' id='word_1_383' title='bbox 797 3356 902 3396; x_wconf 91' lang='lat' dir='ltr'><strong>non</strong></span> <span class='ocrx_word' id='word_1_384' title='bbox 936 3341 1305 3401; x_wconf 88' lang='lat' dir='ltr'><strong>disconveniat</strong></span> <span class='ocrx_word' id='word_1_385' title='bbox 1339 3346 1707 3415; x_wconf 88' lang='lat' dir='ltr'><strong>festivitatem,</strong></span> <span class='ocrx_word' id='word_1_386' title='bbox 1737 3351 1803 3404; x_wconf 90' lang='lat' dir='ltr'><strong>de</strong></span> <span class='ocrx_word' id='word_1_387' title='bbox 1831 3364 1936 3419; x_wconf 91' lang='lat' dir='ltr'><strong>qua</strong></span> <span class='ocrx_word' id='word_1_388' title='bbox 1979 3349 2087 3405; x_wconf 88' lang='lat' dir='ltr'><strong>sci-</strong></span> 
     </span>
    </p>
   </div>
   <div class='ocr_carea' id='block_1_51' title="bbox 495 3427 2081 3512">
    <p class='ocr_par' dir='ltr' id='par_1_51' title="bbox 495 3427 2081 3512">
     <span class='ocr_line' id='line_1_51' title="bbox 495 3427 2081 3512; baseline 0.008 -28"><span class='ocrx_word' id='word_1_389' title='bbox 495 3427 625 3486; x_wconf 80' lang='lat' dir='ltr'><strong>licet</strong></span> <span class='ocrx_word' id='word_1_390' title='bbox 655 3430 852 3486; x_wconf 80' lang='lat' dir='ltr'><strong>tlicitur</strong></span> <span class='ocrx_word' id='word_1_391' title='bbox 881 3450 894 3486; x_wconf 90' lang='lat'><strong>:</strong></span> <span class='ocrx_word' id='word_1_392' title='bbox 924 3431 1190 3489; x_wconf 60' lang='lat' dir='ltr'><strong>La’tentur</strong></span> <span class='ocrx_word' id='word_1_393' title='bbox 1217 3435 1351 3503; x_wconf 67' lang='lat' dir='ltr'><strong>ntali,</strong></span> <span class='ocrx_word' id='word_1_394' title='bbox 1392 3448 1439 3491; x_wconf 89' lang='lat' dir='ltr'><strong>et</strong></span> <span class='ocrx_word' id='word_1_395' title='bbox 1469 3438 1688 3492; x_wconf 76' lang='lat' dir='ltr'><strong>exsultet</strong></span> <span class='ocrx_word' id='word_1_396' title='bbox 1727 3439 1867 3495; x_wconf 79' lang='lat' dir='ltr'><strong>terra</strong></span> <span class='ocrx_word' id='word_1_397' title='bbox 1909 3437 2081 3512; x_wconf 87' lang='lat' dir='ltr'><strong>(Psal.</strong></span> 
     </span>
    </p>
   </div>
   <div class='ocr_carea' id='block_1_52' title="bbox 495 3520 2079 3602">
    <p class='ocr_par' dir='ltr' id='par_1_52' title="bbox 495 3520 2079 3602">
     <span class='ocr_line' id='line_1_52' title="bbox 495 3520 2079 3602; baseline 0.007 -27"><span class='ocrx_word' id='word_1_398' title='bbox 495 3534 620 3588; x_wconf 78' lang='lat' dir='ltr'><strong>xcv,</strong></span> <span class='ocrx_word' id='word_1_399' title='bbox 652 3520 740 3592; x_wconf 88' lang='grc'><strong>11)</strong></span> <span class='ocrx_word' id='word_1_400' title='bbox 773 3538 917 3578; x_wconf 92' lang='lat' dir='ltr'><strong>:non</strong></span> <span class='ocrx_word' id='word_1_401' title='bbox 945 3523 1036 3579; x_wconf 92' lang='lat' dir='ltr'><strong>illa</strong></span> <span class='ocrx_word' id='word_1_402' title='bbox 1085 3542 1214 3581; x_wconf 86' lang='lat' dir='ltr'><strong>vero</strong></span> <span class='ocrx_word' id='word_1_403' title='bbox 1242 3536 1410 3594; x_wconf 89' lang='lat' dir='ltr'><strong>terra,</strong></span> <span class='ocrx_word' id='word_1_404' title='bbox 1453 3528 1520 3584; x_wconf 89' lang='lat' dir='ltr'><strong>de</strong></span> <span class='ocrx_word' id='word_1_405' title='bbox 1560 3544 1666 3601; x_wconf 89' lang='lat' dir='ltr'><strong>qua</strong></span> <span class='ocrx_word' id='word_1_406' title='bbox 1714 3530 1953 3602; x_wconf 90' lang='lat' dir='ltr'><strong>serpenti</strong></span> <span class='ocrx_word' id='word_1_407' title='bbox 1984 3531 2079 3599; x_wconf 91' lang='lat' dir='ltr'><strong>illi,</strong></span> 
     </span>
    </p>
   </div>
   <div class='ocr_carea' id='block_1_53' title="bbox 494 3611 2082 3679">
    <p class='ocr_par' dir='ltr' id='par_1_53' title="bbox 494 3611 2082 3679">
     <span class='ocr_line' id='line_1_53' title="bbox 494 3611 2082 3679; baseline 0.008 -12"><span class='ocrx_word' id='word_1_408' title='bbox 494 3611 718 3667; x_wconf 81' lang='lat' dir='ltr'><strong>malitiae</strong></span> <span class='ocrx_word' id='word_1_409' title='bbox 775 3615 1004 3679; x_wconf 86' lang='lat' dir='ltr'><strong>suasori,</strong></span> <span class='ocrx_word' id='word_1_410' title='bbox 1073 3624 1158 3673; x_wconf 91' lang='lat' dir='ltr'><strong>est</strong></span> <span class='ocrx_word' id='word_1_411' title='bbox 1220 3618 1423 3674; x_wconf 87' lang='lat' dir='ltr'><strong>dictum</strong></span> <span class='ocrx_word' id='word_1_412' title='bbox 1492 3639 1505 3675; x_wconf 91' lang='lat'><strong>:</strong></span> <span class='ocrx_word' id='word_1_413' title='bbox 1567 3618 1783 3675; x_wconf 88' lang='lat' dir='ltr'><strong>Terram</strong></span> <span class='ocrx_word' id='word_1_414' title='bbox 1847 3623 2082 3679; x_wconf 84' lang='lat' dir='ltr'><strong>comedes</strong></span> 
     </span>
    </p>
   </div>
   <div class='ocr_carea' id='block_1_54' title="bbox 495 3701 2080 3782">
    <p class='ocr_par' dir='ltr' id='par_1_54' title="bbox 495 3701 2080 3782">
     <span class='ocr_line' id='line_1_54' title="bbox 495 3701 2080 3782; baseline 0.008 -27"><span class='ocrx_word' id='word_1_415' title='bbox 495 3701 700 3756; x_wconf 84' lang='lat' dir='ltr'><strong>cunctis</strong></span> <span class='ocrx_word' id='word_1_416' title='bbox 729 3702 909 3757; x_wconf 81' lang='lat' dir='ltr'><strong>diebus</strong></span> <span class='ocrx_word' id='word_1_417' title='bbox 939 3703 1055 3759; x_wconf 73' lang='lat' dir='ltr'><strong>vita:</strong></span> <span class='ocrx_word' id='word_1_418' title='bbox 1080 3715 1186 3760; x_wconf 75' lang='lat' dir='ltr'><strong>tua:</strong></span> <span class='ocrx_word' id='word_1_419' title='bbox 1213 3703 1362 3780; x_wconf 82' lang='lat' dir='ltr'><strong>(Gen.</strong></span> <span class='ocrx_word' id='word_1_420' title='bbox 1392 3724 1474 3775; x_wconf 85' lang='grc' dir='ltr'><strong><em>ιιι,</em></strong></span> <span class='ocrx_word' id='word_1_421' title='bbox 1507 3708 1616 3781; x_wconf 76' lang='grc'><strong>14),</strong></span> <span class='ocrx_word' id='word_1_422' title='bbox 1648 3710 1741 3766; x_wconf 90' lang='lat' dir='ltr'><strong>sed</strong></span> <span class='ocrx_word' id='word_1_423' title='bbox 1766 3709 1854 3765; x_wconf 89' lang='lat' dir='ltr'><strong>illa</strong></span> <span class='ocrx_word' id='word_1_424' title='bbox 1880 3713 2080 3782; x_wconf 87' lang='lat' dir='ltr'><strong>potius,</strong></span> 
     </span>
    </p>
   </div>
   <div class='ocr_carea' id='block_1_55' title="bbox 496 3792 2081 3863">
    <p class='ocr_par' dir='ltr' id='par_1_55' title="bbox 496 3792 2081 3863">
     <span class='ocr_line' id='line_1_55' title="bbox 496 3792 2081 3863; baseline 0.008 -16"><span class='ocrx_word' id='word_1_425' title='bbox 496 3792 563 3848; x_wconf 89' lang='lat' dir='ltr'><strong>de</strong></span> <span class='ocrx_word' id='word_1_426' title='bbox 593 3806 699 3863; x_wconf 86' lang='lat' dir='ltr'><strong>qua</strong></span> <span class='ocrx_word' id='word_1_427' title='bbox 727 3792 929 3849; x_wconf 87' lang='lat' dir='ltr'><strong>dictum</strong></span> <span class='ocrx_word' id='word_1_428' title='bbox 957 3803 1116 3851; x_wconf 87' lang='lat' dir='ltr'><strong>antea</strong></span> <span class='ocrx_word' id='word_1_429' title='bbox 1143 3796 1321 3854; x_wconf 81' lang='lat' dir='ltr'><strong>fuerat</strong></span> <span class='ocrx_word' id='word_1_430' title='bbox 1345 3817 1359 3852; x_wconf 88' lang='lat'><strong>:</strong></span> <span class='ocrx_word' id='word_1_431' title='bbox 1386 3797 1649 3855; x_wconf 85' lang='lat' dir='ltr'><strong>Germinet</strong></span> <span class='ocrx_word' id='word_1_432' title='bbox 1684 3811 1829 3857; x_wconf 88' lang='lat' dir='ltr'><strong>terra</strong></span> <span class='ocrx_word' id='word_1_433' title='bbox 1864 3798 2081 3858; x_wconf 73' lang='lat' dir='ltr'><strong>herbam</strong></span> 
     </span>
    </p>
   </div>
   <div class='ocr_carea' id='block_1_56' title="bbox 494 3883 2082 3961">
    <p class='ocr_par' dir='ltr' id='par_1_56' title="bbox 494 3883 2082 3961">
     <span class='ocr_line' id='line_1_56' title="bbox 494 3883 2082 3961; baseline 0.011 -25"><span class='ocrx_word' id='word_1_434' title='bbox 494 3883 742 3938; x_wconf 77' lang='lat' dir='ltr'><strong>virentem</strong></span> <span class='ocrx_word' id='word_1_435' title='bbox 773 3885 926 3956; x_wconf 83' lang='lat' dir='ltr'><strong>(Gen.</strong></span> <span class='ocrx_word' id='word_1_436' title='bbox 966 3901 1006 3954; x_wconf 90' lang='grc' dir='ltr'><strong><em>ι,</em></strong></span> <span class='ocrx_word' id='word_1_437' title='bbox 1052 3886 1164 3959; x_wconf 89' lang='grc'><strong>11),</strong></span> <span class='ocrx_word' id='word_1_438' title='bbox 1187 3898 1485 3961; x_wconf 70' lang='lat' dir='ltr'><strong>etc.,~qu;e</strong></span> <span class='ocrx_word' id='word_1_439' title='bbox 1521 3895 1814 3949; x_wconf 91' lang='lat' dir='ltr'><strong>secundum</strong></span> <span class='ocrx_word' id='word_1_440' title='bbox 1845 3894 2082 3954; x_wconf 89' lang='lat' dir='ltr'><strong>litteram</strong></span> 
     </span>
    </p>
   </div>
   <div class='ocr_carea' id='block_1_57' title="bbox 494 3977 2082 4059">
    <p class='ocr_par' dir='ltr' id='par_1_57' title="bbox 494 3977 2082 4059">
     <span class='ocr_line' id='line_1_57' title="bbox 494 3977 2082 4059; baseline 0.008 -28"><span class='ocrx_word' id='word_1_441' title='bbox 494 3977 629 4032; x_wconf 81' lang='lat' dir='ltr'><strong>satis</strong></span> <span class='ocrx_word' id='word_1_442' title='bbox 670 3986 796 4032; x_wconf 89' lang='lat' dir='ltr'><strong>sunt</strong></span> <span class='ocrx_word' id='word_1_443' title='bbox 824 3978 986 4044; x_wconf 84' lang='lat' dir='ltr'><strong>bona,</strong></span> <span class='ocrx_word' id='word_1_444' title='bbox 1031 3983 1323 4036; x_wconf 89' lang='lat' dir='ltr'><strong>secundum</strong></span> <span class='ocrx_word' id='word_1_445' title='bbox 1363 4000 1493 4040; x_wconf 89' lang='lat' dir='ltr'><strong>vero</strong></span> <span class='ocrx_word' id='word_1_446' title='bbox 1539 3987 1828 4059; x_wconf 83' lang='lat' dir='ltr'><strong>mysticum</strong></span> <span class='ocrx_word' id='word_1_447' title='bbox 1873 3988 2082 4045; x_wconf 86' lang='lat' dir='ltr'><strong>intelle-</strong></span> 
     </span>
    </p>
   </div>
   <div class='ocr_carea' id='block_1_58' title="bbox 495 4064 2079 4149">
    <p class='ocr_par' dir='ltr' id='par_1_58' title="bbox 495 4064 2079 4149">
     <span class='ocr_line' id='line_1_58' title="bbox 495 4064 2079 4149; baseline 0.009 -26"><span class='ocrx_word' id='word_1_448' title='bbox 495 4076 642 4123; x_wconf 86' lang='lat' dir='ltr'><strong>ctum</strong></span> <span class='ocrx_word' id='word_1_449' title='bbox 675 4064 871 4139; x_wconf 87' lang='lat' dir='ltr'><strong>oppido</strong></span> <span class='ocrx_word' id='word_1_450' title='bbox 897 4071 1138 4127; x_wconf 83' lang='lat' dir='ltr'><strong>meliora.</strong></span> <span class='ocrx_word' id='word_1_451' title='bbox 1157 4072 1324 4144; x_wconf 84' lang='lat' dir='ltr'><strong>Hujus</strong></span> <span class='ocrx_word' id='word_1_452' title='bbox 1346 4075 1451 4131; x_wconf 87' lang='lat' dir='ltr'><strong>diei</strong></span> <span class='ocrx_word' id='word_1_453' title='bbox 1486 4077 1741 4148; x_wconf 76' lang='lat' dir='ltr'><strong>gaudium</strong></span> <span class='ocrx_word' id='word_1_454' title='bbox 1770 4094 1878 4149; x_wconf 90' lang='lat' dir='ltr'><strong>qua</strong></span> <span class='ocrx_word' id='word_1_455' title='bbox 1909 4088 2079 4136; x_wconf 84' lang='lat' dir='ltr'><strong>teme-</strong></span> 
     </span>
    </p>
   </div>
   <div class='ocr_carea' id='block_1_59' title="bbox 493 4156 2079 4237">
    <p class='ocr_par' dir='ltr' id='par_1_59' title="bbox 493 4156 2079 4237">
     <span class='ocr_line' id='line_1_59' title="bbox 493 4156 2079 4237; baseline 0.008 -25"><span class='ocrx_word' id='word_1_456' title='bbox 493 4156 657 4212; x_wconf 81' lang='lat' dir='ltr'><strong>ritate</strong></span> <span class='ocrx_word' id='word_1_457' title='bbox 703 4172 789 4213; x_wconf 88' lang='lat' dir='ltr'><strong>me</strong></span> <span class='ocrx_word' id='word_1_458' title='bbox 837 4158 941 4213; x_wconf 84' lang='lat' dir='ltr'><strong>frui</strong></span> <span class='ocrx_word' id='word_1_459' title='bbox 981 4160 1104 4230; x_wconf 90' lang='lat' dir='ltr'><strong>jure</strong></span> <span class='ocrx_word' id='word_1_460' title='bbox 1151 4165 1481 4232; x_wconf 89' lang='lat' dir='ltr'><strong>pronuntio,</strong></span> <span class='ocrx_word' id='word_1_461' title='bbox 1525 4165 1617 4237; x_wconf 90' lang='lat' dir='ltr'><strong>qui</strong></span> <span class='ocrx_word' id='word_1_462' title='bbox 1670 4176 1848 4222; x_wconf 89' lang='lat' dir='ltr'><strong>tamen</strong></span> <span class='ocrx_word' id='word_1_463' title='bbox 1898 4167 2079 4224; x_wconf 86' lang='lat' dir='ltr'><strong>lumen</strong></span> 
     </span>
    </p>
   </div>
   <div class='ocr_carea' id='block_1_60' title="bbox 493 4248 2081 4330">
    <p class='ocr_par' dir='ltr' id='par_1_60' title="bbox 493 4248 2081 4330">
     <span class='ocr_line' id='line_1_60' title="bbox 493 4248 2081 4330; baseline 0.007 -26"><span class='ocrx_word' id='word_1_464' title='bbox 493 4248 681 4321; x_wconf 71' lang='grc'><strong>(1689)</strong></span> <span class='ocrx_word' id='word_1_465' title='bbox 709 4250 851 4318; x_wconf 70' lang='lat' dir='ltr'><strong>cmli,</strong></span> <span class='ocrx_word' id='word_1_466' title='bbox 879 4252 932 4307; x_wconf 86' lang='lat' dir='ltr'><strong>id</strong></span> <span class='ocrx_word' id='word_1_467' title='bbox 959 4263 1060 4319; x_wconf 87' lang='lat' dir='ltr'><strong>est,</strong></span> <span class='ocrx_word' id='word_1_468' title='bbox 1088 4254 1282 4325; x_wconf 91' lang='lat' dir='ltr'><strong>ipsum,</strong></span> <span class='ocrx_word' id='word_1_469' title='bbox 1307 4257 1396 4327; x_wconf 86' lang='lat' dir='ltr'><strong>qui</strong></span> <span class='ocrx_word' id='word_1_470' title='bbox 1422 4256 1616 4314; x_wconf 68' lang='lat' dir='ltr'><strong>coelum</strong></span> <span class='ocrx_word' id='word_1_471' title='bbox 1646 4257 1931 4326; x_wconf 82' lang='lat' dir='ltr'><strong>illuminat,</strong></span> <span class='ocrx_word' id='word_1_472' title='bbox 1955 4274 2081 4330; x_wconf 81' lang='lat' dir='ltr'><strong>pec-</strong></span> 
     </span>
    </p>
   </div>
   <div class='ocr_carea' id='block_1_61' title="bbox 493 4343 2079 4417">
    <p class='ocr_par' dir='ltr' id='par_1_61' title="bbox 493 4343 2079 4417">
     <span class='ocr_line' id='line_1_61' title="bbox 493 4343 2079 4417; baseline 0.008 -24"><span class='ocrx_word' id='word_1_473' title='bbox 493 4349 741 4417; x_wconf 86' lang='lat' dir='ltr'><strong>catorum</strong></span> <span class='ocrx_word' id='word_1_474' title='bbox 785 4343 980 4398; x_wconf 87' lang='lat' dir='ltr'><strong>nebula</strong></span> <span class='ocrx_word' id='word_1_475' title='bbox 1031 4345 1471 4404; x_wconf 88' lang='lat' dir='ltr'><strong>circumvallatus</strong></span> <span class='ocrx_word' id='word_1_476' title='bbox 1518 4348 1705 4406; x_wconf 90' lang='lat' dir='ltr'><strong>videre</strong></span> <span class='ocrx_word' id='word_1_477' title='bbox 1746 4365 1855 4406; x_wconf 90' lang='lat' dir='ltr'><strong>non</strong></span> <span class='ocrx_word' id='word_1_478' title='bbox 1880 4349 2079 4407; x_wconf 79' lang='lat' dir='ltr'><strong>valeo?</strong></span> 
     </span>
    </p>
   </div>
   <div class='ocr_carea' id='block_1_62' title="bbox 2200 1775 3789 1857">
    <p class='ocr_par' dir='ltr' id='par_1_62' title="bbox 2200 1775 3789 1857">
     <span class='ocr_line' id='line_1_62' title="bbox 2200 1775 3789 1857; baseline -0.001 -25"><span class='ocrx_word' id='word_1_479' title='bbox 2200 1777 2344 1846; x_wconf 89' lang='lat' dir='ltr'><strong>quod</strong></span> <span class='ocrx_word' id='word_1_480' title='bbox 2383 1776 2513 1830; x_wconf 87' lang='lat' dir='ltr'><strong>nihil</strong></span> <span class='ocrx_word' id='word_1_481' title='bbox 2541 1776 2720 1843; x_wconf 86' lang='lat' dir='ltr'><strong>habet,</strong></span> <span class='ocrx_word' id='word_1_482' title='bbox 2758 1776 2861 1857; x_wconf 78' lang='lat' dir='ltr'><strong>nisi</strong></span> <span class='ocrx_word' id='word_1_483' title='bbox 2899 1775 3043 1846; x_wconf 91' lang='lat' dir='ltr'><strong>quod</strong></span> <span class='ocrx_word' id='word_1_484' title='bbox 3086 1785 3375 1851; x_wconf 81' lang='lat' dir='ltr'><strong>monstrat.</strong></span> <span class='ocrx_word' id='word_1_485' title='bbox 3414 1775 3636 1833; x_wconf 76' lang='lat' dir='ltr'><strong>Veritas</strong></span> <span class='ocrx_word' id='word_1_486' title='bbox 3665 1788 3789 1831; x_wconf 85' lang='lat' dir='ltr'><strong>vero</strong></span> 
     </span>
    </p>
   </div>
   <div class='ocr_carea' id='block_1_63' title="bbox 2198 1868 3790 1944">
    <p class='ocr_par' dir='ltr' id='par_1_63' title="bbox 2198 1868 3790 1944">
     <span class='ocr_line' id='line_1_63' title="bbox 2198 1868 3790 1944; baseline 0.001 -20"><span class='ocrx_word' id='word_1_487' title='bbox 2198 1872 2326 1942; x_wconf 85' lang='lat' dir='ltr'><strong>quid</strong></span> <span class='ocrx_word' id='word_1_488' title='bbox 2350 1881 2491 1925; x_wconf 80' lang='lat' dir='ltr'><strong>esset</strong></span> <span class='ocrx_word' id='word_1_489' title='bbox 2511 1886 2634 1926; x_wconf 87' lang='lat' dir='ltr'><strong>cum</strong></span> <span class='ocrx_word' id='word_1_490' title='bbox 2655 1869 2861 1926; x_wconf 85' lang='lat' dir='ltr'><strong>Pilatus</strong></span> <span class='ocrx_word' id='word_1_491' title='bbox 2883 1870 3273 1944; x_wconf 75' lang='lat' dir='ltr'><strong>interrogasset</strong></span> <span class='ocrx_word' id='word_1_492' title='bbox 3291 1869 3475 1943; x_wconf 84' lang='lat' dir='ltr'><strong>(Joan.</strong></span> <span class='ocrx_word' id='word_1_493' title='bbox 3495 1884 3659 1934; x_wconf 71' lang='lat' dir='ltr'><strong>svnt,</strong></span> <span class='ocrx_word' id='word_1_494' title='bbox 3678 1868 3790 1943; x_wconf 72' lang='grc'><strong>38),</strong></span> 
     </span>
    </p>
   </div>
   <div class='ocr_carea' id='block_1_64' title="bbox 2198 1963 3788 2033">
    <p class='ocr_par' dir='ltr' id='par_1_64' title="bbox 2198 1963 3788 2033">
     <span class='ocr_line' id='line_1_64' title="bbox 2198 1963 3788 2033; baseline -0.002 -13"><span class='ocrx_word' id='word_1_495' title='bbox 2198 1979 2305 2020; x_wconf 90' lang='lat' dir='ltr'><strong>non</strong></span> <span class='ocrx_word' id='word_1_496' title='bbox 2336 1964 2674 2033; x_wconf 79' lang='lat' dir='ltr'><strong>exspectavit</strong></span> <span class='ocrx_word' id='word_1_497' title='bbox 2701 1965 2912 2029; x_wconf 83' lang='lat' dir='ltr'><strong>audire,</strong></span> <span class='ocrx_word' id='word_1_498' title='bbox 2936 1965 3054 2023; x_wconf 88' lang='lat' dir='ltr'><strong>ideo</strong></span> <span class='ocrx_word' id='word_1_499' title='bbox 3080 1965 3148 2020; x_wconf 90' lang='lat' dir='ltr'><strong>de</strong></span> <span class='ocrx_word' id='word_1_500' title='bbox 3187 1964 3276 2020; x_wconf 90' lang='lat' dir='ltr'><strong>illa</strong></span> <span class='ocrx_word' id='word_1_501' title='bbox 3306 1979 3412 2020; x_wconf 86' lang='lat' dir='ltr'><strong>non</strong></span> <span class='ocrx_word' id='word_1_502' title='bbox 3458 1963 3667 2021; x_wconf 86' lang='lat' dir='ltr'><strong>meruit</strong></span> <span class='ocrx_word' id='word_1_503' title='bbox 3700 1977 3788 2033; x_wconf 61' lang='lat' dir='ltr'><strong>ep;</strong></span> 
     </span>
    </p>
   </div>
   <div class='ocr_carea' id='block_1_65' title="bbox 2197 2054 3787 2129">
    <p class='ocr_par' dir='ltr' id='par_1_65' title="bbox 2197 2054 3787 2129">
     <span class='ocr_line' id='line_1_65' title="bbox 2197 2054 3787 2129; baseline 0.002 -15"><span class='ocrx_word' id='word_1_504' title='bbox 2197 2058 2421 2114; x_wconf 88' lang='lat' dir='ltr'><strong>sultare.</strong></span> <span class='ocrx_word' id='word_1_505' title='bbox 2452 2057 2551 2125; x_wconf 86' lang='lat' dir='ltr'><strong>Qui</strong></span> <span class='ocrx_word' id='word_1_506' title='bbox 2582 2071 2712 2129; x_wconf 83' lang='lat' dir='ltr'><strong>ergo</strong></span> <span class='ocrx_word' id='word_1_507' title='bbox 2737 2073 2839 2113; x_wconf 89' lang='lat' dir='ltr'><strong>nec</strong></span> <span class='ocrx_word' id='word_1_508' title='bbox 2865 2056 2922 2113; x_wconf 91' lang='lat' dir='ltr'><strong>in</strong></span> <span class='ocrx_word' id='word_1_509' title='bbox 2944 2074 3043 2114; x_wconf 90' lang='lat' dir='ltr'><strong>ore</strong></span> <span class='ocrx_word' id='word_1_510' title='bbox 3067 2057 3378 2125; x_wconf 87' lang='lat' dir='ltr'><strong>veritatem,</strong></span> <span class='ocrx_word' id='word_1_511' title='bbox 3407 2072 3512 2114; x_wconf 89' lang='lat' dir='ltr'><strong>nec</strong></span> <span class='ocrx_word' id='word_1_512' title='bbox 3542 2057 3601 2112; x_wconf 87' lang='lat' dir='ltr'><strong>in</strong></span> <span class='ocrx_word' id='word_1_513' title='bbox 3630 2054 3787 2117; x_wconf 60' lang='lat' dir='ltr'><strong>corde</strong></span> 
     </span>
    </p>
   </div>
   <div class='ocr_carea' id='block_1_66' title="bbox 2196 2148 3787 2223">
    <p class='ocr_par' dir='ltr' id='par_1_66' title="bbox 2196 2148 3787 2223">
     <span class='ocr_line' id='line_1_66' title="bbox 2196 2148 3787 2223; baseline -0.002 -18"><span class='ocrx_word' id='word_1_514' title='bbox 2196 2150 2438 2223; x_wconf 88' lang='lat' dir='ltr'><strong>possidet</strong></span> <span class='ocrx_word' id='word_1_515' title='bbox 2463 2150 2774 2219; x_wconf 88' lang='lat' dir='ltr'><strong>puritatem,</strong></span> <span class='ocrx_word' id='word_1_516' title='bbox 2803 2149 3009 2207; x_wconf 83' lang='lat' dir='ltr'><strong>Christi</strong></span> <span class='ocrx_word' id='word_1_517' title='bbox 3039 2151 3311 2221; x_wconf 91' lang='lat' dir='ltr'><strong>quomodo</strong></span> <span class='ocrx_word' id='word_1_518' title='bbox 3356 2165 3527 2207; x_wconf 87' lang='lat' dir='ltr'><strong>ausus</strong></span> <span class='ocrx_word' id='word_1_519' title='bbox 3557 2148 3633 2203; x_wconf 88' lang='lat' dir='ltr'><strong>sit</strong></span> <span class='ocrx_word' id='word_1_520' title='bbox 3664 2161 3787 2219; x_wconf 81' lang='lat' dir='ltr'><strong>pen-</strong></span> 
     </span>
    </p>
   </div>
   <div class='ocr_carea' id='block_1_67' title="bbox 2196 2237 3787 2314">
    <p class='ocr_par' dir='ltr' id='par_1_67' title="bbox 2196 2237 3787 2314">
     <span class='ocr_line' id='line_1_67' title="bbox 2196 2237 3787 2314; baseline -0.003 -17"><span class='ocrx_word' id='word_1_521' title='bbox 2196 2242 2427 2297; x_wconf 85' lang='lat' dir='ltr'><strong>sandum</strong></span> <span class='ocrx_word' id='word_1_522' title='bbox 2476 2241 2762 2297; x_wconf 88' lang='lat' dir='ltr'><strong>comedere</strong></span> <span class='ocrx_word' id='word_1_523' title='bbox 2808 2256 3028 2298; x_wconf 86' lang='lat' dir='ltr'><strong>carnem</strong></span> <span class='ocrx_word' id='word_1_524' title='bbox 3074 2240 3282 2314; x_wconf 73' lang='lat' dir='ltr'><strong>(M91),</strong></span> <span class='ocrx_word' id='word_1_525' title='bbox 3310 2255 3434 2296; x_wconf 90' lang='lat' dir='ltr'><strong>cum</strong></span> <span class='ocrx_word' id='word_1_526' title='bbox 3480 2237 3787 2310; x_wconf 61' lang='lat' dir='ltr'><strong>presertin;</strong></span> 
     </span>
    </p>
   </div>
   <div class='ocr_carea' id='block_1_68' title="bbox 2193 2326 3786 2407">
    <p class='ocr_par' dir='ltr' id='par_1_68' title="bbox 2193 2326 3786 2407">
     <span class='ocr_line' id='line_1_68' title="bbox 2193 2326 3786 2407; baseline -0.002 -20"><span class='ocrx_word' id='word_1_527' title='bbox 2193 2330 2488 2403; x_wconf 82' lang='lat' dir='ltr'><strong>Apostolus</strong></span> <span class='ocrx_word' id='word_1_528' title='bbox 2513 2333 2751 2404; x_wconf 90' lang='lat' dir='ltr'><strong>apertius</strong></span> <span class='ocrx_word' id='word_1_529' title='bbox 2780 2333 2884 2393; x_wconf 87' lang='lat' dir='ltr'><strong>hoc</strong></span> <span class='ocrx_word' id='word_1_530' title='bbox 2922 2332 3232 2403; x_wconf 80' lang='lat' dir='ltr'><strong>interdicat,</strong></span> <span class='ocrx_word' id='word_1_531' title='bbox 3258 2331 3401 2407; x_wconf 84' lang='lat' dir='ltr'><strong>nulla</strong></span> <span class='ocrx_word' id='word_1_532' title='bbox 3428 2331 3649 2391; x_wconf 74' lang='lat' dir='ltr'><strong>scilicet</strong></span> <span class='ocrx_word' id='word_1_533' title='bbox 3686 2326 3786 2385; x_wconf 41' lang='lat' dir='ltr'><strong>cite</strong></span> 
     </span>
    </p>
   </div>
   <div class='ocr_carea' id='block_1_69' title="bbox 2195 2424 3787 2499">
    <p class='ocr_par' dir='ltr' id='par_1_69' title="bbox 2195 2424 3787 2499">
     <span class='ocr_line' id='line_1_69' title="bbox 2195 2424 3787 2499; baseline -0.005 -15"><span class='ocrx_word' id='word_1_534' title='bbox 2195 2427 2433 2484; x_wconf 84' lang='lat' dir='ltr'><strong>cultione</strong></span> <span class='ocrx_word' id='word_1_535' title='bbox 2459 2441 2611 2492; x_wconf 89' lang='lat' dir='ltr'><strong>usus,</strong></span> <span class='ocrx_word' id='word_1_536' title='bbox 2643 2426 2873 2487; x_wconf 89' lang='lat' dir='ltr'><strong>dicendo</strong></span> <span class='ocrx_word' id='word_1_537' title='bbox 2903 2441 2920 2481; x_wconf 90' lang='lat'><strong>:</strong></span> <span class='ocrx_word' id='word_1_538' title='bbox 2952 2424 3261 2499; x_wconf 75' lang='lat' dir='ltr'><strong>Quicunque</strong></span> <span class='ocrx_word' id='word_1_539' title='bbox 3289 2425 3579 2499; x_wconf 62' lang='lat' dir='ltr'><strong>manduca:</strong></span> <span class='ocrx_word' id='word_1_540' title='bbox 3601 2435 3787 2491; x_wconf 74' lang='lat' dir='ltr'><strong>corpus</strong></span> 
     </span>
    </p>
   </div>
   <div class='ocr_carea' id='block_1_70' title="bbox 2198 2512 3784 2593">
    <p class='ocr_par' dir='ltr' id='par_1_70' title="bbox 2198 2512 3784 2593">
     <span class='ocr_line' id='line_1_70' title="bbox 2198 2512 3784 2593; baseline -0.006 -19"><span class='ocrx_word' id='word_1_541' title='bbox 2198 2518 2411 2574; x_wconf 87' lang='lat' dir='ltr'><strong>Domini</strong></span> <span class='ocrx_word' id='word_1_542' title='bbox 2461 2517 2693 2588; x_wconf 83' lang='lat' dir='ltr'><strong>indigne,</strong></span> <span class='ocrx_word' id='word_1_543' title='bbox 2730 2516 2999 2593; x_wconf 74' lang='lat' dir='ltr'><strong>judicium</strong></span> <span class='ocrx_word' id='word_1_544' title='bbox 3043 2517 3143 2573; x_wconf 84' lang='lat' dir='ltr'><strong>sibi</strong></span> <span class='ocrx_word' id='word_1_545' title='bbox 3205 2517 3489 2571; x_wconf 82' lang='lat' dir='ltr'><strong>manducat</strong></span> <span class='ocrx_word' id='word_1_546' title='bbox 3553 2512 3610 2585; x_wconf 88' lang='grc' dir='ltr'><strong>(Ι</strong></span> <span class='ocrx_word' id='word_1_547' title='bbox 3665 2512 3784 2571; x_wconf 80' lang='lat' dir='ltr'><strong>Cor.</strong></span> 
     </span>
    </p>
   </div>
   <div class='ocr_carea' id='block_1_71' title="bbox 2193 2602 3785 2681">
    <p class='ocr_par' dir='ltr' id='par_1_71' title="bbox 2193 2602 3785 2681">
     <span class='ocr_line' id='line_1_71' title="bbox 2193 2602 3785 2681; baseline -0.005 -16"><span class='ocrx_word' id='word_1_548' title='bbox 2193 2625 2272 2677; x_wconf 72' lang='lat' dir='ltr'><strong>xu,</strong></span> <span class='ocrx_word' id='word_1_549' title='bbox 2303 2610 2419 2681; x_wconf 88' lang='grc'><strong>29).</strong></span> <span class='ocrx_word' id='word_1_550' title='bbox 2453 2610 2542 2679; x_wconf 83' lang='grc' dir='ltr'><strong>Ει,</strong></span> <span class='ocrx_word' id='word_1_551' title='bbox 2581 2611 2652 2667; x_wconf 93' lang='lat' dir='ltr'><strong>oh</strong></span> <span class='ocrx_word' id='word_1_552' title='bbox 2679 2613 2693 2665; x_wconf 87' lang='grc' dir='ltr'><strong>ι</strong></span> <span class='ocrx_word' id='word_1_553' title='bbox 2737 2625 2902 2681; x_wconf 88' lang='lat' dir='ltr'><strong>quam</strong></span> <span class='ocrx_word' id='word_1_554' title='bbox 2943 2608 3091 2669; x_wconf 90' lang='lat' dir='ltr'><strong>valet</strong></span> <span class='ocrx_word' id='word_1_555' title='bbox 3123 2608 3282 2665; x_wconf 85' lang='lat' dir='ltr'><strong>hodie</strong></span> <span class='ocrx_word' id='word_1_556' title='bbox 3307 2605 3587 2663; x_wconf 77' lang='lat' dir='ltr'><strong>exsultare</strong></span> <span class='ocrx_word' id='word_1_557' title='bbox 3617 2611 3677 2660; x_wconf 88' lang='lat' dir='ltr'><strong>et</strong></span> <span class='ocrx_word' id='word_1_558' title='bbox 3700 2602 3785 2658; x_wconf 70' lang='lat' dir='ltr'><strong>la-</strong></span> 
     </span>
    </p>
   </div>
   <div class='ocr_carea' id='block_1_72' title="bbox 2193 2690 3786 2777">
    <p class='ocr_par' dir='ltr' id='par_1_72' title="bbox 2193 2690 3786 2777">
     <span class='ocr_line' id='line_1_72' title="bbox 2193 2690 3786 2777; baseline -0.008 -16"><span class='ocrx_word' id='word_1_559' title='bbox 2193 2690 2319 2769; x_wconf 79' lang='lat' dir='ltr'><strong>tari,</strong></span> <span class='ocrx_word' id='word_1_560' title='bbox 2343 2702 2463 2759; x_wconf 92' lang='lat' dir='ltr'><strong>loco</strong></span> <span class='ocrx_word' id='word_1_561' title='bbox 2500 2703 2693 2761; x_wconf 87' lang='lat' dir='ltr'><strong>salutis</strong></span> <span class='ocrx_word' id='word_1_562' title='bbox 2716 2703 2981 2774; x_wconf 87' lang='lat' dir='ltr'><strong>judicium</strong></span> <span class='ocrx_word' id='word_1_563' title='bbox 3010 2710 3343 2777; x_wconf 82' lang='lat' dir='ltr'><strong>sumpturus,</strong></span> <span class='ocrx_word' id='word_1_564' title='bbox 3373 2696 3495 2756; x_wconf 92' lang='lat' dir='ltr'><strong>loco</strong></span> <span class='ocrx_word' id='word_1_565' title='bbox 3536 2695 3670 2755; x_wconf 75' lang='lat' dir='ltr'><strong>vita:</strong></span> <span class='ocrx_word' id='word_1_566' title='bbox 3701 2693 3786 2763; x_wconf 52' lang='lat' dir='ltr'><strong>in:</strong></span> 
     </span>
    </p>
   </div>
   <div class='ocr_carea' id='block_1_73' title="bbox 2193 2788 3786 2871">
    <p class='ocr_par' dir='ltr' id='par_1_73' title="bbox 2193 2788 3786 2871">
     <span class='ocr_line' id='line_1_73' title="bbox 2193 2788 3786 2871; baseline -0.004 -19"><span class='ocrx_word' id='word_1_567' title='bbox 2193 2796 2441 2853; x_wconf 89' lang='lat' dir='ltr'><strong>teritum!</strong></span> <span class='ocrx_word' id='word_1_568' title='bbox 2484 2795 2651 2860; x_wconf 87' lang='lat' dir='ltr'><strong>Istud,</strong></span> <span class='ocrx_word' id='word_1_569' title='bbox 2700 2794 2865 2860; x_wconf 86' lang='lat' dir='ltr'><strong>istud,</strong></span> <span class='ocrx_word' id='word_1_570' title='bbox 2896 2795 3138 2871; x_wconf 84' lang='lat' dir='ltr'><strong>inquam,</strong></span> <span class='ocrx_word' id='word_1_571' title='bbox 3168 2802 3251 2849; x_wconf 87' lang='lat' dir='ltr'><strong>est</strong></span> <span class='ocrx_word' id='word_1_572' title='bbox 3273 2790 3437 2871; x_wconf 82' lang='lat' dir='ltr'><strong>istud,</strong></span> <span class='ocrx_word' id='word_1_573' title='bbox 3486 2788 3639 2865; x_wconf 79' lang='lat' dir='ltr'><strong>quod</strong></span> <span class='ocrx_word' id='word_1_574' title='bbox 3677 2792 3786 2861; x_wconf 63' lang='grc' dir='ltr'><strong>ιοῳ</strong></span> 
     </span>
    </p>
   </div>
   <div class='ocr_carea' id='block_1_74' title="bbox 2191 2879 3786 2962">
    <p class='ocr_par' dir='ltr' id='par_1_74' title="bbox 2191 2879 3786 2962">
     <span class='ocr_line' id='line_1_74' title="bbox 2191 2879 3786 2962; baseline -0.01 -13"><span class='ocrx_word' id='word_1_575' title='bbox 2191 2888 2297 2949; x_wconf 86' lang='lat' dir='ltr'><strong>ista</strong></span> <span class='ocrx_word' id='word_1_576' title='bbox 2344 2903 2484 2962; x_wconf 92' lang='lat' dir='ltr'><strong>pene</strong></span> <span class='ocrx_word' id='word_1_577' title='bbox 2527 2886 2942 2959; x_wconf 84' lang='lat' dir='ltr'><strong>quadragesima</strong></span> <span class='ocrx_word' id='word_1_578' title='bbox 2977 2888 3086 2953; x_wconf 72' lang='lat' dir='ltr'><strong>:‘me</strong></span> <span class='ocrx_word' id='word_1_579' title='bbox 3131 2882 3392 2961; x_wconf 85' lang='lat' dir='ltr'><strong>compulit</strong></span> <span class='ocrx_word' id='word_1_580' title='bbox 3437 2879 3786 2951; x_wconf 51' lang='lat' dir='ltr'><strong>clamarem“</strong></span> 
     </span>
    </p>
   </div>
   <div class='ocr_carea' id='block_1_75' title="bbox 2190 2971 3786 3053">
    <p class='ocr_par' dir='ltr' id='par_1_75' title="bbox 2190 2971 3786 3053">
     <span class='ocr_line' id='line_1_75' title="bbox 2190 2971 3786 3053; baseline -0.007 -18"><span class='ocrx_word' id='word_1_581' title='bbox 2190 2981 2502 3051; x_wconf 85' lang='lat' dir='ltr'><strong>deponentes</strong></span> <span class='ocrx_word' id='word_1_582' title='bbox 2529 2994 2734 3033; x_wconf 83' lang='lat' dir='ltr'><strong>onmem</strong></span> <span class='ocrx_word' id='word_1_583' title='bbox 2769 2975 3048 3053; x_wconf 72' lang='lat' dir='ltr'><strong>malitiam,</strong></span> <span class='ocrx_word' id='word_1_584' title='bbox 3073 2990 3278 3031; x_wconf 83' lang='lat' dir='ltr'><strong>omnem</strong></span> <span class='ocrx_word' id='word_1_585' title='bbox 3312 2971 3515 3035; x_wconf 85' lang='lat' dir='ltr'><strong>dolum,</strong></span> <span class='ocrx_word' id='word_1_586' title='bbox 3540 2981 3591 3047; x_wconf 81' lang='lat' dir='ltr'><strong>et</strong></span> <span class='ocrx_word' id='word_1_587' title='bbox 3621 2971 3786 3035; x_wconf 55' lang='lat' dir='ltr'><strong>sirus:</strong></span> 
     </span>
    </p>
   </div>
   <div class='ocr_carea' id='block_1_76' title="bbox 396 3056 3787 3145">
    <p class='ocr_par' dir='ltr' id='par_1_76' title="bbox 396 3056 3787 3145">
     <span class='ocr_line' id='line_1_76' title="bbox 396 3056 3787 3145; baseline 0.001 -28"><span class='ocrx_word' id='word_1_588' title='bbox 396 3074 405 3092; x_wconf 70' lang='lat'><strong><em>‘</em></strong></span> <span class='ocrx_word' id='word_1_589' title='bbox 501 3075 740 3131; x_wconf 74' lang='lat' dir='ltr'><strong>congrue</strong></span> <span class='ocrx_word' id='word_1_590' title='bbox 768 3064 920 3122; x_wconf 81' lang='lat' dir='ltr'><strong>valeo</strong></span> <span class='ocrx_word' id='word_1_591' title='bbox 951 3084 965 3120; x_wconf 90' lang='lat'>:</span> <span class='ocrx_word' id='word_1_592' title='bbox 1000 3065 1168 3132; x_wconf 83' lang='lat' dir='ltr'><strong>Quale</strong></span> <span class='ocrx_word' id='word_1_593' title='bbox 1198 3067 1345 3136; x_wconf 77' lang='lat' dir='ltr'><strong>milii,</strong></span> <span class='ocrx_word' id='word_1_594' title='bbox 1381 3069 1457 3125; x_wconf 90' lang='lat' dir='ltr'><strong>ait</strong></span> <span class='ocrx_word' id='word_1_595' title='bbox 1495 3071 1639 3129; x_wconf 90' lang='lat' dir='ltr'><strong>enim</strong></span> <span class='ocrx_word' id='word_1_596' title='bbox 1690 3072 1799 3142; x_wconf 92' lang='lat' dir='ltr'><strong>ille,</strong></span> <span class='ocrx_word' id='word_1_597' title='bbox 1830 3076 2083 3145; x_wconf 80' lang='lat' dir='ltr'><strong>gaudium</strong></span> <span class='ocrx_word' id='word_1_598' title='bbox 2109 3056 2159 3120; x_wconf 66' lang='grc' dir='ltr'><strong>(ἶ</strong></span> <span class='ocrx_word' id='word_1_599' title='bbox 2190 3073 2459 3140; x_wconf 84' lang='lat' dir='ltr'><strong>lationem,</strong></span> <span class='ocrx_word' id='word_1_600' title='bbox 2490 3083 2538 3127; x_wconf 90' lang='lat' dir='ltr'><strong>et</strong></span> <span class='ocrx_word' id='word_1_601' title='bbox 2569 3072 2823 3135; x_wconf 81' lang='lat' dir='ltr'><strong>invidiam</strong></span> <span class='ocrx_word' id='word_1_602' title='bbox 2842 3070 2898 3143; x_wconf 20' lang='lat' dir='ltr'><strong>.(I</strong></span> <span class='ocrx_word' id='word_1_603' title='bbox 2933 3068 3077 3126; x_wconf 88' lang='lat' dir='ltr'><strong>Petr.</strong></span> <span class='ocrx_word' id='word_1_604' title='bbox 3106 3086 3170 3137; x_wconf 85' lang='grc' dir='ltr'><strong><em>ιι,</em></strong></span> <span class='ocrx_word' id='word_1_605' title='bbox 3200 3070 3279 3139; x_wconf 85' lang='grc'><strong>1),</strong></span> <span class='ocrx_word' id='word_1_606' title='bbox 3304 3081 3494 3123; x_wconf 86' lang='lat' dir='ltr'><strong>omnes</strong></span> <span class='ocrx_word' id='word_1_607' title='bbox 3532 3066 3605 3124; x_wconf 87' lang='lat' dir='ltr'><strong>ad</strong></span> <span class='ocrx_word' id='word_1_608' title='bbox 3630 3062 3787 3131; x_wconf 74' lang='lat' dir='ltr'><strong>Chi-io,</strong></span> 
     </span>
    </p>
   </div>
   <div class='ocr_carea' id='block_1_77' title="bbox 2189 3160 3785 3239">
    <p class='ocr_par' dir='ltr' id='par_1_77' title="bbox 2189 3160 3785 3239">
     <span class='ocr_line' id='line_1_77' title="bbox 2189 3160 3785 3239; baseline -0.008 -19"><span class='ocrx_word' id='word_1_609' title='bbox 2189 3164 2282 3233; x_wconf 83' lang='lat' dir='ltr'><strong>sti,</strong></span> <span class='ocrx_word' id='word_1_610' title='bbox 2307 3163 2357 3219; x_wconf 88' lang='lat' dir='ltr'><strong>id</strong></span> <span class='ocrx_word' id='word_1_611' title='bbox 2385 3171 2488 3229; x_wconf 89' lang='lat' dir='ltr'><strong>est,</strong></span> <span class='ocrx_word' id='word_1_612' title='bbox 2519 3177 2703 3219; x_wconf 88' lang='lat' dir='ltr'><strong>veram</strong></span> <span class='ocrx_word' id='word_1_613' title='bbox 2732 3160 3199 3239; x_wconf 23' lang='lat' dir='ltr'><strong>studeremus‘nos</strong></span> <span class='ocrx_word' id='word_1_614' title='bbox 3236 3167 3557 3215; x_wconf 71' lang='lat' dir='ltr'><strong>convertam</strong></span> <span class='ocrx_word' id='word_1_615' title='bbox 3592 3166 3785 3229; x_wconf 62' lang='lat' dir='ltr'><strong>pacem</strong></span> 
     </span>
    </p>
   </div>
   <div class='ocr_carea' id='block_1_78' title="bbox 2188 3241 3783 3341">
    <p class='ocr_par' dir='ltr' id='par_1_78' title="bbox 2188 3241 3783 3341">
     <span class='ocr_line' id='line_1_78' title="bbox 2188 3241 3783 3341; baseline -0.009 -29"><span class='ocrx_word' id='word_1_616' title='bbox 2188 3255 2396 3341; x_wconf 77' lang='grc'><strong>(1192),</strong></span> <span class='ocrx_word' id='word_1_617' title='bbox 2424 3263 2478 3310; x_wconf 82' lang='lat' dir='ltr'><strong>et</strong></span> <span class='ocrx_word' id='word_1_618' title='bbox 2505 3254 2630 3331; x_wconf 86' lang='lat' dir='ltr'><strong>quia</strong></span> <span class='ocrx_word' id='word_1_619' title='bbox 2685 3252 2788 3308; x_wconf 88' lang='lat' dir='ltr'><strong>hoc</strong></span> <span class='ocrx_word' id='word_1_620' title='bbox 2823 3250 3002 3307; x_wconf 86' lang='lat' dir='ltr'><strong>facere</strong></span> <span class='ocrx_word' id='word_1_621' title='bbox 3044 3248 3261 3321; x_wconf 90' lang='lat' dir='ltr'><strong>plurimi</strong></span> <span class='ocrx_word' id='word_1_622' title='bbox 3308 3247 3584 3341; x_wconf 79' lang='lat' dir='ltr'><strong>nesciunt,</strong></span> <span class='ocrx_word' id='word_1_623' title='bbox 3627 3241 3783 3341; x_wconf 70' lang='lat' dir='ltr'><strong>quasi</strong></span> 
     </span>
    </p>
   </div>
   <div class='ocr_carea' id='block_1_79' title="bbox 2187 3333 3781 3425">
    <p class='ocr_par' dir='ltr' id='par_1_79' title="bbox 2187 3333 3781 3425">
     <span class='ocr_line' id='line_1_79' title="bbox 2187 3333 3781 3425; baseline -0.009 -21"><span class='ocrx_word' id='word_1_624' title='bbox 2187 3333 2433 3419; x_wconf 73' lang='lat' dir='ltr'><strong>normam</strong></span> <span class='ocrx_word' id='word_1_625' title='bbox 2461 3345 2749 3418; x_wconf 86' lang='lat' dir='ltr'><strong>quamdam</strong></span> <span class='ocrx_word' id='word_1_626' title='bbox 2778 3343 2932 3400; x_wconf 88' lang='lat' dir='ltr'><strong>vobis</strong></span> <span class='ocrx_word' id='word_1_627' title='bbox 2955 3342 3237 3425; x_wconf 62' lang='lat' dir='ltr'><strong>prwligens</strong></span> <span class='ocrx_word' id='word_1_628' title='bbox 3254 3337 3584 3411; x_wconf 75' lang='lat' dir='ltr'><strong>suadeham,</strong></span> <span class='ocrx_word' id='word_1_629' title='bbox 3608 3333 3781 3415; x_wconf 81' lang='lat' dir='ltr'><strong>utqui</strong></span> 
     </span>
    </p>
   </div>
   <div class='ocr_carea' id='block_1_80' title="bbox 2188 3426 3778 3517">
    <p class='ocr_par' dir='ltr' id='par_1_80' title="bbox 2188 3426 3778 3517">
     <span class='ocr_line' id='line_1_80' title="bbox 2188 3426 3778 3517; baseline -0.004 -21"><span class='ocrx_word' id='word_1_630' title='bbox 2188 3441 2420 3517; x_wconf 67' lang='lat' dir='ltr'><strong>aliquem</strong></span> <span class='ocrx_word' id='word_1_631' title='bbox 2448 3454 2510 3497; x_wconf 87' lang='lat' dir='ltr'><strong>se</strong></span> <span class='ocrx_word' id='word_1_632' title='bbox 2556 3438 2759 3511; x_wconf 67' lang='lat' dir='ltr'><strong>laesisse</strong></span> <span class='ocrx_word' id='word_1_633' title='bbox 2804 3436 3192 3513; x_wconf 71' lang='lat' dir='ltr'><strong>meminerunt,</strong></span> <span class='ocrx_word' id='word_1_634' title='bbox 3225 3432 3650 3515; x_wconf 40' lang='lat' dir='ltr'><strong>recordarenltur</strong></span> <span class='ocrx_word' id='word_1_635' title='bbox 3694 3426 3778 3505; x_wconf 56' lang='lat' dir='ltr'><strong>die</strong></span> 
     </span>
    </p>
   </div>
   <div class='ocr_carea' id='block_1_81' title="bbox 2186 3521 3779 3605">
    <p class='ocr_par' dir='ltr' id='par_1_81' title="bbox 2186 3521 3779 3605">
     <span class='ocr_line' id='line_1_81' title="bbox 2186 3521 3779 3605; baseline -0.011 -16"><span class='ocrx_word' id='word_1_636' title='bbox 2186 3530 2360 3591; x_wconf 81' lang='lat' dir='ltr'><strong>oculis</strong></span> <span class='ocrx_word' id='word_1_637' title='bbox 2387 3543 2403 3585; x_wconf 75' lang='grc' dir='ltr'><strong>ι</strong></span> <span class='ocrx_word' id='word_1_638' title='bbox 2435 3527 2498 3586; x_wconf 89' lang='lat' dir='ltr'><strong>Si</strong></span> <span class='ocrx_word' id='word_1_639' title='bbox 2525 3529 2683 3598; x_wconf 85' lang='lat' dir='ltr'><strong>o/I&#39;ers</strong></span> <span class='ocrx_word' id='word_1_640' title='bbox 2709 3543 2899 3595; x_wconf 81' lang='lat' dir='ltr'><strong>munus</strong></span> <span class='ocrx_word' id='word_1_641' title='bbox 2926 3535 3074 3585; x_wconf 81' lang='lat' dir='ltr'><strong>tuum</strong></span> <span class='ocrx_word' id='word_1_642' title='bbox 3100 3524 3170 3580; x_wconf 86' lang='lat' dir='ltr'><strong>ad</strong></span> <span class='ocrx_word' id='word_1_643' title='bbox 3200 3523 3389 3589; x_wconf 85' lang='lat' dir='ltr'><strong>altare,</strong></span> <span class='ocrx_word' id='word_1_644' title='bbox 3414 3530 3462 3605; x_wconf 79' lang='lat' dir='ltr'><strong>et</strong></span> <span class='ocrx_word' id='word_1_645' title='bbox 3497 3521 3573 3577; x_wconf 86' lang='lat' dir='ltr'><strong>ibi</strong></span> <span class='ocrx_word' id='word_1_646' title='bbox 3600 3532 3779 3574; x_wconf 78' lang='lat' dir='ltr'><strong>recor-</strong></span> 
     </span>
    </p>
   </div>
   <div class='ocr_carea' id='block_1_82' title="bbox 2184 3612 3778 3695">
    <p class='ocr_par' dir='ltr' id='par_1_82' title="bbox 2184 3612 3778 3695">
     <span class='ocr_line' id='line_1_82' title="bbox 2184 3612 3778 3695; baseline -0.008 -19"><span class='ocrx_word' id='word_1_647' title='bbox 2184 3622 2338 3677; x_wconf 87' lang='lat' dir='ltr'><strong>datus</strong></span> <span class='ocrx_word' id='word_1_648' title='bbox 2362 3620 2525 3691; x_wconf 82' lang='lat' dir='ltr'><strong>fueris</strong></span> <span class='ocrx_word' id='word_1_649' title='bbox 2550 3618 2691 3691; x_wconf 86' lang='lat' dir='ltr'><strong>quod</strong></span> <span class='ocrx_word' id='word_1_650' title='bbox 2715 3618 2882 3689; x_wconf 88' lang='lat' dir='ltr'><strong>frater</strong></span> <span class='ocrx_word' id='word_1_651' title='bbox 2908 3626 3028 3673; x_wconf 88' lang='lat' dir='ltr'><strong>tuus</strong></span> <span class='ocrx_word' id='word_1_652' title='bbox 3057 3616 3245 3687; x_wconf 77' lang='lat' dir='ltr'><strong>habent</strong></span> <span class='ocrx_word' id='word_1_653' title='bbox 3273 3614 3473 3695; x_wconf 82' lang='lat' dir='ltr'><strong>aliquid</strong></span> <span class='ocrx_word' id='word_1_654' title='bbox 3498 3612 3778 3668; x_wconf 60' lang='lat' dir='ltr'><strong>adversus</strong></span> 
     </span>
    </p>
   </div>
   <div class='ocr_carea' id='block_1_83' title="bbox 2181 3696 3777 3783">
    <p class='ocr_par' dir='ltr' id='par_1_83' title="bbox 2181 3696 3777 3783">
     <span class='ocr_line' id='line_1_83' title="bbox 2181 3696 3777 3783; baseline -0.007 -17"><span class='ocrx_word' id='word_1_655' title='bbox 2181 3720 2251 3783; x_wconf 79' lang='lat' dir='ltr'><strong>te,</strong></span> <span class='ocrx_word' id='word_1_656' title='bbox 2280 3709 2514 3782; x_wconf 86' lang='lat' dir='ltr'><strong>relinque</strong></span> <span class='ocrx_word' id='word_1_657' title='bbox 2538 3696 2612 3763; x_wconf 79' lang='lat' dir='ltr'><strong>ibi</strong></span> <span class='ocrx_word' id='word_1_658' title='bbox 2637 3696 2826 3775; x_wconf 79' lang='lat' dir='ltr'><strong>munus</strong></span> <span class='ocrx_word' id='word_1_659' title='bbox 2860 3719 3009 3762; x_wconf 87' lang='lat' dir='ltr'><strong>tuum</strong></span> <span class='ocrx_word' id='word_1_660' title='bbox 3038 3716 3159 3781; x_wconf 84' lang='lat' dir='ltr'><strong>ante</strong></span> <span class='ocrx_word' id='word_1_661' title='bbox 3181 3705 3372 3783; x_wconf 79' lang='lat' dir='ltr'><strong>altare,</strong></span> <span class='ocrx_word' id='word_1_662' title='bbox 3395 3713 3445 3777; x_wconf 79' lang='lat' dir='ltr'><strong>et</strong></span> <span class='ocrx_word' id='word_1_663' title='bbox 3473 3702 3609 3758; x_wconf 77' lang='lat' dir='ltr'><strong>vade</strong></span> <span class='ocrx_word' id='word_1_664' title='bbox 3631 3700 3777 3777; x_wconf 62' lang='lat' dir='ltr'><strong>prius</strong></span> 
     </span>
    </p>
   </div>
   <div class='ocr_carea' id='block_1_84' title="bbox 2184 3782 3775 3870">
    <p class='ocr_par' dir='ltr' id='par_1_84' title="bbox 2184 3782 3775 3870">
     <span class='ocr_line' id='line_1_84' title="bbox 2184 3782 3775 3870; baseline -0.007 -13"><span class='ocrx_word' id='word_1_665' title='bbox 2184 3782 2517 3859; x_wconf 75' lang='lat' dir='ltr'><strong>reconciliari</strong></span> <span class='ocrx_word' id='word_1_666' title='bbox 2542 3800 2699 3870; x_wconf 78' lang='lat' dir='ltr'><strong>fratri</strong></span> <span class='ocrx_word' id='word_1_667' title='bbox 2728 3782 2839 3865; x_wconf 78' lang='lat' dir='ltr'><strong>tuo,</strong></span> <span class='ocrx_word' id='word_1_668' title='bbox 2875 3807 2922 3853; x_wconf 90' lang='lat' dir='ltr'><strong>et</strong></span> <span class='ocrx_word' id='word_1_669' title='bbox 2963 3806 3087 3852; x_wconf 84' lang='lat' dir='ltr'><strong>tunc</strong></span> <span class='ocrx_word' id='word_1_670' title='bbox 3115 3788 3320 3863; x_wconf 78' lang='lat' dir='ltr'><strong>veniens</strong></span> <span class='ocrx_word' id='word_1_671' title='bbox 3356 3790 3546 3865; x_wconf 74' lang='lat' dir='ltr'><strong>offeres</strong></span> <span class='ocrx_word' id='word_1_672' title='bbox 3583 3805 3775 3869; x_wconf 62' lang='lat' dir='ltr'><strong>manus</strong></span> 
     </span>
    </p>
   </div>
   <div class='ocr_carea' id='block_1_85' title="bbox 2183 3870 3775 3965">
    <p class='ocr_par' dir='ltr' id='par_1_85' title="bbox 2183 3870 3775 3965">
     <span class='ocr_line' id='line_1_85' title="bbox 2183 3870 3775 3965; baseline -0.004 -17"><span class='ocrx_word' id='word_1_673' title='bbox 2183 3870 2332 3951; x_wconf 68' lang='lat' dir='ltr'><strong>luum</strong></span> <span class='ocrx_word' id='word_1_674' title='bbox 2363 3873 2579 3963; x_wconf 77' lang='lat' dir='ltr'><strong>(Matth.</strong></span> <span class='ocrx_word' id='word_1_675' title='bbox 2611 3907 2667 3957; x_wconf 87' lang='lat' dir='ltr'><strong>v,</strong></span> <span class='ocrx_word' id='word_1_676' title='bbox 2709 3890 2801 3958; x_wconf 78' lang='grc'><strong>25,</strong></span> <span class='ocrx_word' id='word_1_677' title='bbox 2832 3889 2944 3961; x_wconf 73' lang='grc'><strong>24).</strong></span> <span class='ocrx_word' id='word_1_678' title='bbox 2992 3887 3094 3958; x_wconf 85' lang='lat' dir='ltr'><strong>Qui</strong></span> <span class='ocrx_word' id='word_1_679' title='bbox 3140 3902 3275 3963; x_wconf 85' lang='lat' dir='ltr'><strong>vero</strong></span> <span class='ocrx_word' id='word_1_680' title='bbox 3314 3888 3383 3944; x_wconf 87' lang='lat' dir='ltr'><strong>ab</strong></span> <span class='ocrx_word' id='word_1_681' title='bbox 3429 3886 3616 3958; x_wconf 86' lang='lat' dir='ltr'><strong>aliquo</strong></span> 
     </span>
    </p>
   </div>
   <div class='ocr_carea' id='block_1_86' title="bbox 2183 3974 3774 4053">
    <p class='ocr_par' dir='ltr' id='par_1_86' title="bbox 2183 3974 3774 4053">
     <span class='ocr_line' id='line_1_86' title="bbox 2183 3974 3774 4053; baseline -0.008 -8"><span class='ocrx_word' id='word_1_682' title='bbox 2183 3974 2433 4051; x_wconf 71' lang='lat' dir='ltr'><strong>fuissent,</strong></span> <span class='ocrx_word' id='word_1_683' title='bbox 2471 3993 2526 4040; x_wconf 87' lang='lat' dir='ltr'><strong>et</strong></span> <span class='ocrx_word' id='word_1_684' title='bbox 2567 3983 2655 4038; x_wconf 88' lang='lat' dir='ltr'><strong>ille</strong></span> <span class='ocrx_word' id='word_1_685' title='bbox 2704 3982 2917 4038; x_wconf 90' lang='lat' dir='ltr'><strong>veniam</strong></span> <span class='ocrx_word' id='word_1_686' title='bbox 2963 3981 3233 4039; x_wconf 89' lang='lat' dir='ltr'><strong>veraciter</strong></span> <span class='ocrx_word' id='word_1_687' title='bbox 3267 3977 3618 4052; x_wconf 85' lang='lat' dir='ltr'><strong>postulasset,</strong></span> <span class='ocrx_word' id='word_1_688' title='bbox 3664 3990 3774 4053; x_wconf 73' lang='lat' dir='ltr'><strong>non</strong></span> 
     </span>
    </p>
   </div>
   <div class='ocr_carea' id='block_1_87' title="bbox 2181 4067 3771 4137">
    <p class='ocr_par' dir='ltr' id='par_1_87' title="bbox 2181 4067 3771 4137">
     <span class='ocr_line' id='line_1_87' title="bbox 2181 4067 3771 4137; baseline -0.007 -5"><span class='ocrx_word' id='word_1_689' title='bbox 2181 4076 2635 4132; x_wconf 63' lang='lat' dir='ltr'><strong>obliviscerentur</strong></span> <span class='ocrx_word' id='word_1_690' title='bbox 2664 4073 2939 4129; x_wconf 84' lang='lat' dir='ltr'><strong>dicentis:</strong></span> <span class='ocrx_word' id='word_1_691' title='bbox 2986 4070 3120 4128; x_wconf 80' lang='lat' dir='ltr'><strong>Cum</strong></span> <span class='ocrx_word' id='word_1_692' title='bbox 3169 4072 3319 4129; x_wconf 85' lang='lat' dir='ltr'><strong>statis</strong></span> <span class='ocrx_word' id='word_1_693' title='bbox 3370 4070 3439 4124; x_wconf 86' lang='lat' dir='ltr'><strong>ad</strong></span> <span class='ocrx_word' id='word_1_694' title='bbox 3484 4067 3771 4137; x_wconf 74' lang='lat' dir='ltr'><strong>orandum,</strong></span> 
     </span>
    </p>
   </div>
   <div class='ocr_carea' id='block_1_88' title="bbox 2181 4157 3774 4237">
    <p class='ocr_par' dir='ltr' id='par_1_88' title="bbox 2181 4157 3774 4237">
     <span class='ocr_line' id='line_1_88' title="bbox 2181 4157 3774 4237; baseline -0.006 -15"><span class='ocrx_word' id='word_1_695' title='bbox 2181 4169 2429 4223; x_wconf 83' lang='lat' dir='ltr'><strong>dimittite</strong></span> <span class='ocrx_word' id='word_1_696' title='bbox 2454 4167 2499 4222; x_wconf 90' lang='lat' dir='ltr'><strong>si</strong></span> <span class='ocrx_word' id='word_1_697' title='bbox 2526 4166 2653 4237; x_wconf 86' lang='lat' dir='ltr'><strong>quid</strong></span> <span class='ocrx_word' id='word_1_698' title='bbox 2681 4167 2882 4221; x_wconf 79' lang='lat' dir='ltr'><strong>habetis</strong></span> <span class='ocrx_word' id='word_1_699' title='bbox 2911 4166 3160 4229; x_wconf 83' lang='lat' dir='ltr'><strong>adversus</strong></span> <span class='ocrx_word' id='word_1_700' title='bbox 3190 4163 3439 4236; x_wconf 78' lang='lat' dir='ltr'><strong>aliquem,</strong></span> <span class='ocrx_word' id='word_1_701' title='bbox 3480 4171 3539 4215; x_wconf 83' lang='lat' dir='ltr'><strong>ut</strong></span> <span class='ocrx_word' id='word_1_702' title='bbox 3579 4170 3631 4216; x_wconf 87' lang='lat' dir='ltr'><strong>et</strong></span> <span class='ocrx_word' id='word_1_703' title='bbox 3667 4157 3774 4219; x_wconf 53' lang='lat' dir='ltr'><strong>Pas</strong></span> 
     </span>
    </p>
   </div>
   <div class='ocr_carea' id='block_1_89' title="bbox 2180 4244 3775 4329">
    <p class='ocr_par' dir='ltr' id='par_1_89' title="bbox 2180 4244 3775 4329">
     <span class='ocr_line' id='line_1_89' title="bbox 2180 4244 3775 4329; baseline -0.007 -15"><span class='ocrx_word' id='word_1_704' title='bbox 2180 4271 2259 4329; x_wconf 80' lang='lat' dir='ltr'><strong>ter</strong></span> <span class='ocrx_word' id='word_1_705' title='bbox 2287 4272 2449 4317; x_wconf 84' lang='lat' dir='ltr'><strong>vester</strong></span> <span class='ocrx_word' id='word_1_706' title='bbox 2477 4260 2694 4315; x_wconf 70' lang='lat' dir='ltr'><strong>catlestis</strong></span> <span class='ocrx_word' id='word_1_707' title='bbox 2723 4258 2951 4312; x_wconf 86' lang='lat' dir='ltr'><strong>dimittat</strong></span> <span class='ocrx_word' id='word_1_708' title='bbox 2989 4256 3128 4321; x_wconf 77' lang='lat' dir='ltr'><strong>vobis</strong></span> <span class='ocrx_word' id='word_1_709' title='bbox 3151 4263 3366 4326; x_wconf 76' lang='lat' dir='ltr'><strong>peccata</strong></span> <span class='ocrx_word' id='word_1_710' title='bbox 3395 4262 3606 4317; x_wconf 83' lang='lat' dir='ltr'><strong>vestra;</strong></span> <span class='ocrx_word' id='word_1_711' title='bbox 3635 4244 3775 4322; x_wconf 71' lang='lat' dir='ltr'><strong>quod</strong></span> 
     </span>
    </p>
   </div>
   <div class='ocr_carea' id='block_1_90' title="bbox 2180 4338 3775 4413">
    <p class='ocr_par' dir='ltr' id='par_1_90' title="bbox 2180 4338 3775 4413">
     <span class='ocr_line' id='line_1_90' title="bbox 2180 4338 3775 4413; baseline -0.009 -6"><span class='ocrx_word' id='word_1_712' title='bbox 2180 4356 2226 4409; x_wconf 84' lang='lat' dir='ltr'><strong>si</strong></span> <span class='ocrx_word' id='word_1_713' title='bbox 2255 4369 2339 4409; x_wconf 83' lang='lat' dir='ltr'><strong>vos</strong></span> <span class='ocrx_word' id='word_1_714' title='bbox 2372 4368 2473 4406; x_wconf 80' lang='lat' dir='ltr'><strong>non</strong></span> <span class='ocrx_word' id='word_1_715' title='bbox 2499 4350 2824 4413; x_wconf 80' lang='lat' dir='ltr'><strong>dimiseritis,</strong></span> <span class='ocrx_word' id='word_1_716' title='bbox 2856 4364 2948 4402; x_wconf 84' lang='lat' dir='ltr'><strong>nec</strong></span> <span class='ocrx_word' id='word_1_717' title='bbox 2984 4344 3147 4403; x_wconf 88' lang='lat' dir='ltr'><strong>Pater</strong></span> <span class='ocrx_word' id='word_1_718' title='bbox 3169 4338 3331 4401; x_wconf 81' lang='lat' dir='ltr'><strong>vester</strong></span> <span class='ocrx_word' id='word_1_719' title='bbox 3350 4341 3573 4399; x_wconf 74' lang='lat' dir='ltr'><strong>cwlestis</strong></span> <span class='ocrx_word' id='word_1_720' title='bbox 3595 4340 3775 4394; x_wconf 80' lang='lat' dir='ltr'><strong>dimit-</strong></span> 
     </span>
    </p>
   </div>
   <div class='ocr_carea' id='block_1_91' title="bbox 491 4421 3123 4526">
    <p class='ocr_par' dir='ltr' id='par_1_91' title="bbox 491 4421 3123 4526">
     <span class='ocr_line' id='line_1_91' title="bbox 491 4421 3123 4526; baseline 0.003 -39"><span class='ocrx_word' id='word_1_721' title='bbox 491 4431 795 4503; x_wconf 81' lang='lat' dir='ltr'><strong>Nam,’_dum</strong></span> <span class='ocrx_word' id='word_1_722' title='bbox 823 4437 889 4491; x_wconf 90' lang='lat' dir='ltr'><strong>ad</strong></span> <span class='ocrx_word' id='word_1_723' title='bbox 925 4437 1028 4493; x_wconf 91' lang='lat' dir='ltr'><strong>hoc</strong></span> <span class='ocrx_word' id='word_1_724' title='bbox 1055 4438 1332 4495; x_wconf 87' lang='lat' dir='ltr'><strong>institutos</strong></span> <span class='ocrx_word' id='word_1_725' title='bbox 1360 4440 1498 4507; x_wconf 91' lang='lat' dir='ltr'><strong>illos,</strong></span> <span class='ocrx_word' id='word_1_726' title='bbox 1523 4441 1614 4512; x_wconf 90' lang='lat' dir='ltr'><strong>qui</strong></span> <span class='ocrx_word' id='word_1_727' title='bbox 1638 4440 1749 4513; x_wconf 89' lang='lat' dir='ltr'><strong>jam</strong></span> <span class='ocrx_word' id='word_1_728' title='bbox 1784 4459 2078 4514; x_wconf 64' lang='lat' dir='ltr'><strong>pt&#39;azcesse-</strong></span> <span class='ocrx_word' id='word_1_729' title='bbox 2102 4421 2153 4483; x_wconf 79' lang='lat' dir='ltr'><strong>D</strong></span> <span class='ocrx_word' id='word_1_730' title='bbox 2180 4455 2248 4501; x_wconf 88' lang='lat' dir='ltr'><strong>tet</strong></span> <span class='ocrx_word' id='word_1_731' title='bbox 2277 4454 2489 4517; x_wconf 83' lang='lat' dir='ltr'><strong>peccata</strong></span> <span class='ocrx_word' id='word_1_732' title='bbox 2517 4453 2688 4519; x_wconf 75' lang='lat' dir='ltr'><strong>uestra</strong></span> <span class='ocrx_word' id='word_1_733' title='bbox 2707 4441 2906 4526; x_wconf 66' lang='lat' dir='ltr'><strong>(Marc.</strong></span> <span class='ocrx_word' id='word_1_734' title='bbox 2934 4456 3013 4506; x_wconf 70' lang='grc' dir='ltr'><strong>χι,</strong></span> <span class='ocrx_word' id='word_1_735' title='bbox 3045 4439 3123 4512; x_wconf 89' lang='grc'><strong>2).</strong></span> 
     </span>
    </p>
   </div>
   <div class='ocr_carea' id='block_1_92' title="bbox 490 4526 2073 4606">
    <p class='ocr_par' dir='ltr' id='par_1_92' title="bbox 490 4526 2073 4606">
     <span class='ocr_line' id='line_1_92' title="bbox 490 4526 2073 4606; baseline 0.007 -26"><span class='ocrx_word' id='word_1_736' title='bbox 490 4534 622 4581; x_wconf 86' lang='lat' dir='ltr'><strong>runt</strong></span> <span class='ocrx_word' id='word_1_737' title='bbox 645 4526 1000 4599; x_wconf 88' lang='lat' dir='ltr'><strong>quadraginta</strong></span> <span class='ocrx_word' id='word_1_738' title='bbox 1031 4531 1342 4587; x_wconf 83' lang='lat' dir='ltr'><strong>noverimus</strong></span> <span class='ocrx_word' id='word_1_739' title='bbox 1377 4532 1510 4599; x_wconf 87' lang='lat' dir='ltr'><strong>dies,</strong></span> <span class='ocrx_word' id='word_1_740' title='bbox 1544 4541 1604 4588; x_wconf 87' lang='lat' dir='ltr'><strong>ut</strong></span> <span class='ocrx_word' id='word_1_741' title='bbox 1638 4532 1692 4588; x_wconf 91' lang='lat' dir='ltr'><strong>in</strong></span> <span class='ocrx_word' id='word_1_742' title='bbox 1721 4533 1801 4589; x_wconf 88' lang='lat' dir='ltr'><strong>eis</strong></span> <span class='ocrx_word' id='word_1_743' title='bbox 1829 4535 2073 4606; x_wconf 87' lang='lat' dir='ltr'><strong>purgatis</strong></span> 
     </span>
    </p>
   </div>
   <div class='ocr_carea' id='block_1_93' title="bbox 562 4660 2068 4735">
    <p class='ocr_par' dir='ltr' id='par_1_93' title="bbox 562 4660 2068 4735">
     <span class='ocr_line' id='line_1_93' title="bbox 562 4660 2068 4735; baseline 0.008 -22"><span class='ocrx_word' id='word_1_744' title='bbox 562 4660 748 4735; x_wconf 56' lang='grc'><strong>(1495)</strong></span> <span class='ocrx_word' id='word_1_745' title='bbox 786 4661 967 4735; x_wconf 44' lang='lat' dir='ltr'><strong>Vulg,</strong></span> <span class='ocrx_word' id='word_1_746' title='bbox 989 4667 1229 4735; x_wconf 83' lang='lat' dir='ltr'><strong>pertinet.</strong></span> <span class='ocrx_word' id='word_1_747' title='bbox 1247 4665 1441 4721; x_wconf 84' lang='lat' dir='ltr'><strong>Verior</strong></span> <span class='ocrx_word' id='word_1_748' title='bbox 1463 4668 1636 4723; x_wconf 87' lang='lat' dir='ltr'><strong>nostri</strong></span> <span class='ocrx_word' id='word_1_749' title='bbox 1664 4667 1868 4724; x_wconf 90' lang='lat' dir='ltr'><strong>codicis</strong></span> <span class='ocrx_word' id='word_1_750' title='bbox 1886 4667 2068 4725; x_wconf 90' lang='lat' dir='ltr'><strong>lectio.</strong></span> 
     </span>
    </p>
   </div>
   <div class='ocr_carea' id='block_1_94' title="bbox 414 4731 2069 4804">
    <p class='ocr_par' dir='ltr' id='par_1_94' title="bbox 414 4731 2069 4804">
     <span class='ocr_line' id='line_1_94' title="bbox 414 4731 2069 4804; baseline 0.005 -18"><span class='ocrx_word' id='word_1_751' title='bbox 414 4782 427 4795; x_wconf 87' lang='grc'><strong>,</strong></span> <span class='ocrx_word' id='word_1_752' title='bbox 513 4803 521 4804; x_wconf 14' lang='lat'><em>7</em></span> <span class='ocrx_word' id='word_1_753' title='bbox 563 4731 747 4804; x_wconf 65' lang='lat' dir='ltr'><strong>(i486)</strong></span> <span class='ocrx_word' id='word_1_754' title='bbox 786 4731 930 4789; x_wconf 83' lang='lat' dir='ltr'><strong>Idem</strong></span> <span class='ocrx_word' id='word_1_755' title='bbox 984 4731 1151 4804; x_wconf 63' lang='lat' dir='ltr'><strong>vulg,</strong></span> <span class='ocrx_word' id='word_1_756' title='bbox 1205 4738 1316 4791; x_wconf 85' lang='lat' dir='ltr'><strong>dies</strong></span> <span class='ocrx_word' id='word_1_757' title='bbox 1343 4749 1540 4792; x_wconf 85' lang='lat' dir='ltr'><strong>nostra.</strong></span> <span class='ocrx_word' id='word_1_758' title='bbox 1584 4740 1922 4795; x_wconf 85' lang='lat' dir='ltr'><strong>Auctoritate</strong></span> <span class='ocrx_word' id='word_1_759' title='bbox 1951 4739 2069 4795; x_wconf 87' lang='lat' dir='ltr'><strong>lau-</strong></span> 
     </span>
    </p>
   </div>
   <div class='ocr_carea' id='block_1_95' title="bbox 491 4803 2069 4876">
    <p class='ocr_par' dir='ltr' id='par_1_95' title="bbox 491 4803 2069 4876">
     <span class='ocr_line' id='line_1_95' title="bbox 491 4803 2069 4876; baseline 0.004 -16"><span class='ocrx_word' id='word_1_760' title='bbox 491 4803 604 4860; x_wconf 86' lang='lat' dir='ltr'><strong>dati</strong></span> <span class='ocrx_word' id='word_1_761' title='bbox 633 4803 831 4876; x_wconf 88' lang='lat' dir='ltr'><strong>codicis</strong></span> <span class='ocrx_word' id='word_1_762' title='bbox 853 4803 1147 4862; x_wconf 26' lang='lat' dir='ltr'><strong>delevim’us</strong></span> <span class='ocrx_word' id='word_1_763' title='bbox 1174 4818 1373 4876; x_wconf 83' lang='lat' dir='ltr'><strong>nostra,</strong></span> <span class='ocrx_word' id='word_1_764' title='bbox 1404 4817 1458 4864; x_wconf 88' lang='lat' dir='ltr'><strong>et</strong></span> <span class='ocrx_word' id='word_1_765' title='bbox 1486 4825 1610 4865; x_wconf 82' lang='lat' dir='ltr'><strong>mox</strong></span> <span class='ocrx_word' id='word_1_766' title='bbox 1632 4809 1959 4866; x_wconf 88' lang='lat' dir='ltr'><strong>inseruimus</strong></span> <span class='ocrx_word' id='word_1_767' title='bbox 1975 4826 2069 4866; x_wconf 89' lang='lat' dir='ltr'><strong>nos</strong></span> 
     </span>
    </p>
   </div>
   <div class='ocr_carea' id='block_1_96' title="bbox 377 4873 921 4930">
    <p class='ocr_par' dir='ltr' id='par_1_96' title="bbox 377 4873 921 4930">
     <span class='ocr_line' id='line_1_96' title="bbox 377 4873 921 4930; baseline -0.006 0"><span class='ocrx_word' id='word_1_768' title='bbox 377 4873 396 4891; x_wconf 87' lang='grc'><strong><em>⁸</em></strong></span> <span class='ocrx_word' id='word_1_769' title='bbox 416 4902 424 4910; x_wconf 69' lang='grc' dir='ltr'><strong>ο</strong></span> <span class='ocrx_word' id='word_1_770' title='bbox 488 4882 617 4930; x_wconf 73' lang='lat' dir='ltr'><strong>ante</strong></span> <span class='ocrx_word' id='word_1_771' title='bbox 640 4874 921 4929; x_wconf 77' lang='lat' dir='ltr'><strong>exsultare.</strong></span> 
     </span>
    </p>
   </div>
   <div class='ocr_carea' id='block_1_97' title="bbox 564 4943 2070 5021">
    <p class='ocr_par' dir='ltr' id='par_1_97' title="bbox 564 4943 2070 5021">
     <span class='ocr_line' id='line_1_97' title="bbox 564 4943 2070 5021; baseline 0.007 -25"><span class='ocrx_word' id='word_1_772' title='bbox 564 4943 750 5021; x_wconf 62' lang='grc'><strong>(1487)</strong></span> <span class='ocrx_word' id='word_1_773' title='bbox 786 4944 1050 5021; x_wconf 83' lang='lat' dir='ltr'><strong>Construe</strong></span> <span class='ocrx_word' id='word_1_774' title='bbox 1081 4966 1094 5001; x_wconf 91' lang='lat'><strong>:</strong></span> <span class='ocrx_word' id='word_1_775' title='bbox 1128 4946 1195 5002; x_wconf 85' lang='lat' dir='ltr'><strong>Ut</strong></span> <span class='ocrx_word' id='word_1_776' title='bbox 1221 4951 1602 5021; x_wconf 82' lang='lat' dir='ltr'><strong>contingathoc</strong></span> <span class='ocrx_word' id='word_1_777' title='bbox 1624 4950 1897 5021; x_wconf 77' lang='lat' dir='ltr'><strong>provenire</strong></span> <span class='ocrx_word' id='word_1_778' title='bbox 1921 4948 2070 5006; x_wconf 81' lang='lat' dir='ltr'><strong>nobis</strong></span> 
     </span>
    </p>
   </div>
   <div class='ocr_carea' id='block_1_98' title="bbox 490 5014 2069 5088">
    <p class='ocr_par' dir='ltr' id='par_1_98' title="bbox 490 5014 2069 5088">
     <span class='ocr_line' id='line_1_98' title="bbox 490 5014 2069 5088; baseline 0.006 -21"><span class='ocrx_word' id='word_1_779' title='bbox 490 5030 595 5088; x_wconf 86' lang='lat' dir='ltr'><strong>non</strong></span> <span class='ocrx_word' id='word_1_780' title='bbox 629 5014 697 5068; x_wconf 83' lang='lat' dir='ltr'><strong>ad</strong></span> <span class='ocrx_word' id='word_1_781' title='bbox 720 5015 1003 5088; x_wconf 80' lang='lat' dir='ltr'><strong>judicium,</strong></span> <span class='ocrx_word' id='word_1_782' title='bbox 1051 5029 1127 5083; x_wconf 89' lang='lat' dir='ltr'><strong>ut,</strong></span> <span class='ocrx_word' id='word_1_783' title='bbox 1155 5020 1283 5088; x_wconf 86' lang='lat' dir='ltr'><strong>proh</strong></span> <span class='ocrx_word' id='word_1_784' title='bbox 1327 5014 1473 5088; x_wconf 73' lang='lat' dir='ltr'><strong>nefas</strong></span> <span class='ocrx_word' id='word_1_785' title='bbox 1504 5021 1525 5074; x_wconf 90' lang='lat'><strong><em>!</em></strong></span> <span class='ocrx_word' id='word_1_786' title='bbox 1550 5014 1712 5075; x_wconf 81' lang='lat' dir='ltr'><strong>evenit</strong></span> <span class='ocrx_word' id='word_1_787' title='bbox 1749 5020 1947 5085; x_wconf 84' lang='lat' dir='ltr'><strong>multis,</strong></span> <span class='ocrx_word' id='word_1_788' title='bbox 1977 5021 2069 5076; x_wconf 83' lang='lat' dir='ltr'><strong>sed</strong></span> 
     </span>
    </p>
   </div>
   <div class='ocr_carea' id='block_1_99' title="bbox 490 5087 1859 5159">
    <p class='ocr_par' dir='ltr' id='par_1_99' title="bbox 490 5087 1859 5159">
     <span class='ocr_line' id='line_1_99' title="bbox 490 5087 1859 5159; baseline 0.004 -21"><span class='ocrx_word' id='word_1_789' title='bbox 490 5087 875 5159; x_wconf 30' lang='lat' dir='ltr'><strong>ad‘re‘m‘edium</strong></span> <span class='ocrx_word' id='word_1_790' title='bbox 900 5087 1290 5158; x_wconf 83' lang='lat' dir='ltr'><strong>sempiternum,</strong></span> <span class='ocrx_word' id='word_1_791' title='bbox 1316 5101 1371 5143; x_wconf 88' lang='lat' dir='ltr'><strong>ut</strong></span> <span class='ocrx_word' id='word_1_792' title='bbox 1394 5087 1570 5145; x_wconf 81' lang='lat' dir='ltr'><strong>evenit</strong></span> <span class='ocrx_word' id='word_1_793' title='bbox 1601 5091 1859 5159; x_wconf 78' lang='lat' dir='ltr'><strong>felicibus.</strong></span> 
     </span>
    </p>
   </div>
   <div class='ocr_carea' id='block_1_100' title="bbox 539 5154 2069 5242">
    <p class='ocr_par' dir='ltr' id='par_1_100' title="bbox 539 5154 2069 5242">
     <span class='ocr_line' id='line_1_100' title="bbox 539 5154 2069 5242; baseline -0.002 -23"><span class='ocrx_word' id='word_1_794' title='bbox 539 5154 745 5242; x_wconf 39' lang='grc' dir='ltr'><strong>η(</strong></span> <span class='ocrx_word' id='word_1_795' title='bbox 772 5154 1079 5242; x_wconf 51' lang='lat' dir='ltr'><strong>‘Hicsermp</strong></span> <span class='ocrx_word' id='word_1_796' title='bbox 1096 5160 1348 5242; x_wconf 70' lang='lat' dir='ltr'><strong>vulgatus</strong></span> <span class='ocrx_word' id='word_1_797' title='bbox 1372 5154 1694 5242; x_wconf 79' lang='lat' dir='ltr'><strong>ab_Acliério</strong></span> <span class='ocrx_word' id='word_1_798' title='bbox 1715 5174 1907 5242; x_wconf 37' lang='lat' dir='ltr'><strong>omnis.</strong></span> <span class='ocrx_word' id='word_1_799' title='bbox 1927 5160 2069 5242; x_wconf 53' lang='lat' dir='ltr'><strong>Ean-</strong></span> 
     </span>
    </p>
   </div>
   <div class='ocr_carea' id='block_1_101' title="bbox 488 5222 2069 5348">
    <p class='ocr_par' dir='ltr' id='par_1_101' title="bbox 488 5222 2069 5348">
     <span class='ocr_line' id='line_1_101' title="bbox 490 5222 2069 5297; baseline 0.009 -21"><span class='ocrx_word' id='word_1_800' title='bbox 490 5222 746 5289; x_wconf 74' lang='lat' dir='ltr'><strong>duuensi,</strong></span> <span class='ocrx_word' id='word_1_801' title='bbox 772 5226 987 5283; x_wconf 87' lang='lat' dir='ltr'><strong>habitus</strong></span> <span class='ocrx_word' id='word_1_802' title='bbox 1037 5227 1139 5284; x_wconf 85' lang='lat' dir='ltr'><strong>fuit</strong></span> <span class='ocrx_word' id='word_1_803' title='bbox 1166 5222 1255 5287; x_wconf 74' lang='lat' dir='ltr'><strong>die</strong></span> <span class='ocrx_word' id='word_1_804' title='bbox 1301 5230 1586 5287; x_wconf 79' lang='lat' dir='ltr'><strong>Paschalis</strong></span> <span class='ocrx_word' id='word_1_805' title='bbox 1611 5230 1738 5297; x_wconf 88' lang='lat' dir='ltr'><strong>anni</strong></span> <span class='ocrx_word' id='word_1_806' title='bbox 1770 5228 1894 5287; x_wconf 87' lang='lat'><strong>968.</strong></span> <span class='ocrx_word' id='word_1_807' title='bbox 1929 5230 2069 5291; x_wconf 85' lang='lat' dir='ltr'><strong>Con-</strong></span> 
     </span>
     <span class='ocr_line' id='line_1_102' title="bbox 488 5291 903 5348; baseline 0 0"><span class='ocrx_word' id='word_1_808' title='bbox 488 5291 574 5348; x_wconf 79' lang='lat' dir='ltr'><strong>fer</strong></span> <span class='ocrx_word' id='word_1_809' title='bbox 600 5305 713 5348; x_wconf 89' lang='lat' dir='ltr'><strong>not.</strong></span> <span class='ocrx_word' id='word_1_810' title='bbox 746 5295 903 5348; x_wconf 73' lang='grc'><strong>1492-</strong></span> 
     </span>
    </p>
   </div>
   <div class='ocr_carea' id='block_1_102' title="bbox 513 5305 903 5348">
    <p class='ocr_par' dir='ltr' id='par_1_102' title="bbox 513 5305 903 5348">
     <span class='ocr_line' id='line_1_103' title="bbox 513 5305 903 5348; baseline 0 0"><span class='ocrx_word' id='word_1_811' title='bbox 513 5309 574 5348; x_wconf 89' lang='lat' dir='ltr'><strong>er</strong></span> <span class='ocrx_word' id='word_1_812' title='bbox 600 5305 713 5348; x_wconf 85' lang='grc' dir='ltr'><strong><em>ιιοι.</em></strong></span> <span class='ocrx_word' id='word_1_813' title='bbox 746 5305 903 5348; x_wconf 72' lang='grc'><strong>1492-</strong></span> 
     </span>
    </p>
   </div>
   <div class='ocr_carea' id='block_1_103' title="bbox 2249 4528 3772 4604">
    <p class='ocr_par' dir='ltr' id='par_1_103' title="bbox 2249 4528 3772 4604">
     <span class='ocr_line' id='line_1_104' title="bbox 2249 4528 3772 4604; baseline -0.005 -13"><span class='ocrx_word' id='word_1_814' title='bbox 2249 4535 2303 4591; x_wconf 76' lang='grc' dir='ltr'><strong>ὅ.</strong></span> <span class='ocrx_word' id='word_1_815' title='bbox 2344 4534 2515 4603; x_wconf 84' lang='lat' dir='ltr'><strong>Hujus</strong></span> <span class='ocrx_word' id='word_1_816' title='bbox 2543 4535 2660 4600; x_wconf 90' lang='lat' dir='ltr'><strong>sed,</strong></span> <span class='ocrx_word' id='word_1_817' title='bbox 2688 4534 2826 4604; x_wconf 87' lang='lat' dir='ltr'><strong>proh</strong></span> <span class='ocrx_word' id='word_1_818' title='bbox 2856 4531 3044 4588; x_wconf 80' lang='lat' dir='ltr'><strong>dolor!</strong></span> <span class='ocrx_word' id='word_1_819' title='bbox 3077 4528 3289 4588; x_wconf 88' lang='lat' dir='ltr'><strong>consilii</strong></span> <span class='ocrx_word' id='word_1_820' title='bbox 3318 4528 3375 4586; x_wconf 91' lang='lat' dir='ltr'><strong>in</strong></span> <span class='ocrx_word' id='word_1_821' title='bbox 3395 4537 3612 4585; x_wconf 86' lang='lat' dir='ltr'><strong>tantum</strong></span> <span class='ocrx_word' id='word_1_822' title='bbox 3639 4541 3772 4585; x_wconf 84' lang='lat' dir='ltr'><strong>oon-</strong></span> 
     </span>
    </p>
   </div>
   <div class='ocr_carea' id='block_1_104' title="bbox 2177 4667 3773 4747">
    <p class='ocr_par' dir='ltr' id='par_1_104' title="bbox 2177 4667 3773 4747">
     <span class='ocr_line' id='line_1_105' title="bbox 2177 4667 3773 4747; baseline -0.007 -14"><span class='ocrx_word' id='word_1_823' title='bbox 2177 4677 2374 4741; x_wconf 82' lang='lat' dir='ltr'><strong>editor,</strong></span> <span class='ocrx_word' id='word_1_824' title='bbox 2402 4675 2754 4747; x_wconf 82' lang='lat' dir='ltr'><strong>ejusdemque</strong></span> <span class='ocrx_word' id='word_1_825' title='bbox 2795 4672 3206 4747; x_wconf 24' lang='lat' dir='ltr'><strong>eme‘ndation‘es</strong></span> <span class='ocrx_word' id='word_1_826' title='bbox 3234 4682 3549 4747; x_wconf 71' lang='lat' dir='ltr'><strong>recepimus</strong></span> <span class='ocrx_word' id='word_1_827' title='bbox 3575 4686 3595 4747; x_wconf 83' lang='lat'><strong>_:</strong></span> <span class='ocrx_word' id='word_1_828' title='bbox 3629 4667 3773 4723; x_wconf 66' lang='lat' dir='ltr'><strong>sicut</strong></span> 
     </span>
    </p>
   </div>
   <div class='ocr_carea' id='block_1_105' title="bbox 2178 4740 3773 4820">
    <p class='ocr_par' dir='ltr' id='par_1_105' title="bbox 2178 4740 3773 4820">
     <span class='ocr_line' id='line_1_106' title="bbox 2178 4740 3773 4820; baseline -0.009 -16"><span class='ocrx_word' id='word_1_829' title='bbox 2178 4756 2236 4804; x_wconf 86' lang='lat' dir='ltr'><strong>et</strong></span> <span class='ocrx_word' id='word_1_830' title='bbox 2263 4740 2389 4819; x_wconf 87' lang='lat' dir='ltr'><strong>post</strong></span> <span class='ocrx_word' id='word_1_831' title='bbox 2430 4740 2693 4820; x_wconf 69' lang='lat' dir='ltr'><strong>nonnulla</strong></span> <span class='ocrx_word' id='word_1_832' title='bbox 2751 4758 2878 4820; x_wconf 79' lang='lat' dir='ltr'><strong>cum</strong></span> <span class='ocrx_word' id='word_1_833' title='bbox 2910 4743 3028 4814; x_wconf 91' lang='lat' dir='ltr'><strong>ipso</strong></span> <span class='ocrx_word' id='word_1_834' title='bbox 3050 4741 3373 4820; x_wconf 72' lang='lat' dir='ltr'><strong>retinuitnus</strong></span> <span class='ocrx_word' id='word_1_835' title='bbox 3401 4740 3640 4820; x_wconf 58' lang='lat' dir='ltr'><strong>possidet</strong></span> 
     </span>
    </p>
   </div>
   <div class='ocr_carea' id='block_1_106' title="bbox 2180 4807 3771 4888">
    <p class='ocr_par' dir='ltr' id='par_1_106' title="bbox 2180 4807 3771 4888">
     <span class='ocr_line' id='line_1_107' title="bbox 2180 4807 3771 4888; baseline -0.004 -16"><span class='ocrx_word' id='word_1_836' title='bbox 2180 4807 2409 4883; x_wconf 66' lang='lat' dir='ltr'><strong>ritatem,</strong></span> <span class='ocrx_word' id='word_1_837' title='bbox 2435 4816 2522 4871; x_wconf 89' lang='lat' dir='ltr'><strong>ubi</strong></span> <span class='ocrx_word' id='word_1_838' title='bbox 2552 4817 2727 4888; x_wconf 85' lang='lat' dir='ltr'><strong>prima</strong></span> <span class='ocrx_word' id='word_1_839' title='bbox 2750 4807 3241 4885; x_wconf 51' lang='lat' dir='ltr'><strong>editio-perperam</strong></span> <span class='ocrx_word' id='word_1_840' title='bbox 3272 4809 3511 4869; x_wconf 85' lang='lat' dir='ltr'><strong>habebat</strong></span> <span class='ocrx_word' id='word_1_841' title='bbox 3537 4807 3771 4879; x_wconf 57' lang='lat' dir='ltr'><strong>possunt</strong></span> 
     </span>
    </p>
   </div>
   <div class='ocr_carea' id='block_1_107' title="bbox 2175 4890 2929 4945">
    <p class='ocr_par' dir='ltr' id='par_1_107' title="bbox 2175 4890 2929 4945">
     <span class='ocr_line' id='line_1_108' title="bbox 2175 4890 2929 4945; baseline -0.005 1"><span class='ocrx_word' id='word_1_842' title='bbox 2175 4890 2466 4945; x_wconf 79' lang='lat' dir='ltr'><strong>veritatem.</strong></span> <span class='ocrx_word' id='word_1_843' title='bbox 2926 4890 2929 4893; x_wconf 39' lang='grc' dir='ltr'>λ</span> 
     </span>
    </p>
   </div>
   <div class='ocr_carea' id='block_1_108' title="bbox 2251 4946 3769 5029">
    <p class='ocr_par' dir='ltr' id='par_1_108' title="bbox 2251 4946 3769 5029">
     <span class='ocr_line' id='line_1_109' title="bbox 2251 4946 3769 5029; baseline -0.007 -17"><span class='ocrx_word' id='word_1_844' title='bbox 2251 4956 2435 5029; x_wconf 71' lang='grc'><strong>(1491)</strong></span> <span class='ocrx_word' id='word_1_845' title='bbox 2468 4954 2780 5029; x_wconf 64' lang='lat' dir='ltr'><strong>Construe;</strong></span> <span class='ocrx_word' id='word_1_846' title='bbox 2809 4953 3135 5029; x_wconf 79' lang='lat' dir='ltr'><strong>pensandum</strong></span> <span class='ocrx_word' id='word_1_847' title='bbox 3166 4950 3427 5024; x_wconf 80' lang='lat' dir='ltr'><strong>quomodo</strong></span> <span class='ocrx_word' id='word_1_848' title='bbox 3479 4964 3649 5005; x_wconf 79' lang='lat' dir='ltr'><strong>ausus</strong></span> <span class='ocrx_word' id='word_1_849' title='bbox 3680 4946 3769 5002; x_wconf 77' lang='lat' dir='ltr'><strong>&#39;sit</strong></span> 
     </span>
    </p>
   </div>
   <div class='ocr_carea' id='block_1_109' title="bbox 2178 5026 3526 5103">
    <p class='ocr_par' dir='ltr' id='par_1_109' title="bbox 2178 5026 3526 5103">
     <span class='ocr_line' id='line_1_110' title="bbox 2178 5026 3526 5103; baseline 0 0"><span class='ocrx_word' id='word_1_850' title='bbox 2178 5026 2445 5103; x_wconf 39' lang='lat' dir='ltr'><strong>comedet?</strong></span> <span class='ocrx_word' id='word_1_851' title='bbox 2465 5044 2673 5103; x_wconf 58' lang='lat' dir='ltr'><strong>carnem</strong></span> <span class='ocrx_word' id='word_1_852' title='bbox 2693 5026 2930 5103; x_wconf 63' lang='grc' dir='ltr'><strong>οηΐίδιὲ.</strong></span> <span class='ocrx_word' id='word_1_853' title='bbox 3077 5094 3108 5103; x_wconf 92' lang='grc'><strong>..</strong></span> <span class='ocrx_word' id='word_1_854' title='bbox 3195 5055 3269 5103; x_wconf 52' lang='lat'><strong>.‘</strong></span> <span class='ocrx_word' id='word_1_855' title='bbox 3324 5090 3339 5103; x_wconf 91' lang='lat'><strong>.</strong></span> <span class='ocrx_word' id='word_1_856' title='bbox 3428 5097 3439 5103; x_wconf 87' lang='lat'>_</span> <span class='ocrx_word' id='word_1_857' title='bbox 3511 5089 3526 5103; x_wconf 91' lang='lat'><strong>.</strong></span> 
     </span>
    </p>
   </div>
   <div class='ocr_carea' id='block_1_110' title="bbox 2251 5087 3764 5170">
    <p class='ocr_par' dir='ltr' id='par_1_110' title="bbox 2251 5087 3764 5170">
     <span class='ocr_line' id='line_1_111' title="bbox 2251 5087 3764 5170; baseline -0.008 -16"><span class='ocrx_word' id='word_1_858' title='bbox 2251 5097 2435 5170; x_wconf 74' lang='lat' dir='ltr'><strong>(M92)</strong></span> <span class='ocrx_word' id='word_1_859' title='bbox 2472 5097 2833 5170; x_wconf 36' lang='lat' dir='ltr'><strong>Similiter‘in</strong></span> <span class='ocrx_word' id='word_1_860' title='bbox 2864 5094 3144 5170; x_wconf 65' lang='lat' dir='ltr'><strong>Discordia</strong></span> <span class='ocrx_word' id='word_1_861' title='bbox 3195 5090 3479 5148; x_wconf 86' lang='lat' dir='ltr'><strong>lucubrata</strong></span> <span class='ocrx_word' id='word_1_862' title='bbox 3510 5089 3567 5144; x_wconf 91' lang='lat' dir='ltr'><strong>in</strong></span> <span class='ocrx_word' id='word_1_863' title='bbox 3612 5087 3764 5157; x_wconf 82' lang='lat' dir='ltr'><strong>Qua-</strong></span> 
     </span>
    </p>
   </div>
   <div class='ocr_carea' id='block_1_111' title="bbox 2176 5162 3764 5243">
    <p class='ocr_par' dir='ltr' id='par_1_111' title="bbox 2176 5162 3764 5243">
     <span class='ocr_line' id='line_1_112' title="bbox 2176 5162 3764 5243; baseline -0.01 -14"><span class='ocrx_word' id='word_1_864' title='bbox 2176 5162 2482 5243; x_wconf 61' lang='lat' dir='ltr'><strong>drusesima</strong></span> <span class='ocrx_word' id='word_1_865' title='bbox 2512 5169 2637 5224; x_wconf 87' lang='lat' dir='ltr'><strong>anni</strong></span> <span class='ocrx_word' id='word_1_866' title='bbox 2669 5165 2773 5225; x_wconf 78' lang='lat'><strong>968</strong></span> <span class='ocrx_word' id='word_1_867' title='bbox 2806 5182 2956 5243; x_wconf 76' lang='lat' dir='ltr'><strong>num.</strong></span> <span class='ocrx_word' id='word_1_868' title='bbox 2986 5165 3036 5218; x_wconf 86' lang='lat'><strong>7.</strong></span> <span class='ocrx_word' id='word_1_869' title='bbox 3061 5162 3178 5243; x_wconf 53' lang='lat' dir='ltr'><strong>fer</strong></span> <span class='ocrx_word' id='word_1_870' title='bbox 3196 5179 3382 5243; x_wconf 70' lang='lat' dir='ltr'><strong>omnes</strong></span> <span class='ocrx_word' id='word_1_871' title='bbox 3402 5178 3533 5243; x_wconf 63' lang='lat' dir='ltr'><strong>sane</strong></span> <span class='ocrx_word' id='word_1_872' title='bbox 3555 5176 3764 5242; x_wconf 63' lang='lat' dir='ltr'><strong>sermo-</strong></span> 
     </span>
    </p>
   </div>
   <div class='ocr_carea' id='block_1_112' title="bbox 2176 5230 3765 5310">
    <p class='ocr_par' dir='ltr' id='par_1_112' title="bbox 2176 5230 3765 5310">
     <span class='ocr_line' id='line_1_113' title="bbox 2176 5230 3765 5310; baseline -0.004 -16"><span class='ocrx_word' id='word_1_873' title='bbox 2176 5230 2308 5306; x_wconf 57' lang='lat' dir='ltr'><strong>nes:</strong></span> <span class='ocrx_word' id='word_1_874' title='bbox 2325 5240 2519 5309; x_wconf 89' lang='lat' dir='ltr'><strong>inquit,</strong></span> <span class='ocrx_word' id='word_1_875' title='bbox 2554 5254 2683 5307; x_wconf 88' lang='lat' dir='ltr'><strong>quos</strong></span> <span class='ocrx_word' id='word_1_876' title='bbox 2710 5237 3025 5310; x_wconf 31' lang='lat' dir='ltr'><strong>populo‘ista</strong></span> <span class='ocrx_word' id='word_1_877' title='bbox 3049 5231 3472 5310; x_wconf 62' lang='lat' dir='ltr'><strong>Quadragesima</strong></span> <span class='ocrx_word' id='word_1_878' title='bbox 3496 5230 3628 5310; x_wconf 49' lang='lat' dir='ltr'><strong>feci;</strong></span> <span class='ocrx_word' id='word_1_879' title='bbox 3647 5230 3765 5287; x_wconf 67' lang='lat' dir='ltr'><strong>uto-</strong></span> 
     </span>
    </p>
   </div>
   <div class='ocr_carea' id='block_1_113' title="bbox 2174 5299 3767 5348">
    <p class='ocr_par' dir='ltr' id='par_1_113' title="bbox 2174 5299 3767 5348">
     <span class='ocr_line' id='line_1_114' title="bbox 2174 5299 3767 5348; baseline 0 0"><span class='ocrx_word' id='word_1_880' title='bbox 2174 5299 2298 5348; x_wconf 48' lang='grc' dir='ltr'><strong>κυνὶ</strong></span> <span class='ocrx_word' id='word_1_881' title='bbox 2323 5299 2521 5348; x_wconf 50' lang='lat' dir='ltr'><strong>mola-ulls</strong></span> <span class='ocrx_word' id='word_1_882' title='bbox 2555 5299 2730 5348; x_wconf 53' lang='grc' dir='ltr'><strong><em>ιληηιολ</em></strong></span> <span class='ocrx_word' id='word_1_883' title='bbox 2758 5299 2862 5348; x_wconf 58' lang='lat' dir='ltr'><strong>sint:</strong></span> <span class='ocrx_word' id='word_1_884' title='bbox 2883 5305 3059 5348; x_wconf 61' lang='lat' dir='ltr'><strong>(institi</strong></span> <span class='ocrx_word' id='word_1_885' title='bbox 3076 5299 3084 5300; x_wconf 17' lang='grc' dir='ltr'>ί</span> <span class='ocrx_word' id='word_1_886' title='bbox 3103 5316 3158 5346; x_wconf 80' lang='lat' dir='ltr'><strong>tl!</strong></span> <span class='ocrx_word' id='word_1_887' title='bbox 3190 5299 3359 5348; x_wconf 58' lang='lat' dir='ltr'><strong>malim</strong></span> <span class='ocrx_word' id='word_1_888' title='bbox 3389 5299 3494 5348; x_wconf 69' lang='lat' dir='ltr'><strong>non</strong></span> 
     </span>
    </p>
   </div>
  </div>
