4044 5348
231 300 328 358 725

1656 304 2043 388 santiones.

3375 315 3481 372 ἠδ

233 422 516 481 temptores
561 411 819 482 quosdam
869 413 1147 486 conspexi,
1193 423 1246 471 et
1297 416 1503 472 utinam
1544 429 1647 472 non
1679 416 1798 471 illos
1906 428 2176 478 momento
2200 420 2321 498 quis
2346 422 2537 479 transit
2561 438 2592 478 a
2620 423 2834 480 diabolo
2855 426 2924 480 ad
2948 423 3247 490 Christum,
3282 441 3311 480 a
3335 427 3484 484 vitiis

230 505 488 574 prmeipuc
513 505 599 575 qui
645 504 938 560 debuerant
962 506 1080 562 aliis
1111 506 1310 563 bonum
1333 508 1636 580 exemplum
1661 524 1797 579 ιιι-ω·
1839 501 1874 512 ”
1903 512 1969 565 ad
2000 512 2246 580 virtutes,
2280 514 2346 570 de
2395 516 2632 572 tenebris
2678 519 2744 572 ad
2789 519 2986 584 lucem,
3018 520 3325 591 paschalem
3375 522 3486 592 agit

230 600 367 660 here,
399 607 456 651 ut
502 598 661 652 etiam
707 599 806 670 ipsi
855 599 1038 673 (119⁵5)
1079 601 1172 674 qui
1203 617 1393 673 panem
1423 612 1669 660 sanctum
1717 604 1799 662 eis

231 689 470 744 mittebat
515 689 566 743 in
613 705 706 745 ore
758 692 1006 760 dicendo,
1051 693 1270 766 (1494)
1329 692 1531 766 Corpus
1583 679 1799 752 Domini

230 781 384 837 nostri
425 780 554 836 Iesu
596 781 790 838 Christi
842 787 1002 856 prosit
1059 787 1151 841 tibi
1218 789 1271 842 in
1322 790 1478 843 vitam
1527 799 1798 857 a’ternam,

227 873 378 946 613
416 891 521 929 non
548 886 825 932 cessarent
853 878 1166 949 perditionis
1196 878 1419 951 laqueos
1447 881 1668 936 tendere
1688 921 1702 946 ,
1743 888 1800 940 et

227 969 369 1039 quasi
423 968 596 1026 Pilato
651 969 840 1026 diebus
893 973 1093 1028 eisdem
1147 990 1162 1028 :
1210 972 1490 1045 Cruciﬁge,
1553 975 1800 1045 cruciﬁge

226 1059 399 1130 (Joan.
443 1077 559 1127 xu,
607 1061 683 1133 6),
732 1062 1003 1132 clamare;
1040 1082 1148 1120 non
1199 1066 1462 1120 recordati
1512 1066 1738 1121 dicentis
1780 1085 1796 1122 :

232 1149 316 1203 Va:
365 1151 524 1222 impio
571 1155 850 1222 proditori,
903 1172 982 1210 va:
1033 1154 1386 1228 complicibus
1431 1155 1695 1227 hodieque
1742 1156 1797 1214 in

222 1240 453 1298 Ecclesia
483 1244 618 1316 ejus.
653 1245 893 1315 Quorum
933 1247 1252 1318 quibusdam
1293 1248 1448 1304 hodie
1489 1263 1584 1318 per
1622 1249 1796 1306 vicem

222 1333 424 1390 Domini
455 1337 626 1391 nostri
658 1339 925 1404 mandavi,
961 1347 1021 1394 ut
1066 1340 1167 1395 hoc
1201 1339 1378 1394 facere
1423 1325 1798 1410 quiescerent;

222 1435 271 1482 et
311 1425 351 1482 si
401 1425 653 1493 fecerint,
697 1429 1048 1500 sibimetipsis
1095 1428 1319 1487 faciant.
1350 1432 1489 1486 Dicit
1529 1434 1673 1488 enim
1706 1447 1796 1488 sa-

220 1520 579 1592 pientissimus
625 1521 898 1593 perlepide
934 1521 1332 1596 Hieronymus:
1373 1524 1552 1581 Semel
1581 1541 1798 1590 errasse

224 1610 287 1664 sit
323 1625 514 1677 casus;
567 1627 664 1666 cur
693 1613 986 1682 prudenter
1016 1625 1250 1681 erratur,
1298 1623 1352 1671 et
1381 1615 1613 1670 crebro?
1657 1615 1796 1672 Nam

221 1703 315 1757 nisi
355 1705 638 1768 caverint,
694 1707 982 1762 verendmn
1045 1723 1114 1763 ne
1171 1708 1276 1764 illis
1324 1709 1607 1779 contingat
1651 1709 1796 1780 quod

1900 604 2167 660 veraciter
2215 604 2630 662 solemnitatem.
2685 608 2907 666 Dicente
2975 611 3122 666 extim
3191 610 3479 667 Psalmista

1901 695 2132 754 Domino
2158 712 2172 752 :
2205 697 2462 772 Reliquiw
2485 703 2812 774 cogitationis
2835 705 2970 758 diem
2993 704 3181 774 festum
3206 715 3356 774 agent
3389 705 3484 760 tibi

1902 788 2076 864 (Psal.
2140 807 2300 858 Lxsv,
2352 793 2461 863 11),
2527 794 2768 849 solemne
2819 795 3045 850 Domino
3100 795 3304 851 Pascha
3357 795 3484 864 qui-

1901 882 2035 956 libet
2097 885 2225 956 agit,
2290 886 2382 956 qui
2447 886 2760 958 relinquens
2819 889 2961 958 quod
3009 887 3149 942 male
3201 888 3482 959 cogitavit,

1902 974 2031 1032 illud
2081 991 2240 1047 agere
2294 978 2490 1048 satagit
2517 981 2658 1047 quod
2708 979 2850 1034 Deus
2904 981 3018 1050 ipse
3047 980 3320 1052 praecepit.

2411 1071 2576 1145 ειη,
2615 1072 2844 1130 SERMO
2882 1073 2964 1128 v1.

2295 1161 2477 1232 (N95)
2506 1177 2571 1217 DE
2607 1180 2830 1220 ocnvls
2856 1178 3091 1221 PASCIIE.

1973 1252 2024 1310 1.
2042 1252 2330 1320 Antequam
2344 1254 2609 1308 comedam
2630 1257 2831 1328 suspiro
2857 1255 2977 1324 (Job
3009 1271 3094 1321 ιιι,
3116 1255 3230 1324 24),
3261 1253 3361 1313 Job
3411 1255 3488 1311 le-

1901 1341 2047 1412 gitur
2078 1342 2265 1398 beatus
2289 1342 2508 1397 dixisse.
2562 1342 2738 1400 Causa
2768 1343 3092 1412 sulijuncta:
3125 1344 3263 1412 Quia
3305 1345 3480 1405 timor.

1900 1431 2172 1503 inquiens,
2199 1451 2348 1505 quem
2372 1434 2635 1501 timebam,
2661 1435 2821 1491 evenit
2849 1437 2995 1504 mihi,
3019 1446 3066 1491 et
3103 1439 3243 1508 quod
3274 1437 3487 1492 verebar

1900 1524 2090 1596 accidit
2122 1523 2286 1595 (Ibid.
2311 1526 2424 1594 9.5).
2454 1525 2605 1593 Quod
2637 1536 2694 1580 ut
2721 1527 2786 1582 ad
2808 1545 2890 1583 me
2915 1528 3145 1583 referam
3166 1537 3370 1583 tantum
3414 1527 3484 1584 ab

1900 1613 2010 1678 illo,
2039 1627 2296 1685 quantum
2319 1633 2518 1672 (ereum
2543 1619 2611 1672 ab
2635 1620 2875 1674 aetherei)
2899 1619 3066 1674 distat
3087 1620 3246 1684 caelo,
3282 1621 3490 1674 distan-

1900 1713 2030 1769 tem,
2057 1707 2208 1763 doleo
2231 1716 2470 1763 vestrum
2495 1709 2788 1776 nonnullis,
2813 1710 3008 1776 fateor,
3033 1711 3317 1776 accidisse,
3342 1711 3491 1783 quod

223 1797 335 1862 illis,
367 1799 433 1854 de
475 1800 679 1869 quibus
728 1801 926 1857 dictum
958 1813 1064 1869 εει,
1095 1806 1322 1876 conligi;
1373 1824 1386 1859 ε
1435 1771 1620 1860 Adhuc
1663 1771 1872 1861 éscwlB
1901 1794 2086 1870 (M96)
2149 1798 2344 1852 timens
2390 1799 2667 1854 Dominica
2730 1771 2928 1871 protuli
2989 1771 3095 1858 die.
3151 1771 3487 1868 Quibusdam

225 1907 388 1945 eorum
415 1893 641 1948 erantin
668 1910 755 1948 ore
775 1895 1028 1962 ipsorum,
1056 1907 1106 1951 et
1143 1897 1225 1952 ira
1256 1897 1354 1952 Dei
1385 1899 1618 1952 ascendit
1640 1915 1798 1969 super

219 2000 295 2038 eos
317 1983 484 2044 (Psal.
513 2001 720 2048 Lxxvn,
746 1986 835 2056 30)
866 2006 878 2042 :
904 1997 959 2044 et
981 1990 1123 2060 quod
1150 1990 1324 2060 pridie
1346 1991 1409 2044 de
1431 1989 1567 2046 Iuda
1598 1992 1798 2050 lectum

219 2073 415 2130 Domini
465 2085 553 2132 est
605 2079 884 2145 traditore,
937 2080 1093 2151 cujus
1143 2083 1446 2139 imitatores
1505 2085 1682 2141 adhuc
1734 2085 1788 2140 in

219 2157 439 2221 Ecclesia
468 2181 613 2232 esse,
661 2181 884 2226 sanctus
913 2172 1020 2238 ille,
1070 2174 1224 2245 cujus
1272 2176 1437 2232 verba
1488 2178 1649 2232 modo
1679 2192 1796 2233 me-

218 2257 477 2325 minimus,
508 2276 617 2315 non
643 2259 908 2318 dubitavit
936 2264 1180 2334 proferre
1211 2285 1223 2320 :
1253 2265 1319 2321 Et
1362 2278 1477 2337 post
1509 2267 1799 2324 buccellam

218 2359 325 2401 tunc
346 2351 574 2405 introivit
607 2353 661 2407 in
697 2370 815 2408 eum
839 2352 1066 2410 Satanas
1107 2356 1284 2428 (Joan.
1315 2375 1437 2423 xm,
1466 2359 1580 2429 27),
1609 2339 1798 2430 utique

218 2455 303 2510 per
330 2444 476 2513 pravi
507 2445 692 2515 operis
736 2445 1009 2512 effectum,
1040 2451 1129 2520 qui
1156 2449 1268 2522 jam
1303 2451 1355 2506 in
1394 2467 1460 2506 eo
1489 2468 1586 2521 per
1635 2452 1796 2506 mali-

220 2548 321 2606 gare
345 2533 640 2592 voluntatis
667 2548 785 2593 erat
815 2539 1089 2598 affectum.
1142 2541 1275 2598 Cum
1328 2545 1512 2613 utique
1555 2543 1600 2598 si
1645 2543 1795 2615 Apo-

219 2623 342 2679 stolo
391 2627 753 2683 credidissent
783 2629 984 2686 dicenti
1033 2649 1046 2686 :
1100 2629 1292 2687 Probet
1347 2644 1523 2688 autem
1567 2635 1793 2701 seipsum

220 2715 372 2774 homo,
396 2726 443 2770 et
463 2718 541 2771 sic
563 2719 628 2772 de
651 2737 783 2790 pane
808 2720 898 2774 illo
921 2723 1055 2786 edat,
1086 2733 1132 2778 et
1162 2724 1226 2777 de
1247 2723 1406 2779 calice
1435 2725 1572 2779 bibat
1596 2723 1646 2797 (1
1671 2722 1796 2781 Cor.

221 2820 286 2871 ιι,
316 2806 424 2874 28),
454 2811 560 2866 hoc
586 2821 690 2880 est,
719 2812 972 2868 discutiat
999 2817 1050 2872 in
1077 2832 1180 2887 qua
1210 2818 1280 2872 sit
1324 2817 1624 2884 voluntate,
1671 2834 1799 2888 pec-

219 2899 355 2952 candi
388 2901 598 2972 utique,
645 2918 714 2958 an
762 2907 1106 2973 emendandi,
1141 2907 1368 2964 nocendi
1417 2909 1670 2980 aliquem,
1727 2925 1797 2966 an

221 2989 507 3061 adjuvandi,
534 2994 593 3049 in
607 2994 751 3062 odia,
773 3013 838 3052 an
865 2999 918 3054 in
947 3015 1130 3056 amore
1153 2999 1432 3056 fraterno:
1457 3003 1521 3066 si,
1550 3003 1795 3074 inquam,

219 3083 331 3137 talia
374 3085 670 3143 salubriter
697 3090 1050 3161 cogitassent,
1084 3093 1149 3148 de
1180 3109 1342 3150 manu
1389 3094 1580 3150 saltem
1627 3094 1790 3160 illius,

222 3188 364 3243 quem
391 3177 640 3242 oderant,
697 3196 852 3236 sacra
895 3199 1108 3239 sumere
1137 3185 1490 3253 devitassent,
1530 3201 1599 3241 ne
1643 3183 1796 3242 Iuda:

221 3265 406 3321 scilicet
445 3277 558 3325 tam
596 3271 795 3342 publici
834 3274 1136 3330 imitatores
1179 3277 1495 3332 existerent.
1529 3276 1636 3332 Sed
1666 3277 1795 3348 quia

225 3358 346 3436 apud
382 3359 551 3416 Deum
592 3378 698 3419 non
741 3374 824 3422 est
869 3365 1104 3424 diﬂicilis
1149 3378 1241 3424 aut
1289 3371 1440 3425 tarda
1484 3370 1792 3438 conversio,

221 3461 315 3503 non
341 3466 395 3507 se
421 3453 673 3530 desperet
699 3455 840 3518 talis.
873 3473 1089 3523 moneo,
1113 3458 1393 3515 hominum
1423 3461 1632 3530 portio;
1659 3475 1796 3533 quo-

218 3538 346 3594 niam
372 3543 592 3611 quidem
613 3545 920 3603 Judaeorum
943 3547 1149 3604 Pascha
1176 3559 1329 3604 certo
1352 3558 1612 3620 tempore,
1637 3549 1794 3605 Chri-

218 3630 496 3689 stianorum
528 3637 678 3692 omni
709 3646 791 3694 est
820 3647 1084 3711 tempore,
1111 3641 1380 3712 praecipue
1409 3655 1537 3695 vero
1581 3640 1633 3694 in
1681 3638 1791 3695 De-

219 3721 424 3791 minica,
486 3729 998 3786 communicationis
1055 3739 1220 3800 atque
1277 3731 1648 3788 conversionis
1722 3731 1793 3788 ad

217 3813 416 3870 meliora
465 3817 534 3873 de
564 3817 838 3888 peioribus
885 3820 993 3876 die.
1031 3821 1240 3878 Pascha
1273 3822 1418 3878 enim
1447 3837 1570 3879 cum
1602 3831 1781 3877 trans-

217 3897 310 3957 itus
356 3905 779 3977 interpretetur,
816 3925 1140 3983 quocunque
1176 3921 1440 3982 tempore,
1469 3927 1793 3983 quacunque

219 3989 312 4059 die,
363 4013 688 4071 quacunque
741 4001 896 4069 hora,
952 4018 1280 4075 quocunque
1333 4006 1400 4059 ad
1454 4013 1792 4062 nostremum

251 4146 453 4229 ,(1195)
495 4149 995 4229 ls_est.l_la_tlierius,
1023 4157 1176 4227 cujus
1197 4156 1558 4229 perditionem
1587 4158 1642 4213 in
1673 4158 1792 4229 ipso

218 4212 292 4300 ne
323 4212 500 4300 Cinna:
553 4223 786 4300 Domini,
822 4241 948 4296 .quo
982 4212 1117 4300 suos
1168 4212 1794 4286 adversarios—veommuv-

219 4295 420 4353 nicavit,
453 4307 560 4346 non
590 4295 881 4352 cessabant
903 4297 1102 4354 moliri.

250 4357 454 4439 (ltili)
497 4362 869 4439 Notabiliscst
900 4368 1014 4423 haec
1044 4369 1333 4439 peculiaris
1356 4369 1589 4426 formula
1612 4370 1788 4428 admi-

217 4434 492 4510 nistrandae
546 4434 1137 4510 Eucharistiae,_‘quam
1194 4443 1390 4510 repetit
1418 4457 1671 4498 sermone
1701 4457 1790 4497 se-

1901 1889 2221 1959 enim,proh
2252 1891 2431 1946 dolor!
2465 1894 2758 1962 contigisse
2780 1893 3024 1948 nonnihil
3052 1892 3308 1958 formido,
3339 1893 3490 1960 quod

1901 1979 2184 2036 Psalmista
2209 1984 2274 2036 de
2293 1981 2492 2038 Judzcis
2512 1984 2640 2038 olim
2667 1995 3002 2051 cantaverat,
3035 1986 3222 2040 dicens
3253 2003 3266 2038 :
3299 1985 3488 2039 Adhuc

1901 2090 2031 2126 esca:
2063 2090 2240 2127 eorum
2265 2085 2411 2128 erant
2451 2075 2504 2128 in
2539 2092 2626 2129 ore
2657 2076 2910 2145 ipsorum,
2939 2086 2985 2130 et
3016 2077 3097 2129 ira
3125 2075 3223 2128 Dei
3253 2075 3489 2129 ascendit

1900 2179 2056 2232 super
2093 2180 2178 2216 eos
2216 2160 2389 2234 (Psal.
2442 2181 2646 2229 Lxxvtt,
2705 2165 2819 2234 5U).
2869 2165 3004 2232 Quia
3055 2165 3306 2221 videlicet
3359 2181 3488 2220 cum

1901 2261 2022 2323 post
2052 2251 2348 2307 buccellam
2379 2253 2655 2310 introisset
2692 2255 2744 2309 iu
2783 2271 2879 2310 eos
2914 2255 3143 2312 Satanas
3171 2272 3269 2326 per
3289 2272 3486 2326 operao-

1901 2346 2103 2402 tionem
2136 2347 2451 2418 malignam,
2477 2347 2567 2418 qui
2593 2358 2718 2405 aute
2755 2347 2808 2403 in
2834 2349 2913 2405 eis
2942 2347 3147 2420 jamdiu
3176 2366 3271 2420 per
3310 2351 3491 2404 inten-

1902 2438 2102 2493 tionem
2149 2437 2324 2494 fuerat
2370 2440 2684 2510 pessimam,
2745 2440 2900 2511 quasi
2950 2440 3233 2496 audissent
3276 2440 3344 2494 ab
3399 2457 3486 2506 eo,

1901 2516 1992 2604 qui
2021 2533 2098 2588 eis
2136 2534 2384 2589 eamdem
2427 2543 2745 2606 porrexerat
2773 2534 3068 2592 buccellam
3097 2553 3109 2590 :
3142 2535 3296 2600 Quod
3325 2535 3485 2604 facis,

1900 2622 1988 2694 fac
2013 2625 2164 2679 citius
2209 2625 2385 2697 (Joan.
2419 2642 2538 2693 xm,
2573 2625 2666 2696 27)
2714 2645 2730 2682 :
2763 2627 2960 2683 abhinc
2987 2643 3094 2682 non
3137 2635 3494 2682 cessaverunt

1902 2719 2227 2790 quantocius
2254 2719 2496 2789 exsequi,
2535 2719 2677 2789 quod
2712 2717 2824 2788 jam
2853 2727 3034 2782 antea,
3067 2719 3338 2788 praecipue
3372 2727 3482 2775 tota

1902 2807 2004 2863 ista
2029 2807 2706 2879 Quadragesima,fuerant
2727 2809 3048 2863 machinati:
3076 2809 3259 2880 (1497)
3275 2809 3490 2879 quando

1904 2899 2112 2955 scilicet
2136 2900 2245 2954 Dco
2283 2909 2337 2954 et
2373 2899 2514 2955 laesis
2537 2898 2800 2955 fratribus
2823 2897 3182 2969 reconciliari,
3208 2907 3264 2954 et
3296 2913 3490 2953 recon-

1903 2990 2077 3048 ciliari
2154 2991 2421 3047 veraciter
2469 3000 2722 3061 optantes
2778 3007 2885 3048 non
2945 2991 3265 3062 aspernari,
3323 2990 3492 3044 verbo

1905 3090 2068 3152 atque
2088 3081 2334 3152 exemplo
2355 3082 2622 3137 instanter
2645 3081 2860 3138 fuerant
2883 3082 3071 3136 moniti
3094 3099 3107 3148 ;
3133 3080 3254 3138 illos
3276 3079 3490 3148 saltem,

1822 3143 1870 3207 c
1902 3143 1995 3247 qui
2019 3194 2124 3231 non
2175 3177 2229 3231 in
2246 3143 2338 3230 die
2378 3175 2508 3246 festo
2551 3176 2764 3247 (Matth.
2800 3191 2914 3241 xw,
2941 3174 2998 3246 2)
3025 3143 3297 3246 quondam
3337 3143 3490 3229 dixe;

1902 3278 2046 3334 rant,
2097 3283 2203 3322 non
2248 3269 2448 3323 imitari
2494 3269 2720 3346 dignati,
2754 3278 2944 3324 contra
2974 3265 3222 3322 eumdem
3254 3265 3487 3331 scilicet,

1899 3377 2058 3434 quem
2089 3377 2176 3417 me
2199 3361 2312 3418 fore
2338 3376 2495 3417 nemo
2518 3362 2725 3417 utinam
2750 3361 2935 3425 sciret,
2959 3360 3141 3416 omnia
3169 3357 3491 3414 insidiarum

1899 3441 2200 3520 molimina,
2231 3469 2422 3510 omnes
2459 3453 2779 3516 falsissimas
2806 3452 3255 3509 concinnationes
3302 3451 3358 3504 in
3394 3463 3496 3519 pa-

1897 3548 2005 3602 lam
2040 3563 2141 3619 per
2175 3561 2528 3617 quoscunque
2569 3546 2859 3601 valuerunt
2903 3546 3206 3609 mittentes,
3253 3544 3492 3611 ta‘uaque

1899 3639 1966 3696 de
1993 3654 2058 3695 eo
2085 3641 2370 3710 tingentes,
2403 3637 2581 3710 qualia
2612 3651 2770 3693 nemo
2793 3643 2975 3709 posset
2999 3635 3239 3700 credere,
3270 3633 3374 3688 nisi
3401 3630 3492 3687 cui

1897 3719 1991 3786 aut
2029 3731 2241 3796 eadem,
2283 3739 2376 3784 aut
2418 3729 2618 3787 similia
2668 3729 2834 3785 multa
2878 3727 3195 3800 contigisset
3231 3725 3426 3782 fecisse
3472 3743 3488 3781 :

1896 3822 2167 3892 corruptis
2197 3835 2413 3900 quoque
2442 3821 2671 3892 pecunia
2700 3820 2884 3892 (M98)
2921 3819 3128 3875 duabus
3165 3817 3356 3888 patriae
3393 3815 3491 3871 do-

1896 3910 2248 3977 minantibus,
2286 3919 2344 3965 ut
2373 3911 2562 3976 fertur,
2605 3909 2852 3982 personis
2877 3909 3129 3982 (quarum
3157 3906 3340 3989 (1499)
3377 3921 3486 3960 una

1897 4003 2199 4070 nobilitate,
2226 4013 2280 4060 et
2312 4004 2530 4087 nomine
2568 4003 2773 4059 utinam
2804 4011 2950 4058 esset
2977 4000 3088 4067 illa,
3126 4000 3194 4056 de
3235 4015 3344 4070 qua
3374 3998 3490 4070 jam

1896 4175 2011 4221 nas,
2037 4159 2215 4235 utique
2257 4175 2348 4228 per
2381 4158 2750 4235 praui-operis
2799 4157 3068 4235 electum,
3095 4154 3185 4235 qui
3200 4152 3316 4235 jam
3352 4153 3406 4205 in
3430 4167 3491 4235 eo

1896 4175 2011 4221 nas,
2037 4175 2215 4228 utrque
2257 4175 2348 4228 per
2374 4175 2534 4281 fraus
2580 4175 2750 4227 operis
2799 4175 3068 4226 anserum,
3095 4175 3185 4235 qui
3200 4175 3316 4222 1am
3352 4175 3406 4205 ιη
3430 4175 3491 4232 ευ

1895 4248 1990 4301 per
2017 4229 2263 4301 maligna:
2296 4246 2370 4301 oo
2397 4230 2592 4301 unta_tis
2639 4238 2758 4301 erat
2804 4227 3068 4301 eiectum.
3122 4223 3180 4280 St
3221 4231 3401 4278 autem
3435 4220 3492 4301 td

1896 4297 2113 4374 accidit,
2148 4297 2308 4370 'quod
2365 4298 2793 4374 dieUPaschatis
2855 4297 3122 4374 timebat,
3183 4309 3316 4365 ergo
3363 4299 3491 4374 past

1895 4370 2142 4444 Pascha,
2173 4364 2228 4426 et
2277 4378 2402 4424 ante
2445 4369 2587 4444 diem
2632 4379 2838 4444 octava:
2889 4369 2942 4423 in
2990 4365 3242 4444 effectum
3263 4364 3490 4444 prodiit,

1895 4444 2038 4512 quod
2069 4431 2146 4496 illi
2183 4449 2343 4496 antea
2396 4439 2578 4498 animo
2629 4439 2934 4502 volvebant,
2973 4446 3028 4492 et
3057 4431 3494 4492 aﬂ‘ectu'molie-

217 4503 562 4581 quenti-num.
589 4507 642 4572 2,
662 4503 1054 4581 cuique_alﬁtiis
1075 4522 1158 4566 est
1183 4503 1272 4565 illa
1301 4513 1503 4581 ainpso
1529 4513 1788 4570 liatberio
1813 4512 1868 4575 D
1895 4503 2112 4568 bantur.

219 4565 445 4652 allata_in
479 4565 640 4652 epist;
663 4565 818 4652 quau
843 4565 1127 4652 Patricnmi
1147 4565 1166 4635 7:
1203 4565 1429 4652 Carpi-ulsr
1445 4565 1662 4636 Domini
1679 4565 1785 4638 ibi
1814 4565 1864 4596 —'

223 4637 306 4718 ξιτὶ
355 4637 742 4718 lenti-Christi
771 4637 1080 4718 propitietur
1116 4651 1208 4708 tibi
1234 4653 1286 4705 in
1310 4637 1476 4707 'vitam
1509 4637 1781 4708 (sternant.

225 4705 272 4794 lu
317 4714 541 4794 concilio
595 4705 1028 4794 lintho'ma'gensi
1063 4705 1192 4794 anni
1223 4705 1442 4794 650,}.
1491 4705 1784 4794 ἷζιιῐέιέίέὲ

225 4789 422 4859 ronensi
467 4789 622 4859 apud
669 4789 1001 4859 Reginonem
1063 4793 1156 4847 lib.
1212 4809 1264 4859 ι,
1321 4810 1370 4848 c.
1425 4793 1561 4859 199,
1625 4804 1679 4848 et
1730 4793 1787 4852 in

222 4855 364 4934 Tisia
418 4855 560 4911 edita
613 4855 988 4934 ab_|l|yrico,
1019 4879 1150 4934 qua:
1196 4855 1469 4934 liturgiam
1515 4855 1785 4920 Romano-

220 4918 534 5006 liallicaiiant
581 4918 844 5006 praefert}
891 4918 1120 5006 amplior
1149 4918 1514 5006 haecfo‘rntula
1547 4918 1747 5006 legitur
1770 4953 1784 4991 :

223 4997 402 5076 typus
459 5007 505 5050 et
539 4997 752 5076 sanguis
803 4997 1018 5056 Domini
1054 5005 1214 5058 nostri
1241 5003 1367 5059 Jcsu
1394 4997 1790 5076 Christi'prosit

223 5060 408 5183 l’fginin‘
436 5060 789 5127 remissionem
839 5084 1167 5144 peccatorum
1224 5085 1271 5129 et
1322 5076 1390 5130 ad
1433 5079 1591 5132 vitam
1623 5060 1790 5133 'aeter;

1964 4583 2148 4652 (1497)
2175 4579 2442 4654 construe
2477 4599 2490 4634 :
2525 4578 2751 4654 Quando
2783 4579 2982 4654 scilicet
3006 4578 3155 4654 verba
3177 4586 3224 4630 et
3239 4573 3489 4654 exemplo

1891 4643 2152 4709 instanter
2189 4652 2399 4722 fuerant
2441 4643 2626 4724 moniti
2653 4651 2983 4705 reconciliari
3002 4649 3122 4724 Deo
3150 4656 3198 4701 et
3229 4643 3486 4724 fratribus

1894 4724 2056 4788 tresis,
2087 4732 2134 4777 et
2163 4716 2266 4776 rion
2289 4721 2563 4794 aspernari
2584 4731 2819 4794 optantes
2841 4721 3094 4794 veraciter
3123 4716 3489 4794 reconciliari;

1895 4812 1999 4852 non
2042 4783 2249 4864 dignati
2296 4783 2496 4864 imitari
2539 4783 2726 4864 saltem
2756 4790 2898 4864 illos,
2927 4784 3303 4864 quiquondam
3339 4783 3490 4836 dixe-

1895 4875 2018 4920 runt
2047 4879 2064 4918 :
2087 4859 2206 4919 Non
2236 4863 2291 4917 in
2314 4861 2399 4933 die
2423 4860 2580 4927 festo,
2610 4863 2664 4914 in
2687 4861 2864 4930 palam
2889 4859 3085 4933 scilicet
3109 4859 3367 4933 mittentes
3392 4869 3482 4921 per

1893 4950 2228 5007 quoscunque
2264 4931 2755 5007 valuerunt__contra
2799 4931 3068 5007 eumdem,
3105 4939 3257 5007 quem
3285 4931 3494 5004 utinam

1899 4993 2049 5062 nemo
2077 4993 2230 5060 sciret
2258 5018 2338 5056 me
2380 5002 2510 5075 fore
2529 5001 2606 5075 (id
2633 5009 2717 5056 est
2743 5000 2890 5075 esse)
2902 4998 3082 5075 omnia
3105 4993 3378 5075 molimina
3407 4993 3490 5047 in-

1897 5061 2178 5142 Sidiarum,
2203 5061 2392 5130 omnes.
2409 5061 2723 5144 [alsi‘ssimas
2743 5061 3194 5130 concinnationes,
3215 5069 3262 5115 et
3292 5061 3497 5134 (ingen-

1899 5157 1972 5186 Iae
2007 5149 2134 5186 talin
2164 5145 2228 5184 Ila
2254 5161 2312 5184 an
2367 5154 2462 5184 nlo
