4044 5348
509 311 616 367 727

1437 311 1767 370 RATHERII
1805 310 2018 369 EPISC.
2059 304 2318 374 VERON.
2359 307 2511 368 OPP.
2553 307 2735 369 PARS
2767 310 2858 369 111.

3681 309 3782 372 728

511 425 757 483 dixeram
784 441 946 499 saepe,
968 436 1030 485 ut
1046 429 1160 502 jam
1182 443 1268 488 me
1293 429 1442 486 illum
1465 433 1555 502 qui
1589 432 1714 488 talia
1743 432 1918 502 patior
1939 445 2095 502 aper-
2117 427 2178 494 Α
2266 426 2322 481 2.
2361 425 2440 482 Ita
2471 428 2650 483 omnia
2679 443 2804 484 cum
2831 425 3234 484 dolentissimus
3260 427 3458 498 patiar,
3485 441 3646 484 versa
3666 443 3786 485 ver-

511 518 621 574 tius
647 517 919 589 proferam
960 535 1080 577 esse
1111 539 1123 574 :
1169 520 1273 588 Qui
1299 521 1533 577 liberavit
1563 521 1818 577 Israelem
1846 523 1910 578 de
1936 539 2098 579 manu
2139 581 2150 592 ,

511 607 813 666 Pharaonis
835 609 1032 684 (Exod.
1062 628 1218 679 xvnt,
1258 612 1369 686 10),
1412 623 1544 679 etc.,
1571 615 1705 670 satis
1738 613 1861 671 ideo
1900 631 2100 687 cogno-

511 703 743 771 scibilia,
770 705 913 776 quod
941 707 1042 762 sub
1070 708 1310 778 ejusdem
1353 707 1734 764 terminatione
1777 706 2096 763 declinatio-

509 795 598 851 nis
644 796 856 852 illorum
901 798 1096 852 cadant
1132 798 1418 870 vocabula)
1449 797 1632 871 (1500)
1665 813 1763 868 per
1795 807 1962 854 totam
1992 799 2098 855 Ec-

511 884 690 942 clesia:
717 887 933 942 domum
960 904 1055 944 eas
1079 889 1564 955 circumducentes,
1591 898 1798 945 mutata
1825 891 2098 963 signiﬁca-

507 977 660 1032 tione
685 977 849 1049 615
877 978 1186 1043 verborum,
1243 979 1310 1035 de
1353 980 1570 1051 passivo
1611 995 1809 1052 genere
1861 982 2097 1038 activum

507 1085 618 1126 non
670 1072 1059 1129 erubescentes
1106 1074 1291 1129 miseri
1341 1083 1397 1130 et
1450 1075 1867 1130 mendacissime
1916 1091 2096 1148 agere,

509 1163 655 1234 quod
680 1179 782 1236 ego
818 1165 1025 1221 scilicet
1065 1165 1473 1222 dolentissimus
1499 1167 1694 1238 patior,
1715 1168 1983 1240 ﬁngentes
2010 1184 2100 1226 me

507 1266 849 1324 perpetrare,
906 1257 1058 1326 quasi
1115 1268 1336 1328 propter
1388 1257 1491 1312 hoc
1554 1257 1920 1313 necessarium
1991 1245 2108 1316 illis

508 1349 673 1405 fuerit
705 1365 850 1420 saepe
879 1368 891 1404 :
917 1349 1199 1420 Cruciﬁge,
1231 1351 1480 1422 cruci/iga
1510 1350 1694 1423 (Joan.
1726 1368 1841 1419 xxx,
1873 1351 1952 1426 6),
1977 1352 2100 1410 aliis

505 1439 634 1495 licet
656 1441 858 1506 verbis,
887 1441 1170 1497 clamasse.
1200 1439 1384 1512 (1501)
1419 1440 1552 1496 Nam
1583 1441 1709 1496 dum
1739 1442 2100 1514 quadraginta

503 1530 621 1588 fere
641 1532 810 1588 libras
834 1534 886 1588 in
913 1533 1311 1589 restauratione
1333 1533 1577 1602 ejusdem
1604 1535 1798 1589 domus
1818 1535 2099 1606 episcopa-

505 1623 573 1680 lis
624 1634 683 1679 ut
715 1625 896 1680 ferunt
919 1625 1009 1695 qui
1033 1625 1098 1679 ad
1133 1625 1235 1680 hoc
1262 1624 1498 1680 ministri
1535 1625 1776 1691 fuerunt,
1799 1626 1904 1682 hoc
1933 1627 2100 1684 trien-

508 1718 598 1771 nio
636 1718 1020 1787 cxpenderim;
1068 1735 1155 1773 me
1186 1720 1254 1773 ab
1301 1718 1494 1774 eadem
1541 1717 1608 1773 ab
1646 1719 1850 1776 eisdem
1892 1719 2098 1792 fugato,

2203 515 2416 583 borum,
2458 528 2518 574 ut
2541 519 2675 586 dixi,
2704 528 2920 586 natura,
2961 534 3120 592 agere
3155 535 3243 577 me
3269 519 3412 591 quod
3444 520 3628 591 potius
3673 519 3787 576 sui-

2199 609 2337 677 fero,
2389 612 2478 666 isti
2515 611 2764 668 maledici
2810 627 2934 668 cum
2982 612 3254 680 omnibus,
3305 627 3425 682 quae
3473 611 3678 684 ﬁngere
3723 613 3790 668 de

2201 704 2380 775 aliquo
2409 704 2551 761 ullus
2572 705 3116 761 mendacissimorum
3139 704 3310 760 valuit
3333 719 3597 776 unquam,
3621 703 3791 760 faten-

2201 805 2309 853 tur.
2362 793 2486 863 Sed,
2538 814 2572 854 o
2621 813 2816 854 vesana
2861 798 3349 870 perﬁdissimorum
3395 796 3710 855 dementia!
3760 812 3794 852 ο

2201 890 2410 948 falsitas
2437 891 3040 948 inconvenientissimal
3074 906 3108 946 ο
3137 889 3338 947 diaboli
3382 904 3481 961 per
3508 898 3794 960 serpentes

2204 982 2294 1057 ΠΖ,
2310 999 2406 1055 per
2427 983 2826 1056 serpentem]et
2841 984 2953 1056 jam
2981 983 3126 1054 loqui
3152 998 3258 1038 non
3279 981 3542 1054 ignorans
3562 981 3791 1036 astutia!

2204 1075 2262 1132 Si
2290 1076 2434 1131 enim
2465 1077 2759 1146 imperator
2787 1090 2895 1131 non
2945 1089 3098 1130 meus
3128 1074 3378 1133 dominus
3407 1081 3576 1136 esset,
3609 1082 3667 1128 et
3701 1085 3797 1140 ego

2202 1166 2280 1223 illi
2304 1167 2359 1222 iu
2392 1167 2630 1237 potentia
2659 1165 2855 1222 similis
2888 1179 3100 1231 essem;
3129 1163 3422 1220 defendere
3453 1172 3650 1220 contra
3681 1162 3797 1231 ejus

2203 1256 2392 1332 (1505)
2419 1256 2605 1313 ﬁdeles
2639 1256 2858 1313 domum
2889 1271 3066 1312 meam
3091 1264 3146 1312 et
3171 1255 3338 1328 616
3357 1269 3494 1325 opus
3522 1263 3798 1320 utcunque

2202 1348 2461 1405 valerem.
2494 1347 2608 1404 Nisi
2635 1363 2850 1420 quoque
2881 1346 3065 1420 (1504)
3089 1348 3176 1403 isti
3201 1362 3288 1403 me
3319 1347 3386 1403 de
3419 1346 3583 1402 domo
3608 1345 3797 1400 eadem

2203 1455 2302 1497 sua
2374 1439 2602 1512 perﬁdia
2684 1439 3046 1510 pepulissent,
3129 1437 3591 1509 praesentissimus
3677 1449 3798 1489 cum

2203 1545 2405 1598 essem,
2446 1544 2567 1586 eam
2594 1529 2869 1585 custodire
2898 1528 2986 1584 die
3026 1539 3298 1598 noctuque
3323 1527 3391 1582 ab
3418 1541 3612 1583 eorum
3643 1523 3800 1580 furtis

2203 1621 2462 1678 valerem.
2495 1619 2649 1676 Nunc
2679 1635 2808 1676 vero
2835 1634 2958 1675 cum
2990 1628 3045 1675 et
3080 1618 3170 1674 ille
3218 1633 3372 1674 meus
3415 1617 3679 1674 dominus
3709 1615 3800 1681 sit,

2203 1721 2260 1768 et
2285 1727 2530 1784 pugnare
2557 1719 2746 1766 contra
2772 1710 2973 1766 domini
3009 1711 3114 1766 mei
3155 1709 3360 1776 ﬁdeles,
3383 1709 3551 1765 etiam
3581 1709 3627 1764 si
3655 1707 3798 1762 vale-

509 1824 635 1864 cum
670 1810 788 1865 sine
829 1810 1135 1865 habitatore
1172 1812 1558 1878 remansisset;
1598 1812 1782 1884 (1502)
1813 1812 1973 1869 iidem
2004 1813 2096 1884 qui

2208 1819 2350 1870 rem,
2402 1818 2510 1859 non
2559 1799 2732 1859 solum
2780 1802 3066 1872 perﬁdum,
3109 1801 3205 1857 sed
3253 1810 3325 1866 et,
3361 1809 3423 1855 ut
3459 1801 3533 1856 ita
3589 1799 3798 1868 loquar,

508 1904 614 1958 hoc
655 1904 787 1958 mihi
834 1905 1108 1974 ingerunt,
1158 1914 1218 1958 ut
1262 1906 1618 1974 congruentia
1668 1907 1867 1972 innuit,
1916 1906 2096 1974 furto;

506 1994 844 2064 bospitantes
889 2009 1019 2052 vero
1065 1996 1195 2053 inibi
1231 1997 1282 2050 vi
1323 2005 1380 2052 et
1417 2007 1686 2067 potestate
1731 2015 1838 2054 non
1881 2009 2101 2058 cessent

505 2087 655 2144 illam
692 2089 1008 2157 destruere;
1061 2105 1148 2145 me
1194 2107 1301 2147 non
1349 2091 1565 2148 valente
1619 2091 1828 2149 scilicet
1881 2093 2098 2150 illorum

502 2180 663 2237 alicui
716 2181 992 2247 resistere,
1028 2179 1238 2237 furibus
1287 2183 1527 2252 quidem,
1571 2183 1698 2253 quia
1747 2182 2096 2255 longinquus,

504 2271 925 2342 hospitantibus,
953 2271 1079 2343 quia
1108 2272 1266 2343 longe
1295 2272 1470 2342 impar
1501 2272 1707 2328 viribus
1736 2273 1924 2329 videor
1950 2290 2098 2342 esse,

503 2365 770 2436 imperiali
810 2382 935 2421 cum
986 2373 1200 2420 constet
1246 2380 1341 2421 eos
1389 2365 1455 2422 de
1502 2367 1745 2422 exercitu
1791 2369 2100 2438 praesertim

502 2459 704 2527 redire,
736 2459 820 2512 vel
849 2459 916 2514 ad
947 2458 1095 2513 illum
1131 2459 1350 2525 venire;
1401 2473 1488 2514 me
1517 2458 1922 2513 mcndacissimi
1960 2473 2098 2514 con-

503 2551 682 2607 ductis
707 2551 1208 2608 consideratorihus
1231 2562 1492 2608 accusant
1512 2551 1758 2608 eamdem
1782 2552 2093 2618 destruere;

503 2643 657 2712 quasi
704 2642 875 2713 possit
922 2655 1043 2698 esse
1087 2642 1366 2707 credibile,
1416 2652 1473 2697 ut
1511 2643 1652 2712 quod
1679 2658 1778 2714 ego
1811 2651 1960 2699 tanto
1989 2643 2097 2699 mei

506 2733 784 2787 construxi
817 2733 1119 2802 dispendio,
1150 2743 1244 2788 aut
1272 2735 1546 2790 destruam
1579 2733 1712 2803 ipse,
1741 2742 1848 2788 'aut
1886 2733 2098 2790 destrui

501 2828 679 2896 patiar
707 2835 916 2896 sponte.
942 2825 1002 2881 ln
1031 2835 1240 2882 tantum
1264 2843 1391 2884 vero
1415 2828 1563 2883 illam
1587 2827 1926 2897 bospitautes
1948 2827 2002 2882 in
2031 2843 2096 2884 ea

504 2917 791 2972 destruunt
829 2919 1174 2988 potestalive,
1216 2929 1275 2973 ut
1323 2918 1368 2974 si
1416 2918 1634 2990 aliquis,
1682 2917 1843 2989 cujus
1887 2919 2096 2974 scilicet

508 3006 695 3071 refert,
737 3007 862 3064 illnc
890 3008 1291 3064 consideratum
1322 3009 1506 3064 veniat
1532 3008 1882 3076 famulorum,
1908 3009 2094 3065 statim

510 3112 634 3152 eum
663 3102 1147 3170 comprehendant,
1180 3109 1235 3156 et
1259 3101 1579 3174 gravissime
1603 3100 1932 3174 ﬂagellatum
1963 3101 2095 3159 loris

505 3192 898 3263 constringant.

503 3372 682 3436 nonis,
732 3370 997 3427 Bucconis
1033 3380 1089 3426 et
1116 3372 1416 3428 Pharaonis
1441 3372 1681 3441 ejusdem
1714 3372 2096 3434 declinationis

503 3443 935 3498 terminationem
993 3443 1278 3513 recipiunt.
1323 3443 1606 3500 Desiderat
1661 3453 1842 3499 autem
1896 3445 2098 3504 Bucco-

503 3528 629 3585 nem
657 3513 837 3582 potius
865 3529 1026 3583 quam
1057 3513 1397 3580 Nannonem,
1437 3516 1562 3585 quia
1602 3513 1908 3572 Bucconem
1940 3518 2096 3575 initio

503 3583 722 3658 quidem
765 3586 1093 3658 adversum,
1151 3593 1208 3658 at
1253 3583 1469 3658 postea?
1505 3586 1775 3658 faventem
1822 3599 2096 3658 expertus

504 3655 704 3730 fuerat,
732 3665 794 3730 _nt
816 3655 1090 3730 in_cad_cm
1121 3655 1625 3730 epistula‘testatur.
1657 3655 1794 3712 Male
1819 3656 1872 3713 in
1903 3655 2095 3730 vulga-

505 3723 696 3795 tispro
717 3723 976 3795 lsraelem
1009 3723 1286 3795 legebatur
1319 3725 1674 3782 Hierusalem.

574 3794 759 3868 (1500)
798 3795 854 3868 ld
907 3795 1036 3850 illud
1069 3794 1190 3858 ’cst.
1245 3798 1388 3867 quod
1440 3806 1565 3868 post
1601 3797 1910 3868 paschalem
1946 3799 2093 3857 diem

499 3875 691 3920 contra
725 3865 1052 3940 Ratherium
1073 3865 1371 3923 adversarii
1401 3865 1520 3939 ejus
1541 3865 1865 3924 in'eﬁ‘ectum
1890 3872 2093 3940 perdu-

502 3945 716 4012 gterunt.
771 3935 932 4012 Duas
969 3937 1111 3990 enim
1158 3935 1640 4012 personas'_pretio
1693 3935 1978 4012 corruptas
2036 3950 2094 3998 et

501 4002 732 4081 Yeronae
793 4002 1173 4081 dominantes;
1219 4002 1690 4081 circumditcentes
1748 4002 1872 4081 per'
1919 4020 2090 4068 totam

503 4077 722 4130 domum
763 4077 1151 4150 episcopalem,
1194 4087 1254 4132 ut
1301 4079 1487 4150 ruinas
1532 4079 1649 4149 ejus
1696 4077 2089 4150 perspicerent,

500 4161 600 4214 per
625 4162 892 4219 summam
924 4147 1247 4202 calumniam
1301 4147 1641 4215 Batheriu‘m,
1673 4147 1765 4219 qui
1795 4147 1907 4206 haec
1936 4147 2092 4208 dum;

503 4232 574 4269 na
629 4231 822 4288 passus
863 4217 1057 4282 fuerat,
1119 4219 1284 4274 totius
1314 4219 1495 4274 damni
1531 4217 1806 4276 auctorem
1838 4223 2087 4277 vendita-

500 4296 647 4341 runt.
693 4288 819 4343 Haec
860 4303 1000 4360 vero
1031 4291 1298 4358 praecipua
1343 4291 1396 4343 in
1441 4305 1564 4345 eum
1604 4292 1911 4346 criminatio
1954 4291 2088 4360 fuit;

499 4370 568 4430 ex
598 4367 922 4430 qnapostea
958 4356 1148 4430 Nanno
1179 4356 1261 4430 uti
1307 4361 1652 4430 imperatoris
1678 4364 1867 4416 missus
1892 4356 2087 4420 contra

500 4426 818 4482 llatberium
874 4428 1133 4502 placitum
1172 4426 1399 4502 ghabuit.‘
1437 4431 1570 4486 Vide
1606 4433 1764 4502 epist.
1807 4433 1894 4487 12.
1944 4435 2088 4490 Con-

499 4507 652 4574 strue
681 4492 903 4574 autem
933 4492 1392 4574 circumducentes
1424 4519 1512 4556 eas
1537 4492 1829 4574 per'totam
1869 4506 2087 4560 domum

499 4554 1000 4645 Ecclesiw,ﬂmiseri
1042 4581 1088 4624 et
1133 4554 1560 4645 mendacissimer
2109 4554 2168 4617 Β

498 4639 639 4693 tione
667 4640 962 4715 verborum,
987 4657 1101 4715 ⁸ηοη
1142 4641 1498 4715 erubescentes
1547 4644 1610 4698 de
1653 4661 1838 4714 genere
1858 4639 2084 4715 'passivo

498 4725 652 4786 agere
677 4712 927 4786 actiuum,
969 4711 1216 4786 ﬁngentes
1255 4713 1453 4786 scilicet
1495 4731 1576 4769 me
1604 4711 1901 4784 perpetrare
1942 4717 2084 4786 quod

496 4795 589 4849 ego
619 4781 1009 4856 dolentissimus
1031 4783 1409 4856 patior,_quasi
1430 4781 1640 4856 propter
1664 4781 1761 4840 It'oc
1786 4781 2083 4856 fuerit'illis

491 4853 850 4989 gecessariu’gn
870 4868 1028 4922 stupe,
1061 4852 1180 4908 aliis
1207 4854 1327 4908 licet
1356 4852 1538 4918 verbis,
1564 4852 1866 4911 clamasse°:
1894 4855 2080 4913 Cruci-

535 4937 614 4989 ge,
639 4938 780 4975 cruci
822 4939 902 4989 ge.

535 4937 614 4990 ge,
639 4937 902 4991 cructpge.

541 4991 752 5071 .(lbﬁl)
785 4994 1049 5071 Construe
1078 4995 1386 5071 et__explica
1413 5015 1425 5050 :
1469 4995 1613 5071 Nam
1645 4997 1896 5071 dumjioc
1918 4999 2082 5067 trien-

497 5061 607 5124 nio,
639 5061 691 5116 id
714 5071 814 5125 est,
833 5064 900 5118 ab
930 5080 1069 5118 anno
1089 5065 1194 5120 965
1216 5061 1385 5126 usque
1415 5069 1480 5120 ad
1511 5083 1710 5120 annum
1739 5066 1862 5126 968,
1887 5065 2078 5126 exuen-

2204 1896 2566 1968 apostaticum
2596 1896 2694 1961 sit;
2755 1896 2960 1951 recedit
3008 1909 3242 1964 namque
3290 1910 3320 1949 a
3369 1893 3502 1973 Deo,
3533 1893 3630 1963 qui
3680 1892 3802 1948 dato

2206 1990 2310 2046 sibi
2353 1990 2422 2047 ab
2466 2005 2533 2046 eo
2573 1999 2789 2046 terreno
2815 1990 3033 2046 rebellis
3061 1998 3148 2047 est
3175 1989 3437 2046 domino:
3475 1989 3685 2044 dictum
3723 1996 3802 2043 est

2203 2083 2375 2149 enim,
2408 2083 2551 2154 quod
2578 2083 2668 2154 qui
2689 2085 2954 2151 potestati,
2983 2081 3170 2153 utique
3197 2097 3227 2136 a
3257 2081 3367 2136 Deo
3397 2078 3506 2144 sibi
3537 2079 3800 2150 praelatae,

2205 2177 2424 2241 resistit,
2449 2175 2545 2230 Dei
2567 2176 2890 2230 ordinationi
2911 2175 3114 2230 resistat
3139 2174 3316 2246 (Rom.
3352 2190 3434 2238 ιιι,
3459 2172 3554 2244 Ξ);
3617 2171 3799 2244 (1505)

2206 2269 2298 2326 isti
2326 2286 2456 2326 vero
2485 2269 2730 2339 exemplo
2773 2267 2972 2324 diaboli
3021 2283 3128 2324 non
3158 2275 3377 2324 cessent
3403 2265 3715 2329 elaborare,
3747 2270 3801 2318 ut

2206 2363 2373 2420 etiam
2399 2364 2602 2434 absque
2625 2363 2707 2418 sui
2739 2362 2922 2436 aliquo
2951 2364 3235 2420 commodo
3283 2363 3507 2434 aliquid,
3536 2362 3686 2432 quod
3720 2376 3801 2417 me

2205 2463 2422 2522 noceat,
2476 2469 2671 2526 meque
2725 2456 3043 2521 conturbet,
3095 2453 3307 2528 possint
3352 2451 3612 2519 edicere;
3672 2451 3800 2524 quid

2204 2559 2398 2607 contra
2443 2550 2562 2606 haec
2612 2549 2718 2606 duo
2765 2558 2875 2605 tam
2927 2549 3281 2621 impossibilia
3332 2547 3485 2604 valeo
3525 2542 3800 2617 agere?0

2203 2657 2334 2699 vero
2362 2642 2570 2698 utinam
2599 2656 2722 2698 cum
2753 2655 2965 2698 sacram
2997 2641 3194 2696 talibus
3223 2655 3409 2704 manu,
3451 2652 3619 2710 quam
3648 2635 3800 2691 exci-

2202 2747 2320 2789 sam
2348 2733 2628 2804 optabant,
2661 2732 2968 2802 praebebam
3015 2731 3313 2788 buccellam
3342 2728 3574 2786 dicendo
3602 2748 3618 2784 :
3667 2727 3798 2783 Cor-

2201 2843 2299 2896 pus
2339 2825 2551 2882 Domini
2586 2827 2750 2881 nostri
2790 2826 2919 2882 Jesu
2960 2823 3156 2881 Christi
3193 2825 3357 2896 prosit
3399 2823 3491 2878 tibi
3541 2823 3597 2875 in
3639 2821 3799 2876 vitam

2201 2928 2488 2984 (sternam;
2512 2917 2802 2975 clamasset
2829 2917 3060 2983 caneris,
3093 2919 3238 2990 quod
3265 2917 3357 2974 ille
3398 2914 3678 2987 quondam
3721 2914 3800 2968 la-

2199 3010 2536 3082 pidatoribus
2577 3012 2751 3068 sancti
2800 3011 3130 3067 clamaverat
3169 3009 3358 3067 Jacobi
3403 3008 3660 3080 apostoli,
3706 3007 3799 3078 qui

2201 3103 2373 3161 frater
2399 3104 2575 3161 dictus
2607 3112 2692 3162 est
2721 3104 2958 3171 Domini,
2989 3113 3050 3161 ut
3073 3103 3270 3160 fratres
3297 3102 3568 3173 hodieque
3607 3102 3799 3158 dicun-

2122 3194 2174 3261 C
2204 3206 2296 3255 tur
2345 3198 2814 3270 consanguinitate
2855 3198 3143 3269 propinqui
3185 3215 3199 3251 :
3236 3193 3473 3262 Parcite,
3515 3195 3795 3266 inquiens,

2199 3392 2341 3440 rum,
2366 3375 2569 3444 furibus
2589 3375 2797 3446 quidem
2827 3374 2942 3446 (qui
2968 3373 3174 3446 scilicet
3201 3373 3340 3430 clam
3370 3374 3557 3430 domui
3581 3374 3794 3446 episco-

2197 3447 2306 3516 pali
2337 3447 2533 3500 damna
2587 3444 2925 3515 intulerunt),
2953 3446 3076 3516 quia
3111 3445 3448 3516 longinquus,
3481 3446 3534 3499 id
3574 3454 3681 3507 est,
3727 3444 3795 3500 ab

2199 3532 2260 3572 ea
2306 3517 2466 3572 domo
2519 3524 2783 3575 remotus.
2823 3516 3240 3586 hospitantibus.
3279 3517 3405 3585 quia
3452 3517 3653 3570 videor
3683 3516 3795 3569 esse

2198 3587 2351 3657 longe
2387 3589 2559 3648 impar
2582 3587 2795 3651 uiribus,
2822 3585 3111 3657 priusertt'm
3139 3602 3258 3640 cum
3281 3595 3478 3641 constet
3509 3600 3599 3641 eos
3624 3587 3794 3640 redire

2200 3659 2265 3712 de
2290 3657 2519 3713 exercitu
2559 3657 2845 3728 imperiali,
2878 3657 2954 3712 vel
2983 3657 3154 3728 venire
3184 3657 3253 3728 ad
3282 3657 3468 3722 illum;
3495 3657 3791 3728 mendacis-

2200 3729 2324 3782 simi
2381 3725 2651 3783 conductis
2701 3725 3390 3798 consideratoribus(quos
3441 3727 3676 3791 scilicet,
3735 3734 3794 3782 ut

2200 3809 2358 3855 antea
2399 3799 2554 3864 dixit,
2589 3798 3069 3854 circumduxerunt
3099 3797 3165 3851 ad
3201 3797 3594 3866 inSpiciendam
3624 3806 3792 3852 totam

2199 3869 2441 3937 domum)
2479 3877 2730 3923 accusant
2771 3884 2852 3922 me
2882 3868 3149 3923 destruere
3175 3870 3431 3930 eamdem,
3465 3877 3574 3924 etc.

2270 3939 2454 4013 (1502)
2485 3939 2790 4013 Legebatur
2831 3939 2883 3993 in
2929 3937 3098 4013 vulg.,
3150 3939 3308 4013 ide_m,
3362 3939 3454 4013 qui
3508 3940 3631 4013 hoc
3659 3937 3789 3992 mihi

2270 3954 2454 4013 (1502)
2486 3954 2790 4010 Legebatur
2831 3954 2883 3993 m
2929 3954 3098 4063 vutg”
3150 3954 3308 4002 iacnt,
3362 3955 3453 4005 qui
3508 3954 3610 3992 noc
3659 3954 3789 3992 nunc

2199 4013 2385 4080 ingerit
2422 4025 2440 4061 :
2467 4019 2524 4064 at
2552 4009 2748 4079 plurali
2776 4023 3002 4080 numero
3050 4024 3157 4080 nec
3183 4007 3452 4080 ederenda
3484 4009 3660 4080 suasit
3682 4023 3792 4080 non

2198 4077 2372 4138 solum
2419 4077 2654 4150 sequens
2693 4095 2889 4135 nomen
2929 4079 3158 4150 furibus,
3185 4078 3280 4150 sed
3311 4079 3476 4150 etiam
3525 4079 3690 4150 epist.
3724 4077 3790 4133 ﬂ

2198 4153 2264 4208 ad
2298 4148 2668 4217 Ambrosium,
2698 4151 2786 4206 ubi
2821 4148 2969 4205 num.
2997 4148 3032 4204 4
3062 4151 3163 4221 hoc
3212 4149 3354 4221 idem
3380 4148 3586 4205 factum
3614 4150 3790 4221 expli-

2197 4233 2353 4278 catur
2371 4224 2451 4279 sic
2483 4240 2496 4276 :
2529 4221 2922 4291 Quadraginta,
2962 4230 3017 4274 ut
3045 4220 3241 4290 ferunt,
3279 4220 3440 4275 libras
3475 4221 3532 4291 in
3583 4220 3792 4276 restau-

2198 4295 2424 4360 ratione,
2455 4289 2795 4363 ampliatique
2832 4308 2894 4346 ac
2936 4289 3272 4363 decoratione
3326 4291 3439 4363 ejus
3468 4289 3666 4347 domus
3702 4307 3792 4346 ea:-

2196 4366 2371 4436 pendit
2393 4359 2663 4436 episcopus
2685 4362 2853 4436 sexies
2893 4363 3027 4436 ostia
3053 4359 3380 4436 solummodo
3402 4365 3789 4436 restaurando,

2193 4431 2309 4507 qua:
2345 4431 2736 4507 partint_'furto,
2777 4432 2830 4487 id
2855 4431 3234 4507 est_c|anculo,
3275 4432 3465 4507 partim
3494 4432 3790 4507 uifueratst

2192 4501 2592 4584 ablata._Paulo
2620 4503 3048 4584 ante-veroboc
3089 4503 3345 4584 damnum
3378 4501 3645 4584 pluribus
3689 4502 3785 4584 tgi:

2195 4577 2312 4632 buit
2340 4595 2354 4629 :
2383 4575 2451 4630 In
2483 4574 2868 4629 restauratione
2906 4573 3121 4642 domus,
3155 4583 3204 4628 et
3249 4569 3664 4642 ampliﬁcatione
3692 4569 3791 4628 XL

2191 4646 2534 4701 stultissimus
2575 4644 2736 4698 libras
2787 4644 3028 4714 expendi.
3074 4641 3210 4696 Eam
3255 4641 3496 4714 Bajoarii
3543 4644 3790 4714 etjuxta

2188 4717 2347 4787 po'iti
2391 4716 2590 4783 clerici,
2637 4725 2687 4769 et
2728 4711 2918 4787 famuli
2951 4711 3544 4787 pracipuedestruunt.
3586 4711 3792 4787 COnfer

2189 4784 2313 4858 quae
2360 4788 2485 4858 hac
2513 4787 2580 4841 de
2630 4801 2703 4858 re
2741 4785 2938 4839 ibidem
2987 4784 3158 4858 [usius
3191 4784 3474 4858 descripta
3526 4785 3677 4841 hunc
3710 4784 3790 4841 lo-

2193 4854 2317 4913 cum
2368 4857 2598 4913 miriﬁce
2650 4855 2942 4910 illustrant.
2979 4854 3328 4911 Correximus
3374 4855 3541 4910 etiam
3588 4862 3791 4911 cessent

2194 4930 2449 5000 exigente
2505 4935 2793 4984 contextus
2844 4927 3134 4994 sententia,
3193 4924 3286 4980 ubi
3332 4923 3620 4998 legebatur
3672 4942 3787 4982 ces-

2187 5011 2444 5124 8a7i305l
2473 5069 2529 5124 Id
2571 5078 2674 5124 est.
2699 5069 2939 5124 hospites
2979 5066 3292 5124 imperatori
3320 5065 3530 5123 ﬁdeles.
3569 5067 3686 5122 aui.
3728 5076 3787 5122 ut
