4044 5348
225 348 326 407 729

1674 364 2059 428 SERMONES.

3376 387 3483 449 730

225 475 352 543 quid
382 473 596 543 facitis?
620 492 713 547 pro
743 478 881 533 vobis
905 489 1021 535 orat
1036 479 1213 550 justus
1243 482 1326 539 hic
1359 500 1511 555 quem
1536 487 1801 559 lapidutt's.
1830 495 1882 555 Α
1908 508 2072 560 carne
2098 494 2200 549 duc
2228 501 2400 551 tecum
2447 502 2730 564 onustum;
2766 496 2935 554 habes
2963 496 3360 561 caniculam'ad
3391 517 3481 564 tua

226 564 415 620 Justus
459 567 604 622 enim
644 583 796 623 eram
834 581 1095 641 quantum
1145 575 1213 630 ad
1259 574 1401 643 illos,
1450 588 1632 637 reatus
1679 581 1807 637 licet

228 653 331 708 illis
380 656 684 727 incognitos
730 659 869 716 Deus
902 676 1254 733 cognosceret
1280 682 1428 724 meos
1457 684 1470 723 :
1502 686 1625 725 cum
1666 670 1807 727 bona

225 758 323 814 ego
352 744 457 801 illis
484 762 582 817 pro
618 748 794 817 malis,
821 750 959 807 mala
996 753 1071 808 illi
1097 765 1286 812 contra
1320 759 1452 814 mihi
1475 760 1805 816 meditaren-

225 843 313 890 tur
340 836 547 894 referre
581 854 680 910 pro
709 842 904 899 talibus
950 854 1005 900 et
1033 845 1329 903 innumeris
1375 850 1562 918 bonis,
1601 852 1806 924 absque

225 924 408 981 debito
442 929 628 999 utique
650 929 755 986 illis
780 946 1021 1003 persape
1042 935 1323 1006 impensis.
1367 939 1550 1012 (1506)
1580 940 1733 1009 Quod
1756 943 1806 999 si

222 1015 288 1071 de
317 1016 538 1087 injuria,
568 1036 730 1092 quam
768 1024 849 1079 eis
871 1025 1024 1080 intuli
1050 1027 1230 1098 aliqua
1256 1030 1520 1099 dicerent,
1552 1049 1658 1089 non
1687 1044 1805 1089 erat

176 1176 182 1193 ι
223 1106 452 1163 multum
489 1110 824 1181 mirandum;
859 1130 1167 1187 quanquam
1213 1130 1269 1174 et
1296 1136 1363 1177 ex
1390 1122 1493 1179 hoc
1527 1125 1803 1181 conveniri

220 1198 500 1256 humiliter
525 1211 672 1269 ante,
702 1206 995 1262 secundum
1015 1206 1280 1278 judicium
1311 1212 1606 1269 debueram
1635 1230 1802 1271 cano-

285 1385 341 1439 3.
384 1385 463 1442 De
484 1387 591 1445 illis
610 1405 758 1459 vero,
787 1406 909 1462 quae
934 1393 1003 1449 ad
1031 1408 1125 1450 eos
1150 1394 1226 1450 nil
1247 1395 1539 1465 pertinent,
1568 1397 1800 1466 causari,

218 1477 456 1549 taliaque
507 1481 572 1537 de
620 1497 709 1537 me
764 1484 966 1551 dicere,
1018 1501 1138 1556 quae
1206 1501 1313 1542 non
1365 1486 1628 1543 inoffenso
1678 1488 1802 1559 quis

215 1578 398 1638 posset
457 1570 569 1626 Deo
622 1574 863 1639 credere,
928 1575 1180 1631 omnibus
1230 1576 1363 1631 mihi
1417 1578 1581 1649 617
1637 1577 1799 1633 dero-

213 1676 345 1730 gare
373 1661 575 1730 facere,
606 1664 751 1721 bona
799 1665 853 1721 in
898 1682 985 1723 me
1018 1667 1062 1723 si
1100 1682 1206 1737 qua
1245 1677 1371 1724 sunt
1406 1669 1803 1740 signiﬁcatione

214 1754 358 1809 mala
389 1770 760 1828 corrumpere,
791 1758 933 1813 mala
953 1759 1066 1815 sive
1094 1760 1222 1825 sint,
1250 1760 1363 1815 sive
1386 1760 1609 1827 fuerint,
1641 1761 1797 1816 inda-

1906 581 2241 639 defendenda
2282 585 2535 655 pervalde
2562 595 2840 657 paratam,
2870 588 3015 667 illam
3044 600 3220 647 tecum
3244 594 3476 665 habeto;

1906 687 2129 728 uxorem
2169 690 2381 745 quoque
2408 677 2666 734 adhibens
2695 687 2894 747 tecum,
2929 682 3139 738 asinum
3175 700 3274 755 pro
3300 701 3479 755 servo,

1905 782 2095 822 canem
2119 783 2216 839 pro
2240 768 2435 835 amico,
2467 785 2689 826 uxorem
2719 771 2913 830 oﬂ‘eres
2934 789 3031 844 pro
3074 775 3311 833 inimico.
3340 779 3480 850 Egit,

1906 857 2115 914 asinum
2146 862 2460 933 assumpsit,
2492 878 2681 919 canem
2712 878 2895 921 secum
2922 868 3127 937 pariter
3150 868 3325 937 duxit,
3354 886 3485 925 uxo-

1906 964 2019 1005 rem
2034 965 2135 1007 nec
2149 950 2322 1021 liquit.
2344 951 2545 1021 Regem
2561 953 2692 1009 adiit
2709 956 3097 1023 tristissimum,
3115 960 3480 1026 considerare,

1905 1056 2024 1110 quae
2063 1041 2351 1110 detulerat,
2395 1042 2649 1116 flagitans
2698 1046 2844 1101 illum
2880 1048 3050 1115 :Iste,
3086 1051 3354 1120 inquiens,
3383 1053 3476 1122 qui

1905 1142 2048 1188 astat
2080 1142 2325 1200 onustus,
2357 1151 2510 1192 meus
2534 1146 2617 1193 est
2638 1151 2847 1204 servus,
2877 1139 2966 1195 ille
2994 1141 3129 1196 alter
3158 1159 3310 1199 meus
3347 1144 3482 1200 ami-

1905 1241 2022 1291 cus,
2039 1227 2195 1281 tertia
2213 1244 2364 1284 meus
2385 1237 2487 1295 est,
2510 1244 2616 1299 quo
2641 1229 2970 1287 infestiorem
2986 1233 3184 1290 habere
3208 1251 3292 1291 me
3320 1252 3478 1306 spero

1904 1316 2197 1383 neminem,
2230 1318 2501 1374 inimicus.
2530 1320 2773 1376 Audiens
2812 1321 2922 1386 illa,
2978 1339 3140 1395 super
3183 1325 3361 1396 ignem
3410 1326 3485 1381 ait

1904 1422 2171 1463 accensa:
2212 1408 2564 1465 Inimicumnc
2617 1426 2703 1467 me
2755 1420 2905 1467 tuum
2953 1429 3073 1472 esse
3120 1418 3485 1487 pronuntias?

1904 1494 2113 1563 Merito,
2148 1498 2386 1569 inquam,
2426 1516 2544 1570 qua:
2593 1510 2782 1557 contra
2832 1505 2974 1577 regis
3011 1518 3335 1578 praeceptum
3390 1518 3484 1566 tuo

1904 1589 2113 1643 servavi
2160 1591 2323 1660 patri,
2356 1591 2449 1647 tibi
2494 1592 2771 1658 obediens,
2802 1595 2989 1650 vitam.
3034 1598 3359 1655 Adolescens
3415 1601 3483 1658 ad

1903 1697 2083 1753 regem
2109 1698 2441 1740 conversus:
2472 1686 2769 1743 Videturne
2808 1696 3007 1745 vestrae
3032 1692 3296 1762 majestati
3319 1694 3484 1765 618

1904 1775 2177 1831 inimicam
2209 1778 2347 1833 hanc
2373 1793 2492 1835 esse
2518 1780 2687 1835 mihi?
2714 1779 2903 1848 Valde,
2927 1786 3206 1855 respondit
3237 1786 3358 1853 ille;
3390 1787 3484 1843 sed

214 1846 432 1917 gatioue
481 1848 718 1905 studiosa
762 1850 1095 1921 disquirere,
1145 1860 1200 1906 et
1240 1852 1358 1907 aliis
1400 1852 1794 1909 studiosissime

1900 1875 2079 1921 utrum
2122 1883 2306 1923 verum
2366 1870 2458 1935 sit,
2511 1871 2633 1927 volo
2687 1873 2948 1928 ediscere.
2984 1873 3182 1930 Verum
3234 1884 3339 1943 est,
3384 1877 3482 1933 ait.

213 1937 611 2007 demonstrare,
646 1940 773 2012 quid
805 1951 890 1998 est
916 1941 1061 1997 aliud
1101 1942 1205 1998 nisi
1236 1943 1573 2013 apertissime
1607 1942 1797 1998 testari

212 2027 358 2097 quod
402 2044 511 2084 non
556 2030 731 2086 solum
781 2031 935 2097 mihi,
966 2032 1063 2087 sed
1093 2041 1168 2097 et,
1199 2032 1291 2102 qui
1321 2048 1407 2088 me
1438 2032 1565 2087 illuc
1611 2032 1797 2103 (1507)

210 2122 689 2195 eleemosynaliter
737 2126 991 2192 instituit,
1036 2126 1281 2196 piissimo
1311 2126 1509 2183 Caesari
1539 2127 1648 2182 sint
1682 2142 1795 2181 om-

210 2214 341 2270 nino
369 2214 605 2285 perjuri?
637 2217 704 2272 Et
748 2217 873 2284 heu,
909 2219 985 2273 ait
1033 2209 1275 2290 quidam,
1305 2219 1407 2274 heu
1446 2220 1562 2274 dira
1599 2218 1798 2275 furoris

211 2305 486 2362 conditio!
516 2307 617 2375 Qui
636 2309 745 2363 vim
772 2310 993 2380 patitur,
1022 2309 1195 2381 magis
1222 2308 1311 2364 ille
1338 2309 1553 2380 ligatur.
1576 2308 1797 2364 Fluvius

208 2398 357 2453 enim
395 2399 645 2472 maligna:
678 2402 1010 2472 operationis
1036 2402 1350 2458 illorum.ab
1381 2403 1461 2457 eis
1485 2402 1553 2456 ad
1594 2417 1679 2456 me
1706 2402 1797 2456 de-

209 2489 401 2556 currit,
430 2500 486 2546 et
515 2507 614 2563 ego
660 2493 808 2547 illum
841 2495 1058 2550 turbare
1098 2494 1221 2566 agni
1258 2494 1400 2551 illius
1439 2495 1682 2566 exemplo
1719 2494 1801 2549 fa-

210 2577 422 2635 bularis
466 2597 694 2639 accusor
728 2584 972 2655 (PHEDB.
996 2584 1033 2639 l.
1065 2602 1105 2653 ι,
1141 2583 1275 2639 Fab.
1308 2586 1383 2655 1).
1426 2587 1655 2653 Quidam
1701 2602 1796 2641 rex

201 2671 465 2743 iuvenum
507 2691 628 2732 cum
684 2677 910 2734 haberet
950 2679 1267 2745 exercitum,
1301 2688 1356 2734 et
1398 2678 1795 2734 multitudinem

209 2764 553 2835 sapientum;
610 2767 844 2838 dumque
896 2766 1145 2840 [subaudi
1184 2766 1433 2841 juvenes]
1486 2770 1795 2840 nequirent,

209 2859 355 2929 quod
393 2859 685 2929 juvenibus
728 2864 1083 2933 competebat,
1123 2863 1460 2934 sapientibus
1509 2862 1795 2919 stultitiam

208 2965 400 3005 eorum
430 2952 874 3023 reprimentibus,
909 2970 1102 3026 agere;
1132 2956 1369 3010 inierunt
1395 2955 1700 3022 consilium,
1736 2964 1797 3012 ut

206 3041 438 3111 quisque
459 3041 671 3099 illorum
696 3054 905 3114 patrem
933 3046 1262 3103 interficeret
1282 3048 1581 3118 proprium.
1600 3047 1793 3104 Actum

204 3138 289 3186 est
316 3148 330 3185 :
356 3148 497 3188 unus
517 3135 612 3190 sed
640 3135 853 3191 illorum
884 3152 988 3192 non
1015 3138 1249 3195 tolerans
1279 3147 1485 3193 tantum
1509 3141 1796 3195 admittere

1901 1962 2117 2018 Gratias
2150 1962 2259 2018 Deo
2288 1964 2597 2021 laetissimus
2638 1966 2725 2022 ille
2764 1969 3062 2038 respondit.
3095 1968 3264 2025 Curre
3294 1970 3481 2040 igitur,

1902 2070 2079 2120 curre,
2126 2064 2180 2110 et
2232 2058 2361 2112 mihi
2409 2058 2602 2113 festina
2637 2073 2761 2114 eum
2808 2059 3085 2114 reducere.
3118 2060 3312 2116 Actum
3363 2070 3469 2116 est.

1901 2148 2254 2205 Cousiliarius
2311 2151 2422 2221 regi
2470 2152 2704 2220 optimus
2754 2153 3039 2219 redditur,
3086 2154 3398 2211 adolescens
3448 2170 3481 2210 a

1903 2241 2092 2294 mortis
2155 2241 2390 2297 instante
2436 2244 2679 2313 periculo
2731 2244 3023 2313 liberatur;
3059 2263 3197 2302 uxor
3233 2256 3319 2302 est
3371 2263 3479 2303 non

1903 2343 2085 2383 amare
2138 2327 2417 2397 juvenem,
2448 2341 2507 2386 ut
2552 2334 2856 2401 videbatur,
2908 2335 3141 2402 detecta,
3185 2352 3304 2406 quae
3366 2336 3483 2392 fore

1900 2417 2085 2487 utique
2111 2419 2442 2476 amicissima
2477 2433 2777 2493 putaretur,
2804 2426 2907 2482 nisi
2932 2426 3113 2482 taliter
3134 2429 3477 2498 probaretur.

1902 2512 2015 2568 Hoc
2046 2515 2158 2583 ipse
2187 2516 2432 2585 exemplo
2459 2518 2503 2573 si
2530 2533 2635 2573 non
2664 2520 2796 2575 istos
2822 2520 3213 2591 aliquantulum
3242 2536 3483 2577 commo-

1900 2604 2119 2668 vissem,
2147 2621 2251 2660 non
2280 2616 2388 2662 tam
2419 2609 2766 2678 probabiliter
2797 2626 2892 2667 eos
2920 2626 3250 2681 cognoscere
3280 2612 3478 2667 valuis-

1901 2708 2038 2759 sem,
2086 2694 2209 2750 licet
2242 2696 2396 2751 istam
2431 2698 2484 2751 in
2512 2700 2590 2755 eis
2620 2715 2833 2771 semper
2867 2700 3117 2758 ﬁduciam
3140 2704 3476 2760 habuissem.

1898 2784 2088 2839 Adhuc
2116 2796 2293 2842 tamen
2319 2803 2411 2844 eos
2434 2790 2592 2855 Deus,
2630 2807 2833 2861 quaeso,
2860 2792 3110 2862 dignetur
3140 2805 3479 2863 convertere,

1900 2886 1954 2931 et
1980 2878 2121 2931 viam
2159 2879 2238 2933 eis
2283 2894 2423 2935 verae
2464 2883 2613 2951 pacis
2646 2891 2700 2938 et
2742 2884 3028 2939 charitatis
3077 2886 3383 2950 ostendere,
3428 2893 3481 2941 el

1900 2968 2197 3034 ambulare,
2240 2979 2512 3039 praestare,
2542 2988 2609 3027 ne
2635 2973 2796 3027 simul
2823 2974 2976 3029 nobis
2996 2990 3094 3046 pro
3124 2975 3321 3032 talibus
3350 2992 3481 3033 cou-

1904 3061 2093 3131 tingat,
2125 3063 2267 3133 quod
2322 3064 2483 3129 absit,
2512 3065 2758 3134 periisse,
2788 3066 3025 3123 vindicta
3057 3084 3157 3123 nos
3186 3069 3363 3124 subito
3392 3085 3473 3124 oc.

1900 3166 2152 3225 cupante,
2178 3157 2371 3213 milvus
2394 3158 2600 3214 scilicet
2620 3168 2677 3213 ut
2700 3175 2887 3215 ranam
2915 3176 3038 3216 cum
3064 3177 3217 3217 mure
3238 3161 3481 3218 fabulose

206 3222 405 3290 scelus,
437 3225 576 3281 dixit
603 3228 755 3282 uxori
791 3243 901 3283 sua:
927 3243 943 3283 :
971 3229 1029 3285 Si
1065 3240 1273 3299 patrem
1302 3248 1479 3286 meum
1525 3232 1791 3288 interﬁcio
1821 3204 1866 3268 ο
1900 3204 2095 3318 [egrum
2129 3249 2395 3318 rapuisse,

205 3331 276 3370 ne
323 3318 555 3373 consilio
592 3335 879 3389 pereamus
921 3320 1154 3393 perdito,
1190 3339 1295 3379 non
1342 3324 1553 3380 modice
1583 3334 1786 3381 metuo.

205 3408 496 3466 Cunsensit
522 3427 660 3467 uxor
685 3414 752 3468 ad
794 3418 1117 3471 servandam
1172 3419 1347 3473 soceri
1377 3420 1573 3485 vitam,
1627 3430 1790 3490 atque

206 3500 460 3557 alendum
492 3504 546 3559 in
566 3519 664 3561 suo
680 3521 806 3561 eum
834 3508 1054 3565 cellario
1085 3512 1347 3567 secretius
1375 3512 1535 3569 locat.
1559 3513 1794 3583 Imperat

204 3610 339 3653 sane
386 3596 502 3653 ﬁlio
551 3608 728 3668 pater,
757 3609 816 3656 ut
842 3602 1205 3673 interrogatus
1235 3621 1265 3659 a
1315 3621 1439 3677 rege
1490 3608 1553 3661 de
1601 3608 1792 3677 quovis

204 3687 453 3755 consilio,
484 3705 592 3745 non
628 3700 791 3747 antea
828 3695 1198 3763 responderet,
1228 3697 1401 3752 donec
1442 3698 1509 3751 ad
1555 3712 1613 3752 se
1663 3698 1792 3753 illud

202 3778 455 3835 referret.
512 3780 905 3853 Obtemperans
944 3785 1110 3856 igitur
1161 3796 1268 3841 tam
1305 3788 1603 3843 industrius
1649 3789 1792 3860 regis

200 3880 286 3928 est
308 3873 656 3930 consiliarius
681 3874 877 3944 factus,
912 3886 973 3932 ut
1002 3879 1303 3936 inviderent
1332 3879 1406 3934 illi
1438 3895 1624 3936 omnes
1655 3882 1788 3937 socii

201 3963 339 4035 ejus.
363 3965 640 4023 Adeuntes
665 3968 847 4040 itaque
877 3985 1085 4041 regem,
1118 3972 1449 4028 interminati
1476 3984 1620 4040 sunt,
1645 3977 1788 4045 quod

201 4055 306 4111 nisi
332 4072 459 4113 eum
506 4057 854 4127 interﬁceret,
880 4077 975 4118 eos
997 4079 1186 4120 omnes
1213 4064 1419 4134 absque
1458 4066 1623 4122 dubio
1660 4083 1787 4138 per—
1825 4118 1841 4136 ,

201 4148 374 4204 deret.
402 4148 770 4209 Tristissimus
790 4168 884 4208 rex
909 4156 1213 4223 consensit;
1245 4158 1491 4227 quaesivit
1522 4170 1699 4215 tamen
1721 4160 1789 4217 ab

201 4243 280 4299 eis
310 4259 418 4313 qua
447 4244 736 4301 occasione
770 4246 824 4302 id
855 4246 1036 4304 facere
1065 4257 1263 4319 posset.
1290 4249 1586 4320 Prrecipue,
1616 4253 1788 4319 aiunt,

200 4333 297 4401 illi,
332 4344 394 4390 ut
417 4351 545 4392 cras
568 4338 791 4394 veniens
815 4355 923 4395 non
951 4356 1135 4396 secum
1158 4341 1319 4398 ducat
1345 4343 1447 4398 nisi
1480 4360 1642 4398 unum
1668 4360 1787 4400 ser-

200 4439 351 4492 vum,
402 4438 571 4482 unum
621 4428 853 4484 amicum
893 4440 949 4486 et
983 4447 1148 4489 unum
1194 4434 1496 4489 inimicum.
1542 4422 1788 4492 Territus

1967 3338 2022 3393 4.
2059 3338 2192 3394 Tota
2226 3355 2352 3396 vero
2396 3340 2499 3395 ista
2528 3340 2777 3412 allegatio
2823 3358 2946 3397 cum
2989 3357 3096 3397 non
3144 3342 3479 3413 praedicatio,

1896 3431 1989 3486 sed
2028 3429 2202 3501 magis
2230 3440 2417 3485 contra
2443 3432 2761 3487 insidiantes
2790 3434 2916 3489 vitae
2941 3442 2996 3488 et
3027 3434 3323 3488 commodis
3343 3433 3481 3488 meis

1894 3520 2065 3575 videri
2092 3522 2262 3591 possit
2303 3522 2556 3587 invectio,
2592 3524 2927 3580 subsedenda
2967 3533 3069 3588 est,
3099 3525 3280 3590 credo,
3310 3531 3364 3579 et
3411 3523 3479 3579 ad

1893 3626 2081 3666 omnes
2129 3614 2489 3668 communiter
2532 3616 2849 3681 monendos,
2889 3624 2998 3670 tam
3029 3616 3234 3672 amicos
3273 3616 3479 3671 scilicet

1895 3717 2058 3771 quam
2089 3702 2361 3770 inimicos,
2388 3705 2675 3775 pastoralis
2721 3706 2834 3775 jam
2864 3722 3010 3762 nunc
3069 3705 3347 3776 dirigenda
3394 3706 3478 3761 in-

1895 3794 2084 3850 tentio.
2104 3794 2344 3850 Primum
2377 3812 2508 3852 sane
2539 3798 2816 3868 competit,
2841 3812 3149 3868 quanquam
3177 3812 3282 3852 non
3308 3795 3478 3852 semel

1887 3884 1999 3954 jam
2030 3896 2207 3941 actum
2262 3888 2353 3954 sit,
2387 3887 2779 3955 demonstrare,
2831 3888 2973 3944 unde
3020 3887 3288 3944 discordia
3329 3886 3477 3941 inter

1893 3993 1991 4032 nos
2022 3986 2076 4033 et
2123 3994 2189 4033 cx
2221 3993 2329 4048 quo
2380 3979 2479 4033 ista
2535 3979 2844 4050 contigerit.
2903 3979 2986 4039 Ad
3040 3978 3287 4034 ultimum
3342 3990 3475 4033 vero

1894 4052 2170 4125 breviandi
2223 4086 2381 4125 causa
2431 4070 2663 4141 primum
2726 4069 3105 4142 respondeam,
3151 4084 3258 4125 non
3316 4067 3475 4124 modo

1892 4171 2157 4225 exortam,
2184 4163 2277 4217 sed
2300 4178 2328 4215 a
2360 4162 2446 4217 die
2470 4162 2827 4217 ordinationis
2849 4176 2983 4218 mea:
3013 4160 3155 4217 inter
3184 4175 3281 4216 nos
3308 4158 3476 4215 fuisse

1893 4260 2100 4307 certum
2137 4260 2218 4306 est
2247 4260 2443 4307 ortam.
2478 4252 2572 4307 Est
2615 4268 2742 4308 vero
2771 4267 2916 4308 nunc
2949 4250 3068 4306 ida)
3096 4251 3150 4305 in
3180 4249 3355 4321 palam
3382 4250 3476 4304 de-

1892 4341 2069 4405 ducta,
2099 4341 2241 4411 quod
2288 4340 2481 4395 ﬁducia
2514 4340 2806 4411 imperialis
2832 4340 2908 4395 nil
2948 4340 3092 4395 aliud
3124 4353 3284 4410 quam
3332 4337 3475 4408 quod

1885 4429 2090 4500 justum
2121 4441 2205 4485 est
2229 4429 2569 4485 decernentis
2598 4432 2918 4499 praesentiae,
2952 4439 3005 4486 et
3035 4430 3224 4502 synodi
3255 4443 3476 4501 congre-

198 4512 301 4570 hoc
338 4514 487 4572 dicto
529 4516 638 4583 ille,
677 4527 885 4588 patrem
931 4537 997 4576 ex
1034 4522 1137 4578 hoc
1183 4523 1555 4580 seiscitaturus
1597 4526 1781 4581 adivit.
1816 4559 1865 4621 υ
1890 4522 2079 4592 gandi!)
2143 4521 2423 4621 (1508).":
2690 4523 3077 4621 disseullamtls
3128 4524 3320 4621 crebro
3363 4536 3473 4577 non

197 4605 361 4663 Pater
384 4623 518 4665 vero
543 4627 557 4664 :
592 4609 671 4666 Ne
696 4614 1054 4680 contristeris,
1079 4616 1276 4687 inquit,
1294 4618 1385 4673 sed
1409 4617 1562 4673 valde
1588 4619 1785 4675 bonum

196 4715 446 4772 praepara
470 4703 630 4760 nobis
654 4704 956 4773 obsonium,
985 4708 1250 4778 optimum
1273 4710 1339 4765 de
1362 4726 1446 4766 me
1470 4721 1789 4782 accepturus

194 4795 514 4853 consilium.
547 4795 679 4853 Post
711 4799 994 4869 prandium
1023 4802 1189 4873 igitur
1216 4802 1356 4858 dixit
1400 4802 1474 4858 illi
1523 4805 1787 4862 secretius

193 4896 351 4959 pater
382 4906 397 4943 :
429 4887 614 4947 Habes
648 4891 909 4962 optimum
936 4894 1171 4961 asinum,
1206 4894 1357 4951 illum
1390 4911 1551 4967 pane,
1580 4897 1707 4953 vino
1731 4904 1788 4953 et

263 5108 453 5168 (1503}
484 5108 755 5167 Construe
776 5121 831 5168 et
851 5112 1059 5168 exolica
1092 5132 1104 5167 :
1144 5111 1300 5168 Ouod
1339 5113 1386 5166 si
1413 5114 1661 5168 dicerent.
1690 5129 1787 5168 seu

1890 4616 2062 4672 solum
2088 4615 2288 4680 verbis,
2332 4614 2424 4670 sed
2454 4612 2634 4685 (1509)
2662 4622 2717 4669 et
2746 4614 2987 4685 scriptis,
3020 4615 3125 4669 hac
3153 4612 3268 4667 vice
3312 4626 3471 4666 mon-

1889 4716 2136 4764 stratum.
2169 4706 2390 4760 Summa
2422 4720 2552 4761 vero
2578 4706 2765 4776 ipsius,
2795 4721 2918 4761 cum
2953 4706 3120 4761 verba
3156 4704 3263 4758 sint
3291 4702 3469 4772 plura,

1889 4799 2004 4870 ipsa
2038 4814 2159 4854 esse
2188 4806 2541 4862 monstratur,
2581 4798 2724 4868 quod
2752 4813 2851 4869 ego
2892 4796 3066 4867 legem
3091 4794 3207 4858 Dei,
3242 4791 3315 4847 illi
3359 4801 3490 4860 tra-A

1888 4891 2119 4948 ditiones
2147 4889 2427 4947 hominum
2456 4898 2513 4945 et
2545 4889 2989 4946 consuetudinem
3038 4887 3349 4955 iniquorum
3380 4900 3477 4942 se-

1890 5119 2147 5168 nrazceuto
2183 5108 2477 5168 apostolici.
2521 5110 2611 5168 qui
2650 5116 2772 5161 tunc
2806 5105 3063 5160 Romanw
3090 5113 3304 5168 paverat
3339 5113 3496 5168 καί,
