4044 5348
493 216 593 277 751

1380 207 1709 261 hA'llilLiut
1746 205 1958 257 M’tbb.
2010 194 2254 253 VLhON.
2295 192 2445 252 ΟΡΡ.
2488 189 2667 249 PARS
2705 187 2791 246 ΙΙΙ.

3663 182 3767 240 738

489 286 704 406 quentia
731 326 1044 384 decernant.
1063 317 1145 374 An
1172 331 1279 397 non
1307 314 1396 371 ille
1414 323 1497 370 est
1513 314 1658 369 enim
1681 324 1807 367 vere
1829 310 2065 378 iniquus,
2097 320 2146 380 Α
2174 321 2320 361 mum
2358 305 2501 376 quod
2530 301 2681 360 Judae
2725 300 3003 358 traditoris
3045 297 3352 370 exemplum
3414 305 3655 365 secutus,
3715 307 3768 354 et

492 392 587 496 qui
616 419 760 493 quod
790 413 922 473 mihi
956 422 1013 467 et
1054 408 1129 466 illi
1158 392 1255 464 est
1275 406 1458 462 datum
1490 403 1872 467 communiter,
1897 398 2083 496 (1510)

478 490 570 572 ita
633 490 888 584 partitur,
942 514 999 560 ut
1027 518 1125 574 ego
1173 501 1297 555 inde
1347 496 1743 570 pauperrimus,
1787 493 1876 548 ille
1936 490 2084 546 locus

492 605 824 681 pletissimus
880 597 1025 655 iiut?
1078 595 1192 651 Hoc
1245 607 1347 665 ego
1404 591 1449 647 si
1504 589 1752 655 tacendo,
1824 587 1933 642 imo
1968 584 2084 638 lau-

493 700 671 757 dando
719 692 1071 757 consentiam,
1103 685 1285 759 (1511)
1317 701 1436 741 una:
1486 691 1705 755 propter
1763 694 1884 737 eam
1921 691 2084 749 quam

495 803 708 846 mecum
770 784 974 841 habere
1018 787 1267 853 optarent
1297 775 1613 842 amicitiam,
1665 772 1946 829 veritatem
2000 782 2088 825 re-

493 884 765 954 linquens,
819 877 988 932 Deum
1023 888 1251 943 negasse
1291 870 1603 927 convincar.
1637 865 1741 935 Qui
1791 863 1923 919 mihi
1958 875 2084 917 nam

492 975 685 1033 suadet
729 980 993 1037 metuere,
1026 966 1278 1023 inimicus
1328 964 1523 1020 animae
1565 976 1699 1018 mea:
1743 956 2087 1017 convincitur

491 1085 632 1135 esse,
667 1068 865 1125 nedum
895 1078 995 1137 ego
1021 1062 1071 1118 is
1105 1060 1330 1117 debeam
1360 1057 1498 1114 fore.

502 1224 507 1229 ,
566 1162 617 1220 5.
656 1160 770 1217 Hoc
804 1172 933 1232 ergo
957 1154 1234 1213 succincte
1279 1159 1604 1216 monstrato,
1633 1161 1845 1204 mecum
1869 1160 1965 1200 vos
1988 1143 2086 1199 ad-

494 1269 714 1323 moneo,
739 1252 956 1314 fratres,
991 1256 1050 1302 ut
1079 1246 1346 1316 disquirat
1378 1241 1751 1314 unusquisque
1782 1246 2027 1294 nostrum
2054 1251 2087 1291 a

495 1348 693 1419 seipso,
721 1340 955 1416 qualiter
985 1336 1196 1393 Pascha
1249 1334 1376 1389 illud
1434 1340 1705 1397 sanctum,
1740 1330 1795 1385 id
1818 1336 1922 1393 est,
1965 1334 2089 1382 octo

496 1441 629 1496 istos
660 1435 777 1491 dies
800 1430 1067 1504 exegerit,
1094 1437 1149 1483 et
1199 1433 1380 1482 utrum
1427 1425 1500 1479 ita
1546 1421 1813 1494 exegerit,
1860 1428 1920 1474 ut
1973 1425 2089 1471 tuto

496 1547 648 1587 amen
677 1524 1036 1598 reSponderit,
1054 1537 1173 1575 cum
1195 1518 1482 1590 presbyter
1509 1516 1645 1573 dixit
1670 1512 1931 1578 :Prwsta,
1948 1525 2092 1583 qua:-

499 1636 706 1686 sumus,
737 1616 1061 1685 omnipotens
1096 1610 1233 1666 Deus
1254 1652 1269 1677 ,
1292 1619 1349 1663 ut
1372 1608 1462 1679 qui
1483 1605 1755 1679 paschalia
1784 1604 1917 1674 festa
1943 1617 2092 1658 uene-

2185 399 2591 454 damnationem
2614 396 2841 466 adeptus
2880 394 2973 459 sit,
3008 394 3207 459 doleat,
3230 392 3325 449 sed
3372 408 3482 449 non
3507 402 3566 447 ut
3609 389 3771 451 ludas

2186 490 2255 546 ad
2276 491 2529 562 laqueum
2560 488 2917 560 desperando,
2946 487 3055 541 imo
3085 495 3144 541 ut
3183 484 3380 541 Petrus
3408 485 3475 539 ad
3508 485 3775 555 iacrymas

2184 580 2499 653 paenitendo
2516 595 2636 638 sese
2657 585 2973 645 convertat;
3010 586 3066 632 et
3090 576 3296 632 relictis
3321 592 3444 647 qua:
3467 575 3610 631 male
3632 576 3782 647 cogi-

2188 672 2341 739 tavit,
2364 671 2507 727 diem
2541 670 2737 726 festum
2781 668 3009 725 Domino
3036 683 3217 741 agere,
3248 669 3377 725 dum
3406 677 3587 734 vacat,
3630 668 3782 724 festi-

2186 771 2299 819 net.
2342 763 2420 817 ita
2451 762 2596 817 enim
2637 769 2692 818 et
2716 759 2925 817 Pascha
2951 761 3243 830 perditum,
3273 761 3566 815 transitum
3601 761 3785 829 utique

2186 855 2394 911 faciens
2444 856 2685 921 bonum,
2744 868 3096 925 recuperare,
3145 861 3201 909 et
3252 854 3391 908 iram
3435 853 3641 924 poterit
3692 852 3785 907 Dei

2186 946 2402 1020 placare
2430 987 2446 1012 ,
2492 948 2610 1017 ipso
2651 944 2943 1016 adjuvante
2972 986 2988 1012 ,
3040 945 3134 1016 qui
3183 959 3306 1001 cum
3362 944 3529 1000 Patre
3566 952 3625 999 et
3673 942 3789 1015 Spi-

2187 1041 2297 1096 ritu
2342 1049 2529 1097 sancto
2558 1040 2614 1097 in
2657 1038 2853 1096 saecula
2895 1038 3219 1096 saculorum
3264 1054 3370 1095 non
3416 1044 3605 1095 cessat
3648 1037 3787 1093 Dens

2189 1149 2440 1206 regnare.

2684 1223 2852 1299 ego
2892 1223 3125 1282 SERMO
3163 1223 3278 1280 vn.

2617 1319 2800 1393 (1515)
2842 1333 3011 1377 ros'r
3063 1332 3346 1374 nscas.

2261 1412 2313 1469 1.
2351 1411 2429 1468 De
2458 1429 2546 1468 ore
2569 1422 2658 1469 tuo
2699 1422 2747 1468 te
2777 1412 2961 1484 judico
3000 1411 3151 1484 (Luc.
3184 1428 3298 1480 xix,
3325 1410 3442 1484 22),
3479 1425 3542 1467 se
3564 1409 3648 1466 ait
3685 1410 3789 1467 Do-

2190 1506 2373 1562 minus
2405 1508 2459 1561 in
2484 1521 2737 1577 supremo
2781 1507 3074 1571 dicturum,
3106 1522 3249 1560 serve
3278 1521 3525 1576 nequam,
3562 1502 3789 1573 judicio.

2194 1596 2303 1654 Sed
2326 1598 2807 1655 cui?Demonstrat
2830 1600 3165 1670 subjungens
3192 1616 3205 1652 :
3230 1596 3447 1654 Sciebas
3470 1596 3619 1668 quod
3641 1597 3794 1649 homo

499 1712 668 1771 rando
716 1707 1031 1781 peregimus,
1058 1703 1163 1758 Iure
1211 1711 1259 1757 te
1298 1700 1550 1771 largiente
1576 1696 1745 1771 619
1770 1695 2003 1750 moribus
2044 1699 2092 1747 et
2124 1694 2170 1755 Β
2196 1700 2438 1744 austeras
2452 1706 2637 1753 essem,
2657 1698 2761 1745 etc.
2790 1689 2975 1763 (1514)
3000 1688 3205 1744 Scienti
3229 1689 3331 1744 bac
3351 1702 3483 1761 ergo
3496 1685 3792 1751 sententia,

499 1805 602 1859 vita
631 1811 921 1855 teneamus.
945 1795 1250 1864 [interroget
1283 1805 1415 1863 ergo
1442 1806 1501 1845 se
1527 1790 1777 1861 quisque,
1814 1784 1860 1841 si
1894 1785 1961 1839 de
1999 1782 2092 1837 illo

496 1907 689 1950 verum
714 1890 850 1946 dixit
879 1878 1159 1952 sacerdos,
1194 1885 1297 1940 hoc
1349 1891 1455 1950 est,
1502 1881 1550 1941 si
1586 1882 1640 1936 in
1675 1878 1883 1951 azymis
1913 1876 2092 1932 since-

500 1983 679 2041 ritatis
726 1990 783 2036 et
829 1978 1077 2035 veritatis
1126 1991 1326 2046 corpus
1380 1983 1438 2029 et
1491 1971 1813 2043 sanguinem
1874 1964 2089 2023 Domini

498 2076 753 2149 sumpsit,
784 2075 838 2130 id
859 2083 965 2137 est.
997 2072 1044 2127 si
1074 2071 1129 2127 in
1156 2071 1319 2126 corde
1362 2067 1493 2124 nulli
1522 2065 1737 2137 aliquod
1783 2063 1837 2120 in
1884 2062 2092 2117 Pascha

499 2150 844 2228 machinatus
869 2173 953 2220 est
980 2162 1210 2227 malum;
1243 2159 1289 2216 si
1315 2175 1424 2215 non
1470 2158 1537 2214 de
1564 2156 1819 2228 operibus
1864 2151 2094 2221 alicujus

500 2276 561 2319 se
583 2261 788 2319 sciente
825 2257 928 2314 nisi
956 2254 1102 2327 quod
1120 2261 1265 2309 esset
1300 2265 1490 2307 verum
1521 2247 1841 2321 protulerit;
1870 2246 1919 2300 si
1962 2260 2088 2309 non,

500 2356 631 2413 dum
669 2352 848 2408 adhuc
873 2364 1006 2405 esca
1030 2346 1233 2404 Christi
1264 2342 1511 2415 corporis
1529 2341 1583 2396 in
1610 2355 1707 2396 ore
1726 2346 1876 2395 esset
1900 2335 2092 2407 ipsius,

501 2442 597 2504 aut
642 2459 740 2518 per
789 2442 922 2508 odii,
951 2449 1045 2496 aut
1074 2439 1312 2505 invidiae,
1346 2445 1442 2491 aut
1487 2448 1585 2507 per
1622 2429 1959 2502 cupiditatis,
2009 2425 2095 2482 vel

504 2534 769 2600 avaritize,
794 2541 886 2587 aut
912 2546 1010 2603 per
1050 2530 1277 2585 luxuriae
1305 2527 1496 2582 vitium
1527 2526 1665 2580 iram
1695 2522 1787 2577 Dei
1841 2534 2004 2590 super
2035 2531 2097 2574 se

503 2628 802 2685 ascendere
836 2624 999 2691 fecit;
1031 2620 1074 2679 si
1104 2630 1227 2694 post
1253 2617 1549 2676 buccellam
1579 2615 1808 2671 introire
1835 2612 2095 2667 Satanam

505 2718 561 2774 in
587 2732 741 2775 suam
766 2715 1002 2769 animam
1029 2714 1253 2768 minime
1278 2711 1426 2776 sivit,
1457 2709 1511 2764 id
1541 2717 1625 2763 est
1647 2706 1695 2761 si
1723 2703 1923 2760 malum
1950 2699 2097 2772 quod

504 2822 633 2868 ante
662 2809 937 2883 cogitavit,
969 2807 1038 2863 ad
1078 2805 1328 2862 effectum
1372 2806 1572 2860 ducere
1611 2817 1716 2856 non
1758 2798 2092 2863 maturavit;

502 2914 781 2978 postremo
818 2901 865 2957 si
897 2902 951 2956 in
978 2901 1067 2957 die
1090 2899 1252 2967 festo,
1282 2899 1387 2954 hoc
1409 2906 1494 2952 est
1537 2896 1590 2950 in
1638 2894 1758 2949 istis
1786 2891 1991 2947 octavis
2043 2896 2099 2945 et

504 3011 787 3072 quousque
831 2999 1110 3051 cantatum
1139 3002 1222 3049 est
1255 3009 1269 3046 :
1311 2989 1443 3047 ch
1481 2991 1592 3044 dies
1628 3004 1786 3059 quam
1828 2985 1949 3055 fecit
1989 2981 2098 3037 Do-

2192 1797 2356 1855 quam
2388 1783 2677 1849 nescienti,
2707 1794 2919 1837 certum
2950 1797 3071 1837 esse
3093 1781 3238 1837 valet
3262 1780 3434 1850 majus
3462 1780 3678 1835 instare
3694 1777 3787 1847 ju-

2192 1878 2414 1934 dicium.
2456 1878 2763 1935 Verendum
2814 1894 2945 1952 ergo
2992 1879 3133 1934 bona
3178 1878 3499 1945 scientibus,
3553 1889 3612 1933 et
3653 1876 3793 1931 mala

2191 1973 2534 2044 patrantibus
2582 1971 2781 2027 valde:
2828 1972 3141 2035 verendum,
3186 1971 3424 2042 inquam,
3469 1969 3793 2033 verendum,

2191 2064 2335 2120 bona
2383 2065 2685 2137 praesertim
2738 2065 2929 2120 eadem
2970 2064 3019 2119 si
3066 2078 3281 2133 quoque
3320 2063 3531 2118 dicunt.
3560 2061 3795 2129 Quidam

2191 2159 2337 2215 enim
2380 2158 2520 2217 bona
2570 2160 2699 2217 dum
2738 2158 2943 2225 dicunt,
2992 2158 3121 2229 quid
3165 2157 3366 2222 dicant,
3415 2159 3621 2213 nedum
3670 2170 3799 2211 vero

2194 2251 2397 2316 dicant,
2450 2252 2702 2324 ignorant
2731 2266 2747 2306 :
2787 2260 2848 2306 ut
2875 2259 3002 2305 sunt
3041 2249 3190 2305 verbi
3218 2234 3391 2322 gratia
3419 2247 3670 2319 plurimi,
3700 2247 3792 2319 qui

2195 2344 2510 2418 Evangelia,
2553 2341 2824 2415 apostolos
2856 2361 2954 2415 pro
3000 2343 3177 2400 officio
3232 2344 3337 2399 sibi
3382 2342 3600 2409 credito
3659 2341 3795 2397 reci-

2197 2446 2336 2494 taut.
2375 2438 2476 2506 Qui
2506 2438 2631 2494 dum
2673 2438 2817 2510 quod
2859 2437 2962 2493 sibi
2990 2435 3246 2505 injectum
3273 2445 3357 2492 est
3385 2436 3800 2507 quomodocun-

2196 2547 2304 2604 que
2352 2531 2600 2598 actitant,
2654 2546 2760 2585 non
2790 2510 3048 2593 doctoris,
3079 2528 3265 2602 (1515)
3316 2529 3411 2583 sed
3453 2526 3798 2584 obauditoris

2199 2625 2562 2681 ministerium
2593 2623 2838 2695 implent.
2877 2622 2969 2679 Nae
3003 2639 3072 2678 ex
3106 2638 3203 2679 ore
3228 2637 3348 2688 suo,
3382 2638 3507 2678 cum
3547 2621 3682 2695 quid
3716 2621 3796 2675 di-

2198 2730 2325 2777 cant
2350 2720 2621 2793 ignorent,
2640 2718 2974 2791 iudicantur,
3005 2719 3099 2774 sed
3122 2717 3226 2772 nisi
3246 2716 3447 2772 faciant
3468 2724 3792 2790 arguuntur.

2200 2811 2384 2867 Miseri
2424 2828 2556 2884 ergo
2586 2812 2839 2882 utrinque
2868 2810 3065 2868 saeculo
3115 2809 3227 2865 dati
3275 2812 3565 2876 doctores;
3592 2809 3798 2876 miseri,

2200 2903 2511 2974 inquam,et
2536 2902 2799 2970 infelices,
2824 2904 2870 2959 si
2894 2914 2991 2958 aut
3020 2903 3270 2959 nesciunt
3292 2902 3512 2970 docere,
3540 2898 3801 2972 autquod

2203 3012 2310 3050 non
2348 3007 2513 3067 agunt
2540 2998 2823 3064 docentes,
2854 3013 2953 3053 suo
2983 3006 3191 3052 tantum
3218 2995 3537 3067 judicantur
3567 3011 3638 3051 ex
3685 3009 3799 3050 ore.

505 3090 704 3155 minus,
732 3098 828 3143 aut
870 3101 967 3159 per
997 3085 1346 3151 adulterium,
1401 3091 1496 3138 aut
1544 3094 1643 3154 per
1694 3076 2093 3135 immunditiam

2204 3088 2261 3146 Si
2291 3090 2436 3146 enim
2474 3092 2732 3161 gebenna:
2756 3105 2948 3162 pinnas
2975 3100 3301 3164 agnoscunt,
3332 3100 3389 3146 et
3422 3090 3548 3146 aliis
3579 3106 3687 3145 non
3721 3088 3800 3144 in—

505 3185 742 3257 aliquam
767 3198 875 3238 non
902 3196 962 3239 se
997 3180 1211 3255 polluit,
1233 3178 1320 3236 vel
1351 3177 1582 3235 fratrum
1628 3175 1861 3245 aliquem
1910 3169 2101 3241 nequi-

505 3260 588 3335 ter
634 3277 771 3333 laesit
808 3296 822 3331 :
858 3285 914 3332 et
948 3275 995 3332 si
1050 3274 1129 3330 nil
1165 3274 1360 3335 horum
1393 3272 1447 3327 in
1482 3284 1543 3326 se
1596 3266 1821 3331 invenit,
1873 3262 2099 3320 Pascha:

504 3369 717 3431 Domini
762 3368 900 3425 festa
928 3382 989 3423 se
1015 3366 1325 3421 venerando
1351 3363 1527 3435 egisse
1558 3357 1881 3433 gratulatus,
1915 3352 2096 3410 humi-

505 3460 631 3517 liter
655 3475 810 3515 amen
847 3457 1198 3531 respondeat;
1245 3464 1299 3511 et
1330 3463 1388 3509 ut
1448 3450 1690 3507 moribus
1740 3456 1795 3504 et
1837 3447 1945 3502 vita
1981 3445 2098 3500 haec

504 3548 657 3621 illum
687 3556 874 3605 tenere
914 3548 1009 3605 Dei
1062 3548 1238 3617 pictas
1269 3544 1523 3616 dignetur
1551 3540 1872 3605 concedere,
1907 3550 2094 3600 manu,

506 3641 689 3715 lingua
719 3648 776 3696 et
823 3622 1005 3695 corde.
1033 3654 1138 3694 non
1169 3643 1349 3693 cesset
1400 3648 1613 3705 rogare.
1644 3630 1796 3699 Quod
1844 3628 1891 3684 si
1941 3626 2100 3681 aliter

511 3738 567 3803 in
597 3751 677 3804 se,
706 3744 767 3790 ut
788 3742 991 3799 metuo,
1015 3733 1242 3797 invenit,
1268 3730 1412 3801 quod
1437 3743 1545 3784 non
1592 3725 1786 3782 saltem
1816 3721 1936 3778 illos
1982 3731 2098 3775 stu-

506 3828 687 3885 duerit
734 3824 960 3892 imitari,
992 3824 1084 3896 qui
1115 3841 1217 3878 non
1244 3823 1299 3877 in
1334 3821 1419 3877 die
1444 3819 1578 3892 [esto
1608 3820 1885 3883 dixerunt,
1913 3814 2099 3868 triste-

512 3929 603 3976 tur
634 3936 647 3972 :
678 3915 733 3983 id
766 3926 851 3973 est
880 3926 937 3970 ut
960 3916 1101 3970 sicut
1132 3914 1206 3967 illi
1243 3912 1531 3967 tumultum
1563 3912 1719 3965 veriti
1749 3918 1896 3973 sunt,
1920 3909 1963 3967 si
1994 3904 2100 3962 Do-

509 4011 717 4079 minum
744 4009 1284 4083 comprehenderent,
1306 4005 1508 4076 populi;
1534 4004 1719 4077 (15l2)
1743 4006 1814 4060 ita
1839 4007 1939 4061 iste
1962 4006 2098 4059 iram

508 4103 733 4170 veritus,
759 4104 802 4159 si
824 4102 1171 4158 festivitatem
1187 4098 1847 4165 violaretsanctissimam,
1864 4098 2098 4168 Domini,

508 4194 597 4249 vel
627 4193 713 4253 bis
740 4191 933 4249 saltem
962 4201 1087 4247 octo
1113 4189 1303 4245 diebus
1342 4205 1402 4244 se
1435 4205 1558 4243 cum
1599 4189 1694 4245 Dei
1725 4188 1991 4258 adjutorio
2030 4189 2101 4247 ab

510 4288 818 4365 huiusmodi
843 4287 1095 4344 illecebra
1124 4286 1428 4351 continere,
1454 4294 1509 4340 et
1539 4302 1568 4339 a
1611 4284 1831 4341 laesione
1860 4284 2103 4341 fraterna

511 4383 831 4457 reprimere,
861 4381 1046 4441 conari
1073 4381 1317 4441 studeret
1345 4379 1433 4452 U.,
1457 4377 1800 4436 studuissetl.
1831 4376 1968 4434 Hinc
2007 4378 2100 4435 de-

582 4559 1019 4686 sisiogOCausam
1038 4560 1365 4631 praecipuam
1382 4558 1735 4616 dissensionis
1748 4559 2100 4631 tangit,’quod

582 4634 724 4686 licet
816 4646 886 4686 na
925 4631 1282 4686 communiter
1305 4630 1499 4685 collata
1524 4630 1737 4685 clericis
1770 4631 2099 4686 cathedralis

514 4630 724 4692 scilicet
741 4630 886 4688 bona
925 4630 1282 4688 communiter
1305 4630 1499 4685 collata
1524 4630 1737 4685 clericis
1770 4631 2099 4688 cathedralis

513 4704 777 4784 ecclesiae,
801 4703 892 4784 ita_
906 4703 1083 4784 minus
1111 4716 1265 4784 aeque
1296 4703 1437 4784 inter
1465 4702 1611 4784 ipsos
1640 4703 1843 4772 partita
1871 4702 2096 4773 fuerint,

512 4784 576 4831 ut
598 4775 692 4831 alii
712 4774 1072 4838 abundarent,
1101 4773 1190 4829 alii
1220 4773 1542 4844 indigerent.

585 4845 772 4918 (1511)
804 4846 961 4918 Vulg.
989 4844 1421 4918 perperamnisi.
1451 4844 1854 4918 Qor_rec_tionem
1881 4862 1999 4913 nae,
2040 4844 2098 4902 id

514 4914 605 4974 est
624 4914 781 4981 certe,
809 4914 1003 4987 utique
1023 4914 1183 4971 sensu
1206 4915 1455 4986 exigente
1477 4914 1804 4970 induximus.

586 4986 771 5042 (1512)
798 4984 1063 5043 Construe
1089 5004 1102 5041 :
1138 4987 1224 5041 Ita
1265 4984 1361 5041 iste
1394 4987 1591 5043 veritus
1620 4987 1759 5041 iram
1787 4984 2026 5046 Domini.
2052 4988 2102 5043 si

2125 4443 2182 4504 D

2202 3192 2520 3249 notescunt;
2557 3183 2634 3237 rei
2663 3183 2932 3249 omnium,
2962 3178 3097 3255 quos
3146 3182 3343 3237 docere
3377 3182 3706 3247 debuerant,

2198 3291 2297 3346 per
2326 3274 2685 3347 ignorantiam
2713 3273 2767 3329 in
2789 3274 2869 3330 eis
2883 3274 3189 3351 inciderint,
3216 3284 3395 3331 erunt.
3434 3272 3492 3328 Si
3525 3288 3656 3327 vero
3682 3268 3801 3339 aliis

2199 3381 2293 3423 eas
2315 3366 2670 3431 innotuerint,
2697 3375 2751 3421 et
2776 3365 2874 3436 ipsi
2905 3379 3000 3419 eas
3040 3381 3146 3423 non
3179 3365 3463 3430 caverint;
3524 3363 3656 3436 quid
3721 3361 3801 3419 eis

2200 3459 2474 3525 miserius,
2498 3459 2627 3531 quid
2652 3475 2781 3530 rogo
2807 3466 2889 3514 est
2911 3458 3167 3514 stultius?
3184 3457 3250 3512 Et
3274 3458 3319 3513 si
3350 3465 3656 3513 monstrato
3679 3456 3801 3511 aliis

2198 3552 2322 3609 vitae
2351 3549 2499 3606 fonte
2522 3551 2623 3622 ipsi
2663 3557 2892 3620 pereunt
2932 3549 3199 3615 siccitate,
3235 3548 3356 3622 quis
3391 3564 3486 3605 eos
3518 3548 3683 3605 debet
3708 3548 3778 3603 do

2201 3643 2347 3700 lere?
2377 3643 2559 3715 (1516)
2590 3640 2959 3698 Clamavimus
3003 3657 3128 3697 cum
3153 3639 3415 3714 Apostolo
3442 3656 3644 3711 nuper,
3686 3639 3799 3717 cla:

2200 3740 2488 3804 mavimus,
2519 3747 2573 3794 et
2600 3737 2807 3792 utinam
2847 3753 2954 3793 non
3005 3746 3062 3801 et
3116 3752 3216 3808 pro
3253 3752 3340 3803 eo,
3372 3744 3431 3792 ut
3461 3752 3564 3809 pro
3592 3734 3802 3805 multis,

2200 3845 2295 3885 ore
2339 3829 2558 3899 proprio
2601 3827 2778 3900 potius
2815 3827 3117 3900 judicandi,
3166 3843 3331 3899 quam
3358 3870 3373 3895 ,
3431 3836 3491 3882 ut
3536 3827 3799 3899 prapheta

2202 3923 2470 3991 quondatu
2512 3920 2863 3990 promiserat,
2901 3919 3191 3975 liberandi.
3231 3918 3605 3975 Clamavimus
3643 3918 3799 3975 nobis

2202 4021 2257 4068 et
2286 4011 2460 4079 vobis,
2492 4012 2584 4067 sed
2634 4028 2741 4066 non
2772 4011 3039 4066 inutiliter
3066 4011 3333 4067 clamasse
3363 4026 3463 4068 nos
3494 4010 3593 4066 Dei
3622 4013 3799 4091 pietas

2205 4103 2407 4159 tribuat
2454 4104 2707 4159 omnibus
2748 4103 2923 4159 nobis.
2971 4102 3341 4159 Clamavimus
3388 4112 3658 4171 attamen,
3689 4102 3798 4159 cla-

2205 4198 2472 4252 mavimus
2503 4212 2625 4252 cum
2658 4195 2945 4268 Apostolo,
2973 4194 3190 4263 fratres,
3222 4196 3579 4253 clamavimus
3622 4215 3635 4250 :
3666 4192 3798 4250 Pas-

2203 4289 2301 4343 cha
2329 4300 2561 4344 nostrum
2584 4286 2885 4343 immolatus
2906 4299 2980 4342 est
3004 4285 3244 4343 Christus
3267 4287 3318 4360 (ι
3342 4287 3464 4343 Cor.
3491 4304 3544 4354 v,
3579 4288 3660 4357 7).
3693 4286 3797 4343 Sed

2206 4380 2413 4435 utinam
2471 4387 2531 4434 ut
2578 4394 2680 4451 pro
2740 4395 2830 4448 eo,
2863 4379 2939 4434 ita
2990 4395 3092 4451 pro
3139 4379 3296 4437 nobis
3336 4377 3505 4436 fuerit
3548 4378 3796 4436 immola-

2202 4561 2409 4634 seienti,
2431 4577 2592 4633 quam
2619 4560 2889 4616 nescienti.
2919 4560 3060 4634 Ergo
3090 4561 3244 4634 ualde
3287 4561 3572 4634 verendum
3626 4564 3796 4619 scien-

2202 4632 2342 4687 tibus
2392 4632 2530 4687 bona
2557 4672 2573 4697 ,
2623 4640 2673 4687 et
2737 4632 3070 4704 patrantilius
3113 4633 3258 4687 mala
3284 4645 3305 4685 :
3336 4633 3620 4688 verendum
3644 4676 3662 4701 ,
3717 4634 3798 4689 in-

2202 4704 2770 4830 mmbanzerendum,
2809 4705 2856 4759 si
2899 4703 3191 4793 praesertim
3235 4704 3418 4771 dicunt
3454 4720 3665 4777 quoque
3706 4721 3797 4762 ea-

2238 4790 2319 4829 em
2346 4778 2502 4830 bona.
2978 4778 2995 4793 ’

2274 4844 2459 4916 (1515)
2502 4843 2654 4914 Vulg.
2691 4845 2985 4911 mendose,
3046 4844 3348 4902 obeditoris.
3377 4846 3789 4905 Currectionem

2204 4918 2766 4990 contextussentcntia
2789 4918 3078 4988 approbat:
3095 4919 3172 4990 illi
3195 4919 3337 4975 enim
3350 4929 3670 4990 arguuntur,
3700 4919 3791 4989 qui

2202 4989 2436 5044 recitant
2492 4988 2781 5046 Euauaelia
2818 4998 2880 5045 et
2927 4989 3192 5046 apostolos
3222 5029 3237 5046 .
3283 4991 3381 5045 sed
3422 4988 3561 5046 auiti
3610 4988 3793 5046 dicant
