4044 5348
188 271 308 332 ⁸133

1630 275 2019 335 ΒΕΒΜΟΝΕΒ.

3366 280 3471 337 734

201 405 291 451 tus
320 412 332 448 :
372 392 561 467 (1517)
610 408 708 466 pro
750 407 817 449 eo
851 392 1019 458 enim,
1050 402 1111 447 ut
1153 394 1452 467 condignas
1500 394 1552 450 ei
1589 396 1789 466 gratias
1819 400 1867 457 Α
1895 397 2077 466 ibique
2098 396 2414 463 cecidimus,
2449 396 2789 468 iniquitatem
2811 393 3117 466 huiusmodi
3144 395 3372 466 operati,
3405 396 3476 450 ob

200 485 495 551 referenti;
555 485 852 539 cavendum
910 499 977 539 ne
1041 500 1071 539 a
1128 485 1283 540 nobis
1332 483 1621 550 beneﬁcio,
1650 487 1793 555 quod

203 578 369 643 absit,
401 584 552 632 tanto
600 576 826 647 ingratis
860 594 871 629 :
906 576 1007 630 hoc
1049 575 1194 630 enim
1240 574 1433 642 innuit,
1468 576 1559 647 qui
1606 576 1733 630 dicit
1776 592 1789 628 :

206 670 519 738 Quicunque
544 669 937 722 manducauerit
964 685 1151 737 corpus
1180 666 1393 721 Domini
1416 668 1644 737 indigne.
1678 682 1795 721 reus

204 764 305 816 erit
344 763 578 831 carparis
609 774 653 816 et
694 761 965 832 sanguinis
1000 759 1211 817 Domini
1250 762 1301 833 (I
1336 761 1457 816 Cor.
1488 778 1563 825 χι,
1596 762 1710 831 27),
1745 762 1796 816 id

203 861 312 917 est,
366 852 720 924 imputabitur
747 853 795 907 ei
854 852 1007 922 culpa
1059 851 1336 908 eﬂusiouis
1367 855 1645 924 sanguinis
1669 852 1796 908 Jesu

202 946 431 1009 Christi,
462 946 508 1001 si
539 962 701 1001 ausus
746 945 907 1002 fuerit
939 947 1123 1002 bibere
1154 950 1492 1015 sanguinem,
1516 926 1678 1019 quem
1706 947 1799 1002 Ju-

208 1040 309 1093 dmi
340 1038 613 1104 fuderunt,
648 1040 863 1111 indigne
904 1058 916 1094 :
948 1042 1049 1096 hoc
1087 1052 1188 1106 est,
1221 1042 1263 1096 si
1302 1043 1492 1113 quales
1520 1042 1679 1115 621
1721 1042 1799 1099 illi

206 1129 431 1186 fuerunt
460 1133 526 1187 ad
566 1131 725 1187 ﬁdem
753 1174 769 1198 ,
814 1133 939 1189 talis
992 1133 1105 1205 ipse
1138 1134 1379 1190 extiterit
1416 1136 1484 1191 ad
1532 1135 1802 1205 operatio-

206 1236 357 1275 nem.

281 1312 338 1367 2.
373 1313 764 1385 Subjnnximus
810 1316 1025 1370 demum
1070 1326 1231 1388 atque
1284 1318 1647 1388 protulimus:
1681 1316 1796 1373 Ita-

209 1424 314 1477 que
336 1406 608 1474 epulemur
632 1424 733 1462 non
780 1410 835 1461 in
884 1407 1135 1476 fermento
1182 1408 1353 1471 veteri,
1404 1426 1563 1477 neque
1592 1411 1645 1462 in
1694 1410 1803 1477 fer-

210 1506 389 1551 mento
418 1498 635 1551 malitiw
660 1508 707 1551 et
737 1499 1000 1569 nequitiis,
1033 1500 1121 1554 sed
1145 1500 1199 1552 in
1250 1500 1449 1570 azymis
1490 1500 1805 1553 sinceritatis

214 1602 264 1646 et
292 1593 525 1646 veritatis
555 1592 602 1663 (Ι
652 1593 772 1647 Cor.
809 1610 861 1658 v,
885 1594 962 1665 8).
988 1594 1137 1649 Adeo
1164 1596 1264 1649 ista
1288 1596 1465 1651 omnia
1497 1596 1590 1650 sed
1622 1594 1805 1665 (1518)

219 1684 647 1750 enucleavimus,
682 1696 732 1739 ut
766 1687 1005 1756 puerulis
1051 1688 1182 1757 ipsis
1212 1704 1310 1743 nos
1349 1686 1677 1743 satisfecisse
1704 1703 1804 1757 pn-

1900 489 2111 543 inancm
2142 489 2366 559 gloriam
2395 505 2425 543 a
2458 490 2631 559 gratia
2676 490 2770 545 Dei
2801 488 3029 559 expulsi,
3072 502 3173 545 nec
3205 487 3478 557 potuimus

1898 581 1950 635 in
1987 580 2124 635 bono
2146 580 2434 650 persistere
2466 580 2670 641 miseri.
2711 587 2767 634 ut
2792 579 2894 634 hoc
2922 580 3084 632 etiam
3118 577 3367 633 confiteri
3405 577 3479 631 sit

1896 675 2052 729 nobis
2084 690 2114 728 a
2145 672 2255 730 Deo
2280 688 2375 731 ore
2424 689 2520 728 nos
2568 673 2786 743 proprio
2824 671 3080 742 judicari.
3116 672 3251 727 Cum
3283 681 3338 726 et
3375 672 3480 726 hoc

1899 768 2201 823 certissime
2238 767 2597 830 novissemns,
2626 775 2680 822 et
2707 765 2879 820 vitare
2929 763 3313 828 infelicissimi,
3343 778 3483 833 pra:-
3514 800 3538 839 τ

1900 860 2231 929 ponderante
2267 858 2510 913 timorem
2534 856 2629 912 Dei
2659 856 2893 927 superbo
2932 864 3119 911 nostro
3146 862 3483 925 contemptu,
3532 842 3544 855 ³

1902 951 2175 1018 dedignati
2206 965 2471 1013 essemus,
2512 959 2574 1004 ut
2600 948 2891 1019 perditioni
2920 948 3109 1018 utique
3142 955 3327 1002 nostro
3360 960 3487 1001 me-

1903 1046 2027 1110 rito,
2057 1060 2161 1098 non
2193 1043 2287 1098 Dei
2315 1043 2584 1113 neglecto,
2616 1043 2822 1108 traditi,
2851 1051 2905 1098 et
2932 1057 2964 1096 a
2994 1041 3149 1096 nobis
3179 1040 3310 1111 ipsis
3338 1040 3490 1095 dam-

1904 1138 2038 1201 nati,
2069 1136 2122 1190 in
2154 1144 2443 1201 aaternum,
2476 1135 2579 1190 nisi
2630 1135 2790 1193 nobis
2834 1134 2987 1191 ocius
3008 1134 3106 1191 Dei
3149 1134 3325 1203 pietas
3363 1147 3489 1188 suc-

1904 1239 2091 1285 currat
2120 1227 2435 1283 damnandi.
2881 1278 2890 1287 ,

1976 1325 2029 1379 3.
2060 1323 2165 1378 Sed
2200 1322 2329 1393 quid
2375 1322 2587 1392 agimus
2613 1323 2657 1376 si
2687 1323 2763 1377 ita
2812 1331 2915 1387 est,
2955 1322 3154 1377 fratres
3182 1321 3206 1375 ?
3236 1319 3331 1375 Est
3363 1304 3495 1375 vero

1907 1425 2011 1479 est,
2037 1416 2169 1484 prob
2193 1413 2347 1469 dolor
2371 1414 2383 1466 l
2409 1421 2511 1468 est.
2539 1411 2767 1467 Reddite
2795 1413 2968 1467 vicem
2995 1410 3149 1467 nobis
3164 1411 3327 1483 622
3353 1424 3497 1480 qua:-

1909 1521 2117 1569 sumus,
2147 1506 2189 1559 si
2221 1506 2469 1575 potestis,
2516 1504 2751 1567 consilii,
2804 1504 3033 1561 reddite.
3083 1504 3255 1557 Dicite
3304 1501 3498 1557 saltem

1910 1598 2053 1668 quod
2100 1597 2352 1661 diximus,
2406 1596 2646 1667 proferte
2677 1596 2819 1666 quod
2868 1594 3194 1665 protulimus
3228 1610 3243 1658 ;
3276 1593 3502 1648 suadela

1911 1691 2054 1759 quod
2109 1689 2379 1743 suasimus
2403 1705 2419 1753 ;
2446 1689 2591 1741 aliud
2620 1689 2765 1743 enim
2796 1687 2937 1757 quod
2969 1686 3235 1741 faciamus
3280 1685 3503 1741 minime

221 1779 568 1833 taxissemus.
606 1779 710 1833 Sel
744 1782 948 1836 utinam
996 1783 1139 1851 quod
1187 1782 1322 1838 alios
1352 1782 1660 1836 monuimus
1710 1781 1809 1850 ipsi
1842 1762 1887 1824 Β
1917 1781 2223 1836 invenimus
2249 1798 2263 1833 ς
2294 1780 2544 1835 videlicet
2574 1791 2632 1834 ut
2652 1781 2779 1849 quia
2810 1782 2861 1834 in
2897 1777 3094 1833 talibus
3119 1778 3271 1833 Judte
3297 1776 3505 1833 similes

220 1869 558 1936 fecissemus,
593 1882 647 1929 et
688 1875 838 1930 malae
878 1874 1191 1943 voluntatis,
1223 1876 1306 1930 vel
1344 1876 1518 1931 noxia:
1544 1876 1813 1943 operatio-

221 1963 309 2017 nis
338 1961 688 2029 fermentum,
720 1966 860 2034 quod
891 1975 1017 2020 ante
1050 1965 1401 2031 habebamus,
1436 1980 1532 2034 per
1564 1965 1811 2019 reconci-

222 2053 507 2109 liationem
557 2073 662 2111 non
710 2058 913 2122 fictam,
962 2068 1017 2112 et
1059 2058 1389 2112 fructuosam
1437 2057 1815 2126 penitentiam

225 2145 639 2214 abjecissemus.
694 2148 940 2204 Diximus
988 2149 1228 2204 ironice:
1274 2147 1457 2218 (1519)
1507 2146 1678 2214 Quam
1722 2163 1818 2217 op-

228 2237 363 2293 time
387 2237 564 2293 valeat
592 2238 866 2294 exsultare
909 2240 1067 2296 hodie
1107 2250 1269 2311 atque
1296 2239 1488 2303 l:etari,
1524 2239 1644 2294 loco
1672 2238 1818 2293 salu-

226 2329 299 2383 tis
326 2327 611 2397 judicium,
667 2329 785 2386 loco
806 2331 929 2385 vita:
960 2339 1272 2401 sumpturus
1320 2330 1617 2385 interitum.
1663 2328 1821 2384 Psal-

229 2422 409 2476 misce
451 2423 773 2478 adhibentes
802 2423 868 2477 ad
914 2424 1016 2478 boc
1064 2423 1451 2485 testimonium,
1507 2422 1573 2475 de
1619 2419 1822 2476 Judaeis

233 2504 451 2582 quidem
481 2520 629 2577 tunc,
663 2514 754 2567 sed
787 2512 996 2567 utinam
1024 2529 1129 2567 non
1163 2513 1320 2566 modo
1343 2512 1406 2565 de
1437 2510 1612 2575 nobis,
1644 2509 1824 2580 prola-

235 2614 349 2661 tum
382 2623 397 2660 :
426 2606 613 2660 Adhuc
638 2623 769 2661 886(2
806 2624 985 2661 eorum
1017 2616 1163 2659 erant
1193 2606 1245 2659 in
1277 2622 1362 2659 ore
1391 2605 1646 2674 ipsorum,
1675 2614 1720 2657 et
1742 2604 1823 2656 ira

235 2697 336 2755 Dei
384 2701 628 2755 ascendit
676 2718 833 2771 super
862 2701 981 2755 i.'los
1051 2698 1224 2771 (Psal.
1273 2714 1479 2761 Lxxvu,
1524 2697 1638 2767 30).
1689 2694 1825 2762 Quia

236 2808 363 2850 cum
389 2805 511 2865 post
530 2793 830 2849 buccellam
863 2792 1132 2848 introierit
1161 2791 1213 2846 in
1242 2789 1455 2854 Iudam,
1491 2798 1550 2844 ut
1578 2788 1829 2858 Evange-

237 2886 369 2941 lium
396 2888 583 2957 utique
614 2886 876 2956 loquitur,
912 2884 1143 2940 Satanas
1189 2882 1370 2953 (Joan.
1420 2898 1543 2946 χιιι,
1581 2880 1696 2948 27),
1735 2894 1831 2949 per

238 2980 618 3051 operationem
649 2994 778 3033 vero
824 2977 1136 3047 malignam,
1178 2976 1416 3042 quiante
1445 2970 1744 3027 buccellam
1778 2970 1833 3026 in

241 3088 309 3127 eo
332 3087 429 3142 per
457 3070 795 3125 voluntatem
822 3069 933 3139 jam
963 3066 1140 3123 fuerat
1164 3066 1452 3135 pessimam
1488 3079 1501 3127 ;
1536 3060 1835 3117 timendum

1919 1876 2257 1935 exstitimus;
2284 1874 2589 1943 exemplum
2616 1874 2870 1943 deinceps
2894 1887 3184 1927 caveamus
3209 1870 3371 1935 illius,
3397 1885 3505 1926 non

1920 1968 2235 2023 festinantes
2266 1967 2451 2036 utique
2477 1980 2602 2020 cum
2636 1965 2724 2019 illo
2765 1964 2831 2018 ad
2880 1964 3273 2034 desperationis
3310 1962 3506 2017 morti-

1920 2057 2094 2111 ferum
2151 2058 2429 2125 laqueum,
2460 2056 2555 2109 sed
2586 2054 2758 2127 magis
2780 2070 2904 2108 cum
2953 2054 3113 2108 Petro
3163 2054 3228 2108 ad
3281 2068 3507 2107 conver-

1921 2152 2088 2209 sionis
2140 2149 2300 2203 vitale
2344 2149 2658 2202 lameutnm.
2711 2146 2984 2217 Rogantes
3034 2145 3243 2201 scilicet
3293 2142 3508 2198 Domini

1922 2242 2288 2303 clementiam,
2343 2249 2403 2294 ut
2448 2239 2661 2293 meritis
2689 2239 2810 2309 ejus
2856 2236 3020 2305 adjnti
3064 2236 3327 2291 faciamus
3367 2232 3512 2305 quod

1922 2334 2070 2398 fecit,
2102 2334 2442 2387 obtineamus
2463 2330 2605 2400 quod
2642 2329 2895 2393 obtinuit,
2929 2329 3286 2384 conversione
3327 2327 3515 2395 utique

1926 2425 1994 2479 ad
2040 2438 2137 2477 nos
2187 2422 2394 2476 Domini
2422 2421 2492 2476 ab
2520 2434 2587 2475 eo
2614 2418 2915 2475 clementer
2950 2418 3205 2489 respecti,
3248 2417 3313 2471 ad
3362 2415 3511 2470 illum

1925 2514 2487 2571 ﬂenloutvaleamus
2534 2514 2801 2579 converti,
2862 2523 3129 2584 quatenus
3178 2512 3408 2583 gratiam
3436 2511 3517 2581 ip-

1930 2610 2043 2666 sius
2072 2623 2392 2678 recuperare
2429 2616 2727 2676 utcunque,
2756 2615 2812 2661 et
2839 2603 3045 2661 Pascha
3071 2604 3282 2659 Domini
3313 2602 3513 2671 verius,

1930 2718 2091 2772 quam
2124 2715 2359 2771 unquam
2382 2699 2694 2761 fecerimus,
2724 2697 3005 2753 celebrare
3039 2695 3361 2765 quandoque
3391 2707 3517 2763 pos-

1931 2793 2140 2855 simus;
2175 2791 2517 2860 transireque
2543 2805 2572 2843 a
2620 2788 2834 2844 diabolo
2860 2788 2926 2843 ad
2974 2788 3146 2857 ipsum
3191 2783 3520 2840 inconverti-

1931 2887 2115 2943 biliter
2143 2886 2398 2955 deinceps
2423 2883 2625 2938 auxilio
2653 2883 2929 2937 valeamus
2955 2881 3120 2935 illius.
3173 2878 3326 2947 Quod
3366 2876 3522 2935 nobis

1935 2977 2881 3050 indignissimisdigueturpraastare,
2914 2973 3005 3044 qui
3036 2973 3245 3027 Pascha
3278 2981 3523 3027 nostrum

1940 3074 2061 3128 ideo
2094 3073 2348 3142 dignatus
2372 3078 2456 3123 est
2500 3082 2640 3132 esse,
2666 3076 2723 3121 ut
2757 3064 3137 3121 reconciliaret
3168 3078 3265 3118 nos
3290 3062 3400 3118 Deo
3426 3060 3526 3117 Pa-

241 3122 311 3219 ne
334 3122 518 3218 simile
722 3122 977 3233 quiddam
1018 3122 1327 3229 contigerit.
1359 3122 1619 3211 Videlicet
1650 3152 1834 3225 (1520)
1863 3122 1909 3185 C
1940 3122 2485 3235 “sanguinem
2536 3122 2692 3215 suum
2740 3158 2917 3229 (Rom.
2944 3174 2996 3223 v,
3029 3156 3136 3227 l0),
3164 3165 3216 3211 et
3245 3162 3428 3210 erutos
3460 3152 3527 3209 de

244 3242 306 3310 ut
340 3253 519 3310 scelus
571 3253 789 3325 aliquod
824 3254 1107 3316 omissum,
1140 3258 1363 3321 propter
1401 3256 1648 3305 sanctum
1692 3244 1841 3316 quod

251 3362 473 3403 sumere
502 3348 557 3401 in
588 3345 799 3401 Pascha
846 3345 1176 3400 debebamus
1227 3341 1575 3405 sacrilicium,
1625 3346 1843 3407 sumpto

246 3436 540 3503 sacrificio,
570 3446 695 3492 ante
723 3437 865 3491 diem
899 3433 1380 3491 maturavissemus
1408 3445 1623 3502 quoque
1652 3444 1842 3500 perpe-

248 3536 398 3583 trare
429 3536 706 3592 octavum,
741 3543 843 3581 non
874 3527 929 3579 in
974 3525 1058 3579 die
1090 3524 1219 3592 festo
1251 3522 1319 3576 ab
1341 3522 1473 3591 ipsis
1500 3520 1662 3576 etiam
1695 3533 1845 3575 com-

252 3620 596 3693 prehendere
642 3620 931 3675 Dominum
982 3616 1305 3673 conantibus
1339 3613 1490 3668 obliti
1528 3614 1841 3668 clamatum.

254 3696 346 3781 Et,
376 3728 411 3768 ο
458 3712 793 3783 impatientia
822 3708 1225 3781 perimbecillis.
1258 3706 1596 3775 nimiumque
1626 3704 1843 3770 insana,

254 3792 357 3863 nec
388 3805 613 3875 injurias
643 3805 828 3876 utique
874 3803 1242 3867 inimicorum,
1273 3815 1373 3855 nec
1424 3797 1670 3855 stimulos
1712 3796 1848 3851 tole-

261 3915 389 3973 rare
428 3900 608 3954 valida
639 3898 900 3953 vitiorum
932 3896 944 3950 l
995 3894 1053 3950 In
1104 3891 1345 3963 quolibet
1385 3892 1531 3946 enim
1564 3891 1762 3945 horum
1799 3889 1848 3944 si

257 4008 362 4049 nos
392 3992 649 4049 excidere
679 3988 928 4060 coegisti,
955 3987 1165 4042 Pascha
1198 3985 1408 4039 Domini
1440 3999 1557 4047 nos,
1591 3984 1728 4054 proh
1753 3983 1850 4037 do-

257 4086 343 4143 lor
393 4086 408 4140 !
460 4084 665 4142 violare
711 4082 967 4153 pestifera
1031 4079 1361 4150 compulisti.
1412 4079 1518 4133 Sed
1565 4077 1849 4134 instaurati

259 4184 451 4232 contra
478 4191 576 4230 nos
598 4184 765 4229 testes
798 4174 889 4229 Dei
940 4173 1241 4227 debuerant
1281 4170 1640 4235 considerari,
1668 4170 1759 4239 qui
1796 4177 1853 4223 et

263 4269 332 4324 ab
346 4268 679 4325 adversariis
709 4267 1029 4337 gravissima
1081 4264 1366 4336 supplicia,
1392 4273 1445 4319 et
1472 4280 1499 4317 a
1532 4280 1697 4319 carne
1720 4280 1849 4335 pro-

258 4362 379 4433 pria
408 4361 722 4430 longissima
751 4358 1049 4414 fortissime
1095 4357 1437 4427 pertulerunt
1465 4373 1593 4414 sexu
1621 4358 1672 4411 in
1697 4366 1851 4411 ntro-

1940 3264 2209 3329 potestate
2237 3256 2583 3311 tenebrarum
2631 3252 2835 3307 faceret
2865 3251 2965 3305 sibi
2997 3249 3383 3320 acceptabilem
3431 3262 3527 3320 po-

1940 3350 2148 3422 pulum,
2185 3355 2511 3403 sectatorem
2565 3346 2831 3400 bonorum
2870 3357 3115 3413 operum.
3160 3339 3261 3406 Qui
3307 3339 3439 3393 vivit
3473 3346 3529 3396 et

1872 3488 1877 3493 .
1943 3450 2135 3511 regnat
2162 3456 2285 3495 cum
2310 3440 2472 3495 Patre
2501 3448 2557 3493 et
2613 3437 2819 3509 Spiritu
2853 3444 3043 3492 sancto
3084 3435 3225 3490 Deus
3252 3435 3304 3489 in
3332 3430 3529 3491 saecula

1944 3536 2286 3613 saeculorum.
2330 3534 2525 3589 Amen.

2544 3663 2779 3721 SERMO
2818 3662 2950 3719 Vill.

2193 3780 2378 3852 (1521)
2403 3795 2468 3837 ne
2506 3793 2822 3836 ASCBNSIONE
2861 3792 3047 3833 notum
3072 3775 3196 3848 [al.,
3225 3774 3311 3848 n].

2019 3896 2072 3951 1.
2095 3893 2404 3950 Meminisse
2427 3899 2739 3961 optaramus
2768 3888 3113 3944 dilectionem
3143 3896 3378 3943 vestram
3408 3901 3534 3957 per-

1948 3986 2162 4056 cupide,
2198 3984 2414 4047 fratres,
2448 3980 2632 4052 (1522)
2659 3980 2896 4034 laborem
2923 3980 3280 4050 hoctempore
3294 3988 3535 4035 nostrum

1953 4074 2261 4144 huiusmodi
2303 4064 2702 4127 ad'terminum
2732 4069 3033 4134 devenisse,
3082 4081 3141 4125 ut
3166 4074 3434 4129 conducta
3468 4084 3541 4139 ex

1952 4168 2380 4223 orthodnxorum
2446 4163 2777 4219 testimoniis
2849 4161 3072 4218 Patrum
3127 4162 3283 4232 copia
3352 4160 3540 4227 fandi,

1957 4261 2139 4331 (1525)
2182 4261 2579 4314 insinuarcmus
2605 4256 2831 4327 collegio
2874 4264 3052 4309 vestro
3081 4255 3230 4325 quid,
3263 4269 3380 4320 cur,
3408 4268 3544 4325 qua-

1957 4352 2081 4405 liter
2104 4352 2158 4404 in
2191 4348 2529 4419 praecedente
2564 4336 3022 4401 resurrectionem
3063 4344 3274 4400 Domini
3303 4342 3544 4411 Quadra-

262 4431 370 4522 que
399 4452 719 4506 tentamina.
757 4449 900 4517 Quos
921 4449 1096 4518 sequi,
1132 4464 1237 4503 non
1287 4464 1386 4503 nos
1419 4450 1672 4503 deserere
1703 4449 1847 4502 anti-
1884 4486 1935 4545 Β
1962 4443 2163 4513 gesima
2219 4439 2375 4495 nobis
2431 4446 2574 4493 esset
2631 4438 2920 4508 agendum,
2964 4436 3200 4506 qualiter
3238 4436 3290 4491 in
3336 4431 3545 4499 Pascha

262 4545 452 4614 cipans
483 4543 576 4598 Dei
607 4543 801 4613 gratia,
846 4541 940 4595 sed
989 4541 1208 4610 prepria
1253 4539 1487 4594 inhibuit
1537 4541 1773 4609 ignavia,
1799 4547 1854 4595 et

265 4635 523 4689 illecebra
551 4632 768 4703 corpori
807 4631 980 4685 laxius
1013 4630 1345 4695 ministrata,
1391 4645 1741 4686 commovens
1772 4631 1855 4685 in-

266 4740 434 4796 super
450 4739 551 4782 nos
578 4739 773 4779 manus
794 4723 1097 4779 peccatoris
1116 4737 1215 4791 per
1236 4722 1541 4794 superbiam
1566 4722 1855 4788 ventilata;

365 4877 525 4961 1517)
552 4878 823 4961 ςοηδιιδιιθ
853 4894 865 4930 :
899 4874 1108 4961 Etenim
1136 4874 1438 4961 immolatus
1469 4883 1545 4961 est
1574 4890 1668 4944 pro
1689 4891 1781 4957 eo,
1804 4882 1860 4929 ut

268 4946 513 5020 referenti
532 4950 579 5004 ei
601 4949 802 5021 gratias
832 4948 1166 5021 condignas;
1202 4946 1488 5021 cavendam
1518 4961 1637 5021 vero
1665 4962 1727 4998 ne
1764 4946 1862 5000 im-

267 5015 494 5075 molatus
516 5022 584 5075 sit
602 5015 638 5074 ἱι
662 5018 810 5073 nobis
823 5015 1062 5088 ingratis,
1084 5016 1224 5087 quod
1246 5016 1401 5081 absit,
1421 5015 1670 5083 beneﬁcio
1691 5025 1862 5085 tanta;

272 5091 367 5146 hoc
402 5092 540 5146 enim
563 5091 763 5153 innuit,
789 5098 896 5145 etc.

301 5161 523 5287 b(l518)
556 5162 685 5218 [iam
708 5160 979 5229 explicata
1002 5157 1249 5216 invenies
1276 5158 1332 5214 in
1367 5171 1537 5213 serm.
1569 5156 1605 5210 2
1630 5157 1697 5213 de
1725 5155 1862 5218 Pas-

337 5249 383 5287 a.

272 5248 364 5287 008
374 5274 383 5285 .

338 5305 523 5348 {Imm
578 5301 715 5348 Vide
760 5303 1006 5348 eumdem
1075 5314 1383 5348 sermonem
1454 5298 1749 5348 secundum
1795 5303 1862 5348 de

1962 4534 2340 4591 exsultantium
2399 4541 2563 4600 atque
2617 4530 2905 4586 laetandum
2936 4546 2950 4595 ;
2980 4538 3104 4599 post
3148 4528 3384 4591 Pascha,
3434 4525 3545 4595 imo

1934 4626 2145 4703 V0524)
2180 4625 2232 4679 in
2277 4622 2732 4692 Quinquagesima
2788 4620 3030 4685 Pascbae,
3064 4618 3205 4695 quod
3260 4632 3289 4670 a
3322 4612 3546 4685 jejuniis

1962 4720 2177 4776 quidem
2196 4717 2538 4781 cessandum,
2558 4714 2771 4769 alleluia
2794 4714 2879 4769 die
2905 4720 3177 4781 noctuque
3202 4705 3544 4773 canendum;

1966 4872 2018 4927 in
2053 4885 2361 4927 sermonem
2402 4869 2421 4924 l
2464 4870 2528 4924 de
2575 4865 3001 4941 Quadragesima
3043 4864 3303 4941 colligere
3340 4858 3553 4941 licebit.

1970 4943 2106 4997 Hinc
2134 4942 2293 4995 istum
2319 4934 2625 4994 sermonem
2653 4942 2718 4993 de
2744 4934 3075 4993 Ascensione
3132 4934 3365 5005 primum
3392 4934 3560 5005 ponis-

1971 5030 2109 5075 mus,
2154 5013 2280 5065 licet
2327 5012 2381 5064 in
2437 5011 2595 5082 editis
2659 5007 2925 5082 secundus
2986 4998 3314 5082 praeferatur
3352 4998 3569 5082 {alter

1967 5068 2110 5140 enim
2142 5097 2320 5137 sermo
2351 5082 2415 5134 de
2454 5080 2804 5144 Ascensione,
2852 5077 2904 5131 in
2934 5068 3172 5144 vulgatis
3200 5072 3428 5145 primus,
3456 5068 3579 5128 ha-

1969 5155 2113 5211 bitus
2136 5163 2217 5205 est
2239 5166 2381 5205 anno
2407 5150 2530 5205 968.

2041 5207 2223 5293 (1522)
2256 5224 2330 5279 lta
2372 5223 2490 5277 cod.
2545 5212 3019 5293 Frisiug.\'ulgati
3068 5226 3357 5288 perperam
3402 5207 3578 5281 laba-

1970 5312 2028 5348 ra
2036 5313 2105 5348 re.
