4044 5348
553 311 658 376 735

1474 324 1800 388 RATHERll
1835 323 2050 390 EPISC.
2094 327 2346 392 VERON.
2389 332 2543 390 OPP.
2591 332 2774 390 PARS
2807 328 2892 390 lll.

3719 323 3825 398 736

552 434 740 507 (1525)
767 435 835 492 ad
865 435 994 494 vitia
1023 453 1152 496 vero
1174 439 1413 512 jejuuiis,
1444 446 1781 501 orationibus
1824 456 1880 502 et
1903 447 2133 503 eleemo-
2160 451 2208 511 Α
2231 445 2355 517 jure
2381 447 2607 504 fecimus
2629 447 2838 531 diebus,
2895 446 3005 503 Deo
3051 449 3256 506 servire
3293 449 3379 506 his
3426 451 3600 510 tribus
3635 455 3824 514 diebus

552 529 720 600 synis,
749 543 1076 603 cooperante
1101 537 1275 605 gratia
1325 537 1445 604 Dei,
1474 548 1534 594 ut
1567 540 1859 610 desperare
1904 542 2135 599 nullate-

474 617 479 685 ί
551 637 652 675 nus
681 623 1076 692 debuisscmus,
1118 630 1384 685 exhausta
1417 631 1639 687 minime
1667 633 1995 688 redeundum
2031 649 2135 690 :ne

551 713 654 767 hoc
679 715 863 785 utique
885 716 1272 793 foretJEgypto
1298 722 1505 786 relicta,
1533 739 1673 795 agno
1693 739 1936 792 comeso,
1983 741 2134 782 mare

548 802 737 860 Rubro
781 809 1030 876 transito,
1086 827 1284 868 manna
1331 815 1538 871 ccelesti
1597 825 1833 888 gustato,
1887 818 2134 874 carnium

547 893 1010 970 .Taphniticarum,
1039 915 1306 973 peponum
1330 913 1494 974 atque
1509 921 1773 977 ceparum
1803 908 2136 980 (1526)desi-

495 985 702 1078 ’dCI'it)
754 986 1048 1059 {Egyptum
1100 992 1345 1049 relictam
1395 1005 1663 1066 repetere,
1715 999 1988 1068 promisso
2033 1016 2131 1070 pa-

490 1074 505 1082 ’⁷
556 1074 670 1130 ti'iac
692 1077 832 1134 lacte
858 1089 909 1134 et
936 1081 1094 1139 melle
1145 1086 1416 1141 manantis
1468 1086 1995 1162 fraudari,cumque
2023 1093 2127 1157 his,

550 1183 781 1238 quorum
808 1169 862 1225 in
889 1170 1103 1230 deserto
1152 1175 1385 1245 plurima
1427 1179 1706 1248 perierunt
1731 1181 1920 1248 millia,
1947 1184 2131 1253 perdi-

549 1259 710 1314 tionis
782 1271 998 1318 πῖθι-[ιω
1083 1266 1488 1323 damnationem
1566 1270 1769 1326 subire.
1840 1273 1919 1326 Ad
1985 1274 2131 1343 quod

543 1350 708 1423 623
736 1353 1070 1410 suadendum
1094 1355 1169 1411 nil
1192 1358 1368 1427 aptius
1395 1358 1659 1414 valuimus
1679 1361 1946 1428 invenire,
1965 1378 2129 1433 quam

546 1451 606 1497 ut
623 1443 836 1500 alleluia
851 1455 1198 1504 cantaremus
1218 1449 1304 1505 die
1323 1459 1612 1521 noctuque,
1632 1452 1681 1506 id
1698 1461 1801 1519 est,
1820 1461 1877 1508 ut
1895 1453 2130 1510 Laudate

545 1530 826 1589 Dominum
859 1535 993 1592 alter
1046 1538 1200 1594 alteri
1235 1540 1598 1598 clamaremus
1627 1560 1641 1609 ,'
1675 1558 1974 1614 omnesque
2028 1547 2131 1602 hoc

544 1624 663 1680 sine
688 1626 1091 1685 intermissione
1115 1644 1278 1702 agere
1309 1633 1672 1688 studeremus.
1700 1632 1779 1688 Re
1802 1635 1946 1688 enim
1976 1650 2126 1703 vera,

543 1719 666 1788 quis
690 1729 910 1790 peccato
931 1731 1015 1778 est
1042 1721 1211 1788 locus,
1245 1724 1336 1779 ubi
1366 1724 1541 1780 laudis
1567 1725 1661 1781 Dei
1693 1734 1777 1781 est
1820 1727 1998 1782 nullus
2037 1729 2130 1783 de-

2236 554 2521 604 curamus;
2555 538 2790 610 paschali
2814 539 3010 610 gaudio
3031 539 3190 611 quale
3217 540 3471 597 damnum
3500 544 3818 616 ingerimus,

2237 647 2361 686 cum
2400 641 2454 686 et
2477 632 2530 686 iu
2554 632 2638 686 his
2666 631 3082 688 resurrectionis
3129 633 3422 689 Dominicze
3467 633 3679 690 cultum
3713 653 3818 695 non

2233 723 2559 778 omnimodis
2585 724 2952 790 omiserimus,
2985 725 3029 780 si
3081 732 3261 780 tamen
3293 724 3523 782 fecimus
3554 729 3698 798 quod
3725 730 3815 785 de-

2233 815 2490 871 buimus?
2523 815 2658 870 Cum
2683 831 2836 882 vero,
2870 825 2931 872 ut
2959 831 3066 872 non
3097 818 3266 873 semel
3293 818 3554 887 diximus,
3589 835 3821 891 corpore

2234 923 2289 968 et
2309 914 2571 985 sanguine
2596 914 2804 970 Domini
2830 914 3133 972 reficiendis
3150 931 3374 973 necesse
3397 918 3469 973 sit
3494 933 3822 989 parasceve,

2235 1003 2417 1067 idest,
2451 1004 2899 1073 praeparationem
2940 1006 3180 1077 aliquam
3233 1006 3433 1075 facere,
3469 1024 3538 1065 ne
3565 1011 3704 1065 tanti
3734 1027 3824 1068 sa-

2233 1095 2495 1150 cramenti
2519 1111 2715 1152 munus
2738 1105 2955 1152 sumant
2979 1097 3200 1170 indigne
3225 1116 3240 1165 ;
3269 1110 3322 1156 et
3342 1101 3412 1157 ob
3438 1101 3547 1157 hoc
3567 1102 3822 1160 inventas

2230 1193 2422 1255 putare
2462 1184 2648 1256 (1550)
2678 1187 2950 1257 possimus
2987 1188 3300 1258 praeclaras,
3354 1206 3476 1261 quae
3504 1192 3826 1262 praecedant

2231 1277 2620 1343 solemnitates,
2695 1279 2952 1350 vigilias;
3019 1281 3147 1352 quid
3202 1293 3404 1349 nocet;
3451 1285 3499 1339 si
3559 1285 3616 1340 in
3677 1295 3826 1341 tanta

2230 1369 2543 1436 festivitate,
2571 1371 2879 1440 vigiliarum
2927 1371 3047 1428 loco
3104 1373 3209 1429 hoc
3263 1375 3439 1429 triduo
3470 1375 3581 1442 usi,
3619 1377 3667 1431 si
3696 1377 3825 1448 quid

2239 1463 2292 1517 in
2321 1462 2406 1517 his
2454 1463 2798 1532 paschalibus
2834 1463 3203 1520 commisimus
3235 1465 3465 1536 gaudiis,
3529 1466 3825 1537 diluamus,

2230 1549 2298 1604 ab
2344 1548 2566 1604 alleluia
2621 1566 2751 1607 vero
2789 1551 3056 1620 canendo,
3111 1568 3432 1624 semperque
3479 1556 3532 1609 in
3594 1556 3826 1615 Domino

2229 1640 2550 1696 exsultando
2578 1650 2740 1712 atque
2780 1642 3015 1700 laetando
3049 1642 3215 1716 624
3255 1660 3599 1716 nequaquam
3645 1662 3825 1704 cesse-

2233 1745 2351 1784 mus
2380 1730 2404 1783 ?
2433 1730 2653 1785 Dicente
2679 1745 2812 1786 sane
2838 1731 3041 1788 Jacobo
3065 1733 3312 1803 apostolo
3339 1750 3352 1788 :
3385 1733 3526 1801 Quia
3551 1737 3612 1790 in
3642 1737 3824 1793 multis

542 1808 763 1866 fectus?
790 1811 941 1878 Quod
965 1814 1009 1868 si
1041 1813 1223 1886 (1527)
1255 1814 1316 1870 Β.
1359 1815 1624 1886 Gregorio
1649 1817 1910 1888 primtnn,
1940 1829 2124 1888 postea

2234 1819 2544 1887 oﬁendimus
2567 1836 2744 1875 omnes
2776 1819 2917 1892 (Jac.
2947 1838 3030 1888 ιιι,
3059 1823 3142 1894 2),
3166 1824 3290 1894 quis
3316 1839 3478 1880 ausus
3504 1825 3578 1880 sit
3605 1825 3826 1896 gloriari

543 1897 602 1954 Β.
634 1898 898 1958 Mamerto
945 1903 1331 1964 Viennensium
1363 1907 1774 1978 archiepiscopo
1821 1925 1921 1978 pro
1951 1910 2129 1965 consi-

543 1989 657 2045 mili
680 1993 1003 2050 necessitate
1033 1997 1298 2064 quasdam
1347 1997 1565 2054 litanias
1611 1999 1750 2055 infra
1799 2001 1939 2056 hanc
1963 2001 2129 2069 Quin-

542 2085 914 2154 quagcsimam
968 2087 1145 2143 visum
1196 2097 1279 2144 est
1323 2090 1648 2159 instituere;
1691 2093 1820 2162 quid
1877 2094 2031 2150 obest
2063 2094 2128 2149 ad

540 2174 880 2234 Dominicum
911 2178 1040 2234 illud
1062 2180 1207 2250 quod
1237 2183 1546 2239 continetur
1575 2200 1795 2240 suasum
1821 2203 1834 2239 :
1871 2185 2128 2257 Nunquid

537 2279 753 2337 possunt
773 2268 874 2337 ﬁlii
901 2272 1078 2340 sponsi
1107 2271 1306 2344 lugere,
1333 2277 1570 2345 quandiu
1591 2293 1709 2331 cum
1740 2276 1847 2330 illis
1871 2287 1948 2332 est
1970 2295 2129 2348 spon-

537 2377 626 2414 sus
656 2360 871 2432 (Matth.
914 2379 993 2428 ix,
1027 2365 1143 2433 15),
1177 2366 1363 2435 (1528)
1395 2383 1517 2423 cum
1555 2368 1776 2424 litanias
1817 2371 2130 2441 rogationes

542 2448 770 2506 innuere
799 2451 1042 2509 latinitas
1088 2455 1362 2510 aestimet?
1383 2456 1502 2524 Quo
1535 2473 1664 2514 vero
1693 2470 1938 2529 tempore
1968 2475 2128 2530 roga-

538 2547 627 2594 tur
650 2539 950 2597 solemnius
1002 2542 1168 2609 Deus,
1209 2560 1372 2614 quam
1403 2544 1714 2603 festivitatis
1759 2548 2000 2605 diebus?
2030 2548 2129 2604 So-

535 2627 654 2684 brie
690 2644 842 2696 vero,
868 2628 1016 2699 juste
1062 2643 1117 2688 et
1160 2634 1248 2704 pie
1298 2635 1344 2690 si
1375 2637 1576 2692 vivitur
1605 2639 1658 2693 in
1712 2638 1943 2703 Pascha,
1991 2639 2126 2709 quid

537 2730 697 2778 nocet
716 2723 784 2778 ad
811 2723 914 2778 hoc
962 2727 1106 2794 quod
1157 2727 1349 2783 suadet
1401 2729 1708 2800 Apostolus,
1763 2745 1884 2787 cum
1915 2731 2123 2788 Pascha

536 2823 783 2870 nostrum
815 2815 991 2884 ipsum
1022 2818 1249 2875 dixisset
1286 2835 1404 2876 esse
1444 2821 1740 2889 Christum,
1793 2825 2126 2895 subjungens

538 2912 704 2975 atque
765 2906 952 2963 dicens
983 2923 998 2962 :
1028 2908 1220 2982 Itaque
1263 2911 1534 2982 epulemur
1565 2932 1585 2980 ;
1629 2930 1752 2970 cum
1795 2915 2030 2986 crapulae
2071 2925 2126 2971 et

535 2999 788 3056 ebrietati
822 3001 874 3074 (Ι
898 3002 1020 3058 Cor.
1049 3020 1105 3072 v,
1133 3004 1212 3076 8),
1236 3007 1559 3077 cantet-isque
1605 3009 1753 3063 vitiis
1799 3009 2126 3064 famulantes

537 3091 823 3161 denotans,
849 3094 1106 3168 adiungat
1132 3116 1146 3153 :
1175 3098 1302 3152 Non
1341 3100 1396 3153 in
1421 3098 1676 3169 femento
1720 3102 1904 3167 veteri,
1939 3101 1992 3156 id
2015 3110 2117 3168 est,

2235 1909 2289 1961 iu
2363 1916 2443 1962 tot
2497 1909 2688 1963 diebus
2739 1925 2803 1965 ac
2851 1907 3102 1968 noctibus
3159 1929 3218 1968 se
3266 1913 3403 1968 nihil
3459 1917 3824 1983 commisisse,

2230 2000 2372 2069 quod
2402 2010 2560 2072 egeat
2607 2001 2986 2059 satisfactione
3028 2004 3256 2073 diluere,
3306 2017 3368 2062 ut
3408 2017 3618 2064 tantam
3675 2008 3823 2066 festi-

2231 2091 2452 2146 vitatem
2477 2091 2636 2162 digne
2666 2093 2836 2163 possit
2861 2095 3158 2150 excolere?

2302 2182 2356 2236 2.
2411 2183 2738 2253 Hucusque,
2783 2184 2981 2241 fratres
3045 2187 3397 2257 charissimi,
3457 2205 3585 2244 cum
3635 2198 3822 2247 nostra

2230 2273 2558 2343 processerit
2603 2275 2904 2330 communis
2951 2291 3112 2331 causa
3155 2286 3354 2333 nostra:
3395 2278 3588 2335 salutis
3638 2279 3821 2352 (1551)

2231 2363 2422 2429 enisio,
2462 2364 2618 2420 adest
2641 2365 2780 2420 infra
2827 2366 3213 2422 hancalleluia
3253 2369 3371 2424 sine
3413 2370 3822 2426 intermissione

2231 2456 2508 2521 cantandi,
2537 2456 2842 2513 exsultandi
2872 2475 3087 2529 quoque
3107 2468 3270 2531 atque
3294 2460 3513 2518 laetandi
3541 2462 3824 2533 Quinqua-

2241 2553 2502 2622 gesimam
2531 2569 2546 2618 ;
2581 2553 2808 2625 ipsaque
2833 2570 2934 2611 nos
2972 2556 3134 2614 silere
3164 2573 3272 2614 non
3299 2559 3503 2630 patitur
3532 2560 3818 2632 gloriosis-

2234 2643 2386 2698 simae
2414 2644 2764 2702 Ascensionis
2796 2647 3088 2705 Dominicae
3128 2650 3261 2706 dies.
3297 2649 3472 2707 Silere
3503 2653 3655 2707 enim
3687 2669 3819 2724 quo-

2231 2736 2397 2791 modo
2430 2751 2718 2806 possumus
2766 2739 3181 2798 reminiscentes
3232 2741 3476 2797 omnium
3527 2744 3822 2800 miraculo-

2230 2842 2372 2894 rum,
2403 2829 2469 2895 si,
2500 2830 2567 2884 ad
2617 2831 2888 2886 hominem
2930 2831 3103 2887 solum
3150 2832 3420 2901 intendas,
3468 2834 3822 2892 mirabilioris

2229 2920 2500 2987 miraculi,
2543 2922 2687 2990 quod
2739 2922 2993 2979 videlicet
3037 2924 3223 2993 homo,
3284 2941 3394 2981 non
3445 2926 3717 2997 angelico,
3764 2933 3822 2982 ut

2227 3011 2372 3066 Elias
2417 3013 2687 3082 quondam
2738 3015 3048 3081 subvectus,
3100 3029 3206 3070 non
3256 3017 3574 3088 pennigero,
3629 3017 3816 3092 (1532)

2227 3109 2286 3154 ιιι
2313 3102 2560 3171 poeticus
2587 3102 2694 3168 ille,
2731 3103 2932 3170 volatu,
2963 3106 3058 3160 sed
3087 3106 3352 3176 corporali
3389 3107 3506 3179 ipsa
3535 3109 3679 3164 mole
3701 3124 3819 3179 per-
3913 3103 3920 3111 ’

534 3190 746 3240 tumore
774 3201 880 3240 non
925 3165 1155 3244 abdicati
1201 3165 1487 3254 delicti,‘et
1514 3191 1789 3247 voluntate
1846 3165 2118 3250 transacta
2146 3165 2193 3228 α
2225 3188 2444 3257 fecti,id
2472 3201 2555 3248 est
2580 3208 2868 3264 annorum,
2906 3196 3129 3267 triginta
3153 3198 3372 3255 circiter
3407 3192 3594 3264 triu'm,
3631 3201 3809 3257 homi-

534 3272 763 3329 crimina
806 3279 1104 3345 repetendi,
1137 3278 1225 3333 vel
1268 3279 1370 3335 alia
1411 3282 1784 3338 committendi
1821 3283 2045 3355 :Neque
2065 3285 2120 3339 in

533 3359 786 3432 fermento
808 3366 1026 3423 malitia:
1053 3379 1101 3423 et
1123 3371 1388 3441 nequitiw,
1419 3371 1511 3426 sed
1539 3373 1595 3425 in
1622 3374 1822 3442 azymis
1849 3375 2122 3430 sincerita-

533 3452 600 3508 tis
625 3464 672 3509 et
696 3457 929 3512 veritatis
956 3476 977 3524 ;
1005 3460 1050 3514 si
1099 3461 1261 3532 igitur
1282 3479 1310 3517 a
1362 3463 1584 3534 crapula
1623 3472 1678 3518 et
1707 3464 1976 3522 ebrietate
2002 3481 2123 3524 ces-

532 3559 739 3614 samus,
771 3549 815 3603 si
845 3564 874 3602 a
905 3550 1050 3605 coitu
1076 3551 1241 3607 etiam
1293 3551 1464 3619 licito,
1506 3569 1774 3611 consensu
1805 3556 1985 3626 parili,
2017 3559 2122 3614 hoc

534 3637 735 3704 triduo,
764 3640 950 3713 (1529)
990 3641 1188 3699 dilecto
1224 3644 1562 3702 abstinemus
1597 3648 1780 3703 divino
1809 3666 1823 3716 ;
1850 3650 1893 3706 si
1929 3666 1958 3704 a
1984 3651 2124 3722 jocis

533 3736 697 3799 atque
722 3730 967 3798 lascivia,
994 3734 1038 3788 si
1062 3749 1093 3789 a
1121 3746 1376 3792 cantuum
1400 3740 1644 3795 vanitate
1666 3750 1829 3810 atque
1848 3741 2118 3810 ludorum,

531 3828 808 3888 postremo
853 3825 922 3879 ab
971 3826 1120 3881 omni
1172 3842 1335 3897 opere
1375 3831 1580 3897 servili,
1629 3833 1684 3887 id
1729 3841 1834 3898 est,
1859 3832 2121 3889 famulatu

534 3911 735 3969 diaboli
787 3924 1095 3985 cessantes,
1144 3929 1204 3976 ut
1242 3920 1296 3976 in
1331 3921 1772 3995 Quadragesimaa
1824 3925 2123 3984 Dominicis

605 4082 790 4171 (1525)
815 4083 1118 4171 ροηξιιςυΘΞ
1146 4088 1362 4171 ῌξηιηις
1411 4111 1528 4150 vero
1571 4097 1895 4171 redeundum
1941 4116 2124 4171 coope-

535 4164 685 4237 rante
713 4157 884 4237 gratia
912 4156 1012 4213 Dei
1037 4159 1108 4237 ad
1132 4161 1257 4216 vilia
1273 4165 1531 4237 eat/musta
1564 4165 1813 4237 jejuniis,
1869 4156 2121 4227 orationi-

535 4223 631 4278 bus
681 4223 730 4280 et
761 4224 1117 4300 eleemosynt's,
1149 4241 1203 4286 ut
1233 4232 1533 4291 nullatenus
1564 4223 1922 4294 debuissemus
1942 4223 2123 4312 despe-

535 4309 675 4350 rare.

633 4365 792 4511 1526;
821 4367 914 4426 Sic
941 4372 1062 4427 cod.
1090 4371 1325 4441 Frising.
1357 4374 1415 4430 In
1437 4377 1606 4449 vulg.,
1635 4379 1918 4446 desideria,
1958 4382 2118 4437 male.

634 4436 768 4493 1527
825 4440 956 4496 Cum
1000 4441 1060 4497 S.
1101 4442 1396 4501 Mamertus
1433 4445 1760 4506 Viennensis
1804 4451 1960 4507 annis
2003 4451 2118 4509 fere

634 4436 792 4509 1527)
825 4440 956 4496 Cum
1000 4441 1060 4497 S.
1101 4436 1396 4501 Mamertus
1433 4436 1760 4506 Viennensis
1804 4436 1960 4507 annis
2003 4436 2121 4509 fere

534 4514 773 4583 centum_
798 4513 1089 4583 anteiverit
1136 4512 1196 4568 S.
1228 4514 1511 4583 Gregorio,
1563 4517 1824 4575 Mamerto

532 4586 711 4653 postea
731 4578 798 4653 Β.
825 4580 1079 4653 Gregorio
1102 4578 1445 4643 scribendum
1471 4578 1668 4646 fuerat.
1696 4578 1874 4647 Porro.
1891 4592 1948 4648 S.
1982 4578 2116 4650 Gre:

533 4648 716 4735 geritis
743 4648 994 4735 litanias,
1008 4668 1143 4735 quas
1184 4656 1809 4735 appellamusmajores,
1839 4663 1957 4719 sine
1973 4648 2115 4735 jeju-

533 4719 626 4792 nio
659 4719 928 4778 instituit:
962 4719 1339 4782 S.'Mamertt.ts
1368 4744 1499 4785 vero
1535 4719 1659 4787 illas
1681 4719 2118 4792 triduanas'ante

533 4787 1187 4872 Ascensionent_Domi_ni,
1207 4811 1334 4872 qua;
1361 4798 1562 4857 litaniae
1583 4787 1810 4858 minores
1829 4787 2112 4872 vocantur,

533 4872 657 4945 eum
679 4863 888 4945 jejunio
919 4865 1154 4945 induxit.
1203 4863 1495 4945 Ratherius
1539 4873 1591 4927 in
1648 4872 1918 4945 Synodica
1964 4863 2113 4932 num;

535 4927 606 5006 10
626 4927 895 5006 jejunium
918 4934 972 4988 in
988 4936 1243 5006 putrisque
1265 4942 1590 4997 servandum
1622 4927 1994 5000 suadetIVide
2010 4927 2117 5002 ibi;

536 4999 660 5055 dem
681 4999 801 5059 not.
833 5003 958 5084 961.
984 5004 1139 5084 Pium;
1154 4999 1321 5084 hujus
1333 5008 1546 5084 jejunii,
1565 5015 1708 5084 quod
1733 5029 1762 5068 a
1788 5016 1892 5070 ritu
1920 4999 2118 5071 Roma-

535 5076 1263 5157 nici‘praesertimnEcclesize
1311 5076 1784 5157 Quinquag'esimae
1845 5087 2114 5155 paschalis

537 5148 782 5226 tempore
800 5154 920 5226 erat
935 5146 1190 5214 alienum,
1216 5146 1518 5222 apolOgiafn
1549 5146 1972 5226 quamdam'hoc
1997 5157 2115 5212 loco

537 5211 754 5268 videtur
786 5223 1050 5270 attexere.

2225 3282 2330 3349 nis,
2349 3284 2703 3355 utApostolus
2718 3286 2874 3341 nobis
2898 3290 3125 3358 spondet
3143 3302 3539 3361 proventurum
3566 3297 3816 3366 quando-

2225 3388 2329 3442 que
2346 3391 2360 3429 :
2378 3373 2555 3428 Donec
2570 3391 2926 3442 occurramus,
2943 3378 3210 3450 inquiens,
3231 3401 3408 3440 omnes
3426 3386 3480 3439 in
3501 3387 3676 3441 virum
3689 3405 3804 3459 per-

2225 3461 2419 3530 fectum
2433 3463 2496 3516 in
2510 3479 2807 3519 mensuram
2831 3468 3000 3521 (etatis
3023 3468 3363 3539 plenitudinis
3377 3473 3576 3529 Christi
3598 3476 3815 3534 Domini

2224 3553 2395 3620 nostri
2419 3549 2635 3625 (Ephes.
2677 3571 2748 3622 tv,
2777 3556 2889 3627 15),
2914 3557 3224 3618 videntibus
3247 3563 3457 3620 idoneis
3481 3567 3712 3624 testibus
3732 3567 3809 3623 lo-

2225 3658 2396 3715 quens
2409 3644 2669 3711 elevatur,
2690 3649 2939 3718 nubeque
2959 3653 3495 3728 suscipitur,angelis
3517 3659 3813 3729 astipulan-

2225 3735 2554 3808 tibus,quod
2583 3739 2656 3792 ita
2687 3739 2759 3794 sit
2787 3756 3106 3799 reversurus
3134 3746 3200 3800 ad
3215 3746 3538 3816 iudicandos
3566 3751 3657 3808 hic
3682 3752 3806 3809 reli-

2224 3832 2344 3881 ctos
2363 3828 2429 3883 ab
2451 3827 2629 3896 initio,
2653 3844 2824 3900 usque
2845 3831 2900 3886 in
2925 3833 3088 3889 linem
3109 3837 3287 3892 saeculi
3315 3839 3465 3896 vivos
3486 3851 3541 3898 et
3570 3853 3812 3902 mortuos

2222 3919 2608 3988 omnes?Quis
2653 3922 2758 3978 hoc
2790 3922 2946 3980 effari
2989 3925 3350 3999 laudabiliter,
3405 3934 3530 4003 quis
3582 3935 3805 3994 laudare

2223 4115 2308 4163 ter
2334 4107 2389 4164 in
2414 4124 2578 4165 serm.
2623 4110 2659 4165 2
2701 4111 2766 4168 de
2799 4111 2964 4168 Maria
3016 4122 3073 4170 et
3115 4112 3329 4171 Martha
3377 4131 3527 4172 num.
3586 4117 3638 4172 1.
3694 4118 3814 4174 Non

2214 4179 2440 4250 justitire
2467 4180 2676 4246 dilecto,
2711 4182 2764 4236 id
2797 4192 2881 4238 est
2905 4199 3112 4249 amore,
3149 4186 3242 4239 sed
3269 4187 3410 4240 odio.

2294 4250 2477 4322 (1550)
2506 4250 2596 4307 Sic
2625 4251 2794 4308 codex
2841 4253 3074 4326 Frising.
3108 4255 3266 4327 Apud
3300 4257 3594 4313 Acherium
3624 4275 3812 4329 possu-

2221 4337 2339 4374 mus
2358 4334 2376 4372 .'

2295 4390 2478 4462 (1551)
2509 4390 2780 4449 Censtrue
2812 4411 2827 4449 :
2860 4393 2992 4450 Cum
3023 4405 3203 4451 nostra
3224 4398 3410 4463 enisio,
3442 4399 3493 4454 id
3531 4408 3620 4455 est
3666 4400 3812 4456 nisus

2223 4476 2318 4517 seu
2343 4470 2572 4540 conatus
2593 4473 2799 4529 noster,
2831 4464 3022 4540 fratres
3043 4467 3363 4540 charissimi,
3393 4470 3664 4538 hucusque
3688 4487 3812 4540 pro-

1864 4524 2113 4622 péim‘yﬂ,
2144 4561 2196 4622 Ι)
2222 4534 2429 4622 cesserit
2453 4524 2841 4622 causanoslrté
2893 4536 3080 4622 salutis
3124 4524 3646 4622 communisiinfra.
3675 4524 3812 4622 hanc

2225 4601 2728 4674 Quinquagesimam
2757 4607 2905 4661 adest
2938 4607 3048 4661 dies
3080 4609 3330 4662 cantandi
3354 4601 3572 4663 alleluia
3597 4612 3714 4665 sine
3740 4612 3816 4664 in-
3861 4660 3864 4661 ν

2223 4674 2896 4751 termissione,_ea_:sultandi
2918 4693 3119 4751 quoque
3146 4687 3301 4751 atque
3323 4679 3540 4751 lauandi
3560 4697 3580 4745 ;
3604 4681 3816 4751 ipsaque

2223 4743 2332 4798 dies
2363 4743 2757 4818 gloriosissima
2778 4743 3117 4818 Ascensionis
3145 4743 3438 4803 Dominica:
3480 4743 3585 4803 non
3621 4743 3817 4818 patiiur
3859 4755 3865 4762 '

2224 4830 2318 4889 nos
2343 4813 2516 4868 silere.
2545 4813 2666 4870 Mox
2695 4829 2762 4870 ex
2792 4817 2997 4886 optimo
3021 4817 3211 4874 codice
3240 4818 3474 4889 Frising.
3505 4813 3813 4876 addidimus

2223 4899 2382 4938 enim.
3549 4916 3551 4918 '

2295 4953 2643 5032 (15_5_2)_ldem
2667 4957 2846 5032 codex
2871 4967 3045 5032 utpote
3076 4959 3201 5032 lcus
3233 4958 3309 5030 (id
3349 4969 3433 5015 est
3476 4959 3691 5032 Icarus)
3732 4978 3812 5016 ro-

2222 5023 2354 5098 l_atu.
2385 5025 2556 5095 Hujus
2582 5027 2787 5082 codicis
2808 5043 2910 5098 ope
2929 5023 3434 5084 'delevimus'noster
3457 5042 3585 5086 ante
3613 5023 3807 5086 volant.

2221 5093 2488 5171 Construe
2519 5105 2700 5171 autem
2729 5117 2741 5151 :
2773 5093 2980 5171 Etenim
3017 5101 3278 5171 quomodo
3333 5117 3616 5169 possumus
3661 5100 3810 5155 silere

2223 5165 2606 5220 reminiscentes
2630 5167 2874 5221 miraculi
2915 5165 3257 5225 mirabilior-is
3289 5165 3522 5225 omnium
3576 5173 3805 5226 miracu-

2223 5234 2392 5270 Inruns
2442 5236 2484 5270 οἱ
2507 5238 2747 5270 ὅιιιονιιΙιη-
2783 5237 2946 5270 onlnem
2980 5241 3045 5270 ιυΙ
3077 5241 3329 5270 ιιλακὶιοη...
3360 5256 3373 5268 -
3401 5243 3540 5270 an...)
3577 5241 3807 5270 ..ἕλκημα
