4044 5348
253 241 347 298 757

1596 239 1983 297 SERMONES.

2726 229 2785 239 »ομ

3398 258 3503 317 758

251 337 374 410 εᾼιῖς
407 350 693 408 en‘abiliter
715 348 1208 406 valet?Admirari
1242 352 1386 408 enim
1414 352 1740 419 omittimus,
1773 353 1818 407 si
1848 366 1896 422 Α
1924 351 2168 406 calorum
2209 352 2422 421 (Matth.
2455 370 2539 420 Ill,
2579 354 2674 427 2);
2710 354 2763 413 id
2807 365 2889 414 est
2939 363 3362 432 transeuntibus,
3399 369 3509 426 imo

250 443 404 497 Deum
449 441 591 495 intus
640 447 969 505 manentem,
1018 441 1318 508 hominem,
1364 457 1523 513 quem
1558 444 1623 498 de
1667 442 1823 498 nobis
1922 440 2251 512 fugientibus
2284 445 2514 501 terrenis
2550 439 3505 526 omnibus,‘propinquantcaelestia,

249 550 343 605 pro
368 531 526 588 nobis
554 530 866 601 assumpsit,
897 540 1201 603 gestantem
1232 547 1547 603 pensamus.
1580 533 1819 599 Gratias,

250 624 289 678 si
318 636 613 692 possemus,
638 621 979 678 solummodo
1003 622 1171 694 ipsius
1198 624 1589 681 misericordia:
1616 624 1821 680 referre

249 715 555 770 deberemus
581 712 895 785 condignas.
930 713 1140 769 Czetera
1185 717 1333 771 enim
1376 716 1569 771 melius
1610 716 1819 771 silendo

244 824 394 878 quam
416 805 708 877 loquendo,
748 806 1042 863 ineffabilia
1079 818 1209 864 sunt
1245 810 1371 881 quia
1426 811 1813 881 depromimus.

243 899 315 952 Ad
346 898 670 968 promissum
707 906 913 953 tantum
944 899 1325 956 inenarrabilis
1377 901 1547 972 ipsius
1583 900 1817 956 clemen-

244 990 321 1043 tiae
344 989 450 1045 oris
481 990 652 1045 nostri
688 988 1007 1061 obsequium
1054 990 1404 1047 deﬂectamns
1450 992 1638 1063 (1555)
1670 993 1815 1063 quod

242 1080 385 1133 modo
426 1092 493 1133 ex
550 1078 844 1150 Evangelia
893 1079 1239 1135 audivimus:
1272 1080 1375 1147 Qui
1405 1082 1703 1147 crediderit,
1732 1082 1813 1136 in-

240 1170 363 1240 quit,
391 1180 437 1224 et
460 1170 756 1239 baptizatus
776 1170 955 1240 fuerit,
987 1171 1161 1226 salvus
1191 1172 1289 1226 erit
1332 1171 1527 1242 (Marc.
1556 1189 1665 1238 xvr,
1694 1172 1807 1245 16).

239 1262 337 1318 Deo
376 1262 601 1333 gratias,
663 1263 993 1319 universitas
1043 1264 1279 1331 clamat;
1326 1265 1599 1320 credimus
1637 1267 1809 1332 enim,

239 1362 285 1408 et
318 1353 572 1423 baptizati
620 1370 808 1410 sumus
832 1356 886 1409 in
918 1356 1137 1412 nomine
1166 1356 1347 1413 Patris
1371 1365 1425 1412 et
1455 1356 1575 1412 Filii
1609 1358 1809 1428 etSpi-

239 1447 359 1501 ritus
395 1447 591 1501 sancti.
623 1445 825 1502 Omnes
867 1448 971 1503 hoc
1018 1448 1287 1515 dicimus;
1341 1464 1533 1505 omnes
1575 1464 1673 1520 per
1706 1451 1808 1505 hoc

240 1554 326 1593 nos
356 1537 641 1592 salvandos
681 1553 1004 1608 speramus;
1040 1539 1156 1595 sine
1197 1539 1302 1595 isto
1352 1539 1561 1594 nullum
1607 1539 1804 1595 salvari

238 1643 378 1700 posse
445 1629 720 1683 veraciter
796 1629 1068 1683 credimus
1144 1638 1200 1685 et
1270 1629 1612 1685 confitemur.
1696 1630 1804 1686 Sed

1920 534 2028 589 illis
2066 544 2267 602 tamen,
2317 539 2407 607 qui
2456 550 2780 611 cooperante
2814 544 3142 615 gratiaiDei,
3193 552 3506 619 operatione

1918 627 2102 683 sedula
2133 628 2221 682 illa
2255 631 2548 687 meruerint
2574 633 2820 703 adipisci.

1986 722 2041 777 5.
2075 721 2175 789 Qui
2206 736 2334 778 vero
2368 724 2477 779 sint
2521 726 2632 791 isti,
2663 726 2994 801 subjungens
3030 732 3309 801 piissimus
3356 737 3500 795 idem

1918 814 2219 883 promissor
2245 815 2600 873 demonstrat.
2627 818 2763 875 Cum
2789 822 2934 878 enim
2961 824 3224 882 dixisset:
3256 827 3359 894 Qui
3388 847 3506 886 vero

1916 925 2021 963 non
2050 910 2350 975 crediderit,
2380 913 2809 969 condemnabitur
2836 915 3032 987 (Marc.
3060 934 3173 986 xvr,
3201 920 3315 991 16),
3341 931 3401 977 ιιι
3429 923 3507 978 in-

1913 999 2072 1058 diciis
2096 1003 2424 1073 quibuslibet
2451 1006 2734 1063 credentes
2758 1023 2791 1063 a
2821 1024 2928 1065 non
2955 1011 3303 1069 credentibus
3328 1030 3509 1071 secer-

1913 1101 2090 1159 neret,
2138 1094 2401 1165 subjecit:
2455 1094 2625 1167 Signa
2671 1108 2846 1153 autem
2893 1116 2981 1155 eos
3029 1104 3120 1172 qui
3167 1104 3504 1171 crediderint,

1912 1182 2024 1237 hcce
2049 1193 2368 1253 sequentur:
2393 1186 2447 1240 in
2478 1188 2687 1242 nomine
2714 1205 2829 1244 meo
2859 1191 3119 1246 dwmonia
3144 1192 3374 1263 ejicient,
3405 1194 3503 1249 lin-

1909 1274 2028 1343 guis
2074 1274 2351 1345 loquentur
2377 1278 2540 1341 novis,
2570 1288 2829 1348 serpentes
2867 1280 3069 1347 tollent,
3109 1291 3157 1335 et
3195 1284 3241 1337 si
3270 1284 3507 1353 mortife-

1912 1379 2030 1417 rum
2065 1364 2191 1433 quid
2223 1364 2466 1432 biberint,
2510 1384 2614 1422 non
2638 1370 2713 1423 eis
2742 1370 2975 1435 nocebit;
3010 1387 3166 1442 super
3191 1389 3356 1442 tegros
3391 1390 3504 1427 nta-

1908 1470 2006 1508 nus
2022 1454 2366 1525 imponent,et
2387 1457 2513 1512 bene
2538 1459 2793 1513 habebunt
2821 1459 2982 1531 (Ibid.
3001 1462 3211 1533 17-18).
3232 1462 3369 1530 Quid
3399 1465 3502 1519 hoc

1906 1555 2010 1612 est,
2043 1545 2271 1602 fratres?
2324 1549 2445 1618 quis
2486 1551 2629 1605 enim
2660 1551 3016 1621 corporaliter
3055 1554 3155 1608 ista
3197 1555 3355 1611 hodie
3390 1554 3504 1610 eili-

1905 1636 1980 1691 cit
2008 1637 2225 1707 signa?
2272 1637 2463 1705 Nemo,
2514 1640 2878 1707 dilectissimi,
2912 1657 3092 1698 nemo.
3141 1642 3328 1697 Nullus
3375 1659 3504 1716 ergo

240 1719 296 1774 de
320 1720 505 1789 quibus
542 1720 680 1775 dicit
706 1720 797 1789 qui
850 1720 954 1776 hoc
1005 1720 1251 1775 audierat
1302 1719 1545 1776 Petrus?
1574 1721 1792 1786 Petrus,
1828 1724 1876 1786 B
1902 1730 2109 1785 credit?
2155 1731 2329 1787 Absit.
2359 1732 2600 1788 Credunt
2633 1733 2801 1799 enim,
2843 1732 2955 1789 Deo
2981 1734 3208 1803 gratias,
3252 1733 3408 1801 tanti,
3445 1742 3507 1789 ut

239 1812 460 1883 inquam,
522 1812 611 1867 cui
669 1811 847 1868 fuerat
896 1813 1186 1883 specialius
1248 1828 1373 1868 cum
1440 1814 1656 1869 caeteris
1710 1814 1797 1868 di-

238 1911 361 1957 ctum
385 1920 399 1956 :
424 1902 588 1975 625
615 1902 811 1958 Euntes
834 1903 888 1958 in
914 1904 1167 1957 mundum
1197 1905 1492 1959 universum
1522 1906 1805 1974 praedicate

238 1990 551 2065 Evangelium
590 1995 735 2048 omni
777 2004 1030 2049 creatura:
1082 1994 1278 2066 (Marc.
1317 2012 1429 2061 xw,
1474 1996 1585 2067 15).
1620 1996 1805 2067 (1554)

191 2161 195 2164 ”
237 2082 300 2139 De
329 2085 532 2155 quibus,
582 2086 834 2157 inquam,
885 2086 932 2142 si
975 2095 1059 2141 est
1088 2086 1179 2153 ita,
1218 2087 1421 2143 fatetur
1458 2088 1749 2159 Apostolus
1787 2106 1801 2143 :

240 2172 404 2230 Melius
428 2176 603 2246 fuerat
628 2178 702 2233 eis
737 2192 842 2232 non
866 2193 1172 2248 cognoscere
1200 2178 1335 2233 viam
1364 2179 1618 2245 veritatis,
1645 2196 1805 2249 quam

237 2279 330 2335 post
358 2269 671 2339 agnitionem
707 2278 991 2324 retrorsum
1012 2269 1386 2341 converti1’(II
1418 2268 1534 2325 Pet.
1568 2286 1665 2337 xu,
1688 2270 1802 2341 21.)

238 2356 299 2411 De
339 2357 454 2425 illis,
495 2370 556 2415 ut
608 2361 807 2432 conjici
847 2360 1199 2417 veracissime
1243 2361 1406 2429 valet,
1452 2363 1519 2418 de
1570 2362 1695 2429 illis,
1738 2364 1805 2418 de

241 2464 441 2519 quorum
480 2452 807 2508 credulitate
849 2450 1084 2509 Iacobus
1127 2453 1400 2524 apostolus
1429 2454 1559 2523 quid
1605 2455 1806 2511 sentiat

239 2545 519 2602 audiamus:
552 2543 740 2613 Fides,
773 2547 1044 2618 inquiens,
1070 2550 1118 2603 si
1148 2565 1252 2603 non
1277 2548 1430 2603 habet
1458 2566 1637 2620 opera,
1663 2563 1805 2604 mor-

237 2644 312 2691 tua
333 2649 397 2693 est
426 2640 479 2695 in
514 2641 794 2711 semetipsa
821 2640 963 2712 (Jac.
994 2657 1056 2707 ll,
1094 2641 1206 2713 17).
1238 2642 1509 2713 itemque:
1542 2643 1646 2709 Qui
1679 2659 1804 2697 con-

236 2727 419 2796 ﬁtentur
449 2747 502 2785 se
544 2748 702 2786 nosse
736 2731 924 2799 Deum,
955 2732 1109 2803 factis
1139 2743 1313 2788 autem
1360 2743 1548 2802 negant
1593 2732 1720 2807 (Tit.
1758 2750 1799 2800 ι,

237 2816 336 2889 16).
384 2819 445 2876 Ili
495 2822 759 2877 nimirum
808 2830 965 2891 sunt,
1018 2825 1109 2893 qui
1162 2824 1359 2890 ﬁdem,
1408 2840 1570 2895 quam
1622 2825 1803 2881 verbis

236 2919 470 2979 astruunt,
512 2912 763 2970 moribus
805 2913 1110 2970 destruunt.
1142 2914 1451 2972 Verendum
1505 2916 1647 2971 enim
1683 2931 1801 2970 om-

235 2998 361 3066 nino,
387 3017 449 3057 ne
475 3001 541 3060 de
570 3003 774 3060 talibus
798 3019 1017 3076 quoque
1045 3005 1259 3061 dicatur
1286 3022 1317 3060 a
1346 3006 1614 3062 Domino:
1666 3005 1800 3061 Cum

1909 1822 2016 1878 illis
2041 1823 2169 1878 illud
2208 1834 2472 1895 congruat
2513 1826 2951 1897 psalmograpbi:
2986 1827 3307 1882 Annuntiavi
3334 1836 3381 1883 et
3426 1826 3505 1881 lo-

1908 1924 2061 1969 cutus
2096 1932 2250 1981 sum;
2294 1917 2631 1987 multiplicati
2660 1926 2782 1972 sunt
2822 1934 2979 1988 super
3012 1934 3288 1973 numerum
3327 1916 3502 1987 (Psal.

1907 2020 2038 2069 xxx,
2084 2007 2161 2077 6).
2214 2006 2496 2075 Quomodo
2553 2008 2734 2077 itaque
2782 2010 3033 2074 credunt,
3087 2025 3209 2064 cum
3251 2010 3345 2080 qui
3387 2010 3506 2065 bme

1906 2098 2060 2168 signa
2083 2095 2310 2163 faciunt,
2340 2097 2414 2152 illi
2448 2098 2821 2154 tantummodo
2848 2097 3073 2153 credere
3098 2098 3380 2165 dicantur;
3414 2098 3503 2154 isti

1908 2202 2039 2242 vero
2068 2202 2131 2243 ea
2160 2203 2265 2243 non
2292 2188 2533 2244 faciunt?
2556 2188 2790 2244 Faciunt
2816 2189 2996 2259 plane,
3024 2188 3232 2244 faciunt
3254 2188 3500 2260 quidam,

1906 2278 2003 2335 sed
2034 2293 2139 2333 non
2163 2278 2520 2347 corporaliter
2540 2279 2708 2351 626
2733 2277 2961 2345 faciunt,
2993 2279 3087 2335 sed
3114 2287 3267 2334 tanto
3290 2278 3499 2343 utilius,

1907 2380 2112 2441 quanto
2151 2386 2180 2425 a
2233 2386 2462 2441 corpore
2510 2371 2837 2428 discernitur
2881 2370 3121 2442 spiritus.
3174 2370 3229 2424 In
3281 2370 3501 2426 nomine

1918 2464 2067 2520 enim
2092 2462 2296 2519 Christi
2327 2464 2588 2519 daemonia
2619 2462 2867 2532 ejiciunt,
2902 2462 2995 2533 qui
3024 2462 3080 2517 in
3100 2462 3301 2517 virtute
3328 2460 3498 2532 ipsius

1904 2554 2059 2615 vitia,
2097 2568 2217 2623 quae
2257 2554 2534 2610 daemones
2577 2553 2850 2625 ingerunt,
2895 2567 2928 2607 a
2973 2553 3228 2609 cordibus
3257 2553 3370 2607 suis
3413 2566 3498 2608 re-

1904 2644 2112 2716 pellunt
2131 2658 2146 2697 :
2162 2644 2362 2714 linguis
2375 2638 2673 2714 loquuntur
2688 2643 2865 2708 novis,
2881 2657 3030 2708 cum,
3052 2641 3390 2713 praviloquio
3413 2658 3498 2698 re-

1904 2735 2068 2803 licto,
2116 2735 2329 2791 laudem
2382 2735 2477 2792 Dei
2515 2734 2699 2804 lingua
2744 2740 2967 2789 resonat
3016 2732 3292 2803 ipsorum,
3342 2732 3498 2787 utilia

1904 2840 2086 2882 ser-to
2116 2825 2387 2897 depromit
2417 2843 2430 2879 :
2468 2831 2751 2895 serpentes
2780 2822 3007 2889 tollunt,
3030 2836 3153 2876 cum
3188 2821 3333 2891 quod
3372 2836 3497 2892 sug-

1905 2914 2045 2986 gerit
2077 2930 2303 2985 serpens
2332 2914 2421 2969 ille
2465 2914 2742 2984 antiquus,
2776 2911 2999 2968 minime
3034 2919 3231 2983 agunt;
3267 2925 3499 2981 cumque

1905 3007 2307 3077 suggestionem
2334 3005 2659 3060 diabolicam
2682 3003 2913 3060 interius
2944 3003 3206 3070 sentiunt,
3236 3003 3329 3059 sed
3353 3003 3497 3073 quod

234 3087 499 3148 immundus
548 3094 770 3164 spiritus
812 3096 996 3150 exierit
1045 3096 1109 3149 ab
1167 3096 1393 3160 homine,
1442 3096 1676 3150 ambulat
1710 3113 1801 3166 per
1827 3098 1875 3162 C
1903 3099 2179 3169 suggerit,
2222 3098 2447 3153 minime
2484 3097 2722 3161 faciunt,
2770 3095 3110 3151 mortiferum
3151 3096 3369 3166 quidem
3414 3086 3501 3151 est

234 3179 330 3234 loca
366 3183 634 3256 inaquosa,
683 3203 921 3258 quwrens
961 3188 1209 3258 requiem,
1258 3196 1306 3241 et
1346 3203 1450 3241 non
1498 3188 1798 3252 inveniens,

236 3270 369 3326 dicit:
405 3273 654 3332 Revertar
695 3277 751 3331 in
787 3277 1000 3331 domum
1048 3293 1251 3344 meum,
1290 3276 1428 3331 unde
1469 3277 1624 3332 exivi.
1655 3276 1801 3331 Tunc

236 3362 383 3429 vadit,
426 3375 473 3420 et
525 3367 753 3446 assumit
789 3384 973 3446 secum
1026 3378 1219 3439 septem
1266 3368 1400 3422 alios
1439 3368 1653 3437 spiritus
1706 3382 1798 3421 ne-

236 3456 412 3523 quiores
439 3476 511 3525 se,
542 3469 589 3514 et
616 3443 840 3532 ingressi
868 3462 1107 3515 habitant
1138 3461 1242 3526 ibi;
1284 3470 1332 3514 et
1359 3461 1493 3528 ﬁunt
1519 3459 1800 3514 novissima

236 3548 427 3604 hominis
452 3550 592 3607 illius
628 3552 811 3623 pejora
836 3553 1098 3623 prioribus
1131 3552 1283 3624 (Luc.
1318 3568 1380 3617 ιι,
1408 3551 1620 3625 24-26).
1674 3551 1802 3606 Haec

240 3646 331 3693 tam
354 3643 559 3699 veracia
589 3644 638 3698 si
670 3644 725 3699 in
756 3644 901 3698 nullo
931 3644 1187 3699 caderent
1218 3642 1454 3711 illorum,
1488 3643 1579 3712 qui
1602 3657 1660 3697 se
1683 3656 1802 3697 cre-
1844 3668 1865 3716 ς.

238 3731 343 3788 dere
368 3736 686 3806 proﬁtentur
729 3745 784 3794 et
830 3746 956 3793 sunt
997 3737 1255 3808 baptizati
1281 3777 1295 3802 ,
1336 3737 1428 3792 ubi
1485 3744 1634 3792 esset
1677 3750 1800 3792 sen-

236 3824 380 3879 tentia
406 3826 615 3882 Domini
646 3827 762 3893 illa,
790 3842 896 3897 qua
927 3827 1237 3883 continetur
1264 3844 1276 3879 :
1310 3825 1467 3879 Multi
1494 3827 1634 3881 enim
1677 3834 1799 3881 sunt

237 3919 396 3985 vocati,
424 3924 576 3991 pauci
607 3938 726 3977 vero
771 3921 920 3976 electi
956 3919 1172 3991 (Matth.
1218 3936 1311 3984 xx,
1358 3919 1492 3991 16);
1532 3928 1619 3975 et:
1675 3917 1800 3975 Non

236 4009 377 4062 omnis
412 4012 497 4082 qui
540 4013 666 4066 dicit
714 4012 862 4077 mihi,
917 4010 1158 4074 Domine,
1190 4009 1444 4074 Domine,
1494 4009 1707 4063 intrabit
1742 4010 1800 4065 in

236 4112 419 4168 regnum
445 4104 689 4159 caelorum
712 4105 738 4158 ?
765 4102 980 4175 (Matth.
1008 4102 1234 4173 vrum.)
1261 4103 1364 4170 Qui
1393 4102 1536 4157 enim
1559 4111 1686 4157 sunt
1709 4116 1801 4157 vo-

236 4190 342 4257 cati,
380 4193 473 4249 nisi
496 4210 594 4266 per
620 4195 947 4266 baptismum
976 4194 1273 4249 Ecclesiam
1302 4194 1576 4264 ingressi?
1608 4193 1794 4269 (1555)

238 4275 320 4344 Qui
343 4285 489 4353 pauci
520 4285 703 4352 electi,
736 4284 841 4341 nisi
888 4284 981 4355 qui
1018 4291 1420 4339 sacramentum
1452 4283 1686 4338 vivendo
1718 4291 1797 4337 te-

235 4384 456 4442 nuerunt,
485 4378 628 4447 quod
659 4376 764 4432 ﬁde
789 4376 1185 4448 perceperunt?
1210 4375 1312 4442 Qui
1341 4390 1445 4430 non
1474 4373 1658 4443 electi,
1691 4374 1794 4429 nisi

1904 3192 2047 3260 quod
2090 3191 2300 3255 bibunt,
2334 3190 2430 3245 sed
2472 3205 2580 3245 non
2620 3190 2700 3245 eis
2737 3188 2969 3244 nocebit.
3003 3187 3194 3242 Omnes
3232 3188 3394 3251 enim,
3422 3187 3500 3241 ait

1901 3280 2211 3352 Apostolus,
2240 3281 2529 3335 astabimus
2561 3290 2681 3333 ante
2710 3278 2941 3333 tribunal
2976 3277 3193 3342 Christi,
3220 3284 3280 3330 ut
3305 3275 3497 3346 referat

1891 3356 2261 3441 unusquisque
2298 3372 2512 3441 propria
2552 3372 2805 3439 corporis,
2847 3378 3003 3439 prout
3039 3369 3215 3438 gessit,
3257 3367 3364 3422 sive
3398 3367 3496 3423 bo-

1901 3477 2052 3525 num,
2091 3462 2198 3515 sive
2226 3460 2426 3515 malum
2454 3458 2629 3532 (Rom.
2674 3473 2783 3524 xiv,
2828 3458 2940 3528 10).
2974 3456 3149 3529 Super
3173 3472 3348 3528 aegros
3380 3472 3495 3513 ma-

1862 3622 1863 3625 η
1904 3567 2005 3606 nus
2039 3552 2342 3622 imponunt,
2386 3559 2445 3605 ut
2482 3551 2621 3605 bene
2661 3548 2918 3613 habeant,
2947 3548 3038 3618 qui
3083 3556 3332 3617 peccata,
3374 3563 3496 3619 quae

1908 3644 2316 3708 commiserunt,
2347 3643 2505 3699 bonae
2538 3641 2870 3713 operationis
2923 3640 3137 3705 studiis,
3168 3648 3229 3695 ut
3271 3641 3339 3695 ad
3381 3655 3495 3696 me-

1908 3735 2045 3791 liora
2091 3736 2409 3806 proﬁciant,
2462 3748 2815 3805 compensare
2856 3731 3134 3788 festinant.
3183 3732 3325 3788 Ecce
3366 3747 3495 3803 apo-

1903 3828 2069 3895 dixis,
2106 3843 2233 3884 ecce
2280 3828 2615 3900 conjectura,
2661 3840 2787 3880 ecce
2834 3823 3091 3880 indicium
3133 3824 3491 3889 credentium,

1901 3932 1956 3979 et
1996 3937 2102 3977 non
2150 3921 2513 3985 credentium,
2560 3918 2777 3973 fratres.
2813 3917 2912 3984 Qui
2945 3931 3011 3971 ex
3052 3915 3137 3971 his
3167 3930 3297 3987 ergo
3338 3915 3390 3970 in
3435 3930 3495 3971 se

1900 4016 2183 4088 cognoscit
2215 4014 2418 4084 aliquid
2449 4012 2642 4084 signis,
2680 4010 2904 4065 credere
2937 4024 2996 4064 se
3022 4008 3198 4073 dicat;
3228 4009 3320 4078 qui
3361 4022 3490 4073 non,

1899 4112 1968 4166 ad
2023 4109 2352 4165 credendum
2402 4121 2460 4162 se
2506 4105 2690 4177 potius
2733 4104 2936 4158 suadeo
2979 4110 3279 4172 praeparet,
3328 4116 3493 4173 quam

1900 4208 2075 4258 semet
2099 4200 2321 4253 credere
2346 4196 2536 4265 jactet.

1968 4291 2023 4343 4.
2060 4290 2161 4346 Ubi
2192 4303 2408 4360 quoque
2448 4304 2479 4340 a
2513 4286 2743 4341 Domino
2764 4286 2962 4340 dicitur
2982 4297 3167 4338 caeco:
3202 4282 3282 4336 Tu
3321 4282 3491 4336 credis

1898 4380 1954 4435 in
1980 4378 2180 4434 Filium
2232 4378 2375 4433 Dei?
2408 4377 2591 4447 (Joan.
2643 4390 2719 4441 ιχ,
2769 4373 2884 4445 55.)
2933 4387 3059 4427 cum
3107 4371 3492 4442 praepositione

236 4463 312 4531 (illi
334 4481 430 4522 non
453 4476 806 4525 servaverunt
852 4468 995 4539 quod
1018 4467 1423 4538 promiserunt?
1445 4466 1585 4532 Quid
1613 4479 1790 4523 autem
1816 4454 1873 4518 Ι)
1898 4474 2103 4541 utique.
2130 4471 2196 4525 Et
2222 4469 2611 4524 Samaritanus:
2647 4465 2864 4531 Mulier,
2893 4464 3043 4519 crede
3067 4464 3199 4518 mihi
3222 4462 3489 4534 (JoanJv,

235 4557 596 4621 Promiserunt?
624 4559 893 4617 Recurrat
936 4560 1061 4630 quis
1098 4559 1388 4629 cogitando
1416 4560 1482 4613 ad
1528 4558 1605 4625 id,
1650 4558 1794 4629 quod
1894 4564 2009 4635 21),
2041 4562 2224 4634 (1557)
2257 4561 2375 4616 sine
2402 4557 2784 4630 praepositione
2812 4572 2825 4610 :
2856 4570 2981 4610 cum
3027 4554 3115 4608 hic
3140 4552 3385 4607 absolute
3413 4551 3493 4605 di-

236 4653 312 4696 aut
344 4651 599 4717 promisit,
636 4660 729 4706 aut
772 4658 858 4706 est
898 4650 1016 4707 vice
1056 4649 1199 4704 illius
1243 4648 1595 4719 promissum.
1640 4655 1797 4704 ante-
1894 4664 2071 4716 eatur,
2098 4653 2187 4723 qui
2218 4651 2519 4715 crediderit,
2553 4662 2729 4718 neque
2758 4646 2968 4702 scilicet
3004 4644 3190 4698 addito
3212 4643 3269 4696 in
3299 4640 3490 4705 Deum,

236 4750 371 4803 quam
409 4741 795 4813 baptizaretur.
828 4741 1098 4798 Modicum
1129 4750 1232 4806 est,
1278 4739 1555 4797 recordari
1603 4740 1796 4796 leviter
1894 4758 2070 4813 neque
2114 4741 2224 4797 Deo
2259 4739 2455 4813 (Marc.
2481 4755 2533 4803 χ,
2571 4738 2681 4810 16),
2708 4736 2901 4811 conjici
2930 4733 3074 4790 valet
3104 4734 3211 4789 duo
3248 4730 3491 4799 exposci.

204 4828 369 4899 (valet.
419 4834 475 4891 Si
524 4836 654 4893 illud
723 4838 1000 4903 observat,
1052 4851 1279 4892 securus
1358 4836 1424 4891 de
1472 4834 1648 4889 salute
1695 4848 1794 4889 sua

238 4923 435 4986 gaudeat
456 4926 655 5000 (1556).
683 4928 741 4985 Si
770 4937 952 4984 autem
978 4930 1239 4998 peccavit,
1265 4929 1509 4999 quiescat
1528 4927 1787 4999 primum,

204 4992 281 5062 ’id
308 5023 400 5082 est,
436 5018 641 5075 desinat
666 5036 929 5091 peccare;
972 5022 1100 5077 hinc
1145 5021 1363 5078 demum
1410 5021 1787 5092 paenitentiam

240 5115 360 5174 agat.
384 5109 765 5183 Appropinquat
790 5115 955 5181 enim,
989 5122 1047 5169 et
1077 5113 1203 5169 huic
1230 5113 1539 5179 dicendum,
1569 5128 1786 5183 regnum

298 5240 459 5292 “$333
485 5245 557 5292 ita
588 5265 707 5292 mm
740 5266 824 5292 me
866 5251 1081 5292 ῐὲι-ἰείησ
1136 5249 1271 5292 Malo
1312 5250 1365 5292 in
1395 5246 1627 5292 mllonlis
1655 5264 1784 5292 nitn-

1897 4837 1951 4892 id
1981 4846 2087 4901 est,
2122 4845 2182 4890 ut
2208 4833 2495 4891 credamus
2528 4832 2580 4885 in
2624 4830 2816 4895 Deum,
2854 4837 2909 4882 et
2940 4823 3236 4883 credamus
3271 4819 3403 4873 Deo.
3437 4819 3497 4873 lu

1898 4928 2069 4984 Deum
2096 4942 2225 4983 vero
2251 4923 2448 4988 credit,
2476 4922 2570 4991 qui
2608 4918 2873 4975 catholice
2911 4913 3127 4971 credit:
3158 4914 3269 4969 Deo
3303 4908 3500 4972 credit,

1897 5023 1991 5092 qui
2038 5019 2396 5079 hortamentis
2440 5015 2586 5070 illius
2636 5014 2993 5080 obtemperat.
3047 5004 3169 5074 Qui
3216 5008 3512 5092 utrumque.

1898 5085 2083 5190 (1558)
2109 5118 2288 5185 itaque
2311 5110 2443 5182 agit,
2467 5115 2521 5161 ct
2540 5102 2843 5160 orthodoxo
2868 5109 2952 5155 est
2973 5097 3322 5164 baptismate
3343 5085 3514 5156 lotus,

1868 5219 1877 5224 “
1970 5250 2154 5292 tmmi
2212 5250 2268 5292 In
2317 5245 2505 5292 iisdem
2542 5237 2709 5292 vniam.
2757 5233 2816 5287 Si
2866 5246 2969 5284 non
3006 5223 3279 5292 peccavit.
3326 5216 3519 5274 Manu-
