4044 5348
542 281 649 340 759

1395 251 1767 338 “neruum
1805 279 2019 338 EPISC.
2062 278 2317 338 vanos.
2357 281 2508 340 ore.
2548 281 2728 340 mus
2764 283 2848 339 lll.
2909 324 2920 332 ,

3698 289 3804 345 H0

541 399 832 456 maximam
877 395 1036 453 nobis
1079 395 1264 461 atl'ert,
1313 393 1422 450 Deo
1465 395 1700 466 gratias,
1746 395 2113 450 securitatem.
2147 401 2194 457 Α
2221 397 2440 450 vestibus
2464 397 2614 462 albis,
2639 399 2728 468 qui
2748 408 2796 452 et
2816 399 3098 453 dixerunt:
3128 396 3238 453 Viri
3259 395 3488 468 Galilwi,
3509 403 3637 474 quid
3658 406 3806 460 statis

542 493 736 548 Salvus
762 492 906 546 enim
942 491 1147 559 absque
1183 487 1348 543 dubio
1382 487 1525 552 talis,
1569 488 1619 541 si
1663 496 1842 541 tamen
1873 500 2122 556 perseve-

541 585 764 650 raverit,
791 583 915 638 erit.
934 581 979 639 0
1007 595 1135 635 vero
1165 579 1340 634 nullus
1373 580 1424 634 in
1450 579 1549 634 hac
1572 586 1754 633 nostra
1783 578 1936 648 plebe
1967 578 2119 632 inve-

540 682 771 746 niretur,
797 680 888 750 qui
926 695 1032 734 non
1058 677 1305 733 crederet
1333 689 1522 731 verum
1558 689 1701 740 esse,
1729 674 1872 745 quod
1899 673 2122 728 Joannis

545 775 599 830 iii
625 773 921 845 Evangelia
948 770 1114 838 audit,
1145 771 1251 826 hoc
1279 778 1395 825 est:
1431 768 1620 824 Omnia
1657 786 1749 840 per
1773 769 1942 839 ipsum
1980 769 2122 837 facta

537 876 679 931 sunt,
703 875 748 920 et
784 865 897 918 sine
921 863 1033 933 ipso
1063 859 1260 931 factum
1291 869 1366 914 est
1393 859 1523 914 nihil
1554 859 1734 929 (Joan.
1769 874 1808 922 ι.
1836 857 1912 928 5).
1946 857 2123 913 Incre-

540 958 649 1012 duli
675 956 821 1012 enim
851 955 920 1009 ad
956 962 1177 1018 caetera,
1203 953 1329 1006 dum
1355 951 1498 1006 istud
1534 965 1698 1005 unum
1741 965 1844 1004 non
1874 949 2118 1014 credunt,

537 1049 776 1103 fatentur
799 1045 985 1117 (1559)
1016 1053 1386 1115 tempestatem
1425 1043 1495 1098 ab
1535 1043 1749 1098 homine
1791 1041 1906 1096 ﬁeri
1941 1057 2120 1113 posse,

536 1152 659 1194 cum
727 1134 1129 1192 evidentissima
1175 1133 1463 1188 Psalmista
1511 1133 1809 1202 proclamet
1849 1149 1862 1185 :
1934 1132 2119 1201 Ignis,

537 1229 760 1299 grando,
793 1229 905 1290 nix,
948 1225 1160 1295 glacies,
1205 1224 1420 1294 spiritus
1460 1223 1828 1293 procellarum,
1877 1240 1992 1292 qua:
2040 1223 2123 1292 {a-

539 1319 682 1371 ciunt
710 1318 918 1371 verbum
937 1316 1052 1386 ejus
1072 1313 1244 1386 (Psat.
1268 1330 1492 1379 ccxvm,
1519 1313 1598 1385 8),
1629 1313 1683 1369 id
1700 1324 1781 1368 est
1797 1313 2027 1368 Domini.
2060 1315 2124 1368 Et

541 1411 594 1466 in
639 1411 746 1464 alio
773 1409 981 1480 psalmo
1006 1409 1073 1462 de
1098 1408 1243 1462 Deo:
1292 1406 1396 1473 Qui
1427 1407 1517 1460 dat
1553 1407 1717 1459 nivem
1747 1407 1879 1460 sicut
1923 1406 2120 1470 lauant,

535 1502 772 1556 nebulam
798 1503 929 1557 sicut
947 1501 1168 1554 cinerem
1191 1499 1408 1569 spargit.
1427 1497 1588 1550 Mittit
1620 1496 1922 1566 crystallum
1971 1514 2122 1550 suam

532 1595 665 1645 sicut
685 1589 958 1653 buccellas,
976 1599 1096 1643 ante
1118 1589 1305 1658 faciem
1329 1588 1539 1657 frigoris
1555 1587 1668 1656 ejus
1687 1587 1803 1658 quis
1824 1587 2126 1642 sustinebit?

535 1680 711 1748 (Psal.
762 1695 938 1735 CLXVII
970 1719 985 1744 ,
1036 1679 1149 1750 16.)
1200 1688 1305 1734 etc.
1358 1677 1638 1745 Quomodo
1677 1691 1806 1748 ergo
1851 1678 1906 1732 in
1955 1677 2121 1733 Deum

2222 487 2530 553 aspicientes
2553 488 2604 540 in
2632 488 2815 542 coelum
2838 488 2863 541 Ρ
2897 487 2995 542 Hic
3016 488 3195 554 Iesus,
3219 491 3307 562 qui
3337 505 3635 562 assumptus
3663 507 3737 549 est
3774 513 3832 550 an

2222 575 2360 629 vobis
2389 576 2440 628 in
2465 575 2667 640 cwlum,
2693 579 2767 630 sic
2799 579 2981 642 veniet,
3004 571 3438 648 quemadmodum
3465 583 3669 638 vidistis
3692 601 3809 638 eum

2220 678 2426 721 euntem
2453 669 2509 722 in
2530 669 2714 723 coelum
2729 669 2865 739 (Aet.
2884 687 2924 736 t,
2941 672 3108 743 9-11).
3125 669 3222 728 Hic
3237 676 3550 744 pauxillum,
3571 678 3808 743 auditor,

2222 746 2368 826 rogo,
2419 759 2655 814 attende.
2707 760 2764 814 In
2816 759 3034 817 Galilzea
3076 778 3362 835 resurgens
3405 767 3659 824 Christus
3707 767 3817 839 pri-

2222 863 2368 903 mum
2418 849 2669 914 videtur,
2735 851 2866 906 viris
2921 850 3155 908 Galilaeis
3201 857 3501 912 ascendens
3561 859 3815 916 Christus

2224 947 2427 993 tantum
2457 950 2808 1006 monstratur,
2842 943 2945 998 illis
2971 958 3287 1001 reversurus
3318 948 3676 1017 promittitur.
3705 949 3815 1006 Ca-

2222 1027 2343 1084 lilmi
2376 1046 2503 1084 vero
2532 1032 2620 1100 qui
2654 1042 2799 1099 sunt,
2829 1032 3070 1102 fuerunt,
3100 1035 3183 1089 Vel
3208 1047 3387 1104 erunt,
3419 1039 3520 1094 nisi
3549 1056 3641 1110 qm
3669 1041 3816 1096 Gali-

2222 1119 2373 1174 lteam
2427 1120 2788 1189 incoluerunt,
2847 1124 3088 1180 incolunt
3127 1126 3333 1199 (1541),
3380 1129 3465 1184 vel
3510 1130 3812 1188 incolentes

2224 1210 2420 1265 futuris
2452 1214 2783 1282 temporibus
2813 1216 3012 1269 erunt?
3039 1216 3252 1271 Galil-aia
3284 1235 3431 1285 vero,
3478 1231 3537 1276 ut
3576 1237 3606 1276 a
3642 1222 3812 1291 majo-

2227 1306 2375 1360 ribus
2402 1309 2728 1376 accepimus,
2769 1310 3173 1381 transmigratio
3213 1310 3353 1366 facta
3399 1314 3813 1386 interpretatur,

2224 1407 2278 1452 et
2308 1397 2408 1452 hoc
2431 1414 2600 1468 quare
2632 1399 3194 1473 agnovimus?(lS-i2)
3225 1401 3314 1458 Bis
3339 1406 3439 1459 hoc
3471 1405 3679 1460 factum
3711 1418 3812 1470 cst,

2225 1487 2332 1542 imo
2371 1498 2451 1542 ter
2483 1498 2662 1544 actum
2697 1499 2781 1545 est
2820 1491 3242 1560 subsedendum,
3282 1506 3336 1549 et
3382 1497 3508 1564 quia
3559 1506 3720 1552 vetus
3749 1499 3814 1551 de

2224 1577 2422 1648 primo,
2452 1578 2519 1633 de
2557 1579 2765 1635 duobus
2803 1581 2959 1635 tertio
2995 1579 3184 1650 juncta
3220 1582 3496 1640 dicamus:
3533 1584 3814 1640 Transmi-

2225 1678 2516 1738 gravcrunt
2560 1669 2655 1723 lilii
2688 1669 2932 1726 Zebedaai
2979 1673 3045 1727 de
3087 1681 3241 1743 patre
3273 1691 3371 1729 suo
3399 1675 3465 1729 ad
3511 1674 3812 1742 Christum,

533 1771 726 1836 credit,
755 1772 845 1840 qui
882 1770 1049 1824 Deum
1089 1769 1328 1823 omnium
1363 1779 1666 1823 creatorem
1705 1783 1824 1823 esse
1854 1785 1958 1823 non
1999 1785 2121 1824 cre-
2153 1759 2200 1819 B
2228 1762 2475 1818 Christus
2505 1779 2794 1836 resurgens
2822 1781 2852 1818 a
2883 1765 3130 1836 sepulcro
3153 1767 3219 1821 ad
3253 1767 3429 1838 ipsos;
3464 1769 3566 1838 ipsi
3596 1775 3814 1826 deruunt

541 1863 655 1917 dit?
694 1861 974 1929 Quomodo
1019 1860 1128 1916 Deo
1166 1861 1352 1921 credit,
1384 1859 1472 1928 qui
1522 1859 1622 1930 ipsi
1661 1858 1914 1914 clamanti
1957 1871 2119 1929 atque

529 1954 727 2009 dicenti
757 1954 1135 2010 surdissimnm
1165 1954 1404 2008 auditum
1433 1954 1692 2024 apponit?
1724 1952 1924 2019 Videte,
1955 1957 2120 2009 ridete

527 2047 669 2118 quod
704 2062 797 2116 ego
825 2061 940 2100 sum
969 2044 1134 2109 solus,
1169 2055 1216 2099 et
1245 2061 1348 2100 non
1378 2046 1442 2100 sit
1464 2045 1604 2100 alius
1630 2045 1772 2100 Deus
1802 2055 1992 2114 pra’ter
2017 2063 2116 2100 me.

527 2135 642 2208 Ego
669 2137 926 2203 occidam,
956 2145 1003 2191 et
1032 2151 1124 2206 ego
1147 2137 1313 2191 vivere
1341 2137 1571 2205 faciam;
1595 2138 1906 2206 percutiam,
1937 2146 1982 2190 et
2023 2152 2118 2206 ego

525 2228 764 2295 satiabo;
802 2237 984 2282 etnon
1026 2237 1101 2283 est
1147 2229 1237 2298 qui
1280 2228 1345 2282 de
1386 2243 1547 2281 manu
1592 2245 1706 2282 mea
1735 2228 1893 2297 possit
1938 2244 2120 2282 eruere

527 2319 703 2390 (Deut.
754 2333 921 2384 xxvii,
954 2318 1067 2389 59).
1098 2318 1347 2373 lntendat
1385 2318 1624 2374 Charitas
1666 2331 1882 2373 vestra:
1927 2328 2118 2374 contra

524 2411 668 2465 enim
693 2425 788 2466 eos
813 2409 904 2479 qui
931 2409 1135 2475 dicunt,
1165 2408 1308 2479 quod
1337 2409 1497 2463 homo
1529 2409 1722 2486 malus,
1756 2409 1840 2462 vel
1865 2409 2116 2464 diabolus

523 2508 901 2570 tempestatem
939 2500 1101 2556 faciat
1137 2500 1342 2571 lapides
1389 2501 1715 2572 grandinum
1761 2509 2004 2572 spargat,
2036 2500 2116 2554 vi-

522 2599 648 2648 ricta
677 2601 841 2664 atque
865 2608 1085 2664 campos
1111 2595 1376 2660 devastat,
1402 2593 1617 2666 fulgura
1641 2593 1844 2655 mittat,
1865 2591 2116 2664 iumenta

523 2689 579 2742 et
607 2700 824 2757 pecora,
859 2684 1113 2757 ipsosque
1154 2686 1400 2741 homines
1427 2686 1591 2757 ⁸⁸7
1617 2685 1938 2750 interﬁciat;
1987 2699 2118 2740 con-

522 2786 610 2834 tra
640 2779 782 2845 illos,
811 2780 1053 2850 inquam,
1080 2779 1224 2834 valet
1247 2778 1391 2848 quod
1422 2781 1552 2834 dicit
1577 2796 1591 2832 :
1637 2779 1750 2849 Ego
1777 2779 2036 2845 occidam,
2064 2787 2115 2833 et

521 2873 688 2926 vivere
716 2871 930 2941 faciam.
951 2870 1153 2927 Contra
1176 2869 1305 2925 "illos
1329 2885 1460 2926 vero
1479 2871 1578 2941 qui
1607 2870 1814 2935 dicunt,
1844 2871 1988 2940 quod
2013 2870 2115 2939 ipsi

519 2978 618 3035 per
654 2963 1050 3019 incantationes
1085 2977 1211 3018 suas
1258 2963 1401 3034 ipsas
1450 2971 1796 3032 tempestates
1840 2971 2112 3028 avertant,

518 3055 661 3110 valet
701 3057 843 3126 quod
882 3056 1048 3111 dicit:
1089 3054 1212 3110 Non
1261 3065 1336 3110 est
1373 3057 1463 3126 qui
1492 3056 1556 3110 de
1599 3071 1760 3109 manu
1799 3071 1914 3110 mea
1944 3056 2113 3127 possit

2223 1853 2288 1906 de
2317 1852 2533 1907 Gulilma
2563 1857 2628 1908 ad
2679 1867 2915 1911 montem
2951 1858 3042 1913 ubi
3071 1860 3425 1916 constituerat
3466 1861 3595 1928 illis,
3629 1865 3819 1934 eisque

2221 1944 2532 2000 videntibus
2563 1945 2687 2001 inde
2712 1955 2794 2002 est
2812 1947 3051 2003 elevatus
3080 1949 3131 2003 in
3159 1949 3378 2005 cmlum.
3408 1951 3540 2007 llluc
3568 1968 3696 2008 eum
3724 1954 3814 2024 qui

2222 2038 2495 2092 desiderat
2524 2039 2699 2108 sequi,
2733 2048 2973 2096 transeat
3001 2041 3066 2096 de
3095 2042 3310 2098 diabolo
3337 2044 3403 2098 ad
3439 2045 3655 2115 ipsum;
3689 2061 3817 2101 con-

2219 2128 2420 2184 sideret
2468 2147 2590 2186 eum
2618 2148 2716 2203 pro
2747 2147 2806 2189 se
2843 2143 3114 2188 mortuum
3147 2150 3212 2190 ac
3239 2135 3542 2207 sepultum;
3579 2138 3816 2210 gaudeat

2219 2216 2336 2287 ejus
2381 2224 2775 2278 resurrectione
2825 2239 2884 2278 se
2935 2225 3336 2293 resuscitatum,
3386 2231 3715 2284 ascensiOne
3759 2230 3815 2286 in

2221 2311 2416 2364 caelum
2443 2322 2713 2379 evectum,
2745 2313 2790 2368 si
2823 2324 3002 2370 tamen
3034 2315 3088 2370 in
3129 2316 3229 2371 hoc
3262 2319 3390 2388 ligat
3411 2333 3577 2374 surint
3614 2319 3813 2375 [irruis—

2219 2401 2355 2455 sime
2403 2401 2750 2458 desiderium.
2807 2405 3061 2460 Elaboret
3115 2423 3242 2478 ergo
3301 2411 3678 2481 unusquisque
3723 2428 3816 2469 no-

2217 2498 2412 2560 strum,
2443 2492 2770 2560 charissimi,
2809 2504 2865 2549 ut
2899 2499 3169 2565 quomodo
3205 2500 3362 2555 hodie
3392 2499 3650 2558 Chrisms
3689 2519 3809 2558 cum

2217 2596 2444 2653 corpore
2489 2594 2676 2640 nostro
2723 2586 2921 2641 cmlum
2969 2591 3321 2656 conscendit;
3375 2591 3470 2660 ita,
3511 2598 3814 2664 quomodo-

2216 2689 2456 2746 cunque,
2510 2676 2650 2732 valet
2700 2693 2796 2749 spe
2845 2682 3206 2747 conscendat,
3262 2682 3534 2739 desiderio
3584 2688 3811 2758 migret,

2215 2769 2532 2842 operatione
2571 2770 2695 2825 illuc
2733 2773 3017 2842 pervenire
3056 2775 3278 2829 nitatur.
3313 2773 3505 2831 Mirum
3535 2781 3684 2833 enim
3726 2780 3810 2834 di-

2215 2869 2327 2924 ctu,
2363 2861 2524 2916 etiam
2557 2877 2654 2932 per
2700 2864 2826 2918 vitia
2879 2874 3064 2949 nostra
3097 2867 3293 2922 caelum
3340 2884 3632 2938 possumus
3682 2887 3813 2926 con-

2215 2953 2498 3019 scendere,
2531 2955 2577 3007 si
2607 2953 2859 3010 videlicet
2887 2957 3201 3012 Studeamus
3231 2973 3293 3012 ea
3327 2960 3568 3014 calcare:
3607 2961 3806 3016 scalam

2214 3045 2410 3115 quippe
2436 3046 2502 3100 de
2531 3045 2635 3101 illis
2658 3047 3054 3117 quodammodo
3080 3051 3235 3106 nobis
3265 3050 3518 3117 facimus,
3544 3051 3588 3107 si
3619 3070 3807 3108 emcn-

523 3165 705 3204 eruere
739 3149 948 3222 (1540).
992 3150 1144 3217 Quod
1175 3149 1218 3204 si
1262 3147 1406 3204 Elias
1448 3148 1680 3203 triennio
1703 3149 1950 3204 oratione
1992 3148 2111 3218 pln-

2215 3137 2430 3192 datione
2453 3137 2542 3192 illa
2567 3139 2939 3210 deprimimus.
2957 3140 3182 3196 Elevant
3205 3158 3318 3206 nos,
3345 3145 3387 3199 si
3417 3145 3619 3200 fuerint
3640 3145 3810 3218 628

527 3241 674 3296 viam
708 3241 990 3305 avertisse,
1019 3239 1266 3295 oratione
1312 3254 1526 3294 rursum
1572 3239 1769 3310 legitur
1807 3254 1949 3304 eam,
1988 3253 2110 3295 cum

519 3329 712 3395 ‘voluit,
743 3329 1069 3395 reddidisse;
1107 3329 1282 3402 ignem
1311 3330 1377 3385 de
1399 3329 1535 3385 cmlo
1559 3344 1721 3400 super
1747 3329 1939 3400 impios
1964 3328 2110 3401 impii

527 3424 672 3494 regis
704 3422 983 3477 ministros
1011 3422 1256 3489 misisse;
1292 3423 1510 3478 Samuel
1537 3423 1724 3479 aestivo
1751 3432 1993 3494 tempore
2033 3432 2112 3480 too

517 3513 700 3568 nitrua
759 3521 947 3568 contra
1007 3523 1254 3568 naturam
1319 3515 1529 3586 mugire
1584 3512 1811 3580 fecisse;
1869 3514 2112 3585 plerique

517 3589 681 3660 etiam
725 3604 816 3658 alii
861 3613 1171 3660 sanctorum
1222 3605 1338 3660 sive
1377 3606 1430 3659 in
1466 3603 1670 3671 Veteri,
1704 3606 1819 3660 sive
1865 3608 1919 3659 in
1960 3605 2111 3662 Novo

515 3693 867 3752 Testamento
916 3695 1164 3767 quaedam
1219 3697 1469 3769 leguntur
1511 3699 1660 3768 signa
1703 3698 1772 3753 de
1817 3697 1988 3764 cmlo,
2044 3699 2112 3755 de

517 3793 683 3851 terra,
707 3786 773 3842 de
800 3789 934 3840 mari
968 3796 1333 3854 monstrasse;
1364 3804 1468 3844 non
1498 3789 1742 3844 fecerunt
1765 3805 1826 3844 ea
1861 3791 1983 3861 ipsi,
2015 3793 2111 3846 sed

517 3877 660 3934 Deus
684 3893 778 3950 per
809 3881 990 3951 ipsos;
1021 3879 1148 3935 fecit
1179 3881 1279 3936 hoc
1316 3881 1450 3936 ﬁdes
1476 3882 1616 3951 ipsa,
1645 3882 1714 3937 de
1734 3897 1836 3951 qua
1867 3884 1981 3953 ipse
2007 3883 2110 3938 Do-

517 3970 698 4026 minus
739 3969 978 4042 loquitur
1001 3972 1068 4026 ad
1098 3972 1372 4042 apostolos
1413 3967 1518 4027 ita:
1554 3970 1612 4028 Si
1652 3974 1909 4027 haberetis
1949 3975 2108 4042 ﬁdem

516 4061 652 4114 sicut
681 4077 901 4130 granum
926 4062 1143 4132 sinapis,
1169 4063 1409 4116 diceretis
1438 4063 1556 4116 huic
1580 4063 1762 4128 m'onti,
1796 4063 1938 4118 Tolle
1960 4074 2027 4129 te,
2059 4075 2107 4120 et

517 4149 714 4204 mittete
735 4151 788 4204 in
814 4166 976 4216 mare,
995 4161 1043 4206 et
1067 4151 1290 4212 obediret
1316 4152 1684 4224 vobis(Matth.
1706 4170 1838 4218 xvii,
1859 4155 1967 4225 i9).
1991 4155 2107 4212 Non

515 4249 698 4310 potest
728 4243 832 4296 hoc
865 4242 1043 4297 facere
1072 4243 1338 4309 diabolus,
1377 4259 1484 4299 non
1518 4245 1819 4300 membrum
1846 4246 1962 4316 ejus
1991 4249 2109 4316 qui-

515 4331 650 4386 libet
679 4330 994 4389 malevolus.
1022 4333 1187 4390 Facit
1228 4336 1330 4392 hoc
1360 4350 1458 4406 per
1494 4351 1686 4392 servos
1719 4353 1866 4404 suos,
1895 4354 2016 4394 cum
2055 4344 2105 4397 ei

513 4423 800 4496 placuerit,
830 4423 993 4492 Deus,
1033 4435 1109 4494 et,
1137 4442 1261 4483 cum
1296 4427 1368 4484 sit
1403 4443 1616 4484 summe
1653 4429 1846 4497 bonus,
1874 4430 2105 4504 benigne

515 4525 579 4572 ut
601 4519 799 4576 bonus.

589 4611 641 4667 5.
698 4610 805 4668 Sed
851 4611 1136 4670 redeamus
1186 4617 1253 4671 ad
1296 4615 1640 4672 Ascensionis
1685 4613 1980 4673 Dominicm
2026 4616 2105 4674 fe-

519 4711 686 4759 stum.
734 4702 870 4760 Cum
923 4705 1035 4760 lucc
1080 4705 1316 4773 dixisset,
1370 4707 1447 4760 ait
1494 4707 1673 4777 operis
1714 4707 1848 4762 tanti
1901 4707 2106 4764 relator

515 4796 785 4867 egregius,
811 4795 1100 4851 videntibus
1138 4795 1242 4852 illis
1275 4797 1501 4853 elevatus
1527 4807 1621 4864 est,
1659 4807 1708 4853 et
1740 4799 1900 4854 nubes
1928 4815 2106 4856 susce-

514 4888 589 4958 pit
615 4903 730 4940 eunt
757 4886 820 4940 ab
846 4886 1010 4942 oculis
1032 4903 1231 4942 eorum.
1247 4887 1479 4958 Cumque
1491 4887 1817 4943 intuerentur
1838 4890 1894 4944 in
1917 4889 2103 4945 coelum

514 4987 716 5032 euntem
751 4977 921 5044 illum,
957 4995 1073 5033 ecce
1107 4978 1211 5034 duo
1248 4979 1349 5034 viri
1387 4980 1660 5034 astiterunt
1689 4980 1849 5050 juxta
1889 4981 2008 5037 illos
2046 4981 2102 5036 in

586 5233 769 5297 (1559)
799 5232 997 5290 Confer
1033 5234 1381 5300 Agobardum
1418 5233 1729 5302 episcopum
1771 5233 2100 5303 Lugdunen-

2215 3230 2406 3284 subtus
2447 3245 2586 3297 nos;
2631 3231 2940 3301 deprimunt
2979 3248 3100 3298 nos,
3145 3235 3189 3289 si
3231 3234 3431 3290 fuerint
3477 3253 3640 3308 supra
3683 3255 3805 3294 nos.

2213 3323 2354 3380 Caro
2384 3335 2569 3378 nostra
2616 3325 2670 3380 in
2712 3325 2930 3383 Christo
2961 3327 3158 3383 caelum
3197 3331 3550 3397 conscendit;
3601 3347 3805 3402 sequa-

2216 3424 2304 3470 tur
2333 3430 2454 3471 eam
2486 3417 2753 3473 desiderio
2783 3417 2963 3473 anima
2999 3431 3206 3474 nostra.
3243 3421 3438 3476 Anima
3468 3422 3674 3479 Christi
3714 3425 3808 3483 illo

2216 3509 2500 3564 transferri
2537 3510 2684 3579 cupit
2721 3512 2930 3566 animas
2977 3520 3213 3578 nostras,
3259 3529 3616 3586 coopcremur
3654 3517 3806 3574 desi-

2218 3599 2369 3654 derio
2413 3598 2550 3669 ejus.
2594 3601 2733 3656 Deus
2777 3611 2859 3656 est
2903 3604 2993 3670 qui
3031 3612 3206 3674 gestat
3251 3620 3407 3672 eam;
3458 3609 3808 3679 omnipotens

2213 3689 2586 3744 misericordia
2637 3691 2781 3761 viget
2832 3701 2886 3746 et
2928 3692 3135 3764 gratia;
3214 3710 3321 3749 non
3382 3695 3687 3753 diuidamus
3737 3687 3808 3757 de

2212 3779 2602 3849 possibilitate,
2648 3781 2693 3834 si
2738 3795 2844 3836 non
2891 3781 3172 3838 deﬁcimus
3219 3785 3518 3842 voluntate.
3569 3786 3807 3845 Virtutes

2213 3871 2326 3924 vult
2379 3881 2586 3925 tantum
2637 3872 2753 3927 loco
2807 3883 3116 3944 sumptuum
3165 3877 3446 3940 nobiscum
3496 3893 3801 3952 portemus.

2214 3962 2355 4018 Vitia
2401 3972 2461 4016 ut
2505 3973 2800 4034 egestatem
2864 3967 3202 4023 mortiferam
3250 3971 3558 4041 famemque
3609 3990 3806 4046 perpe-

2213 4065 2390 4122 tuam,
2441 4059 2879 4113 contrarietatem
2928 4061 3111 4130 utique
3148 4077 3407 4119 ascensus
3459 4069 3635 4121 nostri
3682 4083 3804 4139 per-

2211 4149 2450 4215 nosiam,
2483 4150 2570 4204 hic
2621 4150 3022 4221 relinquamus:
3056 4154 3144 4209 hic
3181 4155 3342 4210 etiam
3376 4158 3727 4216 demorantes
3770 4176 3802 4218 ι

2211 4239 2517 4296 festinando
2554 4241 2664 4295 illic
2714 4257 2988 4312 nunquam
3032 4258 3337 4301 cessemus:
3387 4248 3596 4319 absque
3641 4252 3802 4308 dubio

2211 4331 2355 4385 enim
2387 4333 2475 4386 ubi
2502 4331 2752 4388 Christus
2789 4347 2910 4388 cum
2951 4349 3114 4390 carne
3153 4346 3338 4391 nostra
3366 4347 3471 4407 est,
3521 4343 3803 4410 pervenie-

2210 4438 2353 4490 mus,
2400 4424 2447 4480 si
2498 4440 2530 4479 a
2579 4425 2916 4482 desderando
2963 4427 3079 4498 ipso
3124 4429 3347 4484 minime
3381 4434 3798 4505 cessaverimus,

2129 4503 2184 4565 D
2211 4512 2379 4586 ipsius
2407 4515 2698 4586 adiuvante
2731 4517 3036 4585 clementia,
3065 4521 3158 4592 qui
3185 4538 3310 4578 cum
3330 4521 3516 4592 Patre,
3546 4535 3657 4582 etc.

2817 4652 3050 4712 SERMO
3097 4655 3190 4711 1X.

2397 4764 2582 4838 (1545)
2617 4783 2682 4823 nr:
2719 4781 3036 4824 sscsnsrouz
3075 4785 3259 4826 DOIINI
3300 4785 3338 4826 ιι
3378 4769 3502 4844 [al.,
3547 4770 3613 4846 ι].

2281 4879 2333 4932 1.
2366 4878 2501 4934 Cum
2537 4894 2672 4950 pene
2720 4881 2776 4935 in
2806 4881 3056 4938 onmibus
3101 4883 3170 4938 ab
3206 4884 3557 4955 antiquorum
3601 4886 3797 4943 studiis

2209 4969 2432 5026 Patrum
2479 4980 2586 5028 tam
2633 4973 2754 5028 vitae
2783 4981 2984 5030 nostra:
3021 4976 3290 5048 discrepet
3331 4977 3568 5050 qualitas
3630 4995 3793 5052 quam

2277 5223 2460 5304 (1542)
2517 5232 2706 5305 (Ζοάειι
2738 5232 2972 5306 Frising.
3011 5233 3104 5293 Bis
3135 5239 3228 5294 hoc
3263 5255 3281 5295 :
3329 5243 3498 5306 primo
3544 5260 3667 5306 quia
3713 5245 3792 5299 ter
