4044 5348
181 193 291 248 741

1645 192 1773 246 SER
1784 190 2031 247 SIONES.

3377 190 3482 248 742

179 307 492 372 doctrinae;
528 308 577 361 in
610 307 712 363 hoc
741 322 973 378 quoque,
1009 305 1201 369 fateor,
1232 318 1338 359 non
1371 320 1558 375 parum
1590 303 1786 358 disror-
1815 309 1863 368 Α
1894 302 2131 356 tenebris
2164 301 2306 356 enim
2336 299 2478 373 quod
2511 301 2811 367 sedeamus,
2846 302 2951 372 ipsi
2977 303 3131 358 nobis
3181 311 3346 361 testes
3390 320 3483 362 su—

180 400 304 465 dat,
343 402 486 469 quod
529 401 579 453 in
629 400 847 464 talibus,
880 410 937 453 nt
977 408 1058 453 est
1089 400 1211 463 ista,
1247 399 1676 453 solemnitatibus
1714 398 1784 451 illi

180 490 448 559 primitus
484 491 551 545 de
587 490 859 557 Evangelii
897 498 1124 543 tractatu
1158 503 1460 543 sermonem
1508 490 1787 552 cadentes,

184 581 259 633 ad
290 580 787 635 considerationem
822 581 1060 650 cjusdem
1094 580 1447 633 solemnitatis
1483 580 1786 633 auditorum

180 680 313 739 post
363 671 574 724 animos
626 671 959 735 incitabant;
1010 669 1132 723 hinc
1171 670 1386 724 demum
1428 669 1789 724 admonitiun-

179 760 331 825 cula,
365 775 474 831 quo
504 761 673 831 magis
705 760 976 824 valebant,
1009 759 1325 815 succinctim
1357 769 1542 829 aperta
1592 759 1641 812 in
1680 760 1787 813 line

179 854 424 922 prolata,
460 860 586 905 uta
643 852 796 906 malis
841 868 898 905 se
948 852 1287 916 cohiberent,
1334 860 1387 905 et
1440 851 1787 921 bcneplacitis

185 944 301 998 Deo
361 944 705 1008 insisterent,
758 943 1039 998 sollicitius
1096 943 1351 1007 eosdem,
1385 958 1520 1013 quos
1569 942 1784 998 allocuti

179 1036 427 1100 fuerant,
481 1040 941 1091 commonebant:
997 1036 1152 1089 nobis
1202 1046 1387 1089 contra
1430 1036 1481 1089 in
1534 1036 1663 1105 ipsis
1712 1036 1785 1089 lo-

180 1129 388 1197 qnendi
422 1129 734 1197 primordiis
770 1128 1059 1182 observare
1104 1129 1388 1182 conveniat
1445 1129 1587 1197 quod
1636 1128 1785 1183 Psal-

182 1222 353 1274 mista
399 1220 617 1276 suadet:
654 1221 1104 1291 Prtcoccupetnus,
1144 1222 1411 1291 inquiens,
1455 1220 1640 1289 faciem
1685 1221 1787 1273 Do-

186 1313 323 1364 mini
354 1313 407 1364 in
451 1312 775 1380 confessione
803 1312 973 1382 (Psal.
1008 1328 1148 1377 xcrv,
1182 1314 1241 1383 :2)
1274 1314 1571 1376 (subaudiri
1620 1323 1675 1365 ut
1722 1313 1787 1367 li-

186 1412 334 1465 ceat,
371 1413 718 1473 peccatorum
754 1407 1085 1475 nostrorum)
1116 1413 1165 1459 et
1198 1405 1337 1474 quod
1370 1405 1503 1459 alter
1541 1425 1551 1458 :
1592 1405 1683 1458 Dic
1708 1416 1784 1473 tu,

182 1497 387 1566 inquit,
446 1499 591 1566 prior
635 1498 935 1567 iniquitates
981 1508 1119 1560 tuas,
1172 1508 1225 1550 ut
1269 1497 1578 1566 justi/icerfs
1628 1496 1783 1567 (Isai.

182 1603 343 1651 mu,
375 1587 497 1658 26):
538 1597 593 1642 ut
631 1588 967 1659 justiliceris,
996 1588 1237 1657 inquam,
1271 1604 1373 1642 non
1406 1588 1683 1657 judiceris.
1724 1590 1786 1643 Si

1892 411 2028 455 mus,
2090 394 2271 467 (1545)
2323 396 2411 465 qui
2457 396 2765 451 obscuratis
2818 398 3016 452 mentis
3058 399 3356 467 obtutibus,
3411 395 3482 455 ad

1890 487 2066 557 ignem
2099 500 2197 539 nos
2239 500 2484 556 pergere,
2516 502 2646 550 non,
2682 497 2739 541 ut
2766 502 2901 559 opus
2935 489 3131 555 fuerat,
3178 490 3481 546 cernimus.

1890 578 2094 632 Lumen
2130 593 2257 632 vero
2313 578 2432 633 CtBll
2468 587 2551 631 est
2600 579 2820 633 claritas
2857 581 3084 647 Christi,
3138 597 3244 652 qua
3276 583 3485 641 scilicet

1889 686 2050 740 supra
2085 670 2283 741 angeli,
2314 670 2448 724 infra
2477 669 2850 726 illuminantnr
2892 672 3137 729 homines
3166 677 3362 741 sancti,
3406 676 3481 732 illi

1890 762 1955 817 ad
1985 764 2296 829 tenendum,
2325 763 2409 817 isti
2436 764 2501 817 ad
2558 761 2993 829 desiderantium,
3031 775 3258 838 uterque
3298 769 3363 824 ad
3396 783 3482 824 so—

1889 854 2101 909 cialiter
2130 854 2453 925 quandoque
2498 855 2801 912 fruendum.
2839 856 2937 925 Qui
2970 874 3098 930 ergo
3130 876 3235 915 non
3285 860 3484 916 illumi-

1889 955 2052 999 natur
2102 961 2241 999 tlllllC
2287 946 2351 998 ad
2386 945 2820 1012 desiderandum,
2848 958 3006 1017 putas
3035 964 3156 1003 eum
3189 948 3484 1006 illuminari

1887 1053 2045 1108 p0sse
2072 1046 2195 1091 tunc
2239 1037 2304 1090 ad
2339 1038 2663 1091 tenendum?
2713 1037 2881 1105 Quale
2913 1056 3039 1094 vero
3087 1039 3393 1109 hujusmodi
3426 1042 3481 1098 in

1888 1130 2125 1203 qualibet
2152 1130 2495 1185 solemnitate
2524 1130 2774 1201 gaudium
2804 1131 2946 1186 valet
2974 1132 3195 1199 habere,
3224 1135 3327 1190 nisi
3362 1149 3476 1190 om-

1889 1221 2014 1275 nino
2049 1221 2243 1273 inane?

1958 1311 2009 1364 5.
2064 1310 2293 1365 Maxima
2339 1311 2437 1365 ista
2491 1313 2582 1365 sed
2616 1312 2774 1367 hodie
2807 1322 2909 1379 cst,
2968 1313 3184 1382 fratres,
3214 1314 3483 1373 festivitas

1889 1404 2157 1465 maxima;
2208 1404 2299 1457 sed
2336 1404 2512 1458 lumen
2548 1406 2669 1459 coeli
2715 1404 3063 1462 considerare
3092 1425 3263 1479 neque
3292 1410 3481 1465 valen-

1892 1494 2051 1558 tibus,
2089 1511 2261 1564 neque
2294 1495 2618 1560 volentibus,
2658 1495 2821 1559 nulla,
2845 1498 3011 1562 nulla,
3038 1498 3278 1567 inquam,
3313 1499 3477 1555 nulla.

1890 1585 2071 1655 (ifilli)
2107 1586 2186 1641 Sit
2212 1596 2387 1641 tamen
2415 1604 2535 1640 cum
2569 1590 2835 1643 veraciter
2876 1588 3225 1647 Ascensionis
3264 1591 3483 1649 Domini

184 1681 533 1749 nosmetipsos
580 1681 715 1733 enim
746 1681 1183 1767 dijudicaremqs,
1219 1681 1294 1733 ait
1336 1682 1643 1749 Apostolus,
1684 1698 1787 1735 non
1818 1686 1861 1746 Β
1894 1677 2157 1732 festivitas
2206 1679 2384 1742 hodie,
2421 1680 2651 1733 maxime
2681 1683 3004 1752 cpisc0palis
3053 1684 3299 1739 vocabuli
3349 1699 3486 1757 quo-

184 1771 747 1841 utiqnejudicarenmr
779 1771 830 1842 (I
863 1772 983 1825 Cor.
1020 1789 1079 1838 ιι,
1113 1772 1237 1840 51),
1272 1773 1320 1826 id
1350 1783 1452 1837 est,
1480 1774 1521 1826 si
1558 1792 1652 1827 nos
1686 1775 1782 1844 ipsi

184 1862 460 1914 veraciter
489 1876 888 1924 accusaremus,
920 1877 1024 1916 non
1060 1880 1087 1916 a
1124 1863 1347 1916 llmnino
1379 1864 1781 1918 damnarentur.

188 1954 477 2010 Veraciter
504 1972 625 2008 nam
659 1970 716 2010 se
756 1965 992 2019 accusat,
1028 1972 1118 2025 qut
1153 1974 1254 2010 non
1295 1958 1360 2010 de
1401 1973 1457 2012 se
1485 1956 1624 2010 aliud
1658 1957 1785 2011 dicit

184 2062 349 2116 quam
377 2046 519 2116 quod
549 2047 724 2117 egisse
762 2061 818 2101 se
852 2048 1118 2112 meminit,
1156 2057 1209 2100 et
1238 2048 1326 2116 qui
1354 2047 1419 2101 de
1454 2064 1517 2117 eo
1555 2048 1696 2117 quod
1728 2062 1786 2103 se

184 2146 429 2202 accusat,
468 2136 597 2190 nulli
626 2137 737 2202 alii,
768 2136 813 2190 si
845 2138 909 2191 de
954 2151 1011 2190 se
1048 2137 1150 2189 hoc
1182 2136 1321 2189 idem
1354 2116 1518 2201 dit-at,
1564 2154 1785 2192 succen-

188 2241 310 2294 set;
351 2231 396 2284 si
430 2231 626 2284 malmn
654 2231 798 2299 quod
832 2229 1120 2285 conﬁtetur
1153 2239 1489 2296 eXsecratur,
1518 2241 1571 2284 et
1597 2246 1783 2285 emen-

188 2321 320 2374 dare
347 2336 447 2389 pro
474 2322 677 2375 viribus
710 2322 930 2386 nititur;
960 2321 1002 2375 si
1028 2330 1271 2390 repetere
1299 2321 1438 2375 ultro
1468 2333 1713 2386 veretur;
1741 2322 1786 2376 si

188 2413 253 2467 de
294 2427 359 2467 eo
405 2413 694 2469 salubriter
738 2412 1110 2468 confunditur.
1155 2412 1287 2467 Nam
1337 2416 1382 2468 si
1423 2414 1610 2481 aliter,
1655 2431 1788 2470 voce

188 2505 469 2560 Dominica
511 2505 627 2574 ejus
661 2506 854 2559 animte
899 2506 1125 2560 dicitur:
1179 2504 1349 2571 Quam
1392 2504 1505 2558 vilis
1548 2506 1689 2575 facta
1732 2522 1784 2559 es

188 2596 388 2651 iterans
430 2597 538 2650 rius
578 2607 695 2650 tuas
742 2595 875 2667 (Jer.
915 2613 996 2661 Ill,
1048 2597 1157 2668 56).
1197 2597 1350 2665 Quod
1393 2595 1571 2651 facere
1601 2597 1787 2667 utique

189 2688 375 2743 taliter
410 2688 458 2743 ei
503 2690 845 2743 interdicitur
873 2706 1124 2759 quoque:
1178 2686 1261 2743 Nc
1293 2691 1443 2743 iteres
1485 2690 1692 2744 verbum
1734 2694 1788 2746 in

192 2783 429 2835 oratione
465 2792 554 2835 tua
605 2782 802 2853 (Eccle.
830 2799 943 2843 xrx,
988 2783 1097 2851 17),
1133 2784 1183 2837 id
1226 2794 1328 2849 est,
1371 2800 1436 2838 ne
1480 2784 1787 2838 confessum

191 2873 381 2936 iteres,
411 2882 470 2925 ut
508 2873 579 2927 sit
613 2887 834 2927 necesse
865 2874 958 2927 tibi
992 2874 1185 2927 iterum
1216 2873 1460 2927 confiteri
1507 2873 1633 2928 illud
1664 2890 1787 2943 pec-

190 2976 394 3021 catum.
420 2966 553 3021 Cum
583 2968 724 3021 enim
755 2984 1007 3037 peccasse
1040 2985 1138 3023 nos
1174 2969 1413 3037 graviter
1438 2978 1491 3023 et
1522 2985 1785 3041 recogno-

1890 1772 2047 1825 mo:lo
2078 1772 2237 1823 silere
2284 1772 2497 1836 sinitur,
2530 1774 2629 1827 etsi
2662 1775 2796 1827 desit
2847 1774 3116 1841 facundia,
3147 1776 3335 1833 saltem
3362 1778 3488 1849 gar-

1891 1863 2016 1914 ritio
2047 1862 2342 1932 pauxillum
2372 1864 2583 1933 perita?
2634 1862 2741 1918 Sed
2773 1866 2927 1935 cujus
2980 1877 3061 1921 est
3095 1867 3305 1923 Domini
3351 1869 3481 1937 ista,

1890 1971 2042 2024 rogo,
2092 1954 2393 2009 festivitas?
2447 1952 2648 2010 Christi
2702 1957 2905 2026 utique,
2956 1965 3007 2010 et
3056 1950 3119 2011 ex
3168 1973 3234 2012 eo
3293 1959 3485 2031 utique

1889 2048 2109 2106 Christi,
2145 2048 2286 2116 quod
2320 2044 2571 2101 Christus
2596 2062 2695 2117 pro
2748 2049 2902 2102 nobis
2928 2048 3177 2118 dignatus
3206 2058 3289 2106 est
3325 2049 3485 2107 efﬁci.

1890 2139 2131 2195 Dilexisti
2163 2138 2306 2192 enim
2324 2138 2608 2208 justitiam,
2655 2148 2709 2193 et
2748 2140 2905 2193 odisti
2948 2140 3273 2211 iniquitatem
3307 2142 3487 2212 (canit

1888 2232 1955 2287 de
1984 2252 2045 2286 co
2072 2230 2398 2299 Psalmista).
2422 2227 2709 2300 Propterea
2738 2232 2882 2285 unxit
2917 2242 2965 2286 te
2995 2230 3157 2297 Deus,
3180 2232 3315 2288 Deus
3338 2244 3486 2302 tuus,

1890 2322 1999 2377 oleo
2020 2320 2382 2375 exsultationis
2411 2338 2520 2391 prte
2546 2324 2887 2392 participibus
2909 2325 3013 2378 tuis
3060 2322 3234 2396 (Paul.
3271 2340 3380 2391 ιιι,
3404 2327 3483 2397 8).

1889 2416 2061 2484 Quam
2084 2414 2388 2483 justitiam?
2437 2416 2658 2471 Scilicet
2690 2417 2860 2481 illam,
2893 2433 2997 2489 qua
3021 2417 3231 2487 justum
3270 2416 3487 2478 censuit

1890 2525 2032 2575 esse,
2083 2519 2139 2562 ut
2195 2518 2447 2563 creatura
2478 2509 2549 2573 ei,
2581 2511 2671 2580 qui
2726 2524 2782 2564 se
2820 2522 3123 2578 creaverat,
3161 2511 3483 2570 deserviret.

1890 2603 2061 2671 Quam
2114 2604 2496 2673 iniquitatem?
2548 2603 2663 2671 Qua
2715 2606 2967 2660 videlicet
3012 2607 3175 2662 homo
3213 2607 3487 2663 serviebat

1890 2695 2119 2757 diabolo,
2178 2697 2266 2765 qui
2300 2696 2365 2749 ad
2420 2697 2761 2751 serviendum
2822 2696 3071 2752 conditus
3122 2697 3298 2752 fuerat
3354 2698 3486 2753 Deo.

1895 2787 2189 2856 Propterea
2217 2787 2381 2857 igitur
2412 2788 2565 2840 unxit
2592 2804 2715 2842 eum
2750 2787 2888 2842 Deus
2911 2788 3029 2843 oleo
3056 2789 3277 2856 ltetitim,
3304 2790 3354 2845 id
3379 2802 3484 2857 est,

1892 2876 2268 2932 misericordia
2299 2877 2411 2946 ipsa
2444 2877 2618 2931 induit
2644 2893 2788 2942 Clllll,
2819 2878 3491 2952 quzelaztilicaretangelos

1893 2971 1958 3022 de
2006 2967 2446 3022 reconciliatione
2478 2969 2692 3039 generis
2722 2968 2939 3023 humani
2970 2970 3135 3041 63o
3176 2984 3205 3024 a
3229 2987 3326 3027 suo
3360 2976 3491 3027 coné

192 3060 397 3113 scimus
428 3068 482 3113 et
528 3059 787 3123 dicimus;
834 3076 1020 3129 pmnas
1049 3061 1234 3125 etiam,
1282 3077 1417 3130 quas
1452 3061 1632 3115 subire
1665 3079 1788 3132 pro-
1815 3075 1861 3139 ρ
1893 3062 2062 3116 sortio
2087 3059 2350 3114 diabolica
2382 3058 2567 3113 fraude
2597 3059 2813 3143 seclusi.
2849 3060 2910 3114 Et
2936 3065 3062 3131 quia
3109 3064 3297 3117 eadem
3323 3065 3489 3118 mise-

189 3158 309 3219 pter
333 3146 501 3220 629
534 3150 635 3203 hoc
675 3150 945 3204 debitores
977 3167 1185 3214 sumus,
1218 3151 1437 3221 insuper
1479 3150 1785 3205 referimus.

194 3238 250 3294 Si
286 3255 473 3294 earum
512 3240 705 3294 saltem
755 3249 898 3295 metu
950 3256 979 3295 a
1028 3241 1182 3295 malis
1234 3258 1339 3295 non
1393 3242 1791 3312 compescimur

193 3333 592 3406 perpetrandis,
635 3333 854 3387 clamari
901 3348 968 3387 ex
1015 3334 1232 3403 obliquo
1275 3334 1372 3404 ipsi
1415 3335 1789 3403 compellinms

194 3427 348 3481 nobis
375 3444 386 3479 :
418 3426 498 3479 De
523 3442 611 3479 ore
635 3436 724 3478 tuo
748 3435 795 3479 te
820 3426 1027 3495 judico,
1072 3444 1215 3480 serve
1240 3444 1457 3496 nequam
1484 3426 1637 3497 (Luc.
1670 3444 1787 3495 arx,

192 3518 301 3590 2‘2).
330 3518 405 3572 De
439 3518 711 3588 corporali
743 3534 871 3572 vero
895 3519 939 3573 si
966 3518 1068 3572 hoc
1110 3520 1335 3573 faciams
1374 3521 1609 3574 maxime
1658 3520 1792 3574 deli-

194 3622 297 3675 cto,
326 3612 509 3667 oblata
541 3627 860 3667 consecrare
895 3613 1267 3669 interdicimus
1302 3613 1399 3683 ipsi
1432 3614 1587 3668 nobis
1610 3616 1785 3668 υιιιιιὶ-

195 3719 280 3767 no,
318 3720 480 3759 nosse
522 3718 619 3758 nos
656 3702 755 3758 nisi
788 3702 1209 3767 dissimulamus,
1242 3704 1385 3772 quod
1429 3704 1612 3774 (1514)
1649 3703 1790 3758 Nco-

197 3798 504 3851 caesariensi
530 3796 839 3851 continetur
864 3797 1094 3853 concilio
1125 3813 1245 3865 cap.
1278 3796 1330 3851 9.

262 3887 313 3941 2.
354 3888 510 3955 Quod
533 3904 655 3943 cum
690 3889 757 3942 ita
790 3889 879 3952 sit,
913 3889 1041 3959 quid
1091 3890 1156 3943 de
1204 3888 1358 3942 nobis
1401 3887 1604 3952 dicere,
1649 3888 1781 3958 quid

197 3980 379 4035 saltem
405 3996 699 4050 possumus
726 3979 1005 4050 cogitare?
1038 3979 1092 4034 Si
1118 3979 1349 4034 locuturi
1374 3980 1517 4035 enim
1548 3981 1698 4035 vobis
1734 3981 1790 4036 in

195 4071 535 4127 confessione
567 4069 759 4125 faciem
789 4072 997 4125 Domini
1022 4071 1383 4140 prmvenimus
1419 4067 1606 4141 (Psal.
1642 4086 1787 4137 xciv,

193 4163 281 4235 2),
309 4166 409 4219 hoc
433 4174 537 4229 est,
566 4163 611 4218 Si
645 4173 930 4234 antequam
962 4164 1029 4216 ad
1057 4161 1173 4230 ejus
1211 4160 1475 4230 judicium
1510 4162 1790 4240 veniamus

197 4258 554 4320 narrandum,
611 4255 710 4324 ipsi
764 4271 855 4309 vos
896 4254 1161 4309 veraciter
1207 4269 1548 4319 accusamus,
1595 4269 1787 4322 panem

194 4350 345 4404 vobis
369 4347 752 4419 porrigendum
776 4363 881 4417 qua
910 4345 1127 4401 licentia
1150 4346 1577 4401 eonsecramus?
1604 4345 1659 4399 Si
1685 4346 1789 4399 hoc
1814 4410 1817 4413 _

1898 3151 2131 3205 ricordia
2164 3168 2230 3205 ex
2282 3150 2405 3204 filiis
2462 3150 2658 3206 diaboli
2703 3153 2919 3221 quidam
2952 3154 3043 3209 filii
3088 3155 3181 3210 Dei
3210 3166 3365 3211 erant
3394 3168 3494 3228 per

1895 3241 2239 3310 adeptionem
2293 3239 2480 3308 futuri,
2511 3243 2602 3312 qui
2658 3243 2845 3313 utique
2874 3246 3167 3316 participes
3193 3248 3495 3305 existerent

1895 3334 1965 3396 ei,
1997 3334 2087 3404 qui
2119 3350 2221 3387 non
2249 3348 2343 3403 per
2387 3334 2754 3405 adoptionem,
2788 3337 2882 3391 sed
2932 3353 3028 3408 per
3078 3347 3324 3394 naturam
3372 3346 3493 3397 erat

1892 3424 2063 3479 Filius
2086 3426 2213 3490 Dei;
2244 3442 2355 3496 prae
2376 3426 2732 3495 participibus
2763 3428 2875 3482 suis
2900 3428 3096 3482 dicitur
3124 3438 3334 3493 unctus,
3357 3431 3488 3501 quia

1894 3518 2105 3572 caneris
2134 3517 2200 3571 ad
2230 3533 2540 3571 mensuram
2574 3528 2656 3573 est
2681 3520 2805 3572 data
2832 3522 3022 3574 eadem
3038 3520 3278 3591 Spiritus
3308 3521 3487 3579 sancti

1895 3608 2088 3679 gratia,
2128 3609 2179 3663 in
2214 3610 2329 3679 ipso
2358 3620 2537 3663 autem
2572 3610 2785 3665 habitat
2814 3612 2991 3666 omnis
3022 3613 3300 3681 plenitudo
3350 3615 3492 3670 divi-

1895 3701 2083 3755 uitatis
2114 3702 2469 3773 corporaliter
2515 3701 2826 3775 (Coloss.tt,
2880 3706 2957 3775 9),
3010 3706 3060 3760 id
3119 3715 3203 3761 est
3234 3690 3485 3774 pleniter,

1895 3792 2022 3845 dum
2050 3793 2236 3863 utique
2262 3796 2456 3863 ipsum,
2491 3796 2633 3865 quod
2660 3811 2758 3865 pro
2776 3796 2929 3851 nobis
2953 3812 3148 3867 corpus
3170 3792 3490 3868 assumpsit,

1894 3882 2036 3938 Deus
2065 3885 2200 3939 adeo
2230 3894 2371 3940 totus
2400 3886 2643 3957 replevit,
2684 3897 2740 3941 ut
2772 3888 2910 3943 sicut
2944 3888 3326 3960 (l547)mente
3349 3882 3488 3957 ejus,

1894 3977 1966 4032 ita
1990 3988 2044 4033 et
2076 3995 2237 4034 carne
2272 3980 2378 4035 Deo
2410 3981 2636 4051 repleta,
2660 3996 2727 4035 ex
2758 3981 2965 4036 duabus
2991 3982 3118 4035 etin
3152 3981 3360 4037 duabus
3394 3999 3491 4036 na-

1896 4070 2031 4124 turis
2063 4086 2169 4125 non
2201 4072 2307 4126 duo
2328 4074 2422 4126 sed
2457 4088 2596 4126 unus
2632 4075 2703 4126 sit
2735 4072 2992 4129 Dominus
3013 4072 3171 4129 Jesus
3210 4074 3484 4141 Christus,

1890 4177 2072 4227 verus,
2104 4172 2163 4218 ut
2192 4164 2354 4220 Pater
2400 4175 2452 4219 et
2486 4165 2742 4236 Spiritus,
2797 4182 2895 4236 per
2919 4168 3099 4221 omnia
3133 4168 3295 4235 Deus,
3335 4184 3490 4224 cum-

1891 4270 1996 4325 que
2027 4255 2131 4310 illis
2181 4272 2286 4309 non
2318 4266 2429 4310 tres
2461 4257 2553 4311 sed
2585 4274 2724 4311 unus
2772 4257 2958 4311 vivens
2988 4259 3038 4311 in
3069 4259 3263 4313 saacula
3314 4258 3480 4314 Deus.

1894 4346 2006 4402 Nisi
2038 4347 2198 4415 igitur
2238 4342 2384 4402 Deus
2417 4364 2638 4402 carnem
2668 4356 2908 4403 nostram
2943 4350 3369 4405 misericorditer
3399 4351 3478 4403 in-

196 4457 300 4497 non
329 4441 580 4505 facimus,
608 4442 748 4510 quod
796 4440 1049 4511 loquendi
1071 4440 1352 4495 exordium
1387 4440 1635 4505 facimus,
1675 4439 1783 4495 imo
1811 4441 1865 4500 D
1890 4441 2114 4504 duisset,
2144 4455 2260 4493 eam
2285 4440 2337 4494 in
2368 4440 2565 4495 etelum
2593 4441 2811 4495 minime
2838 4442 3102 4497 levasset:
3137 4443 3237 4497 nisi
3269 4456 3388 4496 eam
3422 4426 3497 4496 in

196 4534 320 4605 quid
345 4536 496 4589 vobis
524 4548 761 4601 unquam
789 4549 885 4601 pro
906 4531 1087 4587 debito
1108 4531 1378 4587 dicimus?
1402 4533 1477 4586 De
1501 4532 1785 4602 gaudendo

195 4627 391 4699 quippe
422 4627 580 4681 nobis
628 4640 731 4678 non
760 4623 902 4677 aliud
929 4624 1110 4678 dicere
1153 4638 1460 4694 possumus,
1506 4624 1609 4679 nisi
1641 4624 1785 4693 quod

197 4719 416 4775 Tobiam
479 4717 676 4789 angelo
734 4714 1079 4786 respondisse
1147 4715 1539 4786 comperimus:
1618 4714 1787 4781 Quale

199 4814 359 4879 enim,
388 4815 463 4869 ait
494 4812 605 4877 ille,
635 4810 789 4882 quale
818 4811 945 4864 mihi
967 4810 1065 4864 erit
1098 4810 1370 4879 gaudium,
1408 4810 1499 4879 qui
1551 4811 1604 4864 in
1648 4820 1788 4863 tene—

201 4906 300 4960 bris
318 4906 494 4970 sedeo,
528 4912 579 4957 et
605 4902 781 4956 lumen
805 4902 917 4956 caeli
942 4917 1046 4955 non
1078 4900 1222 4957 video
1245 4899 1454 4973 ?(Tob.
1494 4916 1547 4965 v,
1576 4900 1689 4973 12.)
1729 4900 1788 4956 lu
1853 4928 1864 4940 -

264 5038 447 5108 (13M)
492 5035 553 5090 ln
622 5034 1043 5108 Neocaesariensi
1092 5036 1303 5103 quidem
1355 5034 1584 5108 concilio
1638 5050 1687 5091 (ε.
1734 5036 1787 5101 9,

197 5124 369 5165 sermo
395 5106 486 5163 est
513 5108 584 5161 de
634 5107 898 5174 corporali
947 5115 1169 5174 peccato
1218 5117 1346 5162 ante
1384 5106 1789 5162 ordinationem

196 5182 520 5235 commisso:
560 5174 833 5245 Presbyter
852 5178 897 5230 si
936 5189 1325 5247 prwoccupatus
1367 5180 1629 5243 corporali
1672 5194 1791 5245 pec-

194 5263 304 5348 catp
329 5249 760 5348 provehatuquet
783 5246 1061 5348 confesgts'
1096 5246 1251 5313 luerit
1275 5250 1343 5301 de
1366 5260 1441 5304 se,
1498 5253 1637 5348 quolq
1668 5257 1790 5348 apte

200 5340 267 5348 ιι...
289 5323 576 5348 ζ..,.σε.ι-ιιιη“ι
604 5334 618 5348 ι
641 5333 665 5348 Δ
694 5329 866 5348 ρηιιηνιι
927 5334 954 5348 n
1014 5332 1040 5348 Il
1069 5333 1094 5348 ll
1124 5335 1223 5348 “nn
1280 5329 1542 5348 Ληηοιιιιιηι
1642 5328 1687 5348 nl
1719 5334 1790 5348 in-

363 5323 576 5348 .a:n..nnu
604 5314 866 5348 ιΙαΙῖηιιηι-ἶι
927 5313 1094 5348 nia/nl"
1124 5335 1223 5348 “nn
1280 5329 1542 5348 Ληηοιυιιηι

1858 5248 1878 5262 ⁹
1903 5316 1927 5348 Γ
1967 5247 2150 5315 (1546)
2176 5246 2476 5348 (Ξοιιειιᾛθε

1926 5320 2149 5348 suum...
2193 5345 2197 5348 _
2233 5329 2476 5348 ρηηρηιη

1890 4532 2084 4587 εωιιιιιι
2111 4530 2362 4597 levasset,
2396 4532 2536 4587 hanc
2565 4532 2703 4587 diem
2732 4533 2886 4589 nobis
2916 4534 3136 4589 minime
3159 4533 3485 4589 dedicasset.

1889 4621 2089 4676 Christi
2112 4636 2242 4691 ergo
2263 4631 2346 4676 est
2371 4622 2492 4688 ista,
2518 4621 2738 4690 fratres,
2761 4623 3097 4689 solemnitas,
3121 4625 3213 4679 sed
3244 4637 3347 4676 non
3370 4624 3490 4678 sine

1890 4712 2245 4783 participibus
2261 4713 2401 4778 suis;
2423 4714 2519 4769 hos
2551 4714 2694 4769 enim
2717 4729 2900 4769 secum
2915 4715 3127 4768 vexitin
3154 4712 3348 4768 coelum
3389 4715 3494 4766 mi-

1892 4822 2010 4861 rum
2037 4806 2184 4862 dictu
2217 4808 2229 4859 Ξ
2272 4805 2437 4860 etiam
2462 4807 2691 4862 necdum
2728 4814 2886 4861 natos
2918 4806 2971 4859 in
3002 4814 3147 4861 terra

1965 4900 2019 4954 4.
2046 4899 2248 4956 Omnes
2276 4913 2405 4968 ergo
2456 4899 2811 4954 festivitatum
2843 4897 3196 4953 decursioues
3233 4908 3357 4948 cum
3389 4908 3492 4962 pro

1894 5035 2162 5089 aerarium
2186 5046 2336 5089 num.
2364 5030 2450 5086 10.

1966 5106 2150 5176 (1545)
2199 5104 2501 5159 Construe:
2530 5101 2635 5176 Qui
2667 5099 2931 5153 obtutibus
2977 5100 3165 5153 tuentis
3196 5096 3497 5176 obscuratis

1894 5192 1997 5230 non
2025 5165 2308 5235 cernimus,
2340 5184 2394 5223 ut
2428 5165 2576 5244 opus:
2592 5172 2787 5240 fuerat,
2816 5184 2909 5222 nos
2937 5183 3153 5244 pergere
3181 5166 3250 5221 ad
3288 5165 3498 5244 ignem.

2537 5239 2667 5295 (lum
2725 5250 2898 5292 tamen
2935 5239 3093 5291 hodie
3126 5239 3381 5292 veraciter
3430 5239 3499 5290 sit

2233 5314 2513 5348 cnancinnie
2552 5309 2754 5348 “(inlini
2776 5325 2787 5335 ·
2810 5309 3073 5348 ηυηηιηήη
3104 5309 3296 5348 cinihn'
3346 5303 3507 5348 silphi
