4044 5348
567 299 677 359 745
1476 299 1808 356 RATHERII
1847 301 2062 360 EPISC.
2104 303 2358 362 VERON.
2399 308 2548 365 OPP.
2587 309 2770 367 PARS
2805 311 2897 369 Ill.
3740 319 3860 376 744

562 419 784 479 Christo
803 415 1230 489 etparticipibus
1252 414 1512 472 instituta:
1532 417 1641 472 sint
1667 415 2007 487 Christi,qui
2033 418 2546 494 vultAbaptisatus
2598 426 2778 496 fuerit,
2857 427 3031 483 saluus
3086 428 3183 484 erit
3230 428 3448 501 (Marc.
3517 446 3632 500 1m,
3703 434 3854 505 {6),

569 512 627 569 in
650 511 842 582 quavis
873 509 1088 566 illarum
1114 519 1324 578 partem
1359 507 1583 574 habere,
1605 508 1823 564 studeat
1847 510 1988 578 quod
2019 508 2149 565 fecit
2250 516 2520 581 noverint,
2543 517 2693 587 quia,
2721 533 2844 574 cum
2873 519 2960 588 sit;
2982 513 3324 577 verisSimum
3377 531 3567 593 utpote
3597 525 3859 581 veritatis

561 612 622 661 et
648 603 766 672 ipse
807 601 1007 658 facere.
1039 600 1168 667 Sed,
1202 600 1308 655 heu
1356 599 1540 656 dolor!
1595 599 1929 670 negleximus
1961 616 2134 672 agere.

2247 623 2344 664 ore
2373 609 2676 678 prolatum;
2706 610 2813 668 illis
2863 620 3071 668 tantum
3095 624 3199 680 est,
3229 615 3424 686 quibus
3449 620 3725 690 congruit,
3752 635 3857 676 ve-

561 691 852 750 Exhortati
875 691 1022 747 enim
1044 704 1168 744 cum
1189 703 1286 745 vos
1315 687 1608 746 fuissemus
1636 704 1745 746 non
1771 691 1936 748 semel
1961 691 2134 764 (1548]

2248 715 2408 767 rum;
2437 699 2603 771 Signa
2627 703 2784 769 enim,
2809 703 2906 770 ait,
2939 721 3026 760 eos
3070 707 3160 776 qui
3213 708 3554 773 crediderint,
3604 710 3718 764 Iure
3768 728 3859 765 se-

561 789 619 846 in
653 785 1084 858 praecedentibus
1132 783 1460 840 festivitates
1491 782 1627 840 istas
1655 783 1864 850 diebus,
1907 794 1966 840 ut
2000 784 2148 841 solli-

559 880 656 938 citi
683 894 838 937 serva
847 893 903 934 re
917 877 1185 934 unitatem
1201 875 1427 947 spiritus
1441 874 1495 931 in
1519 875 1735 932 vinculo
1749 877 1899 946 pacis
1926 876 2143 947 (Ephes.

565 989 641 1038 IV,
673 971 756 1043 ὅ),
787 971 1115 1026 donaremus
1142 966 1300 1024 nobis
1329 966 1584 1033 invicem,
1630 965 1677 1021 si
1734 965 1857 1036 quis
1886 966 2148 1024 adversus

559 1066 796 1136 aliquem
827 1063 1058 1120 haberet
1084 1059 1364 1131 querelam
1394 1057 1620 1132 (Coloss.
1657 1074 1744 1126 ιιι,
1775 1059 1889 1131 15),
1917 1067 1979 1115 ιιι
2005 1059 2143 1131 Agni

555 1157 653 1214 Dei
681 1170 876 1213 carnes
921 1153 1243 1218 comessuri,
1291 1167 1396 1207 non
1428 1151 1483 1206 in
1526 1148 1796 1206 fermento
1825 1151 2046 1207 malitiae
2092 1159 2148 1208 et

553 1248 818 1318 nequitiae
840 1246 1049 1302 Pascha
1077 1243 1318 1309 Domini,
1344 1242 1441 1298 sed
1463 1240 1518 1297 in
1558 1241 1765 1313 azymis
1812 1240 2146 1297 sinceritatis

557 1349 614 1394 et
642 1336 884 1394 veritatis
908 1335 961 1407 (1
984 1334 1108 1391 Cor.
1135 1349 1190 1401 ν,
1217 1333 1274 1406 8)
1296 1332 1602 1389 celebrasse
1624 1332 2003 1401 proharemur.
2029 1330 2145 1386 Hoc

555 1430 656 1502 ipsi
685 1430 777 1501 qui
808 1429 1142 1494 monuimus,
1163 1441 1273 1483 non
1293 1440 1360 1480 eo
1385 1425 1565 1480 Studio
1588 1439 1698 1512 quo
1739 1424 1994 1489 diximus,
2021 1424 2146 1480 feci-

552 1539 695 1580 mus.
724 1521 956 1578 Ventum
976 1528 1062 1578 est
1089 1519 1155 1575 ad
1187 1532 1355 1576 cana:
1380 1517 1680 1573 Dominicae
1717 1517 2143 1574 sacratissimam

2245 802 2501 863 quentur:
2533 793 2601 849 In
2636 797 2844 851 nomine
2864 813 2979 854 meo
3002 798 3263 855 daemonia
3288 801 3495 871 ejicient
3514 801 3709 872 (lbid.,
3727 804 3853 875 17),

2246 891 2356 939 etc.
2382 883 2516 952 Quae
2537 884 2796 942 nimirum
2827 888 2874 943 si
2895 888 3018 960 quis
3044 888 3327 961 frugaliter
3373 892 3642 949 intellecta
3693 896 3756 950 in
3792 912 3857 952 se

2246 977 2610 1046 recognoscit,
2635 977 2702 1033 de
2729 978 3032 1036 salvatione
3062 997 3161 1037 sua
3188 997 3412 1040 securus
3439 987 3704 1056 gaudeat:
3753 990 3853 1060 qui

2246 1065 2492 1135 minime,
2525 1081 2775 1140 suggero,
2806 1072 3232 1140 contremiscat;
3259 1085 3334 1142 et,
3386 1087 3444 1133 ut
3497 1078 3684 1150 (1550)
3723 1096 3856 1136 cre-

2247 1156 2376 1213 dere
2403 1175 2509 1215 non
2537 1160 2713 1216 solum
2738 1163 2793 1218 in
2834 1162 3044 1235 Deum,‘
3082 1168 3175 1222 sed
3223 1178 3276 1222 et
3332 1169 3440 1224 Deo
3463 1170 3569 1227 nisi
3598 1173 3850 1239 studeat,

2246 1267 2355 1306 non
2427 1252 2530 1308 sibi
2586 1252 2831 1310 sufﬁcere
2892 1257 3050 1313 sciat.
3116 1259 3298 1332 (1'55!)
3355 1261 3435 1316 De
3485 1279 3576 1318 ore
3641 1275 3754 1319 tuo
3800 1277 3851 1320 te

2237 1342 2446 1414 judico,
2475 1360 2616 1398 serve
2667 1363 2887 1418 nequam
2919 1347 3200 1420 (Luc.xtx,
3232 1352 3350 1423 εἰ),
3396 1363 3454 1408 at
3483 1369 3550 1408 ne
3575 1366 3848 1421 matures,

2246 1450 2400 1507 rogo,
2425 1435 2663 1503 Christe,
2694 1439 2971 1510 proferre;
3009 1440 3166 1497 differ
3202 1444 3388 1510 ictum,
3421 1460 3639 1514 precor,
3673 1449 3850 1504 mise-

2245 1525 2448 1593 ricors';
2478 1529 2746 1599 suspende
2771 1531 3062 1588 vindictam
3095 1533 3374 1603 piissime;
3415 1536 3602 1610 (1552)
3625 1539 3848 1596 dimitte

550 1615 720 1679 diem,
753 1613 954 1669 lectum
981 1622 1066 1667 est
1087 1611 1230 1682 quod
1251 1608 1542 1679 Apostolus
1560 1607 1740 1700 dixit:
1775 1609 2134 1680 suggessimu

2245 1617 2393 1675 illam
2424 1629 2478 1676 et
2506 1621 2610 1678 hoc
2631 1639 2794 1691 anno,
2825 1640 2997 1696 usque
3023 1626 3150 1682 dum
3178 1629 3374 1684 fodiam
3415 1630 3562 1686 circa
3584 1631 3758 1700 illam,
3788 1643 3851 1690 et

551 1705 951 1764 observandum
981 1704 1126 1774 quod
1148 1701 1377 1768 ῐηοηυίι»
1405 1699 1877 1756 νίάθιίοθῐυῑηοιι
1920 1699 2144 1793 ίιᾎὶιιάί·
2248 1713 2460 1768 mittam
2510 1723 2751 1772 stercora
2795 1716 2948 1789 (Luc.
2990 1734 3106 1785 xm,
3153 1719 3230 1790 8),
3267 1721 3634 1780 succisoribus
3679 1726 3844 1793 vitae,

548 1797 696 1855 cium
747 1809 945 1866 corpus
998 1792 1214 1849 Domini
1272 1805 1634 1847 sumeremus.
1683 1788 1802 1846 Non
1830 1787 2134 1858 defuerunt,

2245 1801 2511 1873 supplico,
2536 1787 2849 1862 misericors
2879 1807 3042 1864 dicito
3073 1824 3239 1877 metu;
3274 1810 3525 1869 fortassis
3545 1815 3692 1870 enim
3718 1831 3849 1873 meo

548 1891 648 1956 Sed
698 1888 837 1959 PTOh
893 1885 1047 1942 nefas
1077 1887 1090 1940 ε
1139 1884 1232 1955 qui
1253 1884 1320 1940 de
1341 1897 1406 1939 ea
1438 1898 1623 1948 manu:
1647 1897 1810 1952 quam
1837 1891 2141 1938 "lineatam
2244 1892 2432 1948 liorari
2462 1902 2552 1950 tua
2579 1898 2903 1967 quandoque
2926 1899 3101 1970 gratia
3152 1899 3361 1958 valebo.
3411 1902 3518 1971 Qui
3546 1905 3726 1961 adhuc
3751 1907 3844 1962 in-

545 1987 815 2052 optarent,
831 1977 1128 2036 buccellam
1151 1985 1398 2033 sanctam
1418 1975 1794 2046 perciperent:
1825 1988 1931 2030 non
1946 1973 2138 2042 defuit,

547 2073 642 2145 qui
666 2071 904 2128 defuisse
931 2070 1128 2142 quibus
1156 2068 1332 2134 daret,
1367 2075 1599 2142 optaret.
1633 2066 1701 2121 Et
1726 2066 1833 2122 heu
1870 2081 2035 2137 quam
2063 2066 2141 2122 le-

545 2165 748 2223 tbifero
787 2163 1003 2234 utrique
1027 2162 1304 2218 tumebant
1326 2160 1626 2216 fermento!
1655 2158 1900 2230 Cumque
1920 2159 1988 2214 ab
2021 2159 2139 2230 ipso

541 2260 788 2332 legitimo
833 2257 1098 2329 quosdam
1143 2255 1346 2311 hortati
1398 2253 1690 2310 fuissemus
1741 2253 2022 2309 continere
2083 2253 2138 2309 in

543 2351 964 2424 quadragesima
989 2350 1092 2405 ista
1115 2347 1430 2414 concubitu,
1465 2353 1527 2401 ut
1552 2344 1883 2401 sacrificium
1926 2344 2139 2402 Domini

543 2444 602 2502 in
626 2443 835 2500 Pascha
876 2439 1150 2513 purifieati
1185 2448 1532 2496 mererentur
1577 2438 1858 2509 accipere,
1907 2454 1986 2493 vae
2033 2437 2138 2492 illis

542 2538 636 2609 qui
657 2541 874 2607 Sumpto
887 2533 1155 2590 sacriticio
1175 2533 1242 2588 ab
1267 2531 1569 2588 adulterino
1589 2531 1949 2601 nequiverunt
1968 2546 2139 2601 usque

540 2630 735 2688 saltem
762 2630 816 2684 in
847 2637 1067 2684 octavas
1093 2625 1310 2681 Domini
1339 2625 1636 2680 abstinere.
1672 2623 1768 2678 llis
1797 2623 1942 2679 enim
1968 2623 2134 2680 certi-

541 2720 772 2776 ﬁcamur
789 2731 1108 2789 congruere,
1131 2715 1276 2787 quod
1305 2716 1357 2770 in
1372 2715 1586 2771 Psalmo
1604 2715 1946 2770 cantavimus
1959 2730 2101 2786 saepe
2119 2733 2132 2770 :

541 2810 672 2884 quia
699 2807 948 2864 videlicet
982 2821 1105 2862 cum
1146 2805 1440 2877 post631
1469 2804 1788 2872 buccellam,
1813 2814 1873 2860 ut
1898 2806 1952 2861 in
1975 2805 2134 2873 Juda,

552 2899 831 2957 introierit
856 2899 911 2953 in
938 2897 1018 2954 eis
1046 2896 1279 2952 Satanas
1307 2895 1488 2968 (Joan.
1518 2911 1642 2962 xui,
1675 2896 1860 2967 27),id
1887 2906 1990 2964 est,
2025 2897 2135 2967 spi-

540 2991 683 3048 ritus
710 2986 1040 3052 immundus,
1073 2996 1298 3056 septeuo
1344 2984 1437 3039 sed
1474 2984 1654 3055 capite
1698 2984 1853 3056 (Luc.
1889 3001 1964 3052 ιιι,
2018 2985 2130 3058 26),

542 3081 638 3153 qui
672 3077 820 3135 solus
843 3092 940 3148 per
983 3074 1250 3146 jejunium
1277 3073 1604 3130 credebatur
1645 3074 1902 3144 expulsus
1937 3074 2131 3146 (Marc.

2245 1986 2582 2056 gratitudine
2607 1988 2891 2044 mortifera
2939 1991 3324 2064 incorrigibilis
3367 2005 3542 2062 exsto,
3567 1997 3698 2052 dum
3727 2013 3845 2054 non

2243 2075 2433 2134 oculos
2491 2078 2678 2148 utique
2733 2081 3106 2138 conversionis
3159 2081 3416 2156 lacrymis
3473 2085 3686 2153 imbuo,
3739 2087 3844 2142 sed

2243 2176 2431 2239 guttur
2471 2171 2670 2226 mentis
2697 2171 2992 2229 mortiferae
3019 2175 3318 2242 dilationis,
3353 2179 3730 2250 'pessimzeque
3783 2180 3843 2236 in

2241 2259 2360 2316 dies
2384 2261 2824 2321 deteriorationis
2850 2266 3130 2324 criniculis
3180 2270 3425 2343 stringe;
3455 2272 3511 2328 in
3554 2272 3842 2330 infernum

2239 2352 2452 2420 vivens,
2481 2355 2534 2410 id
2561 2371 2668 2412 non
2703 2357 2945 2430 ignarus,
3004 2369 3064 2416 ut
3091 2363 3270 2429 multi,
3301 2365 3398 2421 sed
3449 2367 3651 2434 sciens,
3684 2367 3842 2424 insu-

2239 2455 2445 2513 perque
2467 2460 2568 2500 nec
2597 2447 2804 2514 celans,
2830 2449 3122 2507 descendo.
3149 2453 3387 2526 Indeque
3417 2456 3580 2511 mihi:
3611 2457 3694 2512 De
3749 2475 3841 2513 ore

2239 2543 2332 2590 tuo
2386 2547 2434 2590 te
2473 2536 2678 2607 judico,
2728 2557 2869 2596 serve
2896 2558 3138 2614 nequam,
3185 2560 3307 2601 cum
3380 2546 3467 2604 his
3513 2548 3606 2619 qui
3693 2549 3840 2605 bona

2239 2623 2446 2691 dicunt,
2479 2636 2534 2681 et
2555 2629 2784 2698 pessima
2806 2640 3024 2704 gerunt,
3057 2649 3164 2690 non
3193 2636 3428 2692 inaniter
3447 2638 3675 2694 clamari
3712 2639 3836 2696 for-
3869 2674 3872 2678 -

2238 2715 2404 2771 mido.
2432 2717 2819 2778 Austeritatem
2842 2717 3042 2795 quippe
3067 2733 3174 2783 tute
3188 2727 3680 2787 animadversionis
3710 2731 3841 2788 aliis

2238 2806 2538 2876 innotesco,
2569 2815 3054 2881 praesentissimum
3078 2827 3133 2874 te
3153 2820 3316 2892 632
3339 2821 3538 2892 ubique
3565 2839 3679 2879 non
3739 2841 3839 2881 ne-

2237 2899 2456 2965 scio,'et
2476 2901 2679 2970 dicere,
2698 2905 2784 2960 vel
2812 2905 3009 2975 facere,
3025 2925 3148 2980 qua:
3176 2921 3321 2967 tuam
3335 2913 3836 2973 considerationem

2237 2991 2523 3063 dedecent,
2556 3011 2664 3051 non
2709 2999 2988 3057 horresco.
3023 3001 3133 3059 Sed
3158 3005 3311 3076 quid,
3361 3005 3605 3073 Domine,
3646 3007 3840 3066 facio!

2237 3082 2530 3155 Fugerem,
2555 3088 2601 3143 si
2624 3090 2815 3158 quovis
2843 3091 3108 3149 valerem:
3134 3097 3277 3165 quod
3303 3099 3429 3168 quia
3440 3113 3671 3169 nequeo,
3696 3116 3732 3156 ει
3757 3108 3834 3168 te,

538 3187 624 3238 IX,
649 3170 765 3240 28).
785 3169 969 3224 Adhuc
995 3182 1126 3223 escae
1151 3181 1333 3221 eorum
1359 3181 1479 3220 eum
1499 3175 1668 3220 essent
1687 3165 1743 3219 in
1769 3181 1858 3220 ore
1873 3167 2126 3237 ipsorum,
2157 3167 2206 3235 Ο
2235 3174 2524 3247 Augustini
2553 3179 2818 3252 veriloqui
2850 3183 2928 3238 tui
2979 3199 3163 3254 suasu,
3195 3187 3264 3243 ad
3318 3165 3396 3253 te,
3429 3189 3483 3246 id
3511 3165 3612 3258 est,
3701 3165 3834 3264 jus;

537 3265 625 3323 ira
654 3264 751 3318 Dei
780 3262 1010 3318 ascendit
1055 3275 1214 3330 super
1236 3275 1322 3314 eos
1349 3257 1523 3330 (Psal.
1549 3274 1753 3326 Lxxvn,
1780 3258 1904 3330 50);
1940 3259 2134 3332 (1549)

538 3354 832 3410 violatores
874 3361 1038 3408 tanta:
1079 3349 1410 3413 festivitatis,
1453 3363 1559 3404 non
1576 3348 1947 3405 cultoresdum
1969 3349 2136 3408 fuisse

535 3445 650 3503 sint
665 3442 954 3500 miserrimi
969 3439 1534 3514 deprehensi.Eligant
1551 3453 1682 3511 ergo
1697 3440 1825 3510 quid
1837 3440 2060 3497 faciant.
2076 3440 2136 3498 Si

537 3535 688 3592 enim
744 3535 1095 3605 desperantes
1139 3546 1276 3596 sese,
1326 3531 1690 3598 obdurantur,
1749 3532 1892 3588 idem
1946 3533 2134 3604 utique

535 3624 954 3698 frequentando,
979 3623 1131 3680 Juda:
1159 3638 1191 3679 a
1215 3636 1274 3679 se
1303 3623 1436 3694 ipsis
1464 3622 1659 3694 laqueo
1693 3625 2128 3696 strangulantur.

538 3719 600 3776 Si
621 3718 764 3774 Petri
791 3717 1062 3790 lacrymas
1088 3716 1397 3782 imitantur,
1429 3716 1643 3771 veniam
1688 3727 2126 3788 consequuntur;

538 3811 587 3870 si
618 3811 829 3867 veniam
859 3818 1284 3880 consequuntur,
1307 3805 1584 3863 Christum
1613 3807 1668 3862 in
1697 3808 1853 3864 caelis
1877 3810 1957 3864 uti
1986 3826 2129 3867 nunc

537 3903 755 3968 affectu,
789 3901 862 3955 ita
889 3908 1012 3972 post
1044 3898 1240 3957 etiectu
1271 3899 1394 3971 ipso
1419 3908 1739 3970 sequuntur.
1773 3899 1831 3958 Si
1878 3912 2130 3960 neutrum

537 4009 610 4051 ex
635 3995 722 4049 his
743 3994 956 4049 duobus
1004 3999 1304 4056 merentur,
1352 3990 1705 4048 festivitatem
1736 3992 1896 4049 istam
1928 3994 2040 4050 Deo
2074 4003 2131 4050 et

541 4083 772 4156 angelis,
801 4081 1066 4153 bonaeque
1090 4079 1409 4146 voluntatis,
1436 4089 1497 4134 ut
1520 4088 1801 4136 cantatum
1823 4093 1929 4149 est,
1954 4083 2132 4139 homi-

536 4175 702 4234 nibus
727 4173 978 4230 noverint
997 4186 1134 4238 esse,
1160 4185 1222 4228 se
1249 4183 1382 4226 vero
1401 4171 1471 4226 ab
1496 4170 1586 4226 illa
1617 4171 1839 4229 omnino
1877 4183 2130 4244 expertes

538 4267 797 4322 existere.

611 4365 667 4421 5.
712 4363 819 4419 Sed
870 4375 938 4418 ne
980 4362 1362 4420 lenocinentur
1386 4362 1489 4418 sibi
1518 4363 1800 4419 sententiae
1827 4363 2128 4434 prolatione

539 4455 682 4514 illius
722 4452 1035 4520 Dominicaz,
1075 4467 1180 4524 qua
1229 4453 1429 4509 dictum
1474 4461 1587 4507 est:
1627 4451 1731 4519 Qui
1768 4453 2049 4510 crediderit
2076 4466 2126 4511 et

609 4632 794 4704 (1548)
833 4633 976 4697 Dies,
1007 4648 1098 4704 qui
1129 4632 1452 4688 festivitates
1473 4633 1608 4688 istas
1635 4633 1966 4703 praecedunt,
1996 4645 2122 4692 sunt

535 4702 836 4777 praesertim
894 4702 1475 4777 dies’Quadragesimm
1516 4702 1650 4758 anni
1687 4705 1812 4777 968,
1843 4705 1896 4760 in
1924 4706 2122 4775 quibus

539 4774 672 4832 sane
706 4789 764 4829 se
793 4774 1064 4828 studuisse
1092 4775 1370 4828 exhortari
1401 4788 1590 4828 omnes
1634 4776 1702 4828 ad
1727 4790 1914 4842 pacem
1942 4774 2119 4831 testa-

541 4855 633 4901 tur
663 4846 717 4900 in
753 4844 1027 4898 Discordia
1048 4859 1194 4898 num.
1224 4844 1276 4896 7.
1299 4843 1498 4898 Confer
1527 4852 1642 4897 not.
1673 4845 1864 4899 1492iu
1896 4861 2063 4901 serm.
2085 4848 2120 4902 2

540 4918 607 4971 de
643 4915 876 4985 Pascha.
896 4913 950 4967 ιη
973 4915 1322 4983 sequentibus
1351 4929 1856 4985 sutmnameorum,
1884 4931 2004 4985 quae
2023 4931 2122 4971 ex-

539 4985 807 5041 hortando
830 4984 1180 5047 disseruerat,
1208 4985 1431 5054 profert,
1464 4994 1523 5054 ut
1555 4984 1674 5039 aliis
1696 4984 1916 5054 quoque
1941 4985 2120 5042 verbis

539 5053 669 5110 fecit
695 5055 747 5109 iu
779 5069 1029 5125 sermone
1049 5053 1280 5121 septimo
1301 5069 1328 5125 :_
1349 5055 1492 5125 unde
1505 5053 1654 5125 hunc
1677 5053 1890 5125 quoque
1915 5069 2120 5112 sermo-

539 5140 664 5179 nem
693 5123 961 5192 pcrtinere
990 5125 1054 5177 ad
1085 5139 1283 5177 annum
1309 5122 1410 5176 968
1444 5123 1574 5176 nihil
1613 5122 1758 5178 dubii
1802 5122 1904 5180 est.

613 5193 796 5275 ς15-19)
827 5193 1130 5275 ,(Ζοιιδιιίιοε
1166 5193 1300 5275 Dant
1338 5192 1975 5275 miserriminqleprehensi
2013 5197 2118 5250 sint

541 5263 1042 5348 fuiSsreﬁui‘olgtqres,‘
1056 5280 1158 5316 non
1181 5263 1404 5348 cultores
1427 5272 1588 5348 tantm
1622 5263 1938 5348 festiuitatis.
1979 5336 1990 5346 _

2147 4530 2204 4592 D

2241 3267 2362 3322 titia
2416 3267 2485 3324 ad
2539 3271 2965 3330 misericordiam
2994 3283 3144 3333 tuam
3197 3293 3400 3348 pavens
3433 3279 3708 3353 confugio.
3763 3283 3836 3342 Ut

2239 3361 2551 3420 consideras
2579 3365 2763 3436 itaque
2794 3367 3098 3426 indecentia
3130 3371 3246 3437 tibi,
3275 3375 3371 3441 ita,
3401 3373 3647 3444 Domine,
3679 3391 3833 3434 con-

2237 3451 2760 3526 sideranecessaria,
2785 3460 3066 3531 deprecor,
3093 3463 3244 3529 mihi,
3271 3480 3358 3522 me
3393 3467 3460 3522 ab
3480 3467 3832 3538 impatientia

2234 3541 2471 3602 liberans
2492 3550 2791 3615 mortifera,
2837 3567 2957 3622 quae
3005 3555 3304 3628 transgredi
3353 3571 3441 3613 me
3485 3568 3594 3614 tam
3626 3559 3836 3617 imma-

2234 3633 2382 3690 niter
2410 3643 2500 3692 tua
2525 3640 2799 3710 compellit
2822 3652 3118 3714 praecepta.
3143 3642 3256 3700 Nisi
3284 3646 3431 3702 enim
3458 3648 3528 3704 ab
3553 3663 3620 3704 ea
3656 3649 3833 3707 citius

2233 3740 2419 3795 cruor,
2450 3729 2808 3799 perditionem
2830 3743 3089 3791 aeternam
3109 3737 3413 3808 praestolor,
3442 3739 3662 3811 ignarus
3691 3741 3832 3800 licet

2233 3820 2603 3891 dispositionis
2654 3824 2720 3880 de
2750 3839 2855 3891 me,
2916 3828 3163 3895 Domine,
3186 3838 3310 3887 tute.
3339 3829 3458 3887 Non
3501 3841 3629 3888 sunt
3672 3836 3828 3891 enim

2231 3909 2468 3969 hominis
2496 3913 2596 3968 viae
2624 3914 2791 3984 illius,
2821 3918 2918 3975 sed
2941 3927 3046 3975 tua
3068 3922 3353 3991 potestatis
3369 3921 3573 3990 solius;
3604 3925 3700 3995 qui
3717 3940 3827 3982 non

2233 4007 2459 4065 damnas
2508 4009 2694 4081 impie,
2744 4027 2881 4083 quos
2927 4014 3124 4072 creasti
3170 4015 3422 4089 benigne.
3473 4015 3585 4075 Vos
3615 4029 3822 4085 autem,

2230 4098 2452 4166 fratres,
2480 4101 2624 4172 quod
2657 4102 2725 4158 de
2761 4103 2918 4161 nobis
2946 4121 3044 4178 per
3087 4122 3187 4163 nos
3238 4109 3484 4176 audistis,
3544 4109 3613 4166 de
3664 4111 3827 4169 vobis

2230 4203 2447 4262 quoque
2475 4193 2719 4248 metuite.
2751 4193 2912 4261 Mala,
2943 4211 3063 4267 qua:
3093 4198 3358 4256 usualiter
3395 4200 3598 4270 facitis,
3653 4219 3826 4274 quan-

2228 4281 2406 4338 tocius
2429 4281 2750 4354 relinquite:
2782 4286 2850 4342 ad
2879 4287 3138 4345 inusitata
3167 4306 3264 4347 vos
3286 4292 3450 4361 bona,
3483 4293 3614 4349 dum
3634 4305 3820 4364 vacat,

2227 4373 2505 4431 conferte:
2557 4376 2830 4434 infernum
2855 4391 3085 4448 cavete;
3126 4383 3325 4440 caelum
3367 4384 3641 4444 desiderio
3662 4403 3823 4444 scan-

2228 4462 2367 4520 dite:
2396 4465 2488 4521 uhi
2509 4464 2760 4524 Christus
2787 4477 2874 4526 est
2898 4470 2954 4526 in
2981 4471 3208 4530 dextera
3239 4475 3338 4531 Dei
3387 4475 3606 4546 sedens,
3646 4479 3820 4550 ipsius

2227 4637 2514 4713 rjgendutn
2545 4639 2645 4713 hoc
2657 4639 2788 4713 _|oco
2831 4642 3004 4713 videri
3035 4654 3218 4713 posset
3261 4659 3470 4703 credere
3496 4665 3603 4704 non
3638 4653 3812 4706 solum

2225 4707 2362 4790 Deo,
2383 4709 2474 4763 sed
2502 4718 2550 4763 et
2571 4711 2624 4763 in
2646 4707 3377 4790 Deum.Verum'Rathe_rius,
3405 4727 3466 4790 ut
3485 4734 3608 4775 sese
3649 4722 3817 4790 expli-

2226 4780 2369 4852 cavit
2396 4794 2644 4852 sermone
2694 4783 3018 4852 praecedenti
3043 4801 3194 4840 num.
3223 4787 3278 4850 4,
3305 4780 3514 4844 credere
3545 4791 3601 4844 in
3646 4780 3815 4846 De'unt

2227 4848 2294 4922 de
2323 4864 2395 4922 eo_
2414 4851 2662 4922 sumpsit,
2683 4848 2774 4922 qui
2811 4855 3064 4910 catholica
3125 4848 3323 4912 credit:
3370 4859 3580 4914 credere
3626 4871 3811 4916 autem

2225 4917 2336 4973 Deo
2354 4920 2434 5000 _de
2463 4917 2551 4975 illo
2578 4917 2807 5000 accepit,
2833 4925 2922 4989 qui
2938 4925 3282 5000 hortamentis
3305 4927 3450 5000 illius
3462 4930 3811 5000 obtemperat,-

2225 4991 2368 5057 quod
2398 5001 2672 5062 sumptum
2698 4991 2914 5048 videtur
2934 5009 3001 5049 ex
3025 4995 3132 5050 illis
3160 4996 3527 5054 Ecclesiastici
3551 5015 3603 5055 c.
3633 4991 3804 5062 xxx",

2222 5061 2497 5139 vers._28:
2525 5062 2630 5129 Qui
2652 5065 2817 5139 credit
2866 5063 2994 5139 Qeo,
3020 5067 3246 5139 attendit
3292 5070 3582 5124 mandatis.
3629 5061 3811 5139 Quare

2223 5129 2474 5209 similiter
2521 5149 2692 5209 serui.
2715 5135 2846 5209 {de
2881 5133 3307 5209 Quadragesima
3363 5155 3515 5194 num.
3553 5129 3676 5206 4|,w
3697 5143 3806 5197 ait:

2225 5197 2450 5279 Etiamsi
2479 5205 2729 5279 credat‘in
2750 5197 2925 5260 Deuni
2945 5197 3134 5279 taliun'i
3163 5209 3300 5279 quis,
3329 5225 3436 5264 non
3463 5197 3644 5266 credit.
3673 5211 3806 5278 Deo,

2113 5289 2121 5329 ;
2217 5271 2309 5339 qui
2330 5284 2583 5348 prwcepta
2611 5276 2852 5348 eiugnon
2879 5277 3128 5342 custodit,
3173 5271 3263 5334 nec
3286 5271 3704 5336 sacramentum
3732 5271 3808 5336 ei;
