4044 5348
220 202 330 269 ’ῖιὸ

1654 175 2040 261 semiesas.

3392 205 3496 262 7i6

221 322 495 393 adiutorio
529 321 640 377 nisi
673 320 929 376 festinare
975 304 1314 386 contendite;
1373 319 1575 375 instare
1624 320 1812 374 horam
1845 326 1890 383 Α
1920 316 2320 389 praestolamur.
2352 317 2498 372 Dona
2550 315 2826 380 nimirum,
2852 315 3142 371 divisiones
3171 317 3498 388 gratiarum,

218 414 379 470 vobis
402 421 498 467 aut
519 412 644 466 illuc
657 411 1067 476 conscendendi,
1093 420 1186 465 aut
1210 412 1460 466 deorsum
1487 411 1696 473 ruendi,
1724 409 1812 463 hic

219 520 354 561 vero
382 520 493 559 non
522 505 723 559 diutius
751 504 998 558 morandi
1028 505 1215 560 sedulo
1237 504 1490 574 cogitate,
1522 516 1587 557 ne
1627 518 1693 557 ex
1720 504 1814 558 im-

218 598 461 669 proviso,
492 597 636 668 quod
664 597 822 661 absit,
842 612 939 652 vos
962 597 1075 667 rapi
1112 598 1410 667 contingat,
1441 607 1494 651 et
1522 596 1646 650 illuc
1687 611 1810 666 per-

219 691 388 754 trahi,
417 692 509 746 ubi
546 706 705 745 nemo
729 692 884 745 vobis
912 690 1088 744 valeat
1110 690 1379 744 auxiliari.
1408 689 1559 756 Quod
1605 705 1634 742 a
1660 689 1813 743 nobis

222 780 753 850 omnibusdignetur
771 787 1039 846 avertere,
1065 781 1153 850 qui
1177 781 1228 834 in
1247 781 1388 834 hunc
1411 781 1666 833 mundum
1685 795 1810 848 pce-

216 879 438 926 catores
458 873 609 926 venit
632 871 810 926 salvos
841 869 1038 934 facere,
1075 869 1232 926 Jesus
1271 870 1520 925 Christus
1555 869 1812 923 Dominus

217 973 432 1027 noster,
458 962 552 1031 qui
582 976 703 1015 cum
753 960 915 1016 Patre
938 969 993 1016 et
1026 959 1231 1032 Spiritu
1283 968 1470 1015 sancto
1495 959 1625 1012 vivit
1647 967 1702 1012 et
1729 972 1814 1012 re-

218 1061 353 1124 gnat
377 1053 522 1110 Deus
544 1053 598 1109 in
629 1053 820 1110 saecula
843 1053 1184 1117 saeculorum,
1208 1053 1402 1107 Amen.

841 1145 1074 1202 SERMO
1112 1146 1178 1201 X.

569 1255 635 1294 ne
659 1254 824 1294 πετο
850 1254 1218 1294 resrecosres
1249 1237 1453 1309 (1555).

294 1329 347 1383 1.
399 1329 498 1383 Eia
530 1331 658 1400 quid
694 1330 854 1396 facio,
887 1330 1121 1384 fratres?
1150 1329 1207 1385 Si
1237 1341 1411 1396 taceo,
1450 1330 1651 1400 reipsa,
1695 1345 1814 1400 quae

223 1433 323 1488 per
345 1436 432 1473 me
463 1419 678 1475 fuerant
704 1419 1395 1490 diSpensanda,defraudo;
1428 1421 1580 1476 vobis
1608 1419 1814 1476 fraudis

224 1509 468 1577 ejusdem
499 1526 626 1566 reus
656 1511 862 1576 existo,
886 1519 940 1566 et
965 1526 1084 1581 quae
1113 1511 1313 1567 sitdies
1335 1511 1462 1577 ista,
1487 1511 1809 1582 velquantn,

225 1603 358 1656 mihi
394 1603 496 1672 ipsi
524 1617 737 1673 quoque
766 1604 1060 1660 abscondo.
1099 1603 1268 1674 Loqui
1301 1605 1346 1660 si
1373 1606 1572 1677 gestio,
1601 1607 1812 1677 magni-

227 1695 403 1748 tudini
427 1694 504 1748 rei
532 1695 719 1763 ipsius,
754 1696 818 1751 de
842 1711 948 1765 qua
997 1696 1141 1766 loqui
1195 1697 1338 1763 volo,
1367 1714 1435 1752 ne
1460 1702 1809 1753 succumbam
1846 1717 1888 1776 Β

219 1785 488 1840 ιΐοι-ηιὶιιο.
521 1784 631 1840 Sed
682 1785 822 1840 facio
875 1787 1018 1857 quod
1056 1801 1312 1857 possum:
1344 1787 1642 1842 debitorem
1669 1789 1810 1842 enim

227 1866 462 1945 amplius
511 1876 794 1931 considero
840 1877 1066 1932 nullum.
1124 1878 1470 1933 Pentecostes
1517 1879 1816 1950 completur

226 1964 411 2030 hodie,
432 1965 595 2037 633
627 1964 843 2021 fratres.
873 1967 1013 2034 Quid
1037 1967 1184 2021 dixi?
1207 1966 1662 2039 Quinquagesima
1689 1969 1816 2023 Pas-

228 2054 347 2107 cha:
379 2055 539 2111 hodie
585 2041 927 2110 terminatur.
957 2055 1095 2123 Quid
1132 2057 1292 2111 inde?
1342 2058 1495 2112 Dicat
1516 2059 1606 2128 qui
1633 2060 1811 2114 novit:

229 2137 428 2198 Melior
452 2155 548 2210 est,
567 2145 664 2210 ait,
679 2145 803 2214 ﬁnis
819 2147 1068 2202 orationis
1093 2163 1247 2218 quam
1269 2148 1583 2218 principium
1615 2149 1812 2220 (Eccle.

227 2251 334 2302 VII,
365 2236 443 2309 9).
468 2236 716 2292 intendat
735 2239 826 2308 qui
855 2239 1033 2293 valet:
1061 2239 1166 2305 Qui
1215 2240 1376 2310 enim;
1395 2246 1814 2310 perseveraverit,

225 2328 304 2381 ait
335 2327 618 2393 Dominus,
647 2345 808 2399 usque
861 2330 914 2383 in
945 2330 1122 2397 linem,
1147 2330 1230 2383 hic
1257 2330 1432 2385 salvus
1458 2333 1559 2386 erit
1599 2332 1813 2402 (.llatth.

224 2433 283 2484 ι,
311 2420 430 2492 22).
457 2409 667 2475 Felices
695 2421 787 2492 qui
816 2422 914 2477 hos
941 2423 1332 2494 quinquaginta
1363 2425 1499 2488 dies,
1527 2435 1582 2479 ut
1610 2425 1817 2480 colendi

224 2516 376 2572 sunt,
410 2509 727 2576 coluerunt,
759 2510 828 2565 ab
857 2511 1068 2567 alleluia
1094 2511 1282 2566 morali
1310 2513 1615 2569 nullatenus
1645 2531 1822 2570 cessa-

223 2611 452 2665 verunt,
483 2602 819 2658 dormientes
845 2617 1058 2674 quoque
1080 2619 1200 2659 eam
1227 2606 1449 2660 minime
1474 2607 1816 2661 dimiserunt.

227 2692 377 2748 Salvi
404 2703 586 2749 tamen
621 2694 756 2750 tales
786 2695 830 2750 si
861 2696 1085 2765 cupiunt
1105 2710 1250 2762 esse,
1285 2697 1444 2752 hodie
1477 2698 1818 2754 devotionem

224 2786 648 2854 perseverantia:
672 2787 1065 2855 demonstrent,
1090 2804 1344 2859 suggero,
1371 2806 1501 2846 suae.
1545 2791 1821 2862 Quinqua-

226 2880 435 2948 gesima
461 2889 548 2935 est
581 2880 742 2936 hodie
770 2882 886 2936 dies
929 2897 958 2936 a
991 2882 1411 2938 Resurrectioue
1467 2885 1700 2949 Domini,
1753 2887 1820 2942 ab

225 2972 563 3027 Ascensione
585 2973 812 3027 decima.
847 2973 1096 3043 Magnum
1126 2976 1471 3046 mysterium,
1499 2988 1556 3032 et
1607 2978 1821 3032 inenar-

225 3061 398 3116 rabile
423 3061 658 3116 donum!
689 3063 812 3118 Dies
835 3073 918 3118 est
950 3065 1110 3119 hodie
1130 3067 1599 3138 quinquagesima,
1623 3083 1685 3122 ex
1714 3085 1819 3139 quo
1847 3091 1891 3152 ρ

225 3151 279 3204 in
301 3151 525 3207 Christo
575 3155 1003 3220 resurreximus;
1038 3155 1274 3223 decima,
1323 3172 1386 3211 ex
1415 3173 1524 3226 quo
1555 3174 1678 3214 cum
1728 3161 1819 3215 illo

225 3242 396 3298 caelos
421 3245 860 3301 conscendimus.
909 3247 984 3301 De
1013 3248 1209 3316 quibus
1229 3250 1390 3303 dico?
1414 3252 1486 3304 De
1519 3251 1622 3307 illis
1662 3253 1823 3307 nimi-

224 3349 368 3400 rum,
392 3335 593 3405 quibus
619 3337 878 3392 audacter
930 3339 1063 3394 dicit
1088 3341 1404 3411 Apostolus:
1452 3343 1507 3396 Si
1540 3361 1819 3399 consurre-

222 3427 379 3480 xistis
423 3443 544 3480 cum
591 3427 819 3496 Christo,
865 3446 983 3500 quae
1029 3447 1239 3485 sursum
1296 3443 1417 3487 sunt
1463 3437 1699 3505 quwrite,
1733 3437 1820 3493 ubi

223 3515 471 3571 Christus
491 3519 636 3572 estin
662 3519 876 3573 dextera
904 3519 1024 3586 Dei,
1054 3521 1106 3574 id
1156 3531 1240 3576 est
1263 3523 1594 3593 aequalitate,
1644 3525 1819 3581 Patris

222 3607 449 3671 sedens;
478 3625 596 3678 quae
618 3625 830 3662 sursum
855 3619 979 3664 sunt
1001 3611 1192 3680 sapite,
1221 3629 1323 3666 non
1372 3629 1488 3681 qua:
1531 3631 1688 3683 super
1717 3627 1822 3670 ter-

225 3710 362 3748 ram.
388 3694 594 3750 ,Μοντιιὶ
639 3698 776 3751 enim
803 3698 945 3762 estis,
975 3701 1187 3767 peccati
1232 3702 1486 3757 videlicet
1527 3703 1816 3774 immunes,

223 3798 270 3842 et
301 3789 413 3842 vita
437 3798 608 3842 vestra
629 3789 937 3843 abscondita
963 3802 1038 3844 est
1065 3808 1183 3845 cum
1208 3791 1417 3847 Christo
1445 3795 1500 3848 in
1527 3794 1652 3849 Deo.
1687 3795 1818 3852 Cum

224 3887 362 3939 enim
413 3885 655 3940 Christus
706 3888 1011 3956 apparuerit
1061 3889 1165 3942 vita
1207 3899 1396 3955 vestra,
1446 3899 1570 3944 tunc
1621 3904 1668 3945 et
1725 3911 1818 3947 vos

225 3977 546 4045 apparebitis
577 3993 695 4030 cum
721 3977 832 4048 ipso
858 3978 912 4030 in
931 3977 1099 4048 gloria
1120 3979 1342 4049 (Coloss.
1378 3996 1456 4044 Ill,
1493 3983 1566 4052 1).
1589 3983 1816 4046 Felices,

225 4075 318 4142 qui
369 4071 641 4142 ejusmodi
673 4081 829 4138 sunt;
890 4072 1269 4138 infelicissimi,
1325 4076 1417 4143 qui
1465 4077 1531 4130 ab
1592 4078 1816 4132 istorum

225 4165 458 4234 collegio
485 4164 878 4236 perpetualiter
925 4165 1181 4220 decidunt
1204 4162 1224 4218 ε’
1265 4165 1341 4219 illi
1391 4167 1532 4221 enim
1563 4183 1666 4223 non
1696 4185 1816 4224 cum

225 4255 450 4310 Christo
481 4255 533 4308 in
583 4254 778 4326 gloria,
824 4255 917 4309 sed
961 4269 1086 4308 cum
1141 4255 1354 4310 diabolo
1385 4257 1716 4328 apparebunt
1764 4261 1816 4314 in

224 4345 579 4401 damnatione
615 4355 896 4415 perpetua.

1920 410 2245 465 charismata
2295 410 2686 464 beatitudinum
2727 410 2992 464 omnium.
3042 411 3172 477 Quae
3201 419 3327 465 sunt
3366 426 3498 467 vero

1918 500 2045 555 illa?
2095 501 2385 570 Depromat
2424 499 2717 570 Apostolus
2764 520 2775 554 :
2831 500 3097 566 Charitas,
3143 501 3339 572 inquit,
3399 501 3500 557 Dei

1916 593 2112 662 diﬁ'usa
2139 603 2211 647 est
2241 593 2294 647 in
2336 595 2580 647 cordibus
2610 595 2802 648 nostris
2831 611 2924 664 per
2957 592 3213 664 Spiritum
3232 605 3496 659 sanctum,

1915 684 2004 754 qui
2033 683 2188 736 datus
2217 693 2292 737 est
2325 683 2472 738 nobis
2530 683 2708 756 (Rom.
2743 701 2797 749 v,
2821 684 2897 755 5).
2949 683 3055 740 Sed
3082 686 3147 739 ad
3175 687 3301 755 quid
3340 687 3497 740 datus

1916 776 2032 829 est?
2069 775 2316 846 Pignoris
2355 777 2560 847 absque
2611 778 2773 833 dubio
2825 777 2963 832 loco.
3019 777 3171 832 Sicut
3217 778 3495 832 enimnon

1915 863 2176 919 habemus
2207 865 2296 919 hic
2324 876 2628 920 manentem
2661 866 2968 932 civitatem;
3014 867 3086 920 ita
3123 882 3220 922 nec
3243 881 3493 922 securam

1914 953 2326 1009 beatitudinem.
2356 945 2513 1010 Unde
2555 966 2734 1011 autem
2768 957 3038 1020 novimus,
3081 959 3221 1026 quod
3255 957 3497 1028 pignoris

1915 1044 2036 1100 loco
2063 1043 2322 1114 Spiritum
2357 1055 2603 1100 sanctum
2645 1048 3054 1116 acceperimus?
3088 1047 3311 1104 Dicente
3342 1049 3496 1103 vide-

1913 1137 2041 1194 licet
2084 1138 2340 1209 Apostolo
2371 1159 2382 1193 :
2419 1139 2521 1206 Qui
2559 1141 2701 1194 dedit
2746 1143 2890 1196 nobis
2940 1143 3127 1213 pignus
3157 1143 3372 1214 spiritus
3407 1142 3493 1212 (II

1916 1229 2039 1284 Cor.
2072 1247 2124 1294 v,
2150 1230 2369 1300 5),ecce
2396 1231 2714 1288 habebimus
2740 1234 2803 1287 de
2824 1234 3049 1303 pignore
3071 1243 3310 1304 accepto.
3338 1233 3491 1300 Quod

1916 1322 2074 1377 hodie
2121 1321 2246 1376 illud
2305 1325 2698 1394 acceperimus,
2727 1329 2995 1395 quomodo
3041 1328 3281 1382 scimus?
3309 1327 3493 1381 Histo-

1916 1411 2239 1482 riographus
2289 1414 2454 1475 dicat,
2512 1413 2688 1468 Lucas
2743 1415 2981 1469 medicus
3034 1415 3312 1470 fateatur:
3359 1414 3495 1488 Cum

1915 1503 2314 1571 complerentur,
2363 1505 2555 1574 inquit,
2609 1507 2719 1559 dies
2747 1503 3095 1570 Pentecostes,
3133 1519 3280 1561 erant
3311 1525 3488 1562 omnes

1915 1593 2159 1662 discipuli
2191 1594 2391 1663 puriter
2427 1597 2480 1650 in
2524 1597 2702 1650 eodem
2747 1597 2860 1650 loco
2913 1599 3050 1667 (Act.
3097 1600 3335 1671 tl,l).ln
3385 1617 3493 1670 quo

1916 1680 2069 1736 loco?
2105 1683 2338 1754 Cumque
2388 1685 2718 1740 intuerentur
2772 1690 2824 1740 in
2869 1689 3052 1743 malum
3103 1702 3308 1744 etmtem
3345 1691 3497 1743 illum

1921 1773 2258 1844 (praetulerat
2310 1777 2472 1847 idem)
2509 1795 2622 1831 ecce
2654 1779 2758 1832 duo
2786 1780 2879 1832 viri
2907 1783 3180 1834 astiterunt
3199 1782 3358 1851 juxta
3381 1782 3499 1836 illos

1919 1865 1971 1917 in
2012 1866 2232 1919 vestibus
2261 1867 2413 1932 albis,
2443 1872 2530 1938 qui
2558 1881 2604 1922 et
2635 1871 2880 1924 dixerunt
2906 1887 2922 1922 .'
2968 1871 3073 1925 l'iri
3100 1871 3331 1938 Galilati,
3372 1876 3496 1944 quid

1917 1958 2069 2009 statis
2090 1959 2396 2026 aspicientes
2425 1961 2478 2014 in
2501 1961 2726 2016 cwlum?
2758 1963 2857 2016 llic
2880 1965 3052 2027 Jesus,
3085 1968 3173 2035 qui
3198 1979 3497 2038 assumptus

1918 2065 1993 2108 est
2025 2072 2056 2108 a
2088 2055 2228 2109 vobis
2260 2056 2314 2110 in
2369 2057 2573 2122 coelum,
2606 2059 2680 2112 sic
2705 2061 2888 2124 veniet,
2943 2063 3382 2127 quemadmodum
3419 2066 3494 2116 ri—

1919 2146 2071 2198 distis
2109 2163 2229 2200 eum
2262 2159 2466 2203 euntem
2515 2152 2568 2203 in
2607 2156 2810 2204 cazlum.
2857 2151 3000 2206 Tunc
3046 2157 3234 2208 reversi
3257 2166 3375 2208 sunt
3408 2154 3506 2208 Je-

1920 2236 2238 2306 rosolymam
2277 2239 2346 2292 ad
2392 2251 2640 2305 montem,
2689 2243 2778 2312 qui
2808 2254 3023 2297 voratur
3073 2244 3280 2311 Oliveti,
3306 2249 3394 2317 qui
3428 2258 3500 2299 est

1912 2326 2068 2396 juxta
2086 2327 2379 2384 Jerusalem
2402 2330 2617 2386 Sabbati
2647 2335 2840 2388 habens
2864 2337 2993 2399 iter;
3019 2336 3181 2408 634
3203 2348 3247 2391 et
3280 2355 3396 2392 cum
3421 2340 3502 2391 in-

1920 2418 2160 2471 troissent
2185 2419 2236 2472 in
2257 2420 2600 2485 ccenaculum,
2633 2423 2974 2478 ascenderunt
3001 2427 3054 2478 in
3083 2428 3375 2494 superiora,
3412 2429 3497 2483 ubi

1921 2511 2197 2564 manebant
2237 2509 2425 2566 Petrus
2480 2524 2526 2567 et
2568 2513 2822 2579 Joannes,
2870 2516 3102 2570 Iacobus
3148 2529 3195 2572 et
3235 2519 3497 2584 Andreas,

1925 2597 2198 2670 Philippus
2245 2613 2291 2655 et
2335 2602 2584 2668 Thomas,
2637 2605 3054 2663 Bartltolomtvus
3102 2620 3148 2663 et
3194 2610 3501 2676 Matt/atrus,

1921 2689 2153 2746 Iacobus
2185 2694 2387 2764 Alphtvi
2433 2707 2478 2750 et
2527 2695 2709 2752 Simon
2755 2698 2980 2766 Zelotes,
3012 2712 3058 2754 et
3095 2703 3265 2756 .ludas
3291 2703 3498 2760 Jacobi.

1927 2780 1998 2835 Ηὶ
2029 2800 2204 2837 omnes
2229 2797 2376 2839 erant
2406 2801 2786 2858 perseverantes
2828 2795 3147 2848 unanimiter
3185 2796 3238 2849 in
3269 2799 3504 2852 oratione

1924 2888 2042 2926 cum
2102 2874 2427 2942 mulieribus,
2460 2889 2508 2932 et
2541 2879 2718 2934 Maria
2762 2892 2932 2937 matre
2975 2883 3128 2950 Iesu,
3159 2896 3205 2941 et
3248 2888 3504 2957 fratribus

1923 2963 2039 3032 ejus
2071 2963 2210 3034 (Act.
2243 2983 2282 3031 ι,
2331 2968 2437 3037 10).
2472 2969 2604 3024 Cum
2639 2972 2801 3041 igitur
2829 2974 2883 3030 in
2933 2978 3122 3030 eodem
3152 2977 3269 3033 loco
3295 2991 3498 3047 essent,

1923 3052 2093 3121 [actus
2121 3066 2195 3109 est
2222 3069 2424 3125 repente
2459 3058 2522 3113 de
2547 3060 2673 3114 caelo
2697 3079 2856 3117 sonus
2902 3073 3149 3136 tanquam
3181 3070 3504 3126 advenientis

1923 3145 2139 3214 spiritus
2185 3147 2516 3208 vehementis.
2563 3161 2610 3205 et
2659 3152 2871 3222 replevit
2924 3164 3084 3209 totam
3131 3158 3368 3226 domum,
3415 3163 3503 3216 ubi

1922 3247 2070 3290 erant
2100 3238 2354 3304 sedentes,
2382 3251 2428 3294 et
2457 3254 2810 3310 apparuerunt
2836 3244 2944 3299 illis
2973 3247 3256 3316 dispertitm
3302 3251 3497 3320 lingute

1922 3337 2173 3396 tanquam
2219 3329 2374 3398 ignis,
2422 3333 2653 3403 seditque
2706 3353 2861 3405 super
2908 3339 3141 3407 singulos
3194 3359 3409 3408 eorum;
3453 3357 3502 3400 et

1925 3417 2106 3488 repleti
2135 3431 2254 3473 sunt
2285 3437 2463 3476 omnes
2495 3423 2699 3487 Spiritu
2728 3438 2936 3490 sancto,
2969 3439 3016 3482 et
3045 3443 3304 3498 coeperunt
3361 3435 3480 3504 loqu

1922 3510 2080 3564 variis
2127 3511 2340 3582 linguis,
2387 3525 2540 3585 prout
2589 3517 2819 3588 Spiritus
2871 3530 3082 3575 sanctus
3140 3523 3298 3578 dabat
3329 3526 3503 3598 eloqui

1920 3601 2027 3655 illis
2064 3602 2202 3672 (Act.
2247 3621 2307 3670 ll,
2333 3606 2368 3659 ‘2
2394 3608 2549 3678 δρψ).

1989 3692 2042 3745 5.
2069 3691 2112 3748 Ο
2139 3708 2300 3762 quam
2342 3696 2426 3750 hic
2453 3699 2678 3768 abyssus
2725 3702 2934 3757 Veteris
2977 3704 3308 3762 Tcstamenti
3333 3709 3497 3780 abys-

1923 3797 2039 3836 sum
2065 3783 2278 3839 invocat
2309 3789 2466 3842 novi!
2500 3789 2544 3845 Ο
2571 3807 2732 3860 quam
2765 3795 3068 3864 antiquiora
3109 3801 3499 3856 recentioribus

1921 3875 2244 3930 concinunt!
2277 3877 2732 3952 Quinquagcsimo
2753 3886 2836 3940 die
2857 3898 2977 3956 post
2997 3891 3323 3946 occisionem
3351 3897 3501 3964 agni,

1921 3976 1972 4020 et
2002 3968 2168 4023 maris
2201 3973 2482 4027 transitum
2515 3974 2704 4041 Rubri,
2724 3978 2772 4032 in
2805 3980 2930 4035 Sina
2957 3994 3136 4039 monte
3152 3985 3317 4058 Moysi
3347 3991 3504 4044 ἀρνει-

1919 4059 2073 4128 logus
2126 4063 2304 4117 datur.
2332 4065 2804 4139 'Quinquagesimo
2858 4084 2977 4142 post
3032 4076 3501 4137 Rcsurrectiouem

1920 4150 2118 4205 Christi
2146 4153 2232 4209 die
2261 4154 2496 4225 Spiritus
2523 4170 2743 4216 sanctus
2767 4165 3024 4233 apostolis
3049 4169 3300 4225 mittitur.
3330 4174 3502 4239 Quin-

1921 4245 2268 4312 quagesimus
2297 4249 2632 4306 remissionis
2658 4263 2740 4307 est
2769 4270 2974 4322 annus;
3009 4259 3124 4315 dies
3147 4269 3506 4334 uosterquin-

1920 4342 2263 4404 quagesimus
2307 4342 2496 4409 gratiae
2546 4352 2629 4397 est
2678 4360 3050 4402 consecratus.
3099 4352 3191 4408 Illo
3237 4356 3321 4409 die
3363 4357 3506 4413 Deus

293 4439 351 4493 Ξ.
386 4438 783 4494 Prtesumentes
812 4449 990 4494 tamen
1041 4454 1138 4494 nos
1171 4439 1348 4495 adhuc
1382 4441 1448 4495 de
1479 4441 1693 4496 illorum
1723 4459 1814 4498 so-

1926 4424 2016 4478 Dei
2048 4425 2217 4482 Filius
2248 4429 2300 4482 in
2329 4441 2510 4486 monte
2559 4435 2867 4495 descendit:
2905 4441 3005 4494 isto
3034 4445 3126 4495 sed
3153 4455 3336 4499 nostro
3366 4450 3505 4501 Deus

227 4531 430 4587 cietate
473 4531 712 4585 existere
758 4531 963 4602 (Nescit
1008 4532 1153 4586 enim
1199 4534 1395 4604 homo”
1424 4534 1502 4587 ait
1567 4535 1809 4604 quidam,

227 4631 406 4674 utrum
461 4621 584 4674 odio
633 4637 704 4674 an
735 4638 914 4675 amore
951 4623 1140 4691 dignus
1179 4625 1268 4688 sit,
1314 4625 1404 4678 sed
1451 4628 1628 4679 omnia
1657 4628 1712 4680 in
1736 4628 1817 4696 fu-

229 4722 407 4765 turum
457 4722 735 4767 servantur
762 4714 957 4767 incerta
995 4711 1192 4784 [Eccle.
1217 4731 1295 4778 ix,
1319 4713 1420 4786 1]),
1444 4716 1684 4771 dicamus
1710 4734 1816 4773 non

235 4806 589 4876 desperantes
611 4807 677 4860 de
703 4806 878 4870 nobis,
910 4807 1034 4876 quia
1068 4807 1226 4862 hodie
1252 4818 1334 4862 est
1367 4808 1814 4880 quinquagesima

232 4898 368 4962 dies,
393 4912 457 4952 ex
507 4913 617 4968 quo
653 4898 706 4951 in
745 4897 963 4953 Christo
1008 4899 1438 4964 resurreximus;
1487 4899 1720 4965 decima,
1746 4916 1815 4955 ex

155 5020 162 5023 -
233 5000 338 5055 quo
379 5003 502 5044 cum
560 4987 781 5043 Christo
836 4988 1006 5043 cwlos
1054 4988 1418 5043 ascendimus.
1471 4987 1645 5046 Hodie
1693 4991 1820 5060 quid

284 5252 484 5348 £315.?!
519 5249 694 5348 ἐνιεὶς
733 5249 1294 5348 terraeterrae.
1302 5245 1440 5348 33210
1448 5248 1702 5348 titus:
1715 5250 1818 5348 ηὲἑ

223 5320 484 5348 -ξμη-Αι
519 5323 572 5348 Ζ..
614 5323 694 5348 ΑΖ..
759 5320 1076 5348 ηλκιι-Αιιηοιη.
1157 5322 1412 5348 ᾹΛΙ.Ληῖηι-
1469 5320 1520 5348 :n
1579 5321 1809 5348 Dinnnl‘n

1925 4515 2102 4572 Patris
2131 4528 2182 4572 et
2215 4521 2332 4575 Filii
2359 4522 2592 4593 Spiritus
2623 4537 2842 4584 sanctus
2870 4532 3038 4601 igneis
3069 4535 3264 4606 linguis
3284 4539 3506 4594 domou-

1925 4617 2127 4661 stratus
2158 4610 2393 4665 advenit.
2423 4613 2662 4684 Utraque
2687 4634 2812 4674 vero
2845 4622 2942 4676 ista
2974 4624 3216 4681 Trinitas
3244 4627 3444 4697 adimpl
3467 4651 3503 4668 ~-

1923 4699 2019 4751 vit.
2075 4697 2240 4753 Pater
2295 4701 2403 4757 illic
2459 4703 2653 4760 Filium
2690 4707 2856 4780 Moysi
2901 4713 3222 4778 destinavit;
3268 4715 3505 4782 Spiritus

1925 4799 2147 4845 sanctus
2178 4808 2206 4844 a
2236 4793 2396 4850 Patre
2443 4807 2496 4850 et
2543 4799 2676 4854 Filio
2730 4804 2927 4857 missus
2971 4814 3138 4873 atque
3189 4811 3505 4876 proeeiens,

1925 4884 2182 4952 apostolis
2206 4885 2365 4941 isthic
2414 4899 2681 4956 potestate
2707 4905 3000 4960 spontauea
3032 4913 3163 4953 sese
3188 4897 3400 4949 infudit.
3436 4899 3511 4952 lui

1923 4976 2158 5031 tonitrua
2181 4988 2234 5032 et
2260 4993 2441 5041 voces,
2477 4997 2631 5037 mons
2655 4999 2868 5052 quoque
2901 4983 3164 5054 fumans;
3189 4985 3275 5040 hic
3305 4985 3519 5039 inflant--

1921 5255 2112 5348 genter;
2127 5242 2503 5348 expendendos
2517 5244 2843 5348 curpvimus,
2861 5253 2912 5297 ut
2931 5242 3088 5348 hliqn
3101 5255 3542 5348 οφιὲςῖἷᾘιοέυς

1923 5338 2039 5348 ﬂ...“
2066 5338 2089 5348 ,ι
2121 5321 2182 5348 ειη
2215 5321 2314 5348 ἶηη.
2343 5326 2426 5348 ille
2463 5331 2512 5348 ιη
2542 5333 2608 5348 nu
2636 5335 2646 5348 ι
2674 5329 2809 5348 mnu:
2845 5332 2954 5348 ιιι-ευ
2980 5330 3149 5348 ινα--.
3261 5329 3287 5348 n
3401 5330 3426 5348 ιι
3475 5334 3542 5348 η..

2142 5314 2426 5348 ζη-ἶηηιιὶιῖε
2463 5315 2512 5348 in
2542 5316 2809 5348 nnhnnnnl
2845 5314 3149 5348 “Futura-\-
