4044 5348
526 298 633 355 ’ῖιῖ

1412 285 1736 344 RATHERII
1773 284 1984 342 EPISC.
2026 283 2274 341 VERON.
2316 285 2466 342 OPP.
2507 284 2686 342 PARS
2724 284 2788 341 lll

3660 286 3771 342 ἠε

535 413 663 468 mati
694 407 892 482 linguis
943 404 1110 462 variis
1136 401 1404 467 homines,
1454 400 1680 471 apostoli
1717 401 1933 468 utique,
1969 398 2104 467 ignis
2133 405 2176 464 Α
2212 409 2316 453 tam
2348 400 2484 469 pius,
2523 410 2631 454 tam
2671 399 3004 467 misericors,
3049 409 3157 455 tam
3194 408 3277 455 est
3307 400 3483 457 facilis
3511 403 3576 457 ad
3618 403 3777 477 igno-

530 502 698 558 divini
722 499 1007 555 ardoribus
1028 503 1337 551 :estuautes.
1356 493 1434 548 Ad
1461 503 1786 563 postremum
1813 491 2104 546 Dominicze

532 590 944 649 resurrectionis
993 589 1095 643 iste
1146 595 1229 641 est
1276 584 1755 655 quinquagesimus
1782 581 1914 644 dies,
1942 596 2103 650 quem

530 662 852 757 patriarcha!
899 694 1090 735 omnes
1142 685 1304 746 atque
1342 675 1639 745 propheta},
1676 687 1798 727 cum
1829 688 1857 725 a
1896 671 2104 726 Pascha

534 792 703 846 usque
732 775 797 829 ad
830 774 990 827 istum
1037 778 1261 824 caeteros
1313 781 1503 823 omnes
1545 764 1880 819 venerationi
1911 763 2106 818 debitae

532 870 877 938 deputarent,
920 863 1082 917 istum
1118 875 1227 931 prm
1274 857 1525 914 omnibus
1564 855 1930 911 celebrabant.
1958 854 2106 908 Mon-

532 967 668 1013 strat
689 957 789 1010 hoc
820 953 1017 1008 Tobias
1038 949 1444 1005 videntissimus
1467 961 1679 1002 cmcus:
1710 954 1976 1001 monstrat
2004 944 2106 999 hoc

535 1048 826 1120 Apostolus
840 1046 904 1101 ad
928 1044 1048 1100 cceli
1069 1043 1208 1097 tertii
1237 1041 1549 1097 sublimiora
1570 1040 1866 1095 conductus
1883 1038 2065 1109 (1554)
2088 1055 2100 1092 :

532 1139 709 1206 Ibam,
728 1138 899 1209 inquit
922 1137 1007 1192 ille
1037 1134 1258 1210 [supple.
1287 1131 1378 1204 ad]
1407 1132 1732 1187 Pentecostcs
1761 1132 1895 1184 diem
1919 1131 2104 1201 festum

533 1241 785 1294 nostrum,
823 1229 913 1299 qui
959 1237 1032 1282 est
1065 1234 1275 1280 sanctus
1310 1241 1341 1277 a
1369 1224 1673 1293 septimanis
1701 1223 1836 1291 (Act.
1869 1238 1957 1283 xx,
1994 1220 2101 1291 16).

529 1317 728 1376 Beatus
756 1334 883 1375 vero
928 1317 1126 1372 Paulus
1185 1314 1469 1369 lestinasse
1520 1313 1718 1384 legitur
1746 1312 1888 1366 diem
1941 1311 2103 1365 istum

455 1458 461 1465 .
530 1407 881 1480 Jerosolymis
912 1407 1209 1469 celebrare,
1233 1404 1374 1474 quod
1409 1403 1574 1458 sciret
1611 1403 1757 1456 illum
1788 1417 1900 1471 prre
1926 1401 2106 1455 omni—

486 1500 638 1563 bus
680 1500 939 1554 eminere.
990 1495 1236 1560 Sanctus,
1287 1493 1483 1563 inquit,
1535 1511 1566 1546 a
1615 1491 1953 1563 septimanis;
2000 1507 2106 1547 non

506 1560 911 1737 krfunctorie,
970 1587 1212 1656 inquam,
1276 1592 1526 1653 computa
1575 1599 1587 1635 :
1639 1598 1764 1637 nam
1815 1597 1846 1636 a
1899 1580 2106 1636 Pascha

599 1696 701 1737 oue
733 1680 800 1734 ad
841 1678 1197 1733 Pentecosten
1226 1676 1382 1733 istam
1416 1684 1655 1729 nostram
1703 1674 2104 1728 sanctissimam

599 1696 701 1751 que
733 1680 800 1734 ad
841 1678 1197 1733 Pentecosten
1226 1676 1382 1733 istam
1416 1684 1655 1729 nostram
1703 1674 2104 1728 sanctissimam

2205 491 2460 542 scendum
2483 489 2758 543 conversis
2781 530 2796 556 ,
2820 498 2879 544 ut
2906 491 3216 547 noverimus
3244 508 3364 547 eum
3392 502 3628 550 nostram
3653 513 3772 554 non

2204 579 2329 635 odio
2355 579 2575 644 habere,
2604 595 2762 649 quam
2794 582 3051 647 condidit,
3077 583 3458 649 substantiam,
3491 585 3584 641 sed
3612 589 3773 642 mali-

2205 671 2460 739 gnitatcm
2500 671 2771 725 exsecrari
2824 672 3003 741 potius
3030 683 3291 728 nostram.
3324 675 3477 742 Quod
3532 678 3577 732 si
3608 678 3779 748 ipsius

2205 760 2407 813 auxilio
2453 760 2727 815 immutari
2787 763 3394 836 gestimus;probemus
3427 776 3483 822 et
3508 784 3623 834 nos,
3648 786 3779 826 cum

2206 850 2360 904 nobis
2398 851 2625 905 invicem
2677 868 3081 920 succcnsemus,
3113 872 3216 911 non
3248 874 3345 913 nos
3370 871 3659 929 propterea
3691 862 3783 916 in-

2206 942 2377 997 vicem
2404 942 2601 1007 odisse,
2630 943 2722 997 sed
2762 944 2983 1011 malum,
3015 947 3155 1015 quod
3189 948 3241 1002 in
3273 951 3431 1006 nobis
3458 952 3781 1007 alterutrum

2206 1035 2658 1105 recognoscimus,
2710 1049 2937 1090 exosum
2987 1037 3208 1093 habere.
3256 1039 3783 1098 Convertibilesita-

2206 1143 2310 1197 que
2338 1127 2404 1181 ad
2452 1127 2681 1183 invicem
2725 1145 2848 1184 cum
2900 1132 3069 1186 nostri
3117 1133 3226 1187 sint
3271 1149 3507 1201 amores,
3537 1149 3596 1192 ut
3623 1138 3781 1204 odia;

2206 1222 2373 1276 Deum
2420 1229 2571 1276 tanto
2618 1222 3080 1279 inconvertibilius
3120 1234 3173 1280 et
3195 1230 3633 1296 perseverantius
3660 1231 3786 1285 dili-

2205 1312 2401 1382 gimus,
2428 1322 2629 1382 quanto
2666 1313 2998 1369 voluntatem
3052 1315 3221 1386 ipsius
3266 1318 3407 1372 idem
3438 1334 3582 1383 esse,
3629 1324 3777 1387 quod

2208 1404 2381 1474 ipsum
2406 1403 2497 1477 [[2,
2534 1403 2666 1474 ipse,
2703 1415 2751 1459 et
2777 1406 3004 1459 subaudi
3032 1405 3158 1479 est],
3192 1408 3588 1477 cognoscimus.
3630 1410 3788 1466 Unde

2209 1494 2262 1548 in
2295 1494 2461 1563 ipsius
2488 1510 2671 1549 amore
2700 1495 2843 1550 nulla
2885 1495 3039 1552 nobis
3068 1497 3359 1567 imponitur
3398 1515 3681 1566 mensura;
3720 1502 3781 1555 in

2207 1597 2394 1642 nostro
2445 1603 2576 1644 veru
2606 1603 2668 1643 ea
2710 1588 2929 1659 ponitur
2957 1591 3215 1657 conditio,
3268 1600 3326 1646 ut
3375 1592 3456 1647 sic
3498 1593 3788 1665 diligamus

2207 1679 2537 1749 proximos”
2566 1680 2706 1758 sicut
2750 1682 3133 1751 nosmetipsos,
3183 1681 3234 1736 id
3262 1690 3342 1737 est
3364 1692 3421 1736 ut
3452 1694 3649 1753 praeter
3674 1684 3788 1738 alia

534 1760 676 1827 diem
703 1787 807 1826 non
837 1770 937 1825 nisi
974 1777 1199 1840 septem,
1234 1767 1333 1822 nisi
1371 1765 1544 1829 fallor,
1574 1765 1938 1820 hebdomadas
1964 1765 2109 1819 inve—
2139 1760 2183 1818 Β
2213 1768 2397 1839 quales
2426 1784 2522 1823 nos
2544 1771 2777 1824 existere
2826 1769 3220 1835 debuissemus,
3260 1770 3392 1827 tales
3418 1782 3472 1827 et
3506 1772 3629 1827 illos
3651 1774 3789 1827 desi-

532 1860 668 1917 nies.
717 1860 860 1929 Lege
908 1860 1271 1931 prophetam,
1324 1865 1379 1911 et
1428 1856 1792 1926 septiformem
1840 1856 2100 1926 Spiritum

532 1965 695 2022 super
741 1950 926 2006 ﬂorem
960 1950 1024 2004 de
1057 1949 1237 2003 radice
1283 1946 1437 2003 Jesse
1481 1946 1862 2002 ascendentem
1887 1947 2103 2017 requie—

530 2043 675 2099 visse
704 2041 1005 2112 comperies
1035 2040 1171 2109 (Isa.
1195 2055 1235 2105 ι,
1274 2041 1349 2109 l).

601 2132 657 2186 4.
695 2130 825 2199 Quis
875 2139 957 2185 est
998 2138 1177 2184 autem
1221 2128 1307 2183 ille
1359 2127 1614 2197 Spiritus,
1669 2127 1771 2182 nisi
1805 2126 1894 2196 qui
1944 2143 2104 2197 super

534 2222 820 2277 Dominum
875 2220 927 2275 in
967 2219 1212 2276 columba
1246 2259 1262 2284 ,
1315 2233 1477 2289 super
1556 2218 1830 2287 apostolos
1879 2218 1932 2272 in
1982 2218 2105 2289 igne

533 2312 843 2369 descendit?
871 2310 1048 2378 Quare
1073 2325 1201 2365 vero
1233 2325 1397 2380 super
1426 2309 1716 2364 Dominum
1748 2308 1801 2362 in
1833 2307 2101 2374 columba,

531 2418 695 2474 super
736 2402 1009 2473 apostolos
1056 2416 1186 2456 vero
1225 2401 1279 2455 in
1336 2400 1460 2471 igne
1506 2399 1793 2469 apparuit?
1843 2398 1946 2455 nisi
1978 2399 2104 2469 quia

535 2505 848 2550 mansuetus
886 2494 1109 2550 veniens
1161 2494 1458 2559 Dominus,
1517 2501 1799 2547 mansueto
1849 2492 2002 2562 signo
2048 2506 2106 2546 se

532 2586 898 2644 demonstrari
931 2586 1100 2642 voluit
1138 2585 1482 2652 hominibus;
1516 2584 1788 2655 apostolos
1814 2598 1943 2637 vero
1962 2581 2104 2653 judi-

527 2682 675 2738 cium
717 2698 875 2737 suum
906 2680 1323 2735 annuntiaturos
1358 2682 1618 2735 missurus
1651 2679 1987 2752 [subauditur
2015 2695 2106 2733 vo-

531 2772 631 2827 luit
658 2772 1076 2843 domonstrare],
1104 2787 1225 2826 cum
1274 2788 1381 2843 quo
1410 2781 1620 2827 terrore
1647 2771 1986 2841 iudicaturus
2014 2771 2107 2826 ad-

534 2862 734 2917 veniet.
757 2860 856 2928 Qui
882 2876 948 2917 ne
967 2861 1303 2930 judicaretur
1328 2872 1659 2927 mansuetus,
1686 2860 1903 2915 advenit
1930 2861 2105 2916 sonitu

533 2949 697 3021 635
751 2949 1155 3004 vehementiore
1202 2950 1625 3005 demoustratus.
1687 2950 1922 3021 Linguas
1979 2966 2109 3006 vero

534 3056 703 3110 quare
735 3040 919 3112 igneas
955 3040 1387 3097 demonstravit?
1429 3041 1534 3096 nisi
1585 3050 1643 3095 ut
1672 3056 1856 3096 servos
1900 3057 2027 3096 suos
2055 3050 2111 3097 et

2211 1862 2463 1917 deremus
2488 1862 2738 1916 existere.
2770 1862 2896 1917 llaec
2925 1862 2990 1919 de
3043 1861 3273 1918 lectione
3301 1873 3513 1918 tantum
3546 1865 3793 1937 tetigisse

2211 1951 2440 2007 Sttflieiat
2465 1952 2805 2022 Evangelica.

2281 2042 2334 2097 5.
2362 2043 2444 2096 Ad
2490 2042 2848 2099 solemnitatis
2893 2044 3169 2099 hodierna:
3207 2045 3477 2115 praeconia
3508 2054 3793 2099 converta-

2212 2148 2352 2187 mur.
2407 2131 2581 2196 Sicut,
2632 2132 2848 2198 fratres,
2876 2133 3159 2189 Canticum
3190 2136 3553 2198 canticorum,
3594 2144 3650 2189 et
3675 2134 3791 2189 Rex

2212 2222 2409 2278 dicitur
2435 2238 2654 2293 regum;
2690 2223 2768 2276 sic
2796 2224 2897 2277 ista
2931 2224 3046 2278 dies
3081 2224 3396 2279 solemnitas
3426 2234 3513 2278 est
3537 2224 3793 2279 solemni-

2215 2323 2402 2368 tatum.
2424 2313 2503 2367 Ad
2529 2315 2631 2368 hoc
2659 2314 2804 2368 enim
2831 2314 3079 2369 Christus
3103 2324 3260 2368 natus
3275 2325 3377 2380 est,
3407 2323 3467 2369 ut
3487 2326 3791 2384 pateretur;

2212 2407 2279 2461 ad
2320 2407 2421 2461 hoc
2443 2418 2710 2473 mortuus,
2734 2416 2794 2462 ut
2838 2419 3182 2479 resurgeret;
3221 2409 3286 2463 ad
3333 2409 3437 2463 hoc
3468 2411 3793 2475 resurrexit,

2213 2507 2272 2552 ut
2300 2486 2542 2563 carnem,
2582 2513 2743 2568 quam
2780 2498 2847 2554 de
2876 2500 3030 2555 nobis
3072 2515 3169 2570 pro
3196 2500 3352 2554 nobis
3378 2509 3708 2571 sumpserat,
3741 2502 3795 2554 iu

2214 2587 2406 2643 coelum
2454 2589 2688 2656 levaret;
2714 2591 2781 2645 ad
2825 2592 2926 2646 hoc
2956 2607 3073 2646 eam
3125 2590 3250 2647 illuc
3279 2593 3575 2655 transtulit,
3606 2603 3663 2647 ut
3691 2594 3790 2647 imo

2213 2679 2495 2733 mortalem
2548 2695 2870 2750 semperque
2913 2680 3121 2736 felicem
3169 2682 3424 2738 efﬁceret.
3455 2683 3613 2751 Quod
3662 2686 3788 2753 quia

2214 2769 2316 2823 nisi
2365 2771 2505 2824 dono
2561 2769 2796 2840 Spiritus
2831 2772 2999 2844 636
3041 2774 3208 2828 sancti
3261 2790 3365 2828 non
3414 2784 3628 2845 poterat
3678 2775 3795 2830 ﬁeri

2217 2857 2347 2929 (nisi
2370 2859 2514 2913 enim
2555 2859 2823 2929 baptismo
2858 2861 3160 2931 regenerati
3200 2863 3321 2915 novi
3351 2863 3603 2917 homines
3625 2861 3798 2918 eﬂice-

2214 2965 2417 3016 remur,
2471 2950 2525 3005 in
2571 2961 2840 3008 vetustate
2894 2962 3174 3008 manentes
3218 2952 3417 3007 salvari
3482 2954 3797 3009 nullatenus

2214 3040 2623 3108 potuissemus:
2671 3041 2933 3110 baptizari
2985 3057 3116 3096 vero
3160 3041 3307 3096 nullo
3363 3042 3527 3097 modo
3580 3044 3685 3099 nisi
3733 3044 3791 3098 in

533 3109 800 3187 charitat'e
831 3131 1121 3196 ferventes,
1154 3141 1209 3185 et
1257 3145 1509 3186 sermone
1539 3131 1971 3201 promptissimos
1994 3129 2111 3188 fore
2139 3109 2182 3170 Ο
2217 3130 2422 3200 Spiritu
2477 3140 2669 3185 sancto
2700 3109 2914 3203 (Matth.
2945 3148 3030 3197 ιιι,
3060 3132 3148 3200 Η)
3198 3142 3251 3187 et
3298 3133 3421 3204 igne
3453 3143 3791 3203 poteramus;

535 3221 732 3275 debere
780 3230 1109 3275 monstraret
1156 3238 1168 3273 :
1226 3222 1318 3290 qui
1369 3223 1554 3293 utique
1609 3223 1775 3294 (quod
1828 3223 1986 3278 modo
2041 3238 2107 3278 ex

543 3314 831 3384 Evangelio
879 3314 1123 3369 auditum
1182 3316 1286 3383 est)
1328 3330 1389 3370 ea
1434 3316 1662 3371 veritate
1709 3316 2110 3386 depromerem,

534 3417 641 3474 qua
678 3405 880 3460 dictum
923 3414 1311 3477 cognoscerent
1355 3408 1504 3480 (quid
1555 3410 1658 3465 hoc
1701 3425 1827 3465 vero
1857 3420 1959 3474 est,
2000 3410 2111 3464 fra-

537 3493 707 3563 tres?)
745 3512 758 3549 :
804 3493 976 3559 Dixit,
1028 3495 1201 3566 inquit
1241 3498 1592 3569 evangelista,
1640 3497 1796 3553 Iesus
1840 3499 2113 3570 discipulis

534 3585 644 3639 suis
671 3584 757 3640 :Si
770 3586 885 3656 quis
905 3585 1075 3657 diligit
1102 3604 1204 3652 me,
1226 3603 1513 3643 sernwnem
1535 3605 1707 3643 meum
1731 3589 1973 3653 servabit,
2005 3599 2112 3643 etc.

537 3672 719 3746 (Joan.
750 3689 840 3727 xw
868 3714 881 3737 ,
910 3674 1024 3746 9.5).
1057 3675 1188 3741 Quis
1227 3677 1462 3747 linquam
1495 3679 1699 3734 habens
1735 3679 1947 3750 igneam
1975 3679 2114 3734 istud

536 3764 828 3832 sophistica
858 3766 1303 3833 tergiversatione
1334 3768 1666 3825 confundere
1693 3770 1928 3825 audeat?
1948 3770 2118 3840 Aper-

538 3864 649 3908 tum
691 3864 794 3920 est,
831 3865 1016 3923 aperte
1044 3857 1358 3911 disseratur.
1396 3858 1538 3912 Nihil
1570 3859 1826 3913 medium.
1854 3859 1960 3912 Aut
1990 3858 2112 3912 dili-

536 3946 714 4015 gimus
740 3945 1045 4011 Dominum,
1106 3957 1198 4001 aut
1245 3963 1351 4001 non
1386 3948 1676 4019 diligimus.
1722 3947 1779 4003 Si
1812 3947 2118 4017 diligimus,

541 4035 683 4103 quod
717 4037 961 4105 praecipit
984 4036 1230 4093 facimus.
1257 4037 1314 4093 Si
1362 4053 1468 4093 non
1502 4037 1806 4108 diligimus,
1838 4039 1980 4108 quod
2024 4036 2117 4107 ju-

542 4126 634 4180 bet
688 4128 909 4182 minime
962 4129 1311 4184 custodimus.
1364 4128 1421 4184 Si
1463 4129 1735 4200 diligimus
1781 4145 1928 4193 eum,
1956 4128 2024 4184 ab
2052 4144 2119 4184 eo

543 4216 816 4287 diligimur
875 4235 889 4272 :
946 4219 990 4272 si
1032 4235 1160 4285 non,
1209 4220 1456 4289 quamvis
1503 4235 1629 4275 eum
1678 4218 2121 4275 irrationabiliter

542 4306 724 4378 (1555)
755 4314 1074 4373 metuamus,
1105 4309 1251 4378 diligi
1305 4319 1483 4363 tamen
1537 4323 1642 4363 non
1693 4316 2118 4378 prtesumptuose

546 4407 813 4466 putemus.
862 4398 1015 4465 Quod
1057 4401 1228 4468 possit
1278 4414 1409 4454 vero
1442 4401 1578 4462 fieri,
1617 4398 1839 4452 minime
1859 4398 2114 4468 despere-

2216 3218 2476 3290 Spiritum
2495 3229 2739 3275 sanctum
2768 3222 2926 3277 nobis
2942 3223 3099 3277 hodie
3124 3224 3174 3277 in
3205 3223 3399 3292 linguis
3429 3224 3603 3294 igneis
3626 3225 3797 3287 misit,

2215 3319 2274 3363 ut
2312 3309 2566 3379 baptizati
2600 3310 2827 3378 scilicet,
2859 3322 2913 3367 et
2968 3312 3249 3383 loquentes
3278 3314 3343 3368 de
3371 3313 3503 3377 Deo,
3533 3324 3589 3367 et
3612 3330 3799 3369 amore

2218 3397 2360 3452 illius
2382 3407 2437 3453 et
2464 3399 2696 3469 proximi
2724 3399 3015 3467 ferventes,
3055 3400 3145 3455 illo
3181 3401 3505 3470 quandoque
3534 3400 3799 3457 transfer-

2216 3504 2422 3555 remnr,
2473 3506 2579 3559 quo
2612 3490 2733 3544 sine
2788 3492 3055 3546 charitate
3104 3491 3387 3546 transferri
3441 3492 3590 3546 nullo
3637 3494 3799 3548 modo

2214 3588 2543 3649 poteramus.
2574 3579 2636 3634 Si
2661 3582 2779 3650 quis
2812 3581 2979 3646 enim,
3006 3589 3063 3635 ut
3094 3582 3169 3635 ait
3192 3582 3499 3651 Apostolus,
3532 3581 3795 3652 Spiritum

2214 3666 2410 3721 Christi
2440 3685 2544 3722 non
2585 3669 2759 3735 habet,
2802 3670 2886 3723 hic
2935 3686 3037 3724 non
3063 3679 3137 3724 est
3165 3670 3300 3741 ejus.
3352 3669 3527 3742 (Rom.
3561 3687 3681 3736 vut,
3709 3673 3788 3741 9).

2221 3758 2325 3826 Qui
2353 3767 2531 3813 autem
2557 3775 2663 3814 non
2693 3769 2776 3815 est
2826 3760 2964 3829 ejus,
3004 3776 3340 3831 consequens
3370 3771 3475 3827 est,
3499 3772 3562 3815 ut
3590 3779 3697 3816 non
3722 3763 3795 3815 sit

2216 3849 2489 3919 particeps
2547 3851 2698 3920 regni
2756 3842 2917 3906 illius.
2974 3851 3206 3923 Spiritus
3277 3863 3458 3907 autem
3522 3856 3800 3923 possessio

2216 3940 2530 4011 conjectura
2554 3955 2675 3997 cum
2705 3943 2777 3998 sit
2813 3944 3095 3999 charitatis
3122 3944 3257 4014 ipsa,
3285 3943 3469 4014 (1557)
3491 3944 3687 3999 eodem
3719 3945 3797 3999 di-

2217 4041 2373 4088 cente
2416 4033 2694 4102 Apostolo,
2725 4036 2848 4104 quia
2875 4036 3105 4091 clearitas
3136 4033 3233 4089 Dei
3269 4035 3465 4104 lii/fusa
3491 4045 3572 4104 est
3595 4036 3657 4088 in
3678 4052 3797 4089 cor-

2216 4123 2369 4178 dibus
2425 4125 2617 4179 nostris
2654 4103 2755 4195 per,
2775 4126 3033 4196 Spiritum
3074 4103 3349 4193 sanctum,
3379 4126 3469 4197 qui
3506 4103 3674 4181 datus
3723 4136 3796 4180 est

2218 4213 2363 4267 nobis
2390 4213 2571 4285 (Rom.
2602 4229 2660 4281 v,
2689 4215 2781 4287 5);
2833 4225 2981 4271 tanto
3010 4218 3212 4272 certius
3233 4218 3300 4271 de
3325 4215 3591 4286 quolibet,
3614 4227 3797 4271 utrum

2220 4305 2481 4375 Spiritum
2500 4317 2747 4362 sanctum
2774 4310 2993 4375 habeat,
3020 4308 3262 4365 valemus
3276 4321 3574 4378 agnoscere
3595 4317 3801 4377 quanto

2221 4396 2601 4453 ferventiorem
2632 4414 2751 4454 esse
2797 4401 3068 4455 cernimus
3117 4401 3172 4454 in
3200 4401 3487 4455 charitate.
3517 4400 3624 4466 Qui
3646 4414 3795 4461 vero,

543 4502 663 4541 mus
692 4486 892 4558 (1556).
924 4488 1149 4543 (Ianitor
1174 4490 1318 4544 enim
1346 4489 1411 4543 de
1440 4505 1536 4544 eo:
1569 4487 1835 4543 Miser-eris
1864 4489 2115 4554 omnium,
2145 4460 2195 4519 θ
2223 4488 2298 4543 ait
2332 4489 2640 4559 Apostolus,
2665 4491 2899 4544 habuerit
2935 4492 3278 4545 substantiam
3310 4492 3515 4554 mundi,
3542 4502 3592 4545 et
3614 4492 3796 4545 sideris

543 4575 785 4643 Domine,
811 4587 857 4631 ελ
884 4576 1015 4631 niht‘h
1057 4579 1210 4632 odisti
1254 4596 1433 4633 eorum
1483 4594 1599 4644 qua:
1628 4577 1817 4645 fecisti.
1852 4576 1996 4631 Nihil
2031 4592 2122 4631 ve-

551 4668 677 4725 rius.
722 4667 838 4723 Non
878 4670 990 4723 odit
1042 4669 1301 4723 Dominus
1351 4671 1494 4738 quod
1536 4671 1588 4722 in
1617 4678 1669 4721 te
1708 4667 1857 4732 fecit,
1883 4668 1976 4723 sed
2010 4667 2121 4723 odit

541 4758 682 4822 quod
715 4766 771 4810 tu
806 4757 922 4826 ipse
944 4758 995 4811 in
1035 4758 1312 4827 tui'ipsius
1341 4758 1709 4828 pncjudicium
1735 4757 1901 4823 facis;
1924 4768 1978 4813 et
2000 4758 2119 4814 ideo

611 4928 799 4996 055’s)
829 4933 951 4988 Haec
993 4934 1156 4988 lectio
1203 4934 1481 4996 antiquam
1511 4934 1818 4988 versionem
1844 4931 1966 4986 libri
1999 4932 2107 4986 To-

482 4994 495 5004 ’
544 4994 645 5080 1)]ξὲ
672 4994 947 5080 οιᾼϐνῳρο
999 5005 1236 5080 εξιιίὶιρι,
1269 4994 1388 5073 qua:
1416 5019 1445 5056 a
1466 5001 1830 5080 _P.._Sabatier
1858 5017 1924 5057 ex
1958 5003 2107 5080 codi-

546 5070 692 5104 nihnc
733 5072 894 5106 Ωοηῖη
932 5081 978 5106 nl
1030 5070 1477 5108 ραι-ινιιισηιῖιηιιηεῖ
1503 5073 1644 5110 υδῖίιι
1679 5082 1758 5110 ac!
1812 5074 1872 5110 AI
1912 5088 1974 5110 ην
2009 5072 2107 5112 till-

2222 4577 2443 4646 fratrem
2474 4595 2627 4632 suum
2665 4595 2869 4633 necesse
2904 4581 3114 4645 habere,
3136 4590 3180 4634 et
3203 4580 3449 4633 clauserit
3478 4580 3680 4634 viscera
3699 4596 3797 4633 sua

2220 4671 2286 4722 ab
2315 4686 2395 4732 eo,
2425 4669 2685 4740 quomodo
2714 4672 2941 4724 clm-itas
2969 4670 3065 4724 Dei
3087 4681 3255 4724 manet
3282 4671 3336 4722 in
3358 4686 3418 4723 eo
3446 4669 3473 4724 7
3498 4669 3682 4739 (Joan.
3709 4684 3798 4732 ιιι,

2224 4759 2341 4831 l7.)
2392 4761 2543 4827 Quod
2568 4775 2690 4813 cum
2737 4760 2809 4814 ita
2835 4760 2925 4827 sit,
2956 4759 3206 4829 probatio
3253 4760 3454 4827 alisque
3481 4759 3648 4815 dubio
3670 4760 3799 4813 cha-

2218 4957 2277 5001 n’
2500 4939 2858 5078 iidverhium
2907 5004 3339 5078 irrationabiliter
3358 5018 3512 5078 __quo
3537 5019 3699 5059 sensu
3729 5017 3797 5055 ex

2220 5072 2669 5112 Πηᾶιιηιιῖἷίηιιηιο
2692 5076 2756 5112 cis
2807 5076 3174 5112 nnniniundsnn
3251 5072 3640 5112 nun'iﬁnrinlssc
3682 5082 3773 5112 nnl
