4044 5348
240 237 340 293 τω

1653 218 2038 287 SERSIONES.

3387 229 3486 284 730

237 353 420 408 matis
447 349 709 406 exhibitio
733 359 834 413 est,
862 356 920 403 ut
969 349 1045 402 ait
1065 347 1375 418 Gregorius,
1402 347 1612 415 operis;
1654 343 1809 400 exhi-
1839 349 1886 406 Α
1915 352 1988 393 est
2033 339 2364 409 dilectione],
2393 341 2486 393 sed
2517 338 2639 394 odio
2686 339 2921 400 illorum,
2953 355 3070 406 quin
3115 338 3278 392 nollet
3303 339 3492 392 audire

236 447 374 500 bitio
419 457 545 497 vero
584 442 764 512 operis
811 450 892 496 est
940 438 1171 511 Spiritus
1212 439 1384 493 sancti
1438 435 1814 496 monstrati-ix,

233 551 400 608 quem
431 533 592 589 hodie
614 533 664 586 in
697 532 952 602 apostolis
987 531 1318 600 accepimus,
1350 538 1406 584 ut
1427 529 1585 583 estin
1611 526 1818 598 psalmo

234 628 310 679 ita
341 633 661 679 cantatum:
696 622 989 675 Ascendens
1039 621 1094 674 in
1140 621 1307 673 altum
1364 621 1619 688 captivam
1666 617 1815 670 duxit

231 716 588 785 captivitatem
635 711 804 781 (Psal.
855 726 1024 775 txvtt,
1079 712 1189 782 l9),
1246 713 1297 765 id
1352 720 1438 765 est
1484 711 1814 779 captivatam

230 804 565 874 quondama
599 801 812 856 diabolo
862 811 1101 856 nostram
1155 816 1276 856 cum
1334 801 1515 854 anima
1559 814 1813 862 carnem;

228 898 377 949 dedit
419 897 556 948 dona
600 895 894 947 hominibus
945 893 1160 962 (I'Iphes.
1196 909 1271 957 tv,
1295 893 1350 961 8)
1383 891 1432 944 id
1479 900 1561 946 cst
1611 890 1813 959 (1558),

228 989 568 1042 charismata
602 986 772 1040 sancti
820 986 1076 1053 apostolis
1103 984 1261 1038 hodie
1291 983 1544 1052 Spiritus,
1575 984 1666 1052 qui
1692 996 1812 1036 cum

227 1077 401 1131 Patre
449 1085 504 1129 et
532 1077 718 1129 eodem
751 1073 955 1143 Spiritu
985 1084 1068 1128 est
1115 1072 1436 1142 pera-saecula
1472 1072 1810 1126 benedictus.

225 1169 429 1223 Amen.

843 1256 1073 1311 SliRllO
1118 1256 1205 1310 XI.

584 1364 648 1401 ur.
688 1364 846 1401 SlAltlA
887 1364 956 1402 ετ
995 1363 1210 1401 usurus
1252 1347 1461 1416 (1559).

303 1439 355 1492 l.
394 1439 925 1492 “eminisci-utinam
955 1439 1332 1509 dignaremini,
1352 1438 1566 1501 fratres,
1592 1447 1813 1508 prmter-

228 1530 305 1584 ita
356 1538 561 1583 sancta:
587 1529 680 1582 Dei
701 1529 983 1599 genitricis
1036 1529 1218 1582 Mariae
1246 1527 1590 1583 solemnitate
1621 1530 1674 1583 in
1701 1529 1811 1583 oris

230 1623 407 1677 nostri
449 1621 768 1690 obsequium
809 1629 994 1676 vestro
1041 1620 1367 1690 persolvisse
1414 1620 1665 1692 collegio,
1703 1637 1810 1689 quo

1924 435 2032 486 ullo
2083 435 2261 488 modo.
2293 434 2338 487 Ο
2381 443 2559 487 autem
2607 433 2696 500 qui
2758 432 2892 485 tales
2936 433 2986 484 in
3037 433 3185 486 vobis
3233 432 3488 493 existunt,

1921 528 2126 578 utinam
2161 534 2269 579 tam
2301 524 2540 593 captiose
2577 525 2918 578 intenderent
2950 525 3089 577 seria
3121 539 3284 593 quam
3335 525 3490 579 avide

1921 634 1948 670 a
1983 618 2136 671 nobis
2173 617 2380 687 prolata
2431 617 2731 679 intendunt,
2784 632 2889 669 non
2942 617 3099 670 modo
3136 617 3344 670 inutilia
3397 615 3492 672 sed

1918 707 2077 760 etiam
2111 707 2300 770 noxia;
2331 718 2383 760 et
2441 717 2546 759 tam
2592 707 2894 760 animarum
2926 723 3143 760 suarum
3169 706 3488 775 pmfectum,

1917 813 2077 868 quam
2111 799 2322 853 illarum
2371 800 2693 862 intendunt,
2732 799 2856 852 dum
2913 801 3258 855 conniventes
3306 802 3491 870 utique

1917 888 2020 943 illis
2070 888 2356 956 loquimur,
2385 889 2666 943 damnum!

1983 980 2036 1034 2.
2080 979 2185 1035 Sed
2226 979 2337 1048 jam
2392 997 2532 1035 nunc
2570 981 2872 1045 dicendum,
2921 983 3051 1051 quid
3099 998 3128 1036 a
3169 983 3321 1038 nobis
3380 983 3487 1037 illic

1915 1069 2078 1125 fuerit
2129 1069 2350 1124 dictum.
2385 1069 2454 1125 Ut
2507 1081 2630 1125 ante
2674 1086 2770 1126 nos
2823 1072 3017 1141 saepius
3047 1071 3146 1126 fuit
3198 1073 3486 1143 prolatum,

1916 1162 2021 1215 duo
2061 1161 2112 1214 in
2153 1161 2237 1214 his
2267 1161 2474 1215 duabus
2506 1163 2767 1216 matronis
2795 1164 3026 1216 diximus
3056 1165 3264 1218 vivendi
3293 1181 3491 1234 genera

1914 1251 2218 1322 designata.
2266 1251 2464 1316 Unum,
2497 1254 2637 1320 quod
2679 1253 2746 1306 ab
2788 1263 2909 1306 actu
2945 1253 3142 1307 dicitur
3184 1261 3490 1329 πρακτικήν,

1917 1343 2017 1396 hoc
2059 1351 2142 1395 est
2191 1341 2430 1406 actuale;
2483 1342 2732 1405 alterum,
2781 1345 2923 1411 quod
2975 1360 3002 1396 a
3065 1345 3200 1408 visu,
3256 1344 3335 1398 vel
3382 1345 3493 1398 otio

1913 1439 2146 1508 θεωρικήν
2177 1434 2309 1506 [otio
2336 1436 2551 1499 scilicet,
2577 1453 2678 1506 quo
2701 1439 2816 1506 quis
2858 1438 3133 1502 spectando
3172 1437 3412 1509 otiatur],
3442 1440 3493 1491 id

1917 1537 2001 1582 est
2051 1528 2524 1597 contemplativum
2557 1539 2800 1584 vocatur.
2842 1527 3104 1582 Nimirum
3143 1529 3286 1582 enim
3336 1543 3494 1584 uento

1917 1619 2144 1689 amplius
2192 1620 2418 1674 videnda
2467 1619 2694 1672 interius
2725 1629 3035 1688 exaggerat,
3085 1635 3247 1689 quam
3305 1619 3395 1689 qui
3425 1621 3493 1673 ab

226 1728 296 1767 ex
346 1713 655 1782 evangelica
704 1713 936 1767 lectione
992 1721 1440 1777 monstraremus,
1491 1728 1596 1767 non
1631 1713 1808 1767 minus
1843 1701 1884 1758 Β
1911 1727 2074 1782 opere
2103 1712 2338 1782 amplius
2383 1705 2580 1766 ceSsat.
2615 1710 2796 1782 (1560)
2828 1711 2937 1764 llos
2967 1721 3144 1765 autem
3184 1712 3318 1765 duos
3361 1711 3494 1764 ritus

229 1811 404 1859 beatae
427 1803 521 1856 Dei
565 1803 826 1857 Genitrici
867 1803 995 1857 illud
1039 1803 1348 1868 convenire,
1386 1802 1526 1871 quod
1549 1803 1598 1857 ei
1623 1803 1695 1856 ita
1725 1813 1808 1857 est

227 1896 498 1964 prolatum
529 1895 581 1948 in
609 1894 714 1949 line
747 1909 760 1947 :
787 1893 962 1948 Maria
990 1896 1239 1962 optimam
1279 1905 1481 1963 partem
1509 1895 1608 1948 sibi
1633 1894 1806 1964 elegit,

225 2002 345 2053 qua:
370 1997 472 2037 non
497 1985 768 2052 auferetur
796 1985 860 2038 ab
889 2002 950 2039 ea
970 2003 987 2048 ;
1010 2000 1172 2054 quam
1205 1985 1276 2048 ei,
1302 1986 1388 2039 cui
1416 1987 1516 2040 hoc
1549 2001 1650 2039 vox
1693 1985 1808 2054 ipsa

229 2080 570 2144 deprompsit
622 2076 924 2132 Dominico.
965 2076 1208 2144 Cumque
1238 2092 1303 2130 ex
1345 2077 1534 2130 eadem
1573 2091 1805 2145 evange-

228 2166 348 2221 lica:
372 2169 515 2220 serie
545 2167 795 2222 lectionis
820 2177 1012 2223 vestrae
1029 2167 1274 2223 liliationi
1295 2177 1492 2222 nostra:
1518 2168 1805 2234 facundim,

228 2261 376 2327 quod
403 2258 567 2328 637
590 2259 781 2328 potuit,
829 2260 1141 2326 protulisset
1167 2259 1380 2329 inopia;
1403 2260 1560 2329 quasi
1591 2260 1662 2314 nil
1690 2276 1812 2330 pto-

226 2347 401 2400 latum
433 2348 619 2402 fuisset
653 2351 876 2412 austeri,
905 2351 977 2402 ita
1013 2351 1374 2405 incommotos
1402 2365 1519 2415 vos,
1553 2351 1688 2420 proh
1719 2367 1812 2404 ne-

229 2438 343 2491 fas!
417 2452 650 2502 omnes,
721 2441 1077 2494 consideratis
1141 2442 1501 2510 quorumdam
1577 2442 1813 2496 vultibus

225 2530 358 2583 vidi.
413 2530 558 2584 Nihil
588 2530 702 2586 illic
733 2531 1096 2601 lacrymarum
1124 2542 1206 2587 est
1233 2533 1428 2596 visum,
1456 2533 1600 2587 nulla
1632 2534 1811 2602 suspi-

226 2619 330 2682 ria,
369 2629 650 2688 pectorum
684 2622 932 2676 conlusio
981 2622 1164 2676 sonuit
1211 2621 1375 2675 nulla.
1405 2622 1700 2677 Verissime
1729 2638 1814 2677 ve-

225 2724 350 2762 rum
375 2752 378 2755 .
401 2718 528 2764 tunc
568 2710 817 2764 constitit
845 2711 979 2775 fore,
1016 2712 1159 2780 quod
1189 2711 1550 2781 Augustinum
1585 2710 1813 2780 legimus

225 2815 335 2852 non
374 2799 542 2854 semel
569 2800 773 2855 divisse
808 2819 820 2853 :
857 2802 984 2868 quia
1024 2802 1275 2856 videlicet
1322 2801 1445 2854 Nisi
1495 2801 1678 2854 ardeat
1723 2801 1812 2870 qui

225 2892 402 2950 docet,
433 2892 718 2946 accendere
749 2894 1041 2947 auditorem
1086 2893 1300 2946 minime
1340 2892 1470 2946 valet
1500 2893 1812 2962 :simulque

225 2980 363 3033 illuc
391 2981 517 3036 dum
555 2984 1037 3048 consideravimus,
1081 2999 1180 3038 nos
1215 2999 1320 3039 non
1344 2985 1573 3038 multum
1615 2985 1808 3050 amari,

1913 1804 2127 1857 vivendi
2181 1820 2304 1858 cum
2343 1812 2555 1857 veteres
2591 1816 2808 1858 secutus
2834 1803 2967 1858 duas
2998 1804 3094 1859 has
3122 1805 3309 1860 beatas
3335 1804 3498 1874 signi-

1913 1896 2074 1952 iicare
2103 1896 2359 1952 dixissem
2386 1911 2641 1962 sorores;
2673 1897 2846 1966 innpit
2896 1897 3106 1949 illarum
3159 1897 3370 1952 devotio
3405 1912 3498 1948 ve-

1914 1990 2183 2044 rissimum
2215 1987 2350 2053 fore,
2378 2004 2500 2043 cum
2544 2004 2647 2042 una
2677 1998 2928 2056 satagere,
2979 1988 3028 2041 id
3053 1996 3135 2040 est
3173 1989 3389 2041 studere
3413 1986 3494 2038 vel

1914 2082 2157 2134 laborare
2183 2081 2327 2134 dicta
2364 2081 2435 2134 sit
2474 2080 2613 2132 circa
2637 2079 2879 2148 frequens
2927 2078 3296 2140 ministerium,
3333 2077 3382 2129 id
3413 2086 3496 2129 est

1913 2190 2017 2228 non
2043 2174 2182 2242 quod
2215 2187 2342 2227 tunc
2363 2174 2614 2243 primitus
2648 2173 2949 2240 incoeperil,
2975 2171 3068 2225 sed
3099 2171 3350 2224 actuandi
3385 2170 3494 2223 fre-

1913 2266 2129 2334 quentia
2161 2266 2215 2319 in
2249 2281 2454 2319 morem
2504 2263 2868 2326 converterit;
2919 2263 3125 2318 scilicet
3156 2273 3213 2315 ut
3245 2257 3494 2323 Domino,

1915 2358 1988 2409 uti
2023 2356 2335 2410 multimoda
2367 2355 2586 2420 fecerat,
2627 2356 2693 2409 de
2737 2371 2831 2408 sua
2866 2354 3178 2408 facultatula
3222 2354 3497 2408 ministra-

1917 2458 1994 2502 ret
2020 2467 2032 2500 :
2060 2447 2226 2502 altera
2253 2449 2477 2517 pedibus
2503 2448 2741 2502 assidere
2771 2446 2978 2499 Domini
3027 2445 3279 2499 maluisse
3314 2459 3498 2498 narre-

1914 2547 2019 2602 tur,
2053 2553 2160 2592 non
2197 2537 2282 2590 illa
2314 2537 2588 2591 otiositate
2624 2546 2823 2598 tamen,
2855 2550 2972 2603 quae
3004 2534 3217 2586 inimica
3264 2541 3345 2586 est
3383 2531 3498 2585 ani-

1914 2640 2034 2689 mae,
2072 2625 2165 2678 sed
2196 2622 2308 2686 illa,
2333 2624 2398 2678 de
2424 2639 2527 2693 qua
2570 2624 2770 2678 clamat
2806 2639 2901 2692 per
2941 2622 3280 2676 Psalmistam
3318 2620 3498 2673 Domi-

1915 2729 2016 2767 nus
2060 2713 2210 2783 ipse:
2264 2711 2456 2766 l’acate
2487 2723 2533 2765 et
2579 2713 2760 2776 ridete,
2788 2712 3033 2780 quoniam
3071 2727 3162 2778 ego
3212 2726 3326 2763 sum
3359 2708 3496 2761 Deus

1915 2803 2048 2874 (Ps.
2081 2819 2202 2867 xcv,
2231 2804 2350 2872 ll);
2405 2803 2588 2856 sedula
2619 2819 2747 2856 vero
2777 2814 2830 2856 et
2881 2804 3015 2866 lnec,
3049 2813 3102 2856 ut
3129 2803 3213 2854 illa
3249 2802 3299 2853 in
3341 2801 3498 2854 mini-

1913 2893 2155 2958 sh‘ando,
2190 2893 2356 2963 638
2386 2893 2455 2946 ita
2486 2893 2536 2946 in
2557 2893 2857 2956 audiendis,
2890 2909 3009 2962 quze
3031 2894 3094 2947 de
3118 2908 3212 2946 ore
3237 2892 3497 2962 procede-

1912 2984 2044 3038 bant
2087 2984 2387 3039 Dominico.
2441 2987 2506 3039 la't
2555 3000 2742 3039 revera
2809 2999 2967 3038 uerno
3014 2985 3064 3036 in
3109 2983 3349 3037 Ecclesia
3395 2982 3498 3034 nisi

226 3083 283 3126 et
310 3074 381 3128 ob
412 3074 514 3128 hoc
545 3074 823 3144 vilipendi,
878 3075 1010 3129 illud
1052 3075 1392 3130 verissimum
1423 3076 1808 3146 perpendimus
1837 3064 1880 3125 C
1915 3076 2024 3130 haec
2057 3075 2161 3132 duo
2209 3076 2340 3146 agit,
2371 3091 2492 3129 cum
2526 3076 2669 3145 quod
2701 3075 2860 3128 debet
2900 3074 3081 3127 facere
3131 3073 3276 3127 facit.
3313 3070 3499 3125 Nullus

225 3162 344 3218 fore
376 3163 625 3234 Gregorii
653 3186 664 3218 :
695 3166 909 3236 Difﬁcile
937 3176 1032 3228 est,
1060 3176 1115 3219 ut
1142 3167 1378 3238 quamvis
1403 3177 1544 3222 recta
1564 3167 1807 3238 prtedicet

224 3254 434 3313 doctor.
457 3255 544 3323 qui
578 3272 679 3308 non
710 3266 940 3321 amatur,
965 3256 1186 3310 libenter
1206 3258 1497 3322 audiatur;
1524 3259 1756 3326 itemque
1790 3275 1802 3312 :

224 3341 394 3412 Cujus
427 3346 534 3398 vita
573 3345 880 3414 despicitur,
932 3357 1090 3401 restat
1142 3358 1271 3402 utet
1325 3351 1631 3416 pra'dicatio
1687 3366 1806 3402 cou-

223 3444 512 3488 temnatur.
538 3435 630 3490 lsti
660 3445 896 3492 attamen
937 3447 1136 3493 nostra:
1170 3439 1405 3507 querela:
1441 3439 1569 3492 illud
1591 3440 1656 3493 ad
1685 3454 1808 3509 pro-

223 3524 448 3592 pbetam
505 3525 663 3595 longe
716 3529 962 3597 quamvis
994 3528 1474 3598 incompatibiliter
1503 3530 1706 3584 dictum
1732 3530 1809 3583 vi—

223 3616 405 3669 dimus
445 3618 736 3673 convenire
778 3636 792 3673 :
832 3619 1030 3673 Domus
1081 3619 1252 3673 Israel
1290 3619 1471 3673 nolunt
1513 3622 1698 3674 audire
1737 3632 1806 3684 te,

222 3693 351 3774 quia
392 3707 578 3761 nolunt
606 3710 791 3763 audire
841 3727 922 3764 me
949 3711 1166 3779 (Ezech.
1212 3727 1293 3774 ιιι,
1334 3711 1386 3779 7)
1419 3728 1433 3764 :
1465 3721 1519 3765 et
1552 3712 1681 3765 illud
1711 3711 1808 3765 Do-

224 3797 360 3848 mini
397 3814 410 3849 :
451 3796 511 3850 Si
557 3815 846 3853 sermonem
898 3817 1066 3853 meum
1110 3810 1464 3866 servaverunt,
1507 3812 1552 3854 et
1588 3813 1806 3854 vestrum

223 3890 503 3941 servabunt
546 3888 727 3957 (Joatt.
783 3907 871 3950 xv,
903 3891 1016 3961 90).
1069 3890 1206 3954 Nos,
1256 3891 1420 3944 etiam
1475 3892 1551 3944 ait
1605 3892 1711 3953 ille,
1742 3893 1807 3945 ad

225 3976 382 4044 cujus
437 3980 852 4060 mgimationem
901 3998 1006 4036 non
1060 3997 1346 4051 possumus
1398 3983 1806 4052 aspirare,nos,

229 4071 476 4139 inquam,
512 4073 606 4137 ait,
631 4073 758 4141 quid
783 4073 1000 4126 sumus?
1029 4091 1120 4127 nec
1147 4085 1327 4127 contra
1356 4091 1446 4128 nos
1470 4084 1542 4128 est
1574 4090 1809 4126 murmur

225 4171 477 4223 vestrum,
529 4163 619 4214 sed
659 4172 842 4214 contra
881 4162 1165 4215 Dominum
1218 4161 1414 4232 (Exod.
1469 4177 1582 4228 xvi,
1629 4164 1682 4225 7,
1731 4162 1806 4231 8).

225 4251 357 4305 Cum
381 4252 530 4305 enim
587 4253 638 4306 in
674 4254 991 4315 innumeris,
1024 4256 1156 4323 proh
1204 4255 1387 4308 dolor!
1419 4256 1588 4309 simus
1628 4268 1809 4322 repre-

224 4341 556 4408 hensibiles;
604 4343 732 4396 dum
772 4360 878 4397 non
925 4344 1194 4413 vituperat
1223 4345 1345 4413 quis
1397 4356 1658 4408 vestrum,
1690 4357 1808 4413 quin

1914 3168 2000 3222 hic
2032 3167 2415 3224 fornicationis
2454 3167 2624 3230 locus,
2662 3166 2982 3219 adulterium
3031 3164 3237 3234 procul,
3270 3165 3500 3219 ebriosi-

1914 3268 1995 3312 tas
2022 3257 2198 3327 longe,
2231 3257 2439 3311 falsitas
2464 3272 2752 3325 nusquam,
2784 3264 2859 3318 et,
2908 3272 2972 3309 ne
3007 3255 3058 3308 in
3105 3255 3370 3308 infinitum
3404 3270 3501 3309 no-

1911 3362 2021 3408 stra
2059 3352 2316 3420 procedat
2346 3351 2565 3412 locutio,
2593 3350 2772 3403 OllllllS
2801 3365 2829 3401 a
2867 3348 3061 3402 talibus
3085 3347 3239 3402 abest
3269 3362 3489 3415 prorsus

1912 3442 2167 3512 nequitiae
2194 3441 2491 3510 plenitudo.
2525 3438 2630 3493 Sed
2663 3455 2828 3494 unum
2865 3438 3240 3502 saecularibus,
3263 3437 3490 3492 alterum

1911 3535 2161 3602 congruit
2199 3530 2560 3604 spiritalibus:
2588 3546 2751 3584 unum
2783 3530 2905 3594 illis,
2948 3530 3036 3598 qui
3068 3537 3193 3584 sunt
3217 3527 3450 3582 audituri
3480 3545 3493 3579 :

1917 3644 1935 3676 ι
1975 3625 2181 3686 Venite,
2218 3622 2488 3679 benedicti
2535 3621 2713 3676 Patris
2763 3622 2890 3685 inci,
2943 3620 3203 3690 pereipite
3243 3634 3490 3689 regnum,

1910 3719 2052 3788 quod
2085 3718 2239 3772 vobis
2272 3726 2519 3786 paratum
2548 3725 2631 3770 est
2683 3715 2750 3768 ab
2792 3713 2999 3783 origine
3038 3711 3221 3769 mundi
3277 3709 3493 3783 (Matth.

1916 3811 2201 3880 xxv,3-’t),i
2233 3811 2321 3878 qui
2348 3810 2569 3874 csurivi,
2595 3807 2764 3870 sitivi,
2804 3807 2997 3875 hospes
3025 3805 3121 3868 fui,
3145 3804 3410 3866 inﬁrmus,
3443 3813 3498 3857 et

1912 3902 1964 3954 in
1996 3917 2218 3956 carcere
2247 3902 2333 3972 (in
2370 3899 2624 3955 membris
2672 3908 2849 3952 tamen
2883 3897 2994 3951 haec
3021 3896 3199 3950 omnia
3235 3894 3411 3962 meis),
3445 3903 3499 3946 et

1911 3992 2107 4047 similia
2155 3993 2321 4045 multa
2353 4005 2660 4063 perpessus,
2711 3998 2766 4044 et
2794 4006 2824 4042 a
2848 3989 3000 4042 vobis
3027 4003 3144 4040 sum
3197 3985 3494 4039 relevatus:
3519 4039 3532 4052 θ

1913 4082 2140 4136 alterum
2173 4082 2274 4145 eis,
2305 4081 2393 4150 qui
2419 4079 2530 4148 jam
2563 4080 2614 4132 in
2651 4079 2783 4147 ipsis
2820 4087 2866 4132 et
2903 4092 3023 4130 cum
3051 4074 3180 4145 ipsis
3211 4074 3498 4128 audierunt

1912 4173 2202 4242 apostolis:
2252 4157 2472 4226 «Amen
2506 4173 2628 4225 dico
2657 4169 2825 4233 vobis,
2876 4169 3016 4237 quod
3069 4181 3184 4229 vos,
3229 4165 3320 4233 qui
3367 4164 3495 4218 reli—

1913 4268 2109 4336 quistis
2138 4267 2341 4324 omnia.
2373 4276 2427 4319 et
2465 4264 2633 4318 secuti
2668 4265 2799 4316 estis
2827 4277 2929 4322 me,
2963 4263 3016 4314 in
3063 4261 3492 4330 regeneratioue,

1914 4375 2035 4414 cum
2087 4358 2285 4413 sederit
2337 4356 2505 4410 Filius
2534 4354 2769 4409 hominis
2797 4354 2850 4406 in
2884 4353 3007 4406 sede
3037 4349 3333 4417 maiestatis
3359 4365 3492 4410 sum,

224 4431 585 4501 fuerantjure
615 4434 667 4486 in
706 4433 861 4487 nobis
900 4434 1194 4502 carpenda,
1235 4436 1326 4489 sed
1356 4436 1665 4504 carpitjure
1694 4435 1806 4488 lau-

1917 4446 2176 4502 sedebitis
2209 4456 2264 4499 et
2317 4461 2410 4498 vos
2456 4460 2616 4513 super
2665 4443 2822 4496 sedes
2863 4440 3149 4495 duodecim
3189 4439 3491 4508 judiCanlcs

224 4522 432 4587 danda;
483 4523 680 4593 probat
708 4538 765 4578 se
788 4525 889 4579 hoc
916 4541 1078 4603 agere
1121 4543 1224 4580 non
1251 4527 1476 4607 iustitia:
1501 4527 1698 4581 dilecto
1731 4526 1747 4600 ί
1754 4527 1804 4579 id

292 4737 482 4808 (1558)
512 4737 580 4791 Id
630 4749 703 4792 est
746 4741 994 4797 Christus
1045 4743 1340 4798 ascendens
1388 4747 1439 4798 in
1471 4743 1634 4798 altum
1665 4748 1806 4801 dedit

224 4808 378 4886 ltodie
407 4811 734 4886 charismata
766 4811 992 4886 Spiritus
1024 4815 1191 4886 sancti
1214 4816 1484 4880 apostolis,
1511 4819 1598 4886 qui
1628 4817 1804 4884 (Cltrl-

225 4878 707 4954 sttts)__cum__Patre
735 4893 780 4933 et
805 4878 983 4936 eodem
1014 4878 1373 4951 Spiritu,_etc.

293 4948 482 5018 (1559)
510 4949 666 5002 Hunc
694 4967 906 5019 quoque
944 4948 1244 5006 sermonem
1273 4972 1300 5007 a
1335 4955 1594 5010 Fulcuino
1623 4958 1805 5014 lauda-

229 5028 337 5094 tum
381 5022 500 5094 sub_
533 5020 690 5094 titulo
719 5023 793 5073 De
824 5023 1095 5089 festivitate
1125 5021 1180 5076 S.
1226 5024 1437 5084 Mariae,
1487 5029 1575 5094 qui
1631 5028 1802 5085 Evan—

226 5087 420 5169 gelium
471 5087 611 5169 festi
654 5087 1047 5169 dssutnptionis
1099 5094 1336 5169 ejusdem
1379 5087 1614 5169 Yirginis
1641 5115 1804 5169 crpo-

225 5159 319 5223 nit,
346 5174 411 5212 ex
445 5174 553 5212 ms.
588 5158 1155 5228 Lobiensi‘acceperat
1206 5158 1616 5221 Acherius'cum
1645 5158 1802 5228 titulo

222 5227 297 5306 _De
323 5228 501 5306 Maria
535 5238 585 5281 et
619 5229 844 5293 Mart/ta,
869 5234 953 5306 uti
982 5227 1032 5286 in
1060 5232 1388 5306 Frisiugettsi
1420 5235 1582 5291 etiam
1617 5244 1802 5299 codice

223 5298 564 5348 inscribitur.
603 5314 665 5348 ex
712 5315 816 5348 mm
845 5304 1013 5348 illum
1069 5319 1206 5348 nunc
1239 5298 1495 5348 vnrimnm
1536 5307 1585 5348 in
1618 5298 1792 5348 Ιηιηιάξ

1915 4536 2194 4591 duodecim
2223 4535 2394 4588 tribus
2426 4534 2586 4588 Israel
2623 4532 2837 4603 (Matth.
2865 4549 2980 4596 six,
3003 4530 3115 4599 28).
3141 4551 3157 4582 ι

1912 4755 2052 4809 rium
2079 4760 2370 4821 eruperant
2405 4768 2543 4804 anno
2578 4752 2925 4822 prmeedenti,
2965 4750 3149 4822 adhuc
3171 4758 3487 4816 serperent;

1911 4824 2112 4877 idcirco
2159 4820 2308 4875 num.
2347 4823 2367 4875 l
2429 4842 2440 4875 :
2480 4820 2952 4878 Corisideravimus,
3008 4820 3202 4888 inquit,
3245 4834 3336 4871 nos
3387 4835 3494 4872 non

1910 4895 2132 4947 multum
2158 4893 2350 4955 amari,
2383 4904 2428 4946 et
2461 4895 2522 4946 ob
2555 4896 2650 4946 hoc
2701 4890 2982 4957 vilipendi.‘
3015 4899 3064 4942 ut
3096 4890 3205 4943 alia
3235 4888 3493 4954 deinceps

1909 4965 2148 5032 ejusdem
2177 4966 2435 5030 temporis
2458 4965 2651 5016 iudicia
2672 4956 2944 5029 inspergit.
2971 4958 3176 5032 florifer
3198 4966 3311 5032 not.
3330 4957 3491 5011 1029.

1911 5028 1965 5086 Ιῖῑ
1991 5046 2168 5088 autem
2221 5028 2574 5087 confirmatur
2631 5028 2795 5083 n;ulto
2847 5028 3015 5095 magis
3045 5045 3115 5085 ex
3142 5029 3328 5085 ordine
3357 5043 3496 5094 opu-

1911 5107 2204 5168 sculorum,
2253 5118 2386 5168 --quae
2441 5106 2492 5155 in
2547 5097 3225 5168 seriem-chronologicam
3285 5097 3497 5150 deseri-

1910 5173 2110 5228 ltuntur
2152 5176 2202 5228 in
2255 5187 2357 5226 ms.
2414 5171 2740 5240 Frisingensi
2796 5186 2808 5220 :
2853 5168 2922 5219 ibi
2969 5173 3126 5240 enim
3181 5170 3270 5240 hic
3315 5181 3499 5240 seruio

1910 5246 2192 5300 exhibetur
2226 5252 2356 5314 post
2383 5236 2730 5314 Sybotliéam.
2761 5237 3066 5314 qtaeurdita
3127 5241 3224 5294 fuit
3260 5238 3311 5288 in
3345 5236 3493 5314 Qua-

1911 5317 2210 5348 alumnae-imo
2230 5303 2360 5348 'nnni
2387 5303 2489 5348 (1ίῖιῖ
2531 5312 2659 5348 Vidn
2690 5303 2792 5348 nnl-
2826 5309 3034 5348 lAE’ﬂin
3055 5321 3358 5348 col-Innnpln
3393 5306 3407 5348 Ι
3432 5309 3502 5348 rln
