4012 5340
557 221 651 276 751

1497 215 1821 273 RATHERII
1859 211 2072 271 EPISC.
2120 208 2367 267 VERON.
2409 213 2562 270 OPP.
2605 214 2784 272 PARS
2825 215 2910 272 Ill.

3699 219 3812 276 759..

495 331 512 338 ’
604 344 656 397 3.
700 341 840 410 Quid
871 339 1048 405 modo,
1098 324 1336 394 iratres?
1379 334 1500 393 Istis
1528 335 1708 390 taliter
1734 331 2110 389 constantibus
2139 329 2186 388 Δ
2215 328 2425 385 illarum
2481 341 2724 389 exortem
2757 349 2843 389 me
2886 348 3104 389 cernam
3151 350 3261 406 pra:
3289 334 3538 390 omnibus
3584 333 3808 406 ipsum;

533 435 713 492 nullus
736 435 879 490 intra
924 442 1070 506 septa
1102 441 1335 503 quatuor
1363 431 1592 486 istorum
1640 429 1914 484 invenitur
1939 441 2114 482 muro-

535 542 676 590 rum,
724 526 817 595 qui
861 524 1087 580 tundere
1125 523 1248 592 jure
1301 522 1498 577 debeat
1552 530 1760 591 pectus,
1817 519 2108 590 suspirare,

531 617 792 687 gemere?
822 615 923 672 Ubi
947 629 1075 683 ergo
1106 615 1210 668 mei
1242 613 1584 668 consimiles?
1613 611 1710 666 Hic
1741 625 1848 666 non
1896 609 2114 664 auditur

530 709 596 762 de
627 707 758 774 illis,
791 707 880 777 qui
938 706 1117 761 taliter
1162 713 1348 776 agunt,
1380 703 1482 758 alia
1531 718 1669 765 sors,
1708 701 1946 756 conditio
1987 698 2110 764 alia,

526 815 688 870 quam
745 799 916 870 possit
967 809 1146 854 tamen
1188 797 1469 868 suspicare
1513 793 1854 850 scelerositas
1905 801 2109 858 nostra,

526 894 664 949 nisi:
689 892 949 947 Discedite
970 909 1002 947 a
1019 909 1119 957 me,
1151 889 1436 956 maledicti,
1459 889 1510 942 in
1536 888 1707 959 ignem
1733 885 2112 956 wternum,qui

522 996 741 1058 paratus
771 995 865 1051 est,
907 1000 1016 1040 non
1056 983 1390 1049 hominibus,
1434 983 1530 1040 sed
1576 981 1784 1037 diabolo
1813 990 1861 1034 et
1913 977 2112 1049 angelis

521 1079 637 1146 ejus
669 1077 887 1149 (Matth.
917 1092 1043 1141 xxv,
1067 1074 1419 1144 bl);scilicet
1447 1073 1530 1130 vel
1556 1074 1664 1138 bis,
1686 1071 1777 1143 qui
1809 1086 1931 1126 cum
1959 1084 2026 1124 eo
2046 1069 2112 1124 de

522 1168 674 1225 ctelis
703 1177 945 1235 ruerunt,
983 1167 1069 1222 vel
1097 1169 1201 1233 his,
1239 1167 1330 1236 qui
1360 1167 1410 1223 ei
1448 1167 1501 1222 in
1539 1167 1642 1222 hoc
1672 1164 1868 1220 saeculo
1907 1163 2111 1218 asside-

521 1268 686 1326 runt;
715 1259 939 1332 angelus
967 1259 1110 1315 enim
1138 1258 1291 1329 quasi
1319 1256 1539 1329 aggelus
1563 1255 1845 1328 [agchelus
1865 1271 1897 1308 a
1927 1252 2110 1308 Grazco

519 1351 677 1427 ἄγχι,
707 1351 910 1424 prape],
967 1350 1020 1405 id
1050 1358 1134 1404 est
1165 1350 1319 1420 juxta
1373 1355 1526 1404 stans
1569 1348 1788 1413 dicitur,
1828 1345 1918 1416 qui
1968 1345 2110 1400 idem

528 1444 743 1514 utique,
789 1441 932 1512 quod
960 1441 1048 1496 isti
1071 1440 1182 1510 jam
1229 1438 1360 1493 dicti
1393 1437 1575 1494 felices
1621 1437 1752 1504 Deo,
1790 1436 1892 1492 hoc
1926 1437 2109 1492 miseri

517 1534 596 1590 illi
617 1530 1227 1595 exbibueruntdiabolo,
1259 1529 1637 1585 ministrantes
1660 1530 1846 1599 utique
1876 1529 2110 1601 illiquod

516 1625 820 1695 quaerebat,
854 1625 959 1679 hoc
985 1630 1068 1678 est
1105 1619 1433 1692 ﬂagitiorum
1461 1628 1581 1676 acta
1623 1620 1938 1692 multigena,
1971 1620 2108 1676 assi-

2221 421 2383 494 (quis)
2422 424 2698 481 continere
2737 440 2824 480 me
2869 426 3119 482 hortetur
3173 427 3241 482 ab
3271 441 3354 487 co.
3387 427 3480 497 qui
3508 443 3594 483 me
3621 437 3812 493 vexat,

2218 513 2462 568 rivaliter
2503 515 2769 585 quamvis,
2810 518 3048 587 pavore?
3102 517 3285 590 (1565)
3328 517 3467 574 Num
3518 530 3609 574 me
3655 520 3813 576 enim

2221 603 2465 678 [subaudi
2493 607 2712 680 pavore]
2738 625 2806 664 eo
2831 610 3046 665 beatum
3071 611 3286 666 conﬁdo
3315 611 3580 677 futurum,
3606 613 3807 667 vitium

2217 705 2437 767 propter
2460 698 2604 754 hunc
2631 700 2839 756 scilicet
2862 702 3117 758 abdicans
3141 703 3380 768 nullum;
3412 699 3542 758 licet
3563 703 3616 756 in
3645 719 3812 773 pmna

2216 802 2433 860 semper
2460 803 2577 844 mea
2629 791 2700 846 sit
2740 792 3070 848 conscientia
3099 793 3117 865 (
3143 791 3270 863 Sap.
3303 809 3436 860 xvn,
3464 793 3577 867 10),
3621 802 3815 865 utpote

2217 880 2294 935 rei
2318 880 2446 936 dicit
2477 881 2593 939 fore
2624 880 2940 952 Scriptura?

2285 975 2342 1029 4.
2380 976 2446 1030 Et
2475 977 2580 1031 heu
2611 993 2774 1046 quam
2807 992 2913 1032 non
2951 977 3229 1034 dissimilis
3263 993 3363 1050 ego
3390 977 3577 1034 Siculo
3602 977 3676 1033 illi
3707 979 3810 1034 tali

2217 1066 2432 1121 insorte
2449 1068 2707 1139 tyranno!
2737 1067 2872 1123 Cum
2889 1068 3032 1122 enim
3061 1083 3146 1133 eo,
3175 1083 3284 1138 quo
3305 1068 3560 1140 indignus
3582 1069 3813 1124 addolor

2218 1155 2295 1228 [id
2351 1165 2427 1211 est
2462 1171 2723 1228 aggravor
2768 1156 2787 1229 ]
2838 1157 3035 1224 orIicio,
3064 1157 3358 1213 debitorem
3406 1173 3494 1214 me
3521 1159 3812 1229 utriusque

2215 1244 2330 1301 fore
2366 1262 2474 1301 non
2507 1247 2768 1312 nesciam,
2795 1247 2874 1303 sic
2909 1248 2963 1304 id
3001 1257 3086 1304 est
3122 1259 3181 1304 ut
3215 1245 3280 1304 et
3315 1249 3542 1304 Domino
3571 1249 3624 1303 in
3653 1264 3809 1304 men-

2213 1338 2327 1394 bris
2377 1339 2509 1406 suis,
2539 1339 2644 1395 hoc
2682 1351 2765 1396 est
2809 1350 3012 1397 sanctae
3051 1341 3243 1398 matris
3281 1341 3539 1398 Ecclesiae
3576 1343 3808 1398 debeam

2215 1430 2343 1486 ﬁliis
2374 1431 2702 1498 ministrare,
2743 1433 2814 1489 ob
2842 1434 2947 1489 hoc
2992 1441 3173 1490 tamen
3218 1450 3249 1488 a
3277 1435 3698 1504 contemplando
3738 1449 3808 1489 eo

2213 1539 2492 1594 nunquam
2531 1540 2766 1591 cessare,
2799 1526 2894 1582 sed
2943 1527 2997 1581 in
3043 1526 3159 1598 lege
3183 1527 3299 1597 ejus
3327 1527 3582 1582 meditari
3623 1527 3710 1582 die
3739 1543 3807 1581 ac

2213 1625 2372 1670 nocte
2399 1613 2572 1686 (Psal.
2597 1633 2633 1679 ι,
2661 1616 2752 1685 2);
2785 1626 2840 1672 et
2865 1627 3118 1673 neutrum
3145 1619 3336 1673 horum
3368 1633 3453 1672 me
3469 1618 3803 1690 prospiciam

515 1718 707 1773 dentes
721 1715 942 1788 jugiter,
967 1723 1022 1770 et
1061 1713 1436 1785 suggestiones
1461 1711 1577 1781 ejus
1605 1712 1968 1768 libentissime
1992 1727 2107 1766 am-
2138 1697 2183 1755 Β
2211 1723 2388 1779 agere,
2431 1709 2525 1764 sed
2581 1719 2771 1764 contra
2828 1725 2934 1766 non
2996 1726 3082 1766 me
3109 1710 3304 1776 solum,
3366 1714 3461 1766 sed
3505 1719 3562 1766 et
3610 1728 3806 1767 omnes

515 1807 836 1879 plectentes,
871 1813 926 1862 et
956 1820 1117 1876 opere
1141 1812 1522 1874 exsequentes.
1551 1803 1739 1860 Nullus
1766 1805 1952 1859 talium
1983 1804 2098 1859 Ma-

515 1902 677 1966 riam,
716 1899 893 1955 nullus
944 1898 1184 1953 imitatus
1230 1905 1312 1952 est
1363 1896 1663 1963 Martham;
1696 1897 1872 1953 nullus
1918 1897 2105 1964 Liam,

515 1991 700 2063 (1561)
727 1982 909 2045 nullus
950 1987 1239 2044 Rachelem
1271 1988 1425 2044 duxit
1447 2003 1695 2054 uxorem,
1729 2003 1888 2043 nemo
1919 1987 2109 2042 talium

512 2098 676 2138 unam
705 2081 920 2137 illarum
948 2071 1154 2145 dilexit,
1178 2079 1404 2135 alteram
1436 2080 1710 2146 toleravit,
1764 2081 1817 2136 id
1841 2089 1924 2136 est
1951 2093 2102 2134 amo-

511 2191 574 2231 re
601 2175 887 2230 Dominum
931 2173 1174 2239 videndi,
1202 2173 1343 2228 bona
1372 2188 1492 2244 quae
1528 2173 1704 2243 potuit
1743 2172 1889 2228 fecit.
1922 2171 2106 2242 (1562)

512 2267 669 2323 Dicat
697 2282 828 2339 ergo
850 2266 940 2336 qui
968 2265 1131 2332 volet,
1159 2277 1214 2320 et
1237 2265 1390 2331 mihi,
1415 2267 1458 2320 si
1492 2265 1653 2332 valet,
1684 2265 1826 2335 quod
1849 2266 2107 2321 Dominus

513 2372 621 2412 non
658 2356 929 2428 promisit,
961 2369 1183 2426 sperare
1211 2355 1559 2426 persuadeat,
1586 2356 1688 2412 hoc
1713 2364 1797 2411 est
1820 2364 1878 2410 ut
1915 2371 2107 2427 perpe-

513 2459 666 2504 trans
707 2447 869 2514 mala,
928 2448 1157 2519 recipiat
1191 2447 1356 2512 bona,
1399 2456 1454 2503 et
1489 2464 1590 2504 nec
1621 2457 1679 2503 ut
1729 2447 1939 2504 Martha
1996 2449 2106 2505 Deo

511 2541 822 2597 deserviens
851 2539 1137 2596 actualiter
1171 2556 1271 2596 nec
1301 2549 1357 2594 ut
1387 2539 1555 2596 Maria
1586 2541 1661 2595 illi
1693 2539 1936 2597 assidens
1977 2555 2106 2597 con-

510 2630 860 2701 tentplanter,
909 2629 1192 2701 praemium
1226 2629 1336 2684 illis
1387 2630 1539 2696 solis,
1592 2631 1686 2701 qui
1718 2647 1883 2686 unum
1914 2646 2102 2686 eorum

513 2723 763 2788 fecerint,
817 2730 1132 2791 exspectent
1176 2721 1547 2790 promissum;
1593 2737 1717 2777 cum
1767 2733 1954 2776 contra
2016 2721 2104 2776 ille

510 2815 847 2886 proclamet:
885 2812 1070 2868 Omnis
1118 2813 1308 2877 arbor,
1361 2830 1478 2883 qua:
1542 2831 1646 2868 non
1699 2814 1826 2884 facit
1874 2814 2103 2883 fructum

511 2907 702 2960 bonum
741 2903 955 2976 (Matth.
987 2920 1086 2968 vn,
1119 2904 1239 2975 19),
1264 2904 1451 2974 utique
1478 2921 1642 2960 unum
1667 2905 1903 2971 illorum,
1942 2921 2100 2976 quem

511 3003 608 3050 aut
635 2994 800 3050 Maria
857 2994 1006 3062 fecit,
1035 3003 1129 3050 aut
1171 2994 1406 3061 Martha,
1435 2997 1722 3063 excidetur,
1749 3007 1796 3052 et
1836 2999 1890 3051 in
1931 2999 2100 3070 ignem

511 3089 790 3144 mittetur:
818 3097 874 3144 et
905 3088 970 3144 de
1008 3088 1335 3160 cogitatione
1366 3088 1541 3144 solum
1590 3090 1768 3146 inutili
1817 3105 1896 3146 vae
1947 3090 2103 3147 nobis

511 3179 695 3252 (1565)
727 3180 842 3250 ipse
881 3180 1161 3251 promittat
1197 3179 1385 3253 (Mich.
1418 3197 1480 3248 ιι,
1517 3181 1604 3253 1);
1645 3182 1712 3237 de
1753 3183 1928 3238 otioso
1971 3198 2104 3239 vero

508 3269 698 3324 saltem
742 3285 996 3325 sermone
1027 3271 1295 3326 rationem
1333 3271 1384 3325 in
1427 3271 1513 3327 die
1555 3271 1749 3342 judicii
1795 3273 2102 3329 reddituros

511 3357 729 3430 (Matth.
759 3374 855 3425 xu,
881 3358 972 3431 56)
995 3375 1092 3415 nos
1119 3360 1321 3415 dixerit
1354 3361 1522 3432 639
1549 3377 1785 3432 quoque.
1829 3361 2012 3434 (1564)
2038 3363 2103 3418 Et

511 3467 635 3507 cum
661 3451 1054 3523 circumspecta
1081 3452 1237 3508 istius
1263 3453 1606 3508 multitudine
1633 3453 1869 3509 ambitus
1896 3454 2102 3510 nullum

511 3544 741 3598 istarum
782 3543 1109 3600 imitatorem
1139 3545 1226 3600 hic
1252 3545 1524 3600 inveniam
1551 3560 1806 3616 prorsus;
1839 3561 1927 3602 me
1961 3562 2100 3616 quo-

509 3653 615 3708 que
643 3637 894 3708 loquendi
924 3646 982 3693 ut
1006 3647 1230 3703 statum,
1275 3639 1626 3710 proprietatis
1649 3653 1834 3705 causa,
1863 3639 1952 3694 hic
1979 3654 2100 3693 mu-

509 3729 714 3785 tavisse
741 3745 849 3786 non
881 3729 1254 3785 disconveniat
1278 3729 1538 3797 multum;
1562 3744 1703 3795 cum,
1730 3738 1790 3785 ut
1819 3729 1949 3796 dixi,
1981 3729 2101 3784 illa-

508 3837 630 3876 rum
670 3823 828 3878 isthic
855 3822 1230 3879 aemulatorem
1269 3821 1514 3879 invenire
1544 3822 1753 3878 valeam
1788 3823 2016 3891 nullum,
2046 3831 2102 3878 et

582 4021 764 4092 (1561)
795 4021 945 4077 Liam
975 4022 1182 4078 scilicet
1236 4024 1425 4078 activae
1461 4023 1604 4088 vitae,
1636 4023 1922 4079 Rachelem
1973 4039 2102 4079 con-

507 4092 836 4176 templatim).
868 4093 1108 4176 ligurum
1159 4093 1398 4176 gessisse.
1419 4092 1480 4176 S.
1536 4093 2103 4176 Augustinus_docuit

512 4161 757 4217 lihixxu
784 4163 838 4218 in
868 4161 1125 4217 Faustum
1154 4161 1204 4218 (Ξ.
1229 4162 1318 4217 52.
1349 4163 1532 4220 Mariae
1555 4161 1734 4218 auiern
1765 4173 1822 4219 et
1851 4164 2099 4230 Martbre,

513 4247 615 4286 nec
663 4247 769 4288 non
821 4233 1074 4288 Rachelis
1125 4241 1180 4287 et
1207 4233 1318 4288 Liie
1372 4234 1572 4301 ﬁguras
1614 4234 1773 4288 simul
1807 4234 1987 4302 junxit
2041 4234 2098 4290 S.

510 4302 804 4369 Gregorius
833 4303 960 4358 libr.
991 4319 1030 4358 ιι
1073 4303 1126 4357 in
1165 4302 1505 4359 Ezechielem
1538 4305 1688 4359 hom.
1721 4305 1779 4369 2,
1807 4321 1954 4360 num.
1988 4307 2020 4360 9
2047 4314 2102 4360 et

511 4373 600 4427 10.
631 4372 708 4427 Ex
762 4373 846 4428 his
875 4372 1113 4428 fontibus
1157 4375 1448 4430 Ratherius
1488 4374 1542 4428 in
1585 4374 1805 4429 Patrum
1863 4375 2094 4430 lectione

2215 1801 2348 1855 mihi
2376 1802 2716 1866 commissos,
2764 1803 3035 1874 praecipue
3082 1817 3210 1858 vero
3241 1803 3414 1874 magis
3459 1805 3806 1858 necessarios

2213 1894 2626 1965 corrumpendo,
2679 1910 2803 1950 eum
2830 1896 2917 1951 die
2959 1896 3541 1967 noctuque(quamvis
3592 1895 3646 1950 in
3675 1910 3803 1950 eum

2213 1989 2355 2044 nulla
2379 1991 2534 2044 cadat
2557 1989 2758 2060 passio)
2781 1991 2849 2044 ad
2881 1989 3220 2045 iracundiam
3248 2003 3549 2060 provocare
3575 2007 3588 2042 :
3611 1988 3799 2058 (1566)

2211 2083 2340 2152 quid
2376 2082 2442 2137 de
2475 2097 2562 2137 me
2591 2083 2796 2148 dicere,
2824 2083 2952 2152 quid
2983 2083 3137 2138 valeo
3175 2084 3435 2153 cogitare,
3481 2083 3560 2152 (et
3597 2090 3660 2137 ut
3687 2091 3802 2136 tur-

2210 2175 2296 2244 pia
2327 2175 2610 2230 subsidens
2646 2173 2733 2246 []'.,
2767 2174 3080 2246 subsilens],
3115 2176 3338 2230 honesta
3373 2175 3571 2240 solum,
3615 2175 3804 2246 probi-

2208 2267 2320 2322 bita
2343 2268 2486 2334 licet,
2511 2266 2845 2339 depromam)
2868 2267 2912 2323 si
2937 2268 2988 2323 in
3014 2268 3131 2340 lege
3152 2269 3269 2335 Dei,
3297 2277 3357 2324 ut
3377 2269 3686 2324 debitorem
3715 2284 3803 2322 me

2210 2359 2327 2415 fore
2354 2375 2460 2415 non
2483 2361 2688 2426 nescio,
2717 2361 2804 2416 die
2842 2362 2996 2432 (non)
3029 2362 3260 2417 meditor
3288 2377 3349 2417 ac
3381 2371 3579 2429 nocte;
3612 2362 3802 2418 Catul-

2209 2450 2319 2506 lum
2364 2467 2640 2522 nunquam
2683 2461 2842 2508 antea
2894 2451 3115 2518 lectum,
3146 2452 3394 2508 Plautum
3435 2454 3658 2523 quando
3684 2454 3800 2524 jam

2207 2542 2335 2598 olim
2365 2543 2482 2616 lego
2512 2559 2611 2600 nec
2629 2543 2825 2600 lectum
2851 2561 2866 2610 ;
2892 2545 3151 2600 musicam
3188 2546 3402 2614 quando
3444 2561 3592 2616 saepe
3642 2562 3800 2616 roga-

2209 2644 2295 2691 tus
2319 2651 2553 2707 expono,
2585 2651 2708 2692 cum
2744 2651 3006 2706 nequeam
3049 2637 3225 2705 primo
3269 2637 3622 2692 arithmetico
3647 2637 3798 2692 scili-

2207 2736 2429 2782 cet......
2466 2726 2700 2792 auxilio;
2730 2726 2928 2782 milites
2964 2726 3146 2797 (1567)
3187 2728 3404 2798 quando
3431 2728 3600 2782 etiam
3644 2742 3799 2783 meos

2209 2817 2274 2872 ad
2314 2818 2556 2888 praelium
2598 2818 2668 2874 ob
2709 2818 2940 2874 Caesaris
2989 2834 3122 2890 cogo
3158 2830 3530 2890 praaceptum;
3576 2823 3800 2890 quando

2207 2907 2329 2964 illos
2367 2909 2523 2965 mitto
2559 2909 2858 2965 venatum?
2907 2909 2996 2965 hic
3021 2911 3164 2966 enim
3218 2911 3422 2964 nullum
3473 2911 3794 2974 colludium,

2209 3000 2353 3056 nulla
2402 3001 2720 3056 conceditur
2761 3001 3005 3070 requies;
3050 3002 3141 3056 sed
3179 3001 3424 3056 absolute
3478 3001 3674 3055 beatus
3705 3001 3795 3054 ille

2127 3070 2176 3135 ο
2207 3093 2470 3149 asseritur
2498 3106 2637 3159 esse,
2674 3093 2764 3163 qui
2803 3093 2856 3147 in
2879 3091 2998 3164 lege
3040 3091 3251 3146 Domini
3279 3092 3571 3146 meditatur
3602 3091 3692 3147 die
3729 3107 3794 3146 ac

2205 3193 2382 3240 nocte.
2414 3183 2458 3239 Ο
2489 3184 2583 3239 sed
2610 3183 2948 3238 miserrimus
2983 3198 3104 3253 ego,
3122 3181 3352 3251 qualiter
3385 3181 3437 3235 in
3463 3181 3685 3248 talibus,
3715 3191 3790 3244 et,

2203 3274 2340 3343 prob
2364 3273 2545 3329 dolor!
2571 3273 3064 3328 detestabilioribus
3112 3273 3164 3326 in
3208 3272 3474 3328 infernum
3491 3273 3689 3328 vivens
3702 3273 3795 3326 de-

2205 3365 2424 3428 scendo,
2443 3363 2494 3418 id
2510 3372 2593 3420 est
2614 3378 2718 3419 non
2737 3364 3010 3433 ignorans,
3027 3364 3169 3432 quod
3187 3363 3240 3418 in
3265 3363 3534 3418 infernum
3557 3365 3630 3419 ob
3645 3365 3792 3430 talia,

2204 3458 2249 3512 si
2289 3462 2496 3512 remota
2535 3457 2735 3526 pietate
2756 3455 2984 3526 judicer,
3019 3455 3224 3526 absque
3245 3457 3408 3511 dubio
3425 3459 3624 3527 pergo!
3656 3457 3794 3512 Cum

2203 3563 2334 3603 vero
2357 3561 2532 3617 neque
2553 3547 2719 3602 Iaicos
2740 3561 2889 3602 meos
2911 3560 3086 3616 neque
3111 3547 3336 3602 clericos
3359 3556 3612 3617 satagere
3644 3550 3791 3602 circa

2203 3639 2480 3710 frequens,
2506 3639 2556 3693 id
2581 3646 2663 3693 est
2680 3637 3189 3703 usitatum,Domini
3215 3638 3372 3694 video
3397 3639 3789 3699 ministerium.

2204 3732 2468 3804 siquidem
2521 3731 2642 3786 illos
2684 3746 2849 3802 opera
2906 3730 3324 3787 christianitatis
3371 3745 3479 3784 non
3538 3733 3789 3799 exsequi,

2205 3825 2337 3882 istos
2373 3824 2646 3881 canonicae
2667 3823 2778 3896 legi
2830 3838 2999 3894 usque
3027 3822 3212 3896 (1568)
3241 3822 3308 3876 ad
3355 3831 3584 3892 nuptum
3614 3821 3793 3892 publi-

2204 4025 2356 4079 nibus
2379 4031 2636 4078 exsortem
2659 4021 2898 4085 illarum;
2916 4021 3037 4092 quis
3059 4022 3295 4074 hortetur
3321 4037 3400 4073 me
3421 4021 3699 4092 imminere
3724 4021 3786 4073 ab

2203 4112 2263 4152 eo
2291 4111 2499 4163 pavore,
2523 4095 2611 4163 qui
2631 4092 3121 4163 quamvis_rivaliter
3144 4101 3289 4145 vexat
3314 4091 3433 4163 me?

2276 4160 2459 4234 (1565)
2498 4160 2806 4234 Construe:
2867 4161 3074 4216 Etenim
3127 4177 3252 4234 num
3299 4160 3528 4234 conﬁdo,
3587 4179 3674 4215 me
3729 4179 3787 4215 eo

2203 4229 2394 4308 pauore
2429 4229 2679 4308 futurum-
2711 4233 2936 4295 beatum,
2962 4250 3065 4286 non
3089 4231 3339 4308 abdicans
3383 4229 3788 4308 scilicet_ritium

2205 4301 2371 4362 ullum
2411 4301 2621 4374 propter
2659 4304 2798 4357 hunc
2846 4303 3254 4374 pavoremalicet
3305 4301 3629 4374 conscientia
3678 4318 3788 4355 mea

2205 4371 2568 4445 sempersit‘in
2594 4391 2766 4445 paena,
2803 4371 2978 4441 utpote
3021 4372 3294 4442 Scriptura
3335 4371 3484 4432 dicit.
3517 4375 3788 4426 conscien-

512 4427 941 4510 versatissimus,
968 4427 1346 4514 liuiciserinoni
1370 4427 1440 4500 de
1472 4427 2091 4502 illariactMartha
2121 4427 2171 4486 υ
2197 4427 2669 4514 ι’ίὶέὶὶῖὶέίέειῆῥεὶ
2691 4427 2881 4514 [οὲερἰι
2909 4459 3080 4514 pinna.

513 4527 728 4583 quoque
749 4522 805 4569 et
841 4513 1090 4570 ltachelis
1120 4517 1447 4571 mentionem
1480 4515 1727 4570 inseruit.

586 4583 768 4652 (1562)
809 4585 1112 4639 Construe:
1145 4585 1296 4639 Dicat
1321 4603 1441 4655 ergo
1467 4587 1557 4656 qui
1585 4585 1734 4649 volet,
1767 4595 1834 4650 et,
1860 4587 1904 4640 si
1935 4587 2092 4651 valet,

512 4657 824 4728 persuadeat
852 4656 979 4708 mihi
1001 4672 1210 4725 sperare
1232 4657 1368 4728 quod
1401 4656 1656 4728 Dominus
1687 4673 1790 4710 non
1832 4659 2092 4726 promisit,

511 4725 610 4777 hoc
638 4734 735 4790 est,
764 4734 818 4778 ut
859 4736 1159 4794 perpetrans
1206 4725 1349 4780 mala
1385 4728 1599 4793 recipiat
1632 4727 1786 4789 bona,
1813 4725 1860 4780 et
1891 4743 1983 4781 nec
2007 4728 2098 4780 de-

511 4794 738 4848 serviens
785 4794 1060 4850 actualiter
1104 4795 1212 4850 Deo
1262 4807 1316 4849 ut
1363 4795 1593 4858 Martha,
1627 4812 1717 4848 nec
1743 4798 1977 4850 assidens
2019 4797 2097 4850 illi

514 4863 924 4935 contemplanter
948 4876 1000 4918 ut
1034 4865 1226 4924 Maria.
1251 4875 1544 4933 exspectent
1575 4867 1851 4934 praemium
1881 4868 2098 4935 promis-

513 4949 632 5005 sum
655 4933 768 5005 illis
790 4935 936 5001 solis,
958 4936 1047 5005 qui
1071 4935 1293 5005 facerint
1322 4952 1482 4990 unum
1516 4933 1734 5001 eorum;
1769 4933 1888 4990 cum
1911 4948 2098 4990 contra

514 5001 604 5056 ille
625 5004 928 5070 proclamet,
957 5001 1064 5060 etc.

589 5069 771 5146 (1565)
812 5075 942 5129 Erat
970 5075 1024 5146 in
1071 5076 1382 5146 apographo
1425 5092 1542 5145 qua:
1569 5075 1738 5130 nobis.
1772 5075 1848 5129 Ex
1876 5075 2096 5130 Michea:

519 5152 700 5196 autem
727 5143 868 5209 loco,
919 5145 1006 5199 cui
1043 5143 1232 5199 auctor
1265 5143 1475 5210 alludit,
1523 5147 1958 5201 emendationem
2011 5161 2099 5198 ex-

517 5212 854 5285 pressimus,
916 5213 1002 5267 ubi
1073 5215 1333 5269 habetur:
1375 5213 1460 5268 Va:
1499 5217 1587 5285 qui
1627 5216 1863 5282 cogitatis
1893 5216 2094 5268 inutile.

591 5281 776 5340 (1561)
815 5283 1117 5338 Constrne:
1171 5285 1237 5337 Et
1283 5302 1400 5338 cum
1465 5281 1802 5337 multitudine
1871 5285 2096 5337 ambitus

2267 4516 2449 4588 (1566)
2477 4511 2774 4588 Construe:
2801 4513 2940 4579 Quid
2964 4512 3105 4588 raleo
3137 4511 3204 4582 (et
3234 4511 3789 4588 uthsubsilensturpia,

2196 4582 2500 4657 depromam
2529 4586 2699 4639 solum
2722 4585 2960 4657 honesta,
2987 4583 3105 4636 licet
3128 4582 3433 4657 prohibita)
3455 4584 3587 4652 quid
3619 4585 3783 4657 valeo.

2199 4652 2431 4727 inquam,
2455 4659 2646 4720 dicere,
2672 4654 2830 4727 (quid‘
2851 4656 3082 4727 cogitare
3103 4653 3167 4706 de
3203 4668 3309 4727 me._
3328 4652 3372 4703 si
3420 4669 3522 4727 non
3569 4654 3791 4727 meditor

2199 4722 2283 4782 die
2321 4745 2382 4781 ac
2411 4722 2558 4782 nocte
2587 4728 2639 4780 in
2663 4722 2772 4793 lege
2797 4724 2913 4787 Dei,
2944 4736 2999 4778 ut
3041 4723 3343 4793 non_nescio
3372 4737 3452 4773 me
3476 4722 3590 4788 [ore
3613 4725 3688 4788 (id
3708 4735 3789 4777 est

2201 4799 2682 4869 esse)debitoretn,j
2713 4789 2936 4869 quando
2981 4794 3097 4869 lego
3127 4789 3394 4869 Catullum
3442 4803 3598 4845 antea
3649 4811 3786 4869 nun.

2201 4861 2358 4940 quam
2379 4868 2586 4930 lectum,
2616 4861 2866 4919 Plautum
2885 4864 3003 4940 jam
3028 4861 3152 4918 olim
3185 4879 3276 4916 nec
3305 4861 3538 4940 lectum;
3577 4865 3790 4940 quando

2201 4931 2338 5008 sirpe
2362 4949 2574 5007 rogatus
2606 4931 3130 5008 expono‘niusicam,
3159 4942 3264 4988 etc.
3299 4931 3496 4985 Catulli
3540 4932 3785 5008 codicem

2203 5003 2729 5063 \t'e'rome'irweniSSe
2751 5005 2982 5068 videtur,
3017 5021 3179 5074 quem
3213 5013 3372 5056 antea
3404 5018 3512 5057 non
3559 5003 3787 5070 legerat,

2202 5089 2258 5134 et
2279 5079 2417 5133 iorle
2449 5079 2610 5134 etiam
2641 5075 2882 5132 codicem
2915 5075 3110 5128 Plauti.
3662 5135 3674 5147 ο

2271 5149 2459 5219 (1567)
2501 5149 2580 5219 1ιιη
2609 5147 2891 5200 Itinerario
2918 5147 3144 5219 Ascripto
3208 5152 3442 5219 exeunte
3494 5157 3638 5219 anno
3663 5143 3792 5219 ’966

2203 5213 2353 5272 num.
2393 5213 2449 5284 l,
2469 5235 2528 5274 se
2554 5218 2782 5273 Romam
2809 5213 3174 5285 profecturum
3201 5213 3383 5275 tradit,
3417 5229 3520 5285 non
3545 5215 3792 5285 imperia-

2205 5287 2262 5340 li.
2292 5281 2760 5340 auia’imveratum
2807 5281 2880 5340 est
2909 5288 3143 5340 minime.
3177 5285 3356 5340 iussu:
3403 5281 3594 5334 milites
3622 5283 3791 5334 solum
