4012 5340
517 322 620 378 155

1212 320 1544 376 RATIIERII
1578 320 1796 377 EPISC.
1832 319 2087 377 VERON.
2124 320 2274 378 OPP.
2312 322 2491 381 PARS
2528 323 2686 379 111-
2717 318 3103 383 SERMONES.

3673 318 3774 374 τεῦ

515 438 648 506 Qum
666 443 792 493 situt
813 446 993 491 autem
1016 440 1153 490 bona
1174 452 1353 507 opera,
1373 422 1477 492 nisi
1502 436 1589 494 illa
1611 453 1730 508 quae
1749 452 1816 493 es
1838 437 2100 495 cbaritate
2130 444 2172 502 Λ
2203 438 2476 495 voluntate
2507 440 2753 504 aberant,
2797 438 2923 494 odio
2961 435 3367 499 surdescebant,
3400 434 3527 489 dum
3560 434 3629 490 iis
3659 451 3777 504 qua.-

514 526 855 601 procedunt:
885 542 1045 595 quam
1081 526 1251 582 solam
1294 528 1339 582 si
1372 541 1478 582 non
1508 528 1696 593 habes,
1740 543 1841 584 nec
1884 528 1935 587 in
1970 529 2096 593 ﬁde,

516 618 640 675 dico
673 617 789 683 libi,
817 617 1090 684 conﬁdas;
1122 633 1222 673 nec
1250 618 1393 689 quod
1425 619 1536 673 suis
1565 620 1813 689 promisit
1842 619 2101 677 Dominus

517 708 789 774 fidelibus,
821 723 1022 778 speres.
1073 707 1232 762 Fides
1273 710 1416 763 enim
1458 711 1504 763 si
1550 727 1653 764 non
1695 712 1880 765 habeat
1920 728 2097 779 opera,

519 811 730 859 mortua
751 811 825 857 est
857 801 911 856 in
930 803 1201 873 semetipsa
1216 802 1356 873 (Jac.
1377 817 1439 866 tt,
1458 804 1545 873 17)
1565 819 1579 868 ;
1602 812 1684 859 et:
1703 803 1827 876 Spes
1854 822 1956 859 non
1980 822 2100 861 con-

520 890 719 970 [πατάξῃ
748 892 874 962 quia
914 892 1145 947 charitas
1176 892 1274 947 Dei
1305 894 1502 963 cli/fusa
1531 903 1607 949 est
1646 897 1701 949 in
1731 897 1974 950 cordibus
2010 914 2102 951 no-

506 986 643 1045 stris
669 1000 762 1053 per
782 982 1037 1051 Spiritum
1062 994 1323 1051 sanctum,
1349 988 1438 1057 qui
1466 986 1621 1041 datus
1649 997 1723 1042 est
1746 988 1893 1043 nobis
1918 987 2099 1060 (Rom.

519 1089 572 1138 γ,
603 1074 680 1142 5).
710 1073 767 1129 Si
793 1089 926 1144 ergo
951 1074 1274 1129 charitatem
1317 1075 1368 1128 in
1397 1076 1559 1130 corde
1595 1091 1700 1131 non
1735 1077 1924 1142 habes,
1952 1092 2100 1148 Spem

518 1165 787 1221 inutiliter
829 1166 1013 1221 habes.
1061 1165 1117 1220 Si
1161 1166 1419 1234 Spiritum
1465 1176 1714 1223 sanctum
1759 1184 1864 1225 non
1912 1170 2099 1235 habes,

519 1257 722 1314 Christi
772 1274 878 1314 non
930 1275 1019 1324 es;
1084 1260 1283 1315 dicitur
1325 1261 1469 1315 enim
1511 1278 1523 1315 :
1574 1261 1633 1316 Si
1678 1264 1795 1331 quis
1845 1260 2102 1332 Spiritum

520 1348 715 1404 Christi
761 1366 870 1404 non
907 1352 1082 1416 habet,
1117 1352 1203 1405 hic
1250 1368 1355 1406 non
1392 1362 1467 1406 est
1510 1353 1626 1423 ejus
1668 1348 1838 1425 (Rom.
1872 1371 1991 1421 vm,
2024 1355 2100 1428 9).

522 1437 694 1506 Quam
725 1455 853 1496 vero
882 1441 1045 1498 habet
1072 1456 1197 1511 erga
1229 1441 1514 1497 Dominum
1559 1443 1747 1498 saltem
1780 1460 1923 1500 nunc
1964 1454 2100 1500 tem-

416 1596 423 1603 κ
517 1533 670 1602 poris
704 1531 927 1601 quilibet
967 1532 1314 1598 charitatem,
1354 1548 1474 1589 cum
1522 1549 1591 1590 ne
1636 1535 1811 1591 dicam
1859 1536 2099 1606 diligere,

2198 530 2518 586 dicebantur
2557 530 2867 585 consentire
2914 527 3189 581 nolebant.
3226 524 3395 591 ‘Quod
3449 525 3551 579 etsi
3609 526 3779 578 admi-

2200 621 2386 686 randa,
2437 621 2600 694 643
2647 619 3038 689 amplectenda,
3071 627 3127 672 et
3160 613 3511 687 gloriﬁcanda
3556 623 3645 669 est
3688 628 3781 684 pa-

2202 714 2402 768 tientiae
2433 712 2810 785 longanimitas
2841 712 2956 775 Dei,
3007 708 3285 763 tremenda
3335 717 3517 762 tamen
3561 715 3784 774 propter

2199 796 2349 871 illud,
2381 807 2523 876 quod
2553 808 2619 861 de
2647 821 2709 861 ea
2740 805 2871 859 dicit
2898 802 3205 874 Apostolus,
3237 814 3335 856 nec
3371 799 3655 861 irritanda,
3682 811 3783 851 nec

2202 903 2267 957 ad
2301 902 2634 956 iracundiam
2672 898 3035 969 provocanda,
3069 895 3301 966 roganda
3333 907 3461 947 vero
3485 901 3543 947 et
3582 891 3786 960 impor-

2200 990 2484 1045 tunissime
2527 986 2875 1059 supplieanda
2910 1004 2921 1039 :
2959 1000 3025 1040 ex
3067 999 3126 1039 se
3170 997 3402 1051 namque
3433 980 3657 1036 metitur
3682 978 3786 1032 Do-

2201 1082 2333 1137 mini
2361 1082 2517 1148 iram,
2557 1082 2649 1151 qui
2697 1089 2979 1151 postquam
3024 1091 3147 1131 eum
3195 1073 3514 1159 gravissime
3539 1071 3783 1135 oll'endit,

2196 1182 2262 1228 ut
2295 1187 2394 1227 nos
2424 1173 2602 1226 miseri
2650 1186 2809 1238 sepe,
2844 1169 2999 1223 timet
3025 1167 3092 1221 ad
3128 1165 3289 1219 illum
3320 1161 3651 1216 laudandum
3696 1174 3788 1213 ao-

2202 1261 2395 1319 cedere
2435 1280 2448 1316 :
2494 1261 2680 1334 procul
2709 1261 2873 1315 dubio
2897 1259 3040 1314 enim
3073 1257 3147 1311 ita
3179 1263 3233 1309 et
3262 1254 3374 1323 ipse
3403 1251 3788 1321 dedignaretur

2203 1356 2271 1411 ab
2296 1368 2381 1419 eo,
2412 1356 2503 1423 qui
2546 1369 2668 1408 eum
2696 1352 3124 1413 dehonestasset,
3152 1347 3343 1401 eadem
3371 1346 3509 1399 hora
3554 1341 3785 1396 laudari.

2204 1444 2311 1501 Sed
2354 1459 2459 1499 non
2490 1443 2792 1499 faciendum
2838 1440 3028 1496 suadet
3068 1439 3159 1508 qui
3190 1436 3361 1491 dicit:
3393 1432 3454 1489 Si
3493 1432 3786 1486 ascenderit

2203 1552 2358 1607 super
2382 1546 2429 1589 te
2457 1535 2669 1605 spiritus
2695 1541 2994 1605 potestatem
3040 1530 3274 1584 habentis
3305 1525 3504 1597 (Eccle.
3534 1541 3592 1587 x,
3622 1522 3701 1593 4),
3734 1522 3787 1575 id

519 1619 712 1674 saltem
737 1619 926 1674 timere
952 1636 1071 1676 eum
1095 1620 1401 1677 nullatenus
1422 1623 1700 1691 probetur,
1722 1624 1848 1678 dum
1875 1639 1940 1679 eo
1968 1639 2105 1696 prte-
2205 1636 2290 1684 est
2329 1628 2419 1683 ille
2443 1628 2537 1683 Dei
2578 1624 2783 1700 [supple
2812 1624 3033 1696 spiritus
3063 1619 3278 1692 malus],
3320 1619 3413 1689 qui
3448 1616 3665 1672 Saulem
3694 1629 3788 1667 ve-

522 1717 679 1763 sente
707 1724 814 1762 non
846 1709 1000 1765 timet
1029 1708 1351 1765 adulterium
1383 1712 1464 1780 (ut
1506 1712 1609 1767 hoc
1638 1712 1811 1767 solum
1852 1729 1919 1769 ex
1947 1714 2108 1769 innu—.
2206 1716 2370 1771 xabat
2398 1716 2448 1787 (1
2477 1715 2602 1787 Reg.
2632 1729 2788 1777 xvttt,
2820 1713 2935 1783 l0),
2966 1710 3384 1781 prmvalescente
3412 1705 3667 1759 videlicet
3690 1701 3788 1756 tibi

515 1800 688 1855 meris
736 1800 1027 1871 proferam)
1071 1802 1423 1872 perpetrare?
1475 1801 1533 1859 Si
1581 1805 1729 1859 enim
1781 1815 2100 1875 prmsentem
2128 1792 2176 1852 Β
2205 1808 2372 1878 ipsius
2401 1821 2573 1877 usque
2596 1806 2664 1861 ad
2703 1804 3047 1869 mortiferum
3086 1814 3408 1857 consensum
3436 1794 3786 1852 callidissima

514 1905 642 1947 cum
673 1906 777 1946 non
802 1891 996 1957 credit,
1026 1893 1295 1963 quomodo
1324 1894 1377 1947 in
1404 1906 1526 1948 eum
1553 1895 1750 1950 nedum
1777 1896 1951 1953 dicam
1978 1911 2099 1967 per-

518 1982 679 2049 fecte,
711 1982 901 2039 saltem
928 1983 1319 2053 aliquantuhnu
1344 1985 1551 2041 credit?
1573 1984 1629 2041 Si
1654 1995 1831 2041 autem
1859 1986 1962 2043 hoc
1983 2003 2102 2043 cre—

519 2073 617 2138 dit,
644 2089 825 2131 nonne
851 2076 1079 2131 Domino
1113 2078 1398 2147 perspicue
1429 2078 1645 2134 rebellis
1671 2080 1877 2146 existit,
1911 2080 1964 2135 in
2000 2096 2099 2137 cu-

508 2161 603 2231 jus
631 2173 921 2233 conspectu
949 2176 1261 2235 perpetrare
1290 2174 1397 2221 tam
1430 2164 1572 2223 {teda
1607 2168 1775 2224 miser
1811 2177 1867 2224 et
1894 2170 1978 2225 sui
2020 2170 2100 2224 in-

515 2261 814 2323 teremptor
858 2252 1026 2324 ipsius
1068 2255 1387 2324 prtesumiti-
1425 2256 1566 2323 Quid
1609 2257 1676 2312 ad
1706 2258 1810 2313 hoc
1852 2267 2099 2314 nostrum

517 2341 716 2410 aliquis
756 2342 929 2399 dicit?
953 2342 1126 2408 Perit,
1152 2343 1296 2410 dico,
1324 2345 1503 2415 perit;
1535 2346 1601 2401 ad
1627 2345 1744 2414 ejus
1771 2346 1914 2402 illico
1943 2348 2101 2404 mise-

517 2430 812 2486 ricordiam
848 2445 976 2485 vere
1015 2431 1329 2503 paenitendo
1369 2433 1472 2489 nisi
1516 2432 1655 2490 forte
1695 2434 1956 2507 confugit.
2000 2436 2101 2492 Re-

518 2521 759 2581 eentiora
791 2521 935 2575 enim
977 2523 1139 2578 citius
1187 2538 1351 2593 quam
1379 2524 1675 2580 vetustiora
1714 2523 1941 2581 vulnera
1970 2541 2101 2583 usus

517 2613 674 2670 docet
703 2612 907 2677 curari,
932 2613 1077 2683 quod
1106 2613 1332 2669 innuere
1356 2614 1561 2670 scilicet
1587 2615 1781 2685 probat
1808 2616 1901 2685 qui
1928 2616 2097 2672 dicit:

519 2700 615 2765 Sol
637 2719 742 2758 non
768 2702 967 2756 occidat
994 2719 1151 2772 super
1174 2704 1504 2758 iracundiam
1528 2716 1751 2760 vestram
1778 2704 1991 2778 (Ephes.
2022 2722 2097 2774 tv,

516 2789 630 2862 26).
669 2790 784 2849 Idea
826 2790 964 2845 forte
990 2792 1105 2847 haec
1141 2794 1265 2862 quis
1290 2792 1433 2848 dicat
1463 2793 1732 2849 existere?
1773 2796 1903 2863 Qum
1929 2794 2097 2852 Jacob

516 2880 650 2944 dicit
679 2889 732 2934 et
758 2880 979 2945 Paulus,
1007 2889 1155 2948 sunt,
1189 2883 1518 2947 charissimi,
1553 2886 1708 2939 mea?

590 2972 642 3026 7.
685 2969 791 3027 Sed
831 2987 899 3026 ne
937 2971 1073 3027 forte
1106 2972 1173 3027 ad
1200 2973 1629 3042 deSperationem
1663 2990 1750 3031 me
1779 2990 1876 3032 vos
1907 2976 2098 3033 dicatis

517 3061 657 3118 velle
684 3062 1026 3133 compellere,
1067 3062 1244 3120 lateor
1280 3065 1424 3134 quod
1468 3080 1574 3120 non
1602 3066 1777 3122 solum
1805 3067 2094 3128 Martbam,

2206 1898 2577 1969 suggestione;
2608 1895 2779 1950 locum
2808 1904 2955 1949 tuum
3002 1910 3067 1947 ne
3090 1890 3350 1946 dimiseris
3376 1886 3580 1961 (Eccle.
3606 1900 3665 1951 ι,
3693 1884 3785 1954 ι);

2188 1992 2258 2047 κίἀ
2296 1999 2380 2047 est
2422 1989 2572 2045 illum
2617 1992 2817 2045 statum
2867 1985 3148 2050 bonitatis,
3194 1983 3248 2037 in
3300 1996 3408 2053 quo
3461 1989 3593 2033 tunc
3641 1991 3785 2043 eras,

2202 2082 2421 2152 quando
2453 2080 2508 2135 in
2538 2078 2749 2136 facinus
2777 2077 2928 2141 illud,
2959 2073 3103 2145 quod
3131 2072 3219 2129 ille
3243 2072 3337 2127 tibi
3369 2067 3669 2141 suggessit,
3695 2065 3788 2121 de.

2202 2175 2445 2244 cideras;
2473 2187 2542 2228 ne
2569 2173 2867 2244 relinquas,
2911 2167 3238 2239 subjungens
3260 2178 3508 2229 causam,
3540 2161 3673 2232 quia
3698 2176 3789 2213 cu-

2203 2266 2361 2331 ratio,
2398 2262 2593 2335 inquit,
2625 2262 2677 2317 id
2721 2267 2806 2316 est
2850 2257 3161 2331 paenitentia
3210 2255 3295 2310 vel
3333 2253 3429 2310 Dei
3472 2248 3789 2313 clementia,

2199 2370 2404 2410 cessare
2428 2354 2584 2424 faciet
2611 2351 2801 2407 delicta
2832 2349 3040 2421 (Ibid.).
3077 2347 3232 2404 Unde
3271 2354 3329 2401 et
3365 2343 3586 2416 egregie
3614 2341 3787 2410 Auge.

2192 2444 2396 2507 stinus,
2422 2450 2483 2496 ut
2509 2424 2864 2511 Auguslinus,
2891 2436 3097 2501 omnia,
3121 2436 3218 2499 ait,
3245 2447 3366 2504 quae
3400 2433 3673 2486 timentur
3702 2443 3789 2481 rso

2200 2530 2534 2589 tionabiliter
2556 2528 2917 2584 declinantur.
2946 2525 3095 2580 Deus
3116 2532 3296 2582 autem
3322 2521 3469 2577 solus
3496 2522 3570 2575 ita
3593 2518 3789 2574 timen-

2201 2623 2303 2679 dus
2331 2630 2435 2687 est,
2461 2629 2523 2676 ut
2546 2620 2615 2675 ab
2650 2620 2767 2690 ipso
2794 2618 2860 2673 ad
2889 2617 3066 2688 ipsum
3106 2613 3466 2685 conlugiatur.
3498 2612 3579 2666 Ex
3608 2608 3788 2664 inlan-

2198 2712 2413 2768 tissimo
2440 2726 2570 2768 vero
2599 2710 2883 2765 Dominum
2911 2706 3154 2772 metitur,
3180 2705 3273 2775 qui
3303 2711 3456 2774 putat
3484 2715 3611 2756 eum
3652 2699 3793 2753 adeo

2199 2803 2370 2875 pium,
2413 2812 2474 2858 ut
2500 2817 2607 2857 non
2649 2807 2804 2856 curet
2827 2806 3088 2869 quantum
3124 2812 3156 2850 a
3185 2795 3377 2867 quovis
3416 2793 3667 2852 laedatur,
3694 2789 3793 2843 sed

2202 2894 2408 2961 absque
2447 2890 2821 2947 satisfactione
2850 2888 3029 2943 debita
3059 2902 3166 2942 non
3207 2884 3380 2941 solum
3423 2882 3655 2941 veniam,
3690 2879 3792 2933 sed

2199 2983 2365 3039 etiam
2396 2983 2617 3053 praemia
2645 2980 2931 3039 immeritis
2953 2979 3234 3049 largiatur.
3265 2976 3323 3031 Si
3344 2974 3491 3030 enim
3523 2974 3594 3027 ita
3615 2978 3788 3033 esset,

2200 3082 2500 3129 amatorem
2547 3071 2676 3127 mali
2723 3070 3011 3125 Dominum
3062 3067 3295 3123 existere
3337 3061 3549 3135 opinari
3597 3061 3786 3120 homo,

517 3155 613 3211 sed
634 3154 795 3209 etiam
822 3169 945 3224 qua
983 3154 1242 3224 optimam
1267 3155 1429 3226 elegit
1473 3165 1702 3226 partem,
1737 3157 1782 3213 si
1828 3158 2013 3224 vultis,
2045 3166 2101 3214 el
2126 3142 2171 3202 ε
2203 3165 2339 3221 falso
2380 3165 2526 3229 licet,
2562 3162 2787 3216 valeret.
2831 3162 2900 3216 At
2941 3160 3145 3230 justum
3192 3155 3515 3228 iniustitiam
3564 3149 3791 3221 diligens

518 3246 947 3316 quandocunque
986 3243 1167 3311 vultis,
1214 3245 1411 3300 imitari
1443 3246 1637 3303 valetis
1677 3264 1800 3303 cum
1832 3248 2101 3319 adjutorio

517 3336 613 3392 Dei
643 3336 887 3393 Mariam.
915 3336 1006 3391 illa
1036 3337 1180 3392 enim
1205 3336 1383 3406 qualis
1414 3336 1576 3393 fuerit
1604 3348 1787 3404 antea,
1817 3339 2027 3410 sapitis,
2053 3339 2099 3394 si

518 3436 701 3483 tamen
739 3426 1001 3497 sapienda
1046 3426 1372 3498 cognoscitis
1410 3444 1424 3480 :
1471 3426 1647 3496 qualis
1690 3442 1819 3484 vero
1849 3438 1972 3498 post
2003 3427 2099 3483 Dei

516 3516 946 3572 misericordiam
977 3515 1117 3572 facta
1146 3516 1235 3580 sit,
1269 3530 1583 3594 agnoscere,
1615 3518 1660 3572 si
1690 3515 1835 3581 libet,
1874 3517 2098 3583 valetis;

517 3620 696 3677 neque
724 3606 790 3661 de
819 3605 973 3661 vobis
1002 3606 1051 3660 id
1084 3622 1298 3676 quoque.
1321 3605 1435 3661 ﬁeri
1466 3622 1623 3677 posse
1651 3607 1942 3678 desperare
1961 3622 2098 3677 quo-

514 3698 892 3768 modocunque
931 3698 1159 3754 debetis.
1203 3698 1314 3754 Fac
1354 3698 1557 3768 itaque,
1589 3698 1729 3764 dico,
1776 3699 1919 3769 quod
1949 3697 2097 3764 fecit,

514 3799 565 3849 et
593 3803 752 3859 spera
781 3788 925 3859 quod
952 3787 1170 3843 meruit.
1198 3787 1309 3843 Oh!
1339 3804 1497 3858 quam
1522 3803 1649 3844 vero
1674 3789 1877 3844 nullum
1911 3790 2098 3845 talium

514 3894 744 3951 usquam
795 3887 1038 3957 putarem
1088 3879 1294 3951 (1575),
1340 3879 1811 3948 desperatissimus
1859 3881 2096 3951 gentium

516 3991 607 4033 me
637 3976 810 4046 ipsum
847 3976 1216 4042 considerans,
1247 3990 1387 4041 esse,
1417 3975 1462 4031 si
1509 3992 1613 4029 non
1659 3976 1981 4045 promissum
2020 3986 2097 4030 le-

515 4083 704 4123 neretn
731 4086 745 4122 ;
774 4068 904 4127 Ecce
927 4084 1018 4138 ego
1047 4069 1305 4122 vobiscum
1328 4085 1443 4122 sum
1467 4068 1706 4121 omnibus
1730 4068 1912 4121 diebus
1940 4085 2098 4140 usque

512 4158 584 4221 ad
625 4160 1121 4214 consummationem
1165 4158 1348 4213 steculi
1392 4157 1609 4226 (Matth.
1646 4175 1840 4225 nvm,
1867 4158 1989 4229 20)!
2039 4160 2096 4215 In

514 4248 711 4318 quibus
749 4248 893 4302 enim
918 4256 1002 4302 est
1043 4249 1346 4311 nobiscum,
1376 4248 1476 4301 nisi
1510 4247 1562 4300 in
1596 4248 1682 4313 iis,
1710 4264 1847 4318 quos
1891 4250 1958 4303 de
1986 4250 2097 4305 suis

512 4338 680 4403 habet
716 4338 1027 4393 nobiscum?
1069 4336 1125 4393 Si
1162 4352 1266 4392 non
1308 4346 1391 4391 est
1430 4336 1572 4392 enim
1603 4353 1815 4393 mecum
1850 4353 1946 4409 pro
1976 4352 2093 4393 mea

512 4428 873 4501 malignitate,
914 4436 997 4483 est
1028 4443 1237 4484 mecum
1290 4443 1388 4499 pro
1440 4428 1585 4484 illius
1627 4430 1717 4500 qui
1759 4444 1970 4487 mecum
2012 4438 2097 4484 est

511 4521 775 4577 bonitate.
822 4518 914 4575 Sic
944 4519 1087 4574 enim
1130 4521 1377 4588 promisit
1416 4520 1646 4576 dicendo
1689 4541 1702 4576 :

509 4625 613 4669 tres
637 4613 937 4684 congregati
965 4613 1158 4681 fuerint
1187 4613 1241 4666 in
1270 4614 1476 4668 nomine
1505 4630 1643 4679 meo,
1671 4616 1741 4670 ibi
1768 4633 1884 4670 sum
1911 4617 1963 4669 in
1992 4633 2092 4669 me-

509 4704 597 4757 dio
626 4719 807 4757 eorum
849 4702 1063 4771 (Matth.
1095 4718 1249 4766 xvm,
1277 4703 1389 4771 ΞΟ).
1422 4704 1574 4771 Quod
1604 4707 1805 4760 utinam
1834 4715 1888 4759 et
1914 4706 2092 4760 diabo-

511 4789 595 4844 lus
625 4806 730 4846 uon
761 4791 1025 4862 potuisset
1062 4791 1129 4847 de
1160 4794 1273 4848 suis
1314 4794 1593 4849 uobiscum
1636 4794 1974 4850 versantibus
2017 4796 2090 4850 di-

510 4897 665 4947 cere;
695 4884 937 4954 prol'ccto
966 4884 1110 4938 enim
1137 4882 1268 4941 num
1296 4896 1539 4940 nostrum
1569 4887 1888 4957 probaretur
1916 4887 2090 4941 Domi-

509 4988 639 5028 num
664 4975 865 5043 dixisse
894 4994 907 5030 :
935 4974 1221 5045 Propterea
1247 4992 1334 5030 vos
1364 4994 1467 5030 non
1497 4979 1714 5040 auditis,
1740 4979 1865 5048 quia
1888 4994 1953 5030 ea:
1981 4977 2086 5032 Deo

510 5078 615 5123 non
640 5066 762 5120 estis
790 5065 969 5137 (Joan.
1001 5082 1119 5130 vm,
1150 5066 1240 5137 47)
1267 5084 1280 5119 :
1315 5075 1370 5120 et
1399 5069 1582 5135 utique
1610 5067 1681 5121 illi
1716 5082 1889 5138 neque
1914 5068 2081 5132 surdi,

510 5166 687 5222 neque
724 5154 979 5215 absentes
1017 5163 1196 5221 erant,
1242 5156 1441 5226 quibus
1485 5158 1585 5213 hoc
1632 5158 1940 5222 dicebatur;
1992 5158 2087 5214 sed

581 5324 622 5340 ll
638 5323 755 5340 ιρι-ἰ
801 5323 837 5340 Α

2201 3273 2307 3314 non
2337 3256 2581 3327 sequitur
2605 3268 2785 3325 posse.

2271 3350 2325 3405 8.
2364 3347 2746 3405 Consiliarium
2775 3344 2868 3401 sed
2893 3343 2960 3400 ad
2987 3344 3088 3398 hoc
3110 3340 3373 3397 habemus
3394 3333 3681 3407 perutilem
3709 3330 3787 3387 ita

2198 3441 2469 3497 dicentem
2495 3456 2509 3493 :
2538 3437 2615 3492 De
2641 3436 2925 3507 prapitiato
2955 3441 3165 3504 peccato
3196 3428 3303 3484 noli
3325 3443 3434 3482 esse
3458 3426 3574 3479 sine
3601 3430 3737 3476 metu
3765 3436 3787 3472 :

2199 3542 2245 3588 et
2271 3548 2333 3586 ne
2357 3530 2581 3601 adjicins
2606 3536 2874 3598 peccatum
2896 3540 3055 3595 supra
3081 3531 3346 3591 peccatum
3373 3518 3554 3572 dicens
3574 3529 3595 3567 :
3624 3512 3789 3568 Ilisc-

2199 3624 2428 3680 ricordio
2452 3621 2551 3676 Dei
2574 3636 2767 3691 magna
2789 3628 2886 3684 est,
2913 3615 3263 3671 multitudinis
3285 3620 3617 3682 peccatorum
3644 3622 3788 3659 meo-

2200 3733 2316 3771 rum
2340 3714 2666 3770 miserebitur
2690 3726 2708 3765 :
2734 3708 3097 3765 misericordia
3118 3706 3253 3761 enim
3283 3714 3331 3759 et
3357 3703 3439 3757 ira
3465 3702 3531 3755 ab
3561 3699 3655 3753 illo
3680 3701 3788 3750 cito
3878 3764 3883 3767 Α

2197 3808 2517 3878 proximam,
2558 3814 2605 3859 et
2640 3805 2698 3858 in
2738 3809 3032 3873 peccatores
3064 3796 3269 3866 respicit
3299 3795 3379 3847 ira
3408 3792 3555 3846 illius
3587 3788 3780 3861 (Eccii.

2196 3914 2247 3959 ν,
2285 3895 2424 3968 5-7).
2452 3896 2693 3965 Itemque
2722 3911 2736 3946 :
2767 3892 2848 3945 Da
2875 3888 3287 3944 misericordiam
3300 3884 3466 3955 justo,
3497 3891 3546 3935 et
3576 3897 3642 3934 ne
3666 3896 3784 3934 sus-

2198 3996 2360 4064 cipias
2418 3999 2774 4062 peccatorem;
2808 3986 3056 4058 quoniam
3086 3993 3133 4038 et
3161 3981 3455 4035 Altissimus
3478 3976 3603 4030 odio
3630 3974 3784 4028 habet

2196 4094 2511 4156 peccatores,
2545 4090 2593 4136 et
2630 4082 2872 4135 misertus
2905 4089 2981 4132 est
3006 4074 3388 4147 penitentibus,
3417 4081 3467 4124 et
3493 4067 3783 4140 peceatorio.

2198 4177 2292 4230 bus
2318 4174 2494 4228 reddet
2524 4173 2829 4236 uindictam,
2857 4170 3150 4224 custodiens
3189 4182 3276 4220 eos
3316 4164 3369 4217 in
3410 4161 3496 4214 die
3540 4158 3783 4213 vindictc

2197 4264 2385 4337 (Eccli.
2410 4278 2513 4328 xu,
2533 4261 2678 4327 3,4).
2709 4259 3051 4326 Rursumque
3074 4273 3087 4310 :
3112 4253 3338 4322 Benefac
3361 4247 3571 4327 humili,
3600 4257 3651 4301 et
3678 4260 3782 4299 non

2196 4356 2400 4411 dederis
2435 4354 2627 4422 impio;
2661 4351 2873 4422 prohibe
2897 4364 3058 4419 panes
3086 4346 3164 4401 illi
3189 4345 3330 4408 dari,
3362 4358 3425 4396 ne
3452 4343 3508 4395 in
3536 4340 3667 4411 ipsis
3690 4352 3783 4407 po-

2197 4447 2384 4501 tentior
2411 4454 2458 4498 te
2485 4445 2586 4508 sit;
2619 4458 2739 4497 nam
2774 4439 3005 4511 duplicia
3035 4436 3175 4492 mala
3204 4434 3430 4491 invenies
3459 4434 3515 4486 in
3540 4430 3781 4485 omnibus

1750 4521 1849 4577 Ubi
1882 4524 1986 4576 άυο
2018 4523 2093 4577 νει
2120 4505 2172 4565 D
2197 4536 2363 4599 bonis,
2390 4505 2639 4603 quoniam
2664 4542 2711 4585 et
2740 4505 3040 4585 Altissimus
3064 4528 3185 4582 odio
3215 4526 3365 4580 habet
3388 4532 3712 4592 peccatores,
3733 4528 3781 4573 et

2197 4628 2367 4697 impiis
2413 4626 2591 4680 reddet
2635 4622 2913 4678 vindictam
2946 4620 3135 4690 (lbid.,
3161 4618 3212 4678 6,
3247 4618 3322 4685 7).
3356 4615 3399 4670 Ο
3438 4627 3607 4683 quam
3649 4625 3783 4681 ergo

2197 4721 2313 4775 sine
2342 4729 2485 4774 metu
2513 4725 2765 4790 peccator
2790 4713 2948 4769 debet
2975 4713 3210 4767 existere
3245 4706 3450 4779 (1574),
3496 4704 3543 4757 si
3573 4704 3650 4757 ita
3674 4710 3779 4765 ost,

2194 4810 2359 4883 644
2391 4808 2474 4863 vel
2516 4808 2584 4862 ad
2625 4806 2894 4862 modicum
2925 4802 3120 4866 nullus,
3150 4800 3343 4853 nedum
3391 4794 3564 4850 nostri
3592 4793 3778 4849 consi-

2196 4902 2340 4956 milis
2368 4900 2536 4955 ullus!
2586 4897 2877 4968 Sapientiae
2917 4893 3011 4949 sed
3051 4889 3454 4961 particulariter
3487 4887 3648 4951 libro,
3684 4884 3780 4954 qui

2195 4992 2300 5049 hoc
2324 4999 2507 5047 cantat
2528 4989 2664 5060 ipse,
2691 4984 2978 5042 videndum
3006 4984 3077 5047 ei,
3103 4983 3145 5037 si
3181 4980 3350 5052 possit
3375 4978 3603 5047 aliquid,
3631 4974 3779 5045 quod

2194 5099 2301 5139 non
2327 5083 2398 5137 sit
2425 5081 2773 5143 credendum,
2816 5078 2995 5132 inesse
3022 5094 3037 5131 :
3064 5074 3182 5144 Ipsa
3210 5087 3340 5126 vero
3362 5082 3447 5126 est
3475 5066 3773 5138 Sapientia,

2193 5186 2313 5250 quas
2334 5172 2384 5224 in
2400 5168 2684 5240 Evangelio
2700 5167 2858 5223 dicit:
2875 5163 2988 5235 Ego
3005 5179 3123 5219 sum
3142 5161 3329 5216 veritas
3351 5157 3538 5228 (Joau.
3552 5171 3666 5221 xxv,
3678 5155 3734 5225 6)
3755 5171 3771 5216 ;
