4012 5340
234 278 330 332 τρι

1155 277 1431 334 ΝΟΤΙΤῙΑ
1475 277 1881 334 SENTENTIA}
1919 278 2410 338 SUPPOSlTlTLE
2437 281 2588 339 ETC.

3400 281 3504 338 762

239 393 293 446 in
320 392 511 448 eadem
550 391 754 447 Notitia
782 391 1206 463 esplicavimus;
1246 390 1350 463 alia
1382 391 1624 463 quamdam
1673 391 1816 463 addit
1851 400 2047 463 prieter
2094 392 2262 460 ipsius
2314 391 2527 448 Notitizc
2570 393 2748 456 fidem,
2795 407 2915 462 qua:
2949 400 3299 463 Imposturam
3330 393 3503 463 impo-

237 473 405 533 stunc
435 463 670 517 additam
695 459 1047 533 patefaciunt.
1073 460 1129 513 lu
1156 474 1220 514 eo
1243 462 1384 533 enim
1411 461 1639 533 traditur
1671 459 1926 533 Rodoaldi
1955 459 2223 515 sententia
2249 463 2428 516 habita
2450 463 2664 531 jubente
2688 459 2893 517 Joanne
2913 459 3176 532 ponii/ioc,
3206 479 3269 518 ac
3304 459 3502 533 produ-

236 543 322 590 cta
362 532 529 585 fuisse
579 548 609 586 a
656 530 932 586 canonicis
975 530 1377 583 innumerabilia
1425 530 1530 598 fere
1582 530 1849 599 privilegia
1875 570 1887 584 .
1917 569 1930 583 .
1960 569 2009 600 ..
2037 569 2050 584 .
2089 548 2121 584 α
2171 530 2500 600 pontiﬁcibus
2550 543 2598 585 et
2643 530 3066 600 imperatoribus
3094 530 3345 588 obtenta}
3376 548 3500 588 cum

236 601 541 672 inuNotitia
589 601 897 672 mandatum
946 600 1307 672 imperatoris,
1359 616 1462 653 non
1515 611 1691 672 autem
1744 599 2013 672 pontificis
2067 599 2400 666 enuntietur,
2452 611 2507 656 et
2548 599 2766 657 unicum
2805 603 3084 672 imperiale
3129 602 3496 672 privilegium,

234 670 440 725 nullum
479 671 810 742 pontificium
837 671 1102 742 laudetur.
1145 668 1326 742 Potior
1366 679 1544 742 autem
1573 671 1866 739 impostura
1906 670 1966 742 in
1997 685 2062 724 eo
2090 673 2191 724 sila
2217 680 2317 733 est,
2358 672 2501 740 quod
2528 688 2632 726 non
2679 682 2784 725 tam
2809 668 3072 727 bonorum
3095 668 3495 742 capitularium,

233 743 300 794 de
325 738 521 808 quibus
552 751 758 795 tantqu
786 741 836 793 iu
869 739 1066 794 Notitia
1099 740 1295 810 agitur,
1321 738 1413 793 sed
1453 738 1802 810 personarum
1845 740 2008 793 etiam
2036 742 2307 810 exemptio
2352 738 2406 794 et
2433 741 2745 796 imumnitas
2786 753 3082 806 aSseratur,
3108 738 3178 798 ac
3214 743 3257 797 si
3287 738 3498 797 contro-

232 812 411 864 versia
442 811 579 865 inter
605 811 910 880 episcopum
935 821 990 864 et
1016 809 1304 880 canonicos
1333 827 1435 862 non
1467 809 1644 862 minus
1673 811 1737 880 de
1767 811 2045 880 bonorum,
2099 809 2260 879 quam
2309 811 2374 864 de
2401 827 2752 879 personarum
2808 813 3146 867 immunitate
3172 813 3405 867 excitata
3430 828 3495 867 ac

233 881 457 950 definita
491 879 671 934 fuerit.
701 881 777 934 Ex
811 880 1095 934 collatione
1129 879 1359 950 Niolitim,
1384 888 1432 931 et
1465 879 2031 950 compendiiejusdcm
2074 881 2404 948 agnoscitur,
2437 883 2598 935 verba
2654 899 2731 936 res
2763 892 2810 935 et
2837 883 3199 949 possessiones,
3231 897 3350 950 qua:
3374 889 3501 936 sunt

233 949 288 1022 in
319 949 545 1014 Notitia,
575 951 642 1004 ab
673 960 890 1004 auctore
916 949 1219 1022 compendii
1245 959 1449 1022 mutata
1480 948 1644 1022 fuisse
1676 949 1727 1022 in
1768 949 1899 1000 bona
1917 959 1964 1001 et
1993 966 2241 1022 personas
2266 966 2284 1014 ,'
2309 965 2426 1022 qua:
2450 951 2727 1022 manifesta
2761 948 2905 1022 fraus
2928 953 3165 1022 ejusdem
3194 948 3495 1021 compendii

232 1019 594 1087 imposturam
627 1029 904 1090 aggravat.
941 1019 1071 1072 Vide
1097 1019 1408 1090 aliaplura,
1432 1034 1550 1090 qua:
1577 1018 1627 1071 in
1678 1019 1856 1090 hocce
1869 1020 2242 1087 compendium
2273 1020 2755 1090 animadvertimus
2785 1022 2838 1074 in
2867 1018 3003 1075 libro
3043 1021 3116 1074 De
3143 1018 3419 1090 privilegiis
3449 1031 3498 1075 et

228 1091 554 1162 ercuiptione
592 1087 806 1160 capituli
836 1089 1151 1143 cathedralis
1189 1087 1515 1155 Veronensis,
1545 1103 1666 1158 pag.
1697 1088 1784 1142 77.
1813 1087 1938 1143 Haec
1969 1097 2149 1143 autem
2199 1104 2370 1159 pauca
2401 1089 2599 1143 iudicia
2629 1091 2730 1146 hoc
2757 1092 2876 1146 loco
2915 1092 3046 1146 satis
3081 1087 3349 1162 superque
3379 1105 3499 1148 esse

234 1159 510 1213 videntur.

240 1343 3486 1369 Mm

1617 1499 2126 1594 NOTITIA

314 1690 643 1754 Sententia:
669 1692 1091 1772 supposititiw
1124 1691 1434 1754 Rodoaldi
1459 1692 1839 1774 patriarcha:
1867 1690 2279 1772 Aquileiensis
2308 1695 2526 1751 contra
2558 1689 2916 1750 Rutherium
2946 1706 3069 1768 pro
3103 1689 3418 1750 canonicis

1631 1788 2098 1852 Veronensibus.

1082 1953 1178 2024 (Ex
1209 1961 1416 2008 vetusto
1446 1951 1690 2022 exemplo
1721 1952 1926 2006 archivi
1956 1950 2266 2021 capitularis
2296 1951 2639 2007 Veronensis.

306 2263 466 2314 Auno
496 2258 787 2314 Dominicar.
821 2258 1206 2311 incarnationis
1231 2259 1357 2322 968,
1392 2257 1571 2311 domui
1605 2272 1818 2327 quoque
1845 2270 1891 2325 Α
1921 2258 2076 2311 irrita
2115 2266 2170 2312 et
2217 2256 2393 2311 inanis
2414 2265 2467 2312 et
2499 2271 2665 2310 vacua
2691 2264 2853 2321 esset,
2881 2255 3137 2326 praecepit
3161 2255 3361 2311 domno
3390 2255 3499 2312 Ro-

230 2329 455 2384 Joannis
477 2339 678 2384 sancta:
695 2329 948 2382 Romanas
970 2327 1242 2394 Ecclesiae,
1259 2339 1313 2383 et
1333 2328 1650 2382 universalis
1670 2344 1818 2396 papae

231 2401 554 2466 praesulatus
604 2397 720 2466 ejus
769 2398 1008 2452 secundo
1052 2413 1192 2451 anno
1222 2439 1236 2462 ,
1287 2409 1340 2452 et
1387 2399 1592 2466 imperii
1635 2399 1818 2452 doumi

231 2471 462 2525 Othonis
513 2470 736 2538 piissimi
785 2468 1128 2536 imperatoris
1173 2469 1394 2537 Augusti
1445 2483 1619 2529 nono,
1668 2469 1818 2537 regni

231 2556 450 2609 quoque,
478 2541 659 2592 domui
710 2538 937 2609 Othonis
965 2538 1057 2591 filii
1089 2608 1094 2609 ν
1123 2539 1239 2607 ejus
1272 2541 1449 2602 tertio,
1500 2538 1672 2609 pridie
1710 2538 1816 2591 ldi-

229 2608 334 2663 bus
363 2609 508 2672 Maii,
542 2609 665 2662 luna
696 2608 948 2676 vigesima
980 2608 1158 2670 tertia,
1195 2609 1482 2662 indictione
1506 2608 1812 2661 undecima.

304 2678 611 2734 Istiusmodi
654 2681 858 2749 paginas
877 2678 1169 2747 descriptio
1197 2681 1438 2749 exposita
1485 2677 1651 2749 fuisse
1688 2693 1816 2732 vera

230 2751 506 2812 credatur,
541 2747 778 2818 nullique
823 2749 1217 2817 ambigendum,
1248 2750 1337 2819 qui
1383 2747 1442 2819 [Ι.
1475 2747 1626 2818 quin]
1662 2749 1814 2802 dom-

235 2835 364 2873 num
397 2820 713 2873 Ratherium
767 2818 1242 2888 prudentissimum
1275 2818 1498 2872 Verene:
1527 2819 1675 2872 urbis
1702 2819 1817 2886 epi-

230 2905 454 2958 scopum
484 2889 811 2944 causationis
839 2889 1115 2956 querelam
1145 2891 1510 2957 proposuisset
1557 2889 1816 2942 adversus

229 2961 479 3014 ecclesiae
515 2975 625 3012 sua:
665 2959 977 3020 canonicos,
1025 2959 1227 3021 dicens,
1281 2959 1422 3026 quod
1467 2959 1537 3010 ita
1587 2959 1686 3012 sibi
1725 2973 1816 3013 ca-

231 3031 427 3083 nonica
459 3031 784 3083 auctoritate
813 3037 1162 3096 competeret,
1209 3030 1528 3098 praediorum
1574 3029 1814 3081 redditus

232 3116 259 3150 a
288 3099 537 3152 fidelibus
564 3109 618 3154 et
643 3099 805 3152 Deum
834 3099 1148 3151 timentibus
1184 3099 1456 3167 delegatos
1502 3098 1814 3151 hominibus

233 3171 525 3236 disponere
558 3209 574 3234 ,
643 3169 1092 3236 quemadmodum
1167 3171 1247 3222 sui
1318 3170 1659 3236 episcopatus
1727 3182 1814 3221 res

232 3239 544 3306 disponere,
567 3249 622 3293 et
657 3240 909 3292 ordinare
941 3238 1238 3291 videbatur.
1271 3238 1367 3293 Cui
1413 3249 1632 3292 econtra
1675 3253 1813 3306 prae-

233 3310 494 3362 nominati
553 3309 820 3370 canonici,
867 3308 1163 3361 concordes
1223 3317 1279 3362 et
1333 3308 1615 3362 unanimes
1659 3307 1808 3372 facti,

235 3379 621 3448 respondentes
673 3379 959 3431 dixerunt:
1006 3375 1144 3440 Jam,
1194 3377 1331 3432 bone
1383 3387 1437 3431 et
1490 3377 1576 3448 pie
1604 3387 1808 3445 pastor,

232 3446 586 3502 ducentorum
638 3449 806 3516 spatia
855 3463 1120 3500 annorum
1180 3458 1447 3501 transacta
1503 3446 1810 3516 plenissime

233 3518 349 3598 fore
372 3519 644 3598 videntur,
675 3534 741 3598 ex
787 3533 893 3598 quo
924 3517 1116 3598 nullus
1145 3517 1208 3571 de
1261 3519 1450 3571 vestris
1504 3525 1808 3598 aliteccsso-

1921 2328 2114 2380 doaldo
2139 2337 2342 2382 sanctaa
2366 2327 2725 2382 Aquileiensis
2765 2327 3020 2381 Ecclesiae
3063 2327 3497 2381 reverentissimo

1957 2399 2262 2460 atriarcbas,
2309 2407 2366 2451 ut
2421 2398 2678 2451 Ravenna
2710 2398 2942 2459 rediens,
2978 2398 3158 2451 tandiu
3192 2407 3498 2450 moraretur

1968 2483 2166 2526 eroure.
2216 2468 2383 2521 donec
2411 2468 2694 2533 diligenter
2738 2468 3062 2536 investigare
3103 2473 3301 2536 posset,
3334 2481 3497 2534 quam

1920 2537 2298 2608 rectitudiuem
2323 2537 2631 2608 frequenter
2656 2537 2830 2608 dictus
2868 2539 3174 2608 episcopus,
3213 2547 3304 2589 aut
3335 2551 3496 2604 quam

1919 2607 2392 2662 crebronominati
2423 2605 2684 2662 canonici
2730 2608 2783 2661 iu
2814 2605 3002 2662 eadem
3044 2605 3307 2661 baberent
3335 2620 3393 2660 re
3438 2613 3494 2660 et

1918 2679 2284 2747 possessione.

1987 2749 2120 2801 (lum
2151 2757 2329 2801 autem
2376 2748 2610 2803 venisset
2639 2747 2866 2802 domnus
2896 2745 3316 2814 patriarcha,ret
3343 2760 3496 2799 rese-

1917 2816 2086 2871 disset
2126 2819 2192 2872 ad
2233 2819 2618 2872 monasterium
2650 2826 2851 2872 sancta:
2896 2813 3075 2870 Maria:
3118 2815 3184 2868 ad
3223 2813 3494 2884 Orgauum

1915 2888 2209 2941 vocitatum
2235 2903 2249 2951 ;
2283 2888 2445 2952 illico,
2471 2897 2530 2942 ut
2561 2888 2661 2942 sibi
2693 2887 2869 2941 fuerat
2902 2888 3246 2956 imperatum,
3277 2900 3483 2956 convo-

1916 2958 2054 3027 catis
2100 2957 2348 3012 eumdem
2395 2956 2707 3027 episcopum
2751 2954 2992 3026 ejusque'
3026 2956 3319 3027 canonicos
3349 2954 3483 3027 _ait_:

1917 3025 2024 3082 Vos
2072 3028 2338 3091 canonici,
2397 3024 2441 3081 si
2487 3024 2695 3097 aliquas
2750 3024 2958 3081 habetis
3002 3024 3166 3096 665
3222 3025 3496 3078 firmitatis

1915 3097 2211 3162 chartulas,
2243 3107 2335 3152 aut
2365 3097 2499 3152 ullas
2545 3098 2846 3153 testamenti
2882 3097 3126 3166 paginas,
3169 3103 3269 3166 aut
3296 3109 3485 3162 regum

1913 3177 2182 3236 praecepta
2227 3167 2292 3222 de
2346 3169 2541 3222 vestris
2573 3169 2732 3222 rebus
2777 3175 2830 3220 et
2855 3164 3304 3234 possessionibus,
3359 3179 3494 3232 quas

1913 3237 2093 3292 dicitis
2122 3237 2338 3302 habere,
2375 3239 2646 3292 ostendite
2671 3252 2854 3291 coram
2897 3237 3070 3294 nobis,
3104 3245 3158 3290 et
3186 3250 3368 3288 coram
3397 3249 3492 3287 ve-

1913 3317 2026 3360 stro
2047 3308 2299 3377 episcopo
2331 3307 2558 3376 aliisque
2601 3309 2698 3377 hic
2745 3306 3128 3377 residentibus,
3185 3305 3382 3377 quibus
3409 3303 3492 3377 rei

1913 3372 2197 3430 veritatem
2233 3372 2561 3432 'discern'crc
2618 3376 2913 3430 valeamus.
2971 3373 3125 3428 Tunc
3171 3372 3492 3428 Ambrosius

1913 3446 2372 3516 archipresbyter,
2424 3456 2479 3501 et
2527 3446 2718 3501 Petrus
2775 3445 3210 3516 archidiaconus,
3256 3442 3491 3516 Joannes

1913 3511 2085 3568 etianf
2108 3524 2160 3570 et
2185 3511 2372 3570 Petrus
2398 3517 2605 3571 diaconi
2637 3532 2756 3570 cum
2789 3514 3076 3583 aliquantis
3103 3529 3169 3566 ex
3201 3511 3492 3578 majoribus

233 3588 383 3662 ribus
406 3603 576 3662 usque
603 3589 656 3640 in
704 3586 1018 3662 hodiernum
1066 3586 1207 3662 dic_m
1240 3603 1298 3641 se
1344 3587 1678 3662 quandoun
1710 3587 1808 3662 hac
1843 3601 1886 3662 Β
1913 3595 1968 3638 et
2003 3587 2302 3662 minoribus
2329 3587 2605 3640 canonicis
2631 3586 2810 3640 statim
2849 3592 3131 3662 surgentes
3159 3598 3188 3636 e
3210 3595 3490 3662 consessu,

233 3660 300 3711 de
329 3655 830 3720 causa’iutromisit,
853 3657 993 3710 sicut
1013 3671 1106 3710 vos
1132 3657 1311 3711 facere
1341 3655 1615 3710 videmini.
1642 3655 1808 3722 Quid-

233 3728 360 3794 quid
383 3729 528 3781 enim
562 3728 734 3780 nostri
781 3728 1200 3796 prmdccessores
1245 3742 1340 3794 per
1371 3728 1672 3780 mercedem
1710 3727 1808 3782 do-

236 3812 485 3850 muorum
539 3813 721 3866 regum
774 3807 828 3851 et
873 3799 1258 3864 imperatorum
1291 3798 1474 3865 quieto
1518 3805 1809 3850 tenuerunt

235 3867 444 3931 ordine,
477 3867 577 3921 sub
598 3881 784 3920 omnes
812 3875 1018 3920 vestros
1067 3877 1458 3932 antecessores,
1502 3867 1592 3935 qui
1620 3868 1672 3920 in
1705 3867 1809 3920 hac

238 3938 366 3988 urbe
397 3936 615 3990 fuerunt
669 3937 924 4004 episcopi,
973 3937 1074 3990 hoc
1128 3937 1266 3990 idem
1309 3946 1363 3991 et
1413 3951 1509 3989 nos
1553 3938 1809 3990 moderno

237 4017 420 4060 tenere
445 4008 691 4075 cupimus
719 4017 958 4074 tempore
1007 4021 1102 4074 per
1130 4009 1431 4061 mercedem
1464 4007 1618 4060 istius
1655 4021 1808 4060 sere-

235 4076 442 4145 nissimi
476 4077 836 4145 imperatoris.
889 4078 1022 4129 Dum
1087 4091 1216 4130 vero
1261 4078 1371 4131 haec
1400 4077 1681 4130 altercatio
1728 4076 1808 4131 sic

235 4144 376 4198 inter
429 4144 688 4216 utrasque
737 4146 1053 4199 dilataretur
1097 4154 1323 4216 partes:
1369 4162 1496 4201 ecce
1526 4147 1808 4216 legationis

233 4231 396 4282 preco
425 4215 614 4269 domui
661 4217 1002 4286 imperatoris
1049 4215 1105 4268 et
1152 4215 1333 4270 domui
1386 4233 1534 4286 papa:
1584 4215 1808 4271 Joannis

233 4287 412 4357 missae
458 4301 554 4355 per
583 4285 1095 4357 664Wuniversum
1130 4302 1350 4354 regnum
1389 4285 1713 4349 vociferans,
1749 4297 1808 4340 ut

230 4356 411 4408 cuncti
477 4356 714 4426 episcopi
764 4356 1075 4409 Ravennam
1125 4358 1190 4409 ad
1244 4365 1486 4411 sanctam
1542 4357 1805 4426 synodum

229 4426 712 4480 concelebrandam
746 4426 1081 4489 festinarent,
1116 4426 1254 4480 sicut
1291 4427 1490 4480 dudum
1541 4427 1644 4480 illis
1671 4426 1806 4479 indi-

227 4503 372 4566 ctum
401 4496 597 4550 fuerat.
634 4495 942 4549 Ravennam
981 4496 1140 4564 igitur
1167 4511 1288 4548 cum
1316 4496 1570 4564 praefatus
1598 4497 1805 4566 episeo-

227 4580 326 4632 pus
359 4565 618 4620 festinare
648 4566 940 4629 videretur,
981 4565 1219 4634 pranlicti
1257 4567 1502 4619 canonici
1533 4565 1704 4629 suain,
1738 4566 1805 4620 ad

228 4637 530 4690 mercedem
572 4636 752 4689 domui
788 4635 1147 4703 imperatoris,
1175 4636 1457 4688 confestim
1475 4636 1804 4690 destinantes

227 4703 574 4770 legationem,
621 4705 765 4759 illius
805 4721 900 4774 per
926 4705 1283 4758 internuntios
1314 4705 1588 4759 humiliter
1617 4705 1805 4773 implo-

229 4785 485 4845 raverunt
511 4775 876 4845 clementiam,
921 4784 978 4826 ut
1007 4775 1051 4827 si
1101 4775 1240 4828 idem
1268 4776 1496 4828 domnus
1522 4776 1805 4845 episc0pus

227 4844 276 4916 in
310 4855 496 4899 sancta
548 4845 752 4916 synodo
776 4844 842 4899 de
888 4845 1097 4896 illorum
1121 4845 1402 4916 canonica
1444 4844 1584 4899 inter
1611 4856 1801 4898 czetera

225 4914 475 4968 altercari
503 4914 685 4977 vellet,
719 4929 1055 4983 nequaquam
1085 4914 1132 4966 ei
1165 4929 1418 4969 assensus
1443 4916 1799 4972 tribueretur:

225 4986 315 5036 sed
344 4985 444 5039 sub
472 5002 587 5039 suae
607 4985 931 5038 defensionis
979 4983 1140 5036 tutela
1165 5000 1249 5038 res
1277 4985 1488 5038 illorum
1518 4994 1570 5038 et
1593 4999 1803 5052 posses-

227 5054 402 5109 siones
454 5063 688 5118 teueret,
724 5055 862 5108 sicut
903 5067 1093 5124 omnes
1119 5055 1200 5107 sui
1231 5055 1474 5107 fecerunt
1505 5056 1802 5124 prcedeceso

224 5140 390 5178 sores.
427 5124 672 5190 Quorum
727 5123 1054 5194 deprecatio,
1103 5125 1223 5190 quia
1258 5126 1404 5194 justa
1451 5123 1517 5178 et
1563 5125 1800 5180 rationa—

225 5194 343 5246 bilis
374 5195 494 5266 _sibi
527 5210 649 5248 esse
673 5194 974 5266 videbatur,
1023 5195 1274 5262 prmeepit
1316 5195 1493 5266 eidem
1523 5195 1797 5266 episcopo,

225 5271 290 5340 ut_
303 5263 445 5317 nullo
467 5265 628 5340 modo
651 5265 713 5318 de
734 5266 1105 5340 prmdictorum
1137 5262 1518 5340 cmionicorimi
1541 5280 1598 5317 se
1629 5262 1799 5340 itit-ro-

1911 3656 2266 3710 ostenderunt
2299 3673 2484 3710 eorum
2543 3664 2986 3724 testamentorum
3013 3653 3257 3724 paginas,
3302 3659 3355 3705 et
3400 3665 3490 3703 re-

1911 3741 2035 3794 gum
2069 3735 2356 3800 praecepta,
2385 3737 2439 3780 et
2467 3726 2752 3779 dixerunt:
2787 3723 2900 3787 lim,
2938 3723 3140 3788 senior,
3167 3729 3298 3800 _sunt
3328 3728 3493 3800 testa-

1911 3789 2210 3866 mentorum
2235 3789 2461 3866 pagiure,
2484 3811 2580 3864 per
2599 3811 2732 3865 quas
2756 3811 2842 3848 res
2863 3803 2917 3847 et
2944 3794 3314 3866 possessiones
3339 3789 3491 3843 nobis

1910 3864 2133 3918 collatas
2182 3861 2536 3920 defendimus.
2573 3861 2906 3935 Praeceptum
2933 3861 3036 3929 est,
3080 3871 3140 3916 ut
3170 3861 3251 3916 hic
3272 3861 3334 3935 _in
3364 3876 3492 3915 cou-

1912 3935 2212 3990 sedeulium
2249 3945 2302 3990 et
2332 3931 2796 3991 circumstantium
2845 3935 3152 4001 legerentur
3182 3931 3365 3986 auditu
3398 3947 3411 3983 :
3439 3938 3494 3984 ct.

1910 4004 2051 4080 inter
2080 4006 2360 4080 legendum
2389 4007 2571 4080 primo
2596 4007 2769 4080 lectus
2798 4003 3228 4080 full-_illdiPal"?
3256 4003 3490 4080 Ρξίθητθ·

1910 4071 2240 4130 cordatiouis
2271 4071 2412 4130 Petri
2446 4077 2652 4140 clerici,
2689 4075 2883 4128 dehinc
2921 4073 3234 4136 Giselbcrti,
3286 4071 3496 4140 iudica.

1911 4153 2232 4217 tusquoque
2271 4145 2512 4201 Nolkerii
2563 4138 2888 4217 et‘Billongi
2919 4145 3315 4213 episcoporum.
3363 4138 3494 4217 Qua;

1912 4216 2269 4290 scripta-pari
2316 4226 2378 4290 et
2401 4216 2692 4290 _manifesta
2747 4216 2959 4290 ratione
3008 4221 3300 4290 testantur,
3343 4219 3402 4290 ut
3443 4223 3490 4262 sn

1911 4281 2046 4339 ullus
2077 4281 2365 4354 aliquando
2401 4286 2723 4339 Veronensis
2743 4285 3028 4354 cpiscopus
3059 4285 3132 4354 de
3150 4281 3493 4354 ordinatione

1903 4365 1962 4408 'et
1995 4352 2304 4426 provisione
2350 4352 2804 4426 archipresbyteri
2836 4361 2893 4408 et
2930 4352 3296 4407 archidiaconi
3326 4359 3379 4404 et
3400 4363 3490 4426 sa-

1908 4419 2185 4479 cerdotum
2215 4435 2270 4480 et
2299 4419 2646 4481 diacouorum
2667 4419 2955 4493 'potestate
2991 4437 3077 4498 res
3114 4431 3167 4475 et
3194 4419 3492 4498 possessiof

1907 4509 2004 4566 nes
2032 4509 2218 4550 eorum
2264 4512 2542 4550 removere
2596 4503 2908 4559 conaretur,
2956 4496 3137 4548 statim
3183 4493 3492 4566 devenirent

1910 4565 1962 4617 in
1990 4574 2312 4633 potestatem
2335 4574 2389 4620 et
2408 4565 2802 4620 ordinationem
2829 4573 3344 4633 parentumeorum,
3373 4565 3492 4624 qui-

1908 4626 2117 4704 cunque
2141 4636 2368 4690 inveniri
2391 4637 2683 4706 potuerint,
2707 4626 3012 4706 etju'dicem
3039 4631 3272 4706 habeant
3295 4626 3488 4688 Deum,

1907 4697 2270 4778 et-anathema
2299 4697 2626 4778 _maranata.
2655 4697 2878 4778 Lectum
2919 4697 3261 4778 iusuperfuit
3289 4708 3491 4778 pracoc-

1907 4784 2056 4842 ptum
2088 4776 2268 4830 domui
2299 4775 2555 4830 Ludovici
2588 4775 2814 4844 piissimi
2858 4766 3196 4844 imperatoris
3235 4766 3488 4844 Augusti,

1900 4834 1960 4898 in
1999 4861 2105 4915 Quo
2135 4847 2463 4915 praecipitur,
2493 4834 2634 4914 quod
2685 4843 2862 4898 nullus
2907 4834 3208 4915 episcopus,
3236 4834 3494 4899 nullaque

1909 4908 2030 4968 alia'
2051 4908 2241 4986 magna
2275 4908 2358 4986 vel
2389 4908 2552 4984 parva
2586 4928 2815 4984 persona
2848 4927 2907 4986 se
2941 4908 3495 4986 intromittereprtn-

1911 4994 2087 5039 sumat
2112 4971 2179 5040 de
2212 4971 2403 5038 eadem
2442 5000 2523 5039 re.
2547 4971 2602 5056 ei
2645 4984 2992 5056 possessione
3034 4980 3236 5056 absque
3276 4971 3505 5056 illoftlm

1909 5056 2137 5110 concilio
2164 5063 2218 5110 et
2237 5069 2525 5108 consensu.
2569 5043 2731 5126 Lecta
2752 5052 2929 5126 etiarn
2955 5043 3169 5126 Ratoldi
3200 5043 3266 5126 de
3295 5043 3513 5126 stemus,

1909 5109 2185 5180 nominata
2215 5139 2274 5178 re
2296 5133 2350 5178 et
2374 5125 2712 5193 possessione
2740 5116 3206 5193 666concessio
3237 5111 3354 5163 fuit.
3384 5109 3526 5193 _Ubi

1907 5206 2141 5251 ostensa:
2167 5202 2294 5250 sunt
2321 5184 2390 5247 et"
2424 5194 2544 5247 aliae
2579 5184 3064 5261 paginzéfq'uibus,
3093 5189 3137 5242 si
3164 5184 3519 5255 legerentur,

1908 5281 2013 5320 non
2031 5266 2306 5340 sulliceret
2323 5263 2455 5340 dies:

3235 5333 3357 5340 -.η--
3372 5316 3462 5340 .l---
