4012 5340
481 40 697 115 tum._in
730 56 832 110 qna
864 57 1351 115 uesccrusegressus
1393 56 1498 97 non
1525 41 1669 97 valet
1704 43 1909 112 egredi,
1942 42 2044 99 nisi
2076 47 2123 107 Α
2218 43 2262 101 0
2291 44 2499 100 felicem
2548 54 2599 100 te
2634 44 2845 100 Verona
2892 42 3082 115 ditata
3108 49 3164 115 et
3200 39 3428 115 inclyta!
3460 42 3634 115 qualis
3657 61 3716 100 es

484 112 605 183 ign;
630 112 858 183 lucerna:
889 114 1024 167 vela
1068 114 1153 167 [ilo
1187 115 1443 183 glomere.

554 180 693 234 Foro
725 182 831 235 lato
859 185 1102 251 specioso
1128 180 1371 239 stérnuto
1399 181 1686 249 lapidibus,
1716 182 1803 235 ubi
1834 182 1886 235 in
1917 196 2051 250 qna-

485 259 607 304 tuor
649 260 837 323 cantus
867 268 1091 322 magnus
1135 254 1300 308 instat
1340 252 1643 321 forniceps;
1693 253 1878 323 plateae
1914 252 2052 306 mire

483 330 740 393 sternutze
767 321 992 376 desectis
1022 322 1303 393 lapidibus.

558 388 699 459 Fana
731 398 966 459 tempora
1006 388 1312 448 constructa
1346 393 1411 447 ad
1442 391 1664 447 deorum
1706 392 1922 446 nomina
1949 390 2054 445 Lu-

486 458 589 519 nis,
616 458 824 531 Martis,
844 458 907 514 et
953 462 1205 518 Miuervis
1226 504 1239 526 ,
1269 461 1447 527 Jovis,
1479 472 1639 531 alque
1673 461 1925 527 Veneris,
1959 460 2057 517 Sa-

489 528 795 604 tucui,__sive
822 531 980 604 solis,
1012 534 1102 601 qui
1133 533 1411 604 praefulget
1436 528 1703 604 omnibus.

560 597 620 650 Et
643 599 825 671 dicere
855 597 1043 671 lingua
1074 597 1178 657 non
1211 597 1352 657 valei
1394 602 1552 671 hujus
1579 602 1727 656 urbis
1755 601 2055 656 schemata.

486 666 651 721 lntus‘
682 669 847 740 nitet;
895 666 1026 726 foris
1071 673 1266 727 candet
1307 666 1664 740 circuinsepta
1709 671 1952 737 laminis,
2002 671 2056 724 in

484 750 592 790 aere
619 738 822 806 pondos
851 743 1136 797 deauratos
1163 742 1377 796 metalla
1401 738 1725 796 communia.

558 806 750 880 Castro
801 825 996 880 magno
1041 822 1097 866 et
1141 813 1388 876 excelso,
1437 819 1494 865 et
1546 811 1699 864 ﬁrma
1759 808 2058 880 pugnaculo

487 888 679 944 pontes
710 877 944 951 lapideos
986 880 1236 936 fundatos
1266 897 1427 951 super
1449 880 1643 951 ﬂumen
1670 877 1883 951 Adesis,
1917 895 2061 949 quo-

491 961 610 1021 rum
638 949 811 1016 capita
848 951 1158 1021 pertingunt
1184 952 1234 1005 in
1264 949 1449 1005 orbem
1477 950 1542 1004 ad
1569 950 1845 1021 oppidum.

559 1016 698 1071 Ecce
734 1016 892 1086 quam
923 1016 1059 1075 bene
1099 1030 1183 1076 est
1225 1021 1441 1076 fundata
1482 1035 1513 1074 a
1552 1016 1708 1074 malis
1732 1018 2058 1084 hominibus,

490 1086 579 1161 qui
612 1089 925 1161 nesciebant
958 1090 1127 1161 legem
1161 1092 1277 1158 Dei,
1306 1106 1441 1144 nova
1484 1098 1645 1160 atque
1683 1099 1867 1144 vetera
1893 1089 2060 1143 simu-

489 1154 632 1230 lacra
659 1154 1035 1230 venerabant:
1051 1161 1246 1230 lignea,
1263 1154 1509 1230 lapidea.

562 1224 667 1279 Sed
696 1238 981 1302 postquam
1029 1224 1241 1285 venit...
1290 1224 1562 1302 plenitudo
1607 1227 2059 1302 temporum,_in-

490 1297 735 1349 rarnavit
761 1297 1045 1365 Deitatem,
1078 1297 1346 1356 nascendo
1374 1316 1439 1354 ex
1476 1297 1729 1367 Virgine,
1758 1299 2059 1353 exinanivit

491 1367 857 1439 semetipsum,
896 1370 1135 1424 ascendit
1164 1371 1480 1439 patibulum.

566 1435 691 1490 Inde
720 1438 993 1506 depositus
1039 1440 1103 1510 ad
1145 1435 1353 1510 plebem
1395 1439 1698 1510 Judaeorum
1731 1437 2057 1510 pessimam,

493 1505 545 1558 iu
580 1505 925 1562 monumento
976 1505 1302 1574 conlocatus,
1353 1510 1427 1565 ibi
1474 1509 1672 1563 mansit
1712 1505 1905 1574 triduo,
1935 1508 2061 1563 inde

496 1590 782 1648 resurgens
807 1592 925 1632 cum
960 1580 1247 1648 triumpho,
1280 1580 1417 1634 sedit
1446 1579 1619 1632 Patris
1646 1579 1884 1631 dextera.

563 1644 851 1720 Gentilitas
892 1648 994 1704 hoc
1038 1644 1164 1703 dum
1208 1649 1791 1720 cognovit,_festinavit
1819 1648 2060 1720 credere,

492 1730 658 1787 {piare
690 1716 801 1785 ipse
834 1718 971 1772 Deus
1014 1720 1134 1773 casti
1168 1716 1323 1775 terra:
1367 1718 1642 1782 conditor,
1693 1719 1785 1787 qui
1817 1719 2066 1787 apparuit

457 1795 461 1799 '
493 1784 545 1838 iu
578 1784 773 1841 mundo
801 1802 896 1855 per
919 1788 1095 1843 Mariaa
1124 1798 1357 1844 uterum.

565 1855 641 1927 li}
688 1873 792 1925 qua
839 1859 1006 1927 stirpe
1049 1866 1427 1927 processerunt
1473 1866 1764 1926 martyres,
1813 1855 2057 1927 apostoli,

491 1924 861 1992 confeSsOres,
909 1924 964 1981 et
1011 1924 1284 1995 doctores,
1317 1939 1372 1982 et
1401 1937 1553 1981 vates
1584 1924 1939 1990 sanctissimi,
1970 1926 2063 1995 qui

492 1999 954 2052 eatrcortlarcruut
982 2002 1236 2053 mundum
1261 1999 1328 2052 ad
1355 1997 1510 2052 [idem
1544 1997 1883 2050 catholicam.

567 2063 657 2138 S__ic
700 2066 873 2138 factus
920 2069 1242 2138 adimpletus
1268 2078 1351 2123 est
1376 2084 1556 2138 sermo
1589 2068 1893 2129 Davidicus,
1921 2066 2066 2135 quod

492 2134 614 2209 muli
663 2137 883 2191 clariter
927 2134 1182 2193 enarrant
1214 2139 1439 2209 gloriam
1481 2136 1744 2191 Altissimi
1784 2153 1813 2188 a
1857 2134 2067 2193 summo

495 2205 750 2260 cmlorum
782 2223 949 2274 usque
975 2218 1130 2263 terra:
1156 2205 1461 2263 terminum.

566 2274 823 2348 Primum
852 2277 1062 2333 Verona
1101 2279 1410 2348 praedicavit
1450 2278 1725 2332 Eumaeus
1763 2276 2066 2345 episropus,

496 2349 763 2415 secundus
813 2347 1195 2414 Drmnntauus,
1247 2350 1436 2404 tertius
1480 2349 1814 2411 Stueucws,
1844 2355 2069 2415 quartus

496 2414 775 2489 l’aoct'tus
804 2418 1099 2483 confessor,
1127 2429 1309 2489 pastor
1335 2427 1389 2472 et
1424 2419 1688 2489 egregius.

567 2485 799 2551 Quintus
826 2490 925 2542 l'uit
969 2483 1337 2552 Sarufmmus,
1364 2497 1418 2542 et
1457 2483 1641 2542 Sexius
1670 2487 1939 2541 Lucruus.
1973 2483 2071 2545 Se:

498 2554 697 2619 plimus
734 2558 831 2611 fuit
865 2558 1121 2627 Optamus
1159 2561 1348 2613 doctor
1389 2569 1445 2613 et
1486 2558 1799 2627 episcopus;
1845 2566 2071 2609 octavus

499 2576 697 2619 palmus
734 2576 831 2611 ltttt
865 2576 905 2613 ’.ι
950 2576 1121 2614 ICINUS
1159 2576 1348 2613 doctor
1389 2576 1445 2613 el.
1486 2576 1749 2627 EPISCOPW

499 2636 765 2700 pastoret
789 2576 1066 2683 conicissor
1092 2630 1235 2684 ΖΕΝο
1262 2639 1467 2700 martyr
1494 2627 1749 2700 iltclywsf

568 2695 957 2769 Qui__Veronain
986 2700 1324 2769 prmtlicaitdo
1360 2695 1583 2769 reuna
1613 2696 2064 2769 ad‘baptisntum,

2148 115 2549 170 circumvallata
2578 115 2889 171 custodibus
2913 112 3291 177 sanctissimis,
3309 112 3416 184 'qui
3451 112 3504 169 te
3539 112 3719 169 defen-

2149 185 2280 256 dant
2307 193 2361 256 e_t
2384 194 2692 256 expugnent
2716 184 2784 239 ab
2810 185 2963 239 hoste
2996 183 3345 253 nequissimo.

2219 254 2301 309 Ab
2324 252 2734 335 Orientezvhabet
2769 255 3007 335 primum
3034 252 3331 335 martyrem
3364 252 3722 335 Stephanum,

2149 321 2507 393 Florentium,
2538 321 2948 389 Vindemialem,
2994 332 3048 393 et
3098 321 3340 377 Maurum
3386 321 3724 393 episc0pum,

2153 391 2464 457 Mammam,
2493 394 2885 460 Andronicum,
2930 401 2985 449 et
3023 392 3278 460 Probum,
3321 391 3445 447 cuni
3491 391 3727 462 quadra-

2154 462 2297 533 ginta
2321 474 2455 516 marl
2501 466 2668 519 ribus.
2846 496 2851 501 ι

2226 532 2429 587 Deinde
2462 479 2687 587 i’etrum
2728 543 2782 587 et
2825 533 2851 587 Ε

2226 532 2429 588 Deinde
2463 530 2687 588 Petrum
2728 543 2782 588 et
2825 533 3066 596 Paulum,
3094 530 3353 588 Iacobum
3397 532 3727 602 apostolum,

2155 600 2548 674 Praecursorem
2582 612 2636 657 et
2682 604 2977 673 Baptistam
3027 602 3308 674 Joannem,
3339 608 3391 674 et
3428 600 3730 674 martyrem

2158 670 2469 738 Nazarium,
2500 686 2603 727 una
2633 670 2960 736 cum'Celso,
2991 673 3225 736 Victore,
3255 672 3565 727 Ambrosio.

2232 740 2463 815 luclytos
2483 752 2755 815 martyres
2772 743 2969 798 Christi
2991 742 3311 815 Gervasium
3332 749 3386 796 et
3399 741 3730 815 frotasium,

2158 810 2472 883 faustinum
2521 810 2693 883 atque,
2729 812 2991 883 Jovitam,
3042 812 3340 883 Eupolum,
3388 810 3733 883 Calooerutn,

2162 880 2371 934 Domini
2406 880 2627 936 Matrem
2650 882 2895 946 Mariam,
2926 880 3176 951 Vitalem,
3204 880 3532 951 Agricolam.

2232 951 2285 1003 In
2310 952 2552 1020 partibus
2584 953 2897 1007 meridianis
2937 949 3180 1006 Firmum
3208 949 3277 1006 et“
3300 950 3607 1013 Rusticum,
3638 949 3736 1018 qui

2160 1018 2285 1073 olim
2312 1018 2381 1074 in
2432 1029 2495 1092 te,
2528 1031 2877 1092 susceperunt
2923 1021 3447 1092 eoronasirmartyrii
3498 1036 3732 1087 quorum

2161 1104 2383 1158 corpora
2413 1091 2587 1145 ablata
2616 1101 2741 1145 sunt
2768 1093 2817 1145 in
2844 1092 3010 1145 maris
3036 1091 3243 1145 insulis.

2231 1158 2458 1226 Quando
2484 1161 2807 1232 complacuit
2842 1161 2952 1215 Deo
2982 1162 3093 1232 regi
3126 1158 3404 1232 invisibili,
3433 1158 3490 1212 in
3524 1167 3578 1212 te
3610 1164 3739 1232 sunt

2160 1227 2301 1302 facta
2329 1241 2579 1286 renovata
2608 1227 2723 1302 'per
2751 1227 3357 1302 Hannoxnu'przesulem
3405 1228 3739 1299 temporibus

2160 1300 2461 1372 principum
2494 1300 2678 1372 regum
2711 1303 2983 1356 Desunanu
3018 1310 3074 1356 et
3101 1301 3389 1356 ADELCBIS.

2232 1368 2351 1435 Qui
2381 1371 2469 1424 diu
2515 1368 2860 1425 mbraverunt
2908 1372 3116 1434 sancti,
3165 1386 3271 1425 non
3329 1368 3537 1425 reversi
3589 1378 3735 1431 sunt,

2165 1453 2389 1512 quorum
2414 1455 2637 1509 corpora
2661 1441 2878 1495 insimul
2905 1442 3144 1496 condidit
3162 1442 3445 1512 episcOpus
3470 1448 3738 1500 aromata,

2164 1516 2219 1561 et
2261 1508 2545 1583 galbanen,
2576 1518 2802 1583 stacten,
2831 1519 2886 1583 et
2927 1511 3167 1581 argoido,
3195 1508 3443 1583 inyrrha,
3480 1519 3659 1579 gutta,
3687 1517 3742 1561 ct

2165 1579 2361 1645 cassia,
2396 1586 2451 1631 et
2484 1581 2605 1633 thus
2637 1579 3019 1635 lucidissimus'.

2236 1647 2518 1720 Tumulum
2552 1664 2773 1720 aureum
2822 1658 3131 1720 coopertum
3179 1648 3485 1720 circumdat
3528 1662 3738 1720 prmon-

2166 1716 2342 1805 nibns,
2370 1717 2518 1805 color
2546 1719 2749 1801 stritus.
2769 1716 2968 1805 mulget
3006 1735 3196 1775 sensus
3241 1719 3549 1805 hominumz
3586 1718 3742 1771 inodo

2159 1786 2339 1859 albus,
2371 1789 2526 1843 modo
2556 1787 2709 1859 niger
2736 1786 3038 1845 inter'duos
3071 1803 3386 1859 purpureos.

2240 1855 2390 1929 llaec,
2434 1867 2492 1929 ut
2524 1854 2721 1924 valuit,
2772 1860 2979 1929 paravit
3008 1854 3191 1913 {limo
3237 1856 3432 1928 przesul
3475 1854 3738 1929 inclytus,

2165 1940 2261 1997 per
2282 1926 2435 1995 cujus
2459 1927 2673 1982 ﬂamma
2697 1926 2868 1983 claret
2892 1930 2959 1984 de
2983 1929 3138 1984 bonis
3162 1926 3417 1997 operibus
3438 1929 3511 1981 ab
3537 1927 3745 1981 Austrae

2168 1996 2373 2067 ﬁnibus
2400 2006 2555 2052 terrze
2579 2014 2747 2067 usque
2778 2000 2945 2052 nostri
2977 1996 3256 2053 terminus.

2168 2090 2171 2095 -
2238 2065 2320 2121 Ab
2345 2065 2633 2123 Occidente
2661 2065 2906 2124 custodit
2929 2068 3113 2123 Sixtus
3145 2077 3197 2123 et
3231 2067 3586 2131 Laurentius,
3626 2065 3744 2134 Hip-

2168 2135 2413 2207 polytus,
2462 2136 2830 2207 Apollonaris,
2891 2139 3170 2193 duodecim
3225 2138 3454 2207 apostoli
3513 2136 3746 2197 Domini,

2168 2220 2393 2275 tnagnus
2426 2206 2702 2263 confessor
2728 2208 2989 2263 Martinus
3015 2206 3410 2263 sanctissimus.

2240 2274 2356 2330 Jam
2403 2276 2670 2332 laudanda
2715 2294 2819 2332 non
2868 2287 2953 2332 est
3000 2278 3098 2332 tibi
3151 2279 3299 2331 urbis
3356 2280 3409 2330 in
3461 2274 3746 2335 Auxonia,

2170 2346 2474 2415 splendens,
2500 2347 2729 2414 pollens,
2751 2357 2806 2402 et
2834 2348 3080 2404 redolens
3105 2363 3133 2400 a
3161 2356 3474 2402 sanctorum
3499 2360 3747 2415 corpora,

2169 2416 2420 2487 epulenta
2454 2418 2595 2471 inter
2620 2428 2836 2472 centum
2864 2418 2974 2472 sola
3007 2420 3057 2472 in
3092 2418 3263 2472 Italia.

2243 2486 2375 2558 Nam
2408 2487 2813 2558 tecoulaudant
2842 2487 3140 2558 Aquilegia,
3172 2486 3580 2558 teiconlaudant
3609 2483 3755 2537 Man.

2173 2565 2284 2620 tua,
2332 2556 2534 2621 Brixia,
2582 2557 2769 2627 Papia,
2809 2556 3009 2625 lloma,
3041 2556 3198 2612 simul
3231 2557 3485 2611 Ravenna
3509 2596 3525 2620 ,
3570 2570 3665 2625 per
3703 2565 3750 2608 te

2170 2635 2361 2697 portus
2393 2635 2476 2680 est
2505 2628 2739 2695 undique
2766 2630 2817 2681 in
2849 2629 2982 2682 lines
3006 2628 3251 2695 Ligoriaa.

2245 2696 2464 2766 Magnus
2495 2697 2699 2755 habitat
2750 2698 2801 2751 in
2831 2700 2847 2719 ⁶
2884 2714 2976 2753 rex
3023 2699 3270 2753 Pirptaus
3295 2696 3613 2765 piissimus,
3651 2710 3747 2748 non

507 2753 717 2836 1695
753 2784 783 2821 a
817 2769 955 2822 malo
987 2753 1193 2837 'spiritu
1243 2770 1453 2823 sanavit
1493 2768 1627 2823 Galli
1674 2753 1858 2830 tiliam,
1905 2753 2068 2820 boves
2098 2753 2142 2815 C
2172 2753 2371 2821 oblitus
2420 2753 2693 2835 pietatem
2718 2775 2813 2822 aut
2852 2778 3067 2837 rectum
3101 2753 3399 2837 judicium,
3452 2767 3549 2837 qui
3600 2753 3751 2820 bonis

500 2854 689 2892 cuin...
720 2849 1025 2909 vergentem
1056 2840 1270 2894 reduxit
1296 2854 1324 2891 a
1353 2839 1561 2962 pelago.

574 2908 636 2961 Et
661 2910 873 2962 uuidem
919 2910 1115 2962 multos
1151 2909 1397 2962 liberavit
1436 2924 1470 2961 a
1546 2908 1561 2962 l

574 2908 636 2961 Et
661 2905 873 2979 quidem
919 2910 1115 2964 multos
1151 2905 1397 2979 liberavit
1436 2905 1509 2962 ab
1546 2908 1700 2962 hoste
1746 2905 2065 2977 pestifero...

444 3031 458 3043 ,
503 2977 616 3031 Non
642 2977 781 3047 queo
810 2979 972 3032 multa
1003 2995 1224 3034 narrare
1266 2977 1424 3046 hujus
1468 2979 1636 3032 sancti
1680 2993 1863 3047 Opera,
1894 2993 2014 3045 qua:
2039 2994 2069 3031 a

504 3049 661 3117 Syria
692 3051 955 3103 veniendo
983 3065 1150 3119 usque
1183 3050 1233 3103 iu
1278 3048 1451 3114 Italia,
1483 3064 1578 3118 per
1623 3049 1793 3118 ipsum
1824 3049 2070 3117 omnipo-

503 3129 621 3174 tens
663 3120 800 3175 Deus
837 3120 1069 3174 ostendit
1094 3119 1383 3174 mirabilia.

499 3266 563 3303 ea:
588 3253 750 3305 maris
776 3250 981 3314 insulis,
1018 3261 1076 3305 ut
1103 3250 1190 3304 hic
1217 3250 1432 3313 dicitur,
1458 3247 1754 3303 delatorum
1784 3246 2070 3302 Veronam.

504 3321 816 3375 llamronem
848 3322 1075 3376 fortasse
1105 3322 1253 3375 norit
1285 3330 1502 3385 auctor;
1537 3320 1583 3373 is
1610 3320 1751 3375 enim
1782 3320 1894 3372 haec
1925 3319 2071 3372 litte-

502 3395 577 3462 ris
597 3392 969 3462 consignabat,
991 3407 1113 3447 cum
1144 3391 1399 3462 Pippinus
1421 3405 1508 3462 res
1536 3388 1761 3462 Verona:
1783 3388 2071 3443 habitaret.

502 3459 969 3530 Pippinus'autem
1013 3460 1189 3515 Caroli
1222 3460 1395 3529 Magni
1439 3460 1599 3521 Illius,
1643 3459 1719 3511 uti
1750 3467 1934 3512 notum
1967 3466 2075 3521 est,

504 3547 645 3584 anno
672 3532 768 3587 78l
804 3547 894 3585 rex
923 3530 1087 3585 Italia:
1117 3533 1441 3584 constitutus
1464 3547 1492 3583 a
1520 3541 1689 3597 patre,
1729 3538 1849 3597 post
1879 3543 2078 3595 paucos

503 3617 673 3655 annos
700 3603 881 3655 sedem
920 3602 971 3654 in
1015 3601 1164 3655 Italia
1196 3601 1331 3663 ﬁxit,
1365 3599 1436 3653 ita
1470 3609 1525 3651 ut
1552 3598 1759 3666 upiuari
1811 3597 2077 3666 possimus

508 3670 814 3741 rhythmum
846 3672 1102 3741 scriptum
1126 3671 1345 3741 circiter
1367 3685 1565 3741 animm
1587 3667 1709 3721 790.
1738 3667 1871 3720 Cum
1896 3675 2075 3741 autem

508 3736 589 3809 ρι’
623 3740 801 3809 aliquo
851 3736 1142 3795 Veronensi
1202 3740 1385 3794 codice
1440 3737 1656 3791 circiter
1705 3752 1902 3809 annum
1976 3736 2080 3791 970

507 3808 797 3863 llatherius
819 3812 1100 3880 episcopus
1127 3811 1228 3864 ista
1252 3809 1618 3876 descripserit,
1647 3808 1913 3880 conjicere
1940 3821 2079 3859 nunc

509 3879 761 3933 ﬁdentius
789 3876 1095 3949 possum-us,
1128 3881 1353 3934 alterum
1391 3892 1605 3946 quoque
1650 3876 1961 3949 rhythmum
1990 3889 2080 3949 su-

507 3963 605 4016 pra
651 3944 884 4015 editu'm,
915 3949 1330 4019 descriptionem
1375 3944 1629 4019 videlicet
1670 3944 2080 3999 Mediolanensis

509 4019 657 4072 urbis
700 4020 886 4073 eodem
931 4018 1126 4075 szeculo
1169 4035 1264 4073 vm
1310 4027 1400 4076 aut
1448 4018 1516 4071 ab
1567 4032 1673 4071 uno
1704 4025 1955 4080 auctore,
1986 4023 2079 4067 aut

508 4089 723 4163 saltem_
747 4092 1079 4163 abhauctore
1123 4089 1313 4163 requali
1351 4088 1633 4163 promisse.
1681 4085 1880 4163 Accipe
1938 4100 2077 4139 nunc
2109 4107 2152 4163 ι)

508 4176 628 4226 qua:
678 4160 1013 4215 Mabillonius
1063 4160 1115 4214 in
1168 4154 1269 4214 hoc
1322 4154 1658 4227 antiquitatis
1717 4154 2075 4227 fragmentum

512 4225 807 4284 adnotavit.
857 4231 1255 4285 Munnom.—
1293 4225 1712 4283 llauc'Verona:
1765 4225 2078 4292 descriptio-

513 4315 659 4364 nem,
690 4315 807 4368 quze
842 4302 1159 4371 rhytlunicis
1182 4300 1427 4371 numeris
1473 4298 1790 4371 inconcinne
1820 4296 2079 4371 fabricata

511 4378 627 4435 cst,
681 4364 935 4440 regnante
987 4372 1126 4441 apud
1179 4369 1559 4439 Langobardos
1612 4366 1836 4436 l‘ippiuo
1899 4364 2077 4419 Caroli

2172 2850 2333 2907 agens
2358 2851 2569 2904 semper
2597 2838 2807 2891 cunctis
2837 2836 2965 2892 facit
2994 2836 3272 2907 prospera.

2239 2905 2421 2978 Gloria
2452 2922 2708 2978 canamus
2744 2908 2851 2962 Deo
2887 2905 3285 2978 regiinvisihili
3308 2950 3322 2970 ,
3349 2905 3441 2975 qui
3472 2905 3751 2978 talibuste

2171 2976 2449 3048 adornavit
2478 2975 2698 3048 ﬂoribus
2727 2975 2988 3048 mysticis,
3017 2977 3069 3031 in
3098 2976 3316 3047 quantis
3347 2985 3403 3031 et
3435 2975 3750 3046 resplendes

2172 3046 2309 3102 sicut
2336 3045 2463 3101 solis
2494 3046 2682 3101 radiis.

2173 3241 2348 3313 Magni
2395 3241 2522 3307 lilio,
2567 3256 2635 3296 ex
2682 3237 3059 3313 ltalia_retulit
3090 3236 3380 3313 R_atberius
3424 3231 3759 3313 Veronensis

2174 3305 2479 3384 cpiscopus,
2509 3305 2738 3379 eamque
2762 3311 2814 3364 in
2847 3308 3132 3364 Laubiensi
3164 3305 3524 3428 autographa,
3549 3318 3630 3381 ex
3655 3317 3757 3371 quo

2174 3400 2291 3428 mm
2319 3382 2457 3428 orni-
2489 3382 2683 3428 annoni
2711 3380 2921 3428 curavit
2948 3394 3071 3428 cum
3099 3377 3391 3428 iconotlran
3413 3375 3486 3428 tia
3513 3376 3755 3428 eiusdem

2174 3376 2292 3440 eam
2319 3376 2472 3446 erui,
2489 3376 2693 3453 apponi
2711 3380 2921 3453 curavit
2946 3394 3084 3453 cum
3099 3376 3486 3453 iconographia
3513 3376 3755 3453 ejusdem

2174 3454 2410 3509 civitatis
2446 3444 2625 3506 minio
2664 3450 2896 3522 depicta.
2924 3448 3023 3522 ΔΕιι
3053 3449 3174 3522 _l_tac
3220 3444 3367 3500 vero
3389 3444 3759 3522 descriptione

2176 3524 2432 3578 discimus
2453 3535 2700 3591 quaenam
2732 3514 3276 3591 antiquitusVeronaa
3301 3514 3504 3582 templa
3534 3514 3756 3591 fuerint,

2176 3593 2335 3662 quive
2356 3586 2510 3662 primi
2534 3590 2774 3658 ejusdem
2801 3586 3273 3662 urbiscpiscopis;
3302 3598 3536 3662 quorum
3562 3586 3758 3635 seriem

2175 3654 2389 3733 penitus
2440 3654 2709 3733 diversam
2757 3659 2892 3711 texit
2941 3654 3194 3733 Ugbellus
3250 3654 3333 3709 ini
3363 3654 3533 3708 Italia:
3594 3665 3761 3733 sacrae

2181 3721 2324 3787 ionio
2352 3733 2413 3796 γ,
2440 3730 2644 3803 primos
2666 3721 3013 3803 Veronenscs
3026 3729 3309 3803 episcopos
3337 3737 3645 3803 recensens.
3666 3721 3761 3774 hoc

2177 3804 2367 3857 ordine
2400 3792 2413 3853 Ξ
2442 3792 2497 3854 1.
2531 3798 2912 3869 Eupreprium,
2944 3798 3000 3869 2.
3032 3792 3435 3869 Griscinutn,_5.
3470 3792 3756 3869 Agapium.

2176 3873 2230 3926 4.
2266 3870 2352 3934 Ν.,
2385 3870 2437 3925 id
2463 3879 2546 3940 est
2576 3859 2740 3940 ignoti
2773 3868 3009 3940 nominis
3028 3868 3125 3940 ,__5.
3155 3859 3546 3940 Saturninum,
3572 3859 3763 3940 6._Lu-

2178 3929 2384 4003 cillum,
2411 3941 2463 3993 7.
2490 3929 2907 3998 Diomidianum,
2945 3938 2998 3991 8.
3032 3935 3324 3998 Zenonem,
3356 3934 3412 3989 9.
3451 3929 3758 4003 Proculum.

2183 4012 2280 4067 Ubi
2314 4002 2465 4064 vides
2509 4008 2929 4070 Dimidrianmn,
2976 4006 3067 4075 qui
3117 4005 3341 4075 Ugbello
3371 4002 3760 4075 Diomidianus,

2180 4081 2369 4135 ordine
2397 4080 2659 4148 septimus
2681 4086 2785 4148 est,
2815 4076 2869 4130 in
2915 4070 3017 4129 hac
3049 4070 3410 4148 descriptione
3452 4070 3757 4148 secundus;

2184 4163 2239 4205 et
2268 4137 2544 4212 Proculus,
2575 4147 2665 4220 qui
2691 4137 2780 4201 hic
2805 4137 3315 4220 q_uart_us,_U_ghello
3341 4156 3519 4220 nonus
3547 4137 3760 4220 actin-

2185 4223 2338 4275 cinus
2363 4220 2451 4272 hic
2489 4212 2767 4284 septimus,
2805 4212 3028 4284 Ugbello
3056 4212 3336 4270 Crisciuus
3360 4212 3401 4266 ll
3443 4219 3532 4265 est
3557 4212 3760 4279 episco-

2187 4306 2304 4360 pus.
2340 4289 2578 4360 Denique
2618 4285 2872 4360 Ugbellus
2904 4285 3083 4354 plures
3109 4284 3357 4360 numerat
3400 4296 3633 4351 quorum
3665 4292 3759 4331 no-

2188 4352 2332 4414 iuina
2365 4360 2416 4412 in
2442 4352 2541 4414 hoc
2568 4352 2743 4411 indice
2768 4371 2876 4413 non
2908 4352 3243 4426 comparent.
3274 4352 3506 4408 Mum.
3568 4370 3575 4375 ·
