4012 5340
400 380 3446 408 mm
1673 380 3446 399 wmﬁ

1173 571 1357 614 CIRCA
1402 569 1623 614 ANNUM
1674 569 1901 613 DOMINI
1947 570 2488 616 DCCCCLXXlI-XIV.

889 750 2772 971 LIUTPRANDUS

1273 1083 1828 1148 CREMONENSIS
1870 1081 2313 1147 EPISCOPUS.

558 1414 1062 1509 NOTITIA
1131 1410 1779 1505 HISTORICA
1847 1413 1998 1501 ET
2070 1413 3119 1511 BIBLIOGRAPHICA.

1094 1607 1302 1680 (Pertz,
1337 1600 1874 1660 MonumentasCerm.
1907 1603 2053 1667 hist,
2085 1603 2282 1674 Script.
2322 1613 2452 1660 tom.
2492 1606 2601 1676 ΙΙΙ.)

271 1896 678 1968 Liudprandus,
709 1905 762 1952 et
790 1903 1069 1953 contracto
1099 1895 1361 1951 vocabulo
1387 1895 1578 1965 Liuzo,
1610 1897 1792 1962 Liuso,
1825 1904 1870 1962 Α
1902 1901 2079 1955 verbis
2121 1909 2175 1955 et
2221 1900 2506 1981 sententiis
2535 1900 2740 1958 Grmcis
2785 1904 3009 1975 integris
3056 1906 3276 1964 insertis
3321 1919 3488 1981 atque

206 1989 623 2062 Langobardus,
671 1990 848 2060 patria
894 1997 954 2044 ut
998 1988 1271 2043 nonnullis
1314 1989 1490 2044 visum
1539 2001 1622 2046 est
1653 1992 1800 2047 Tici-

209 2083 392 2136 nensis
424 2081 526 2152 (l),
557 2082 696 2136 haud
740 2080 925 2135 intimo
955 2080 1075 2135 loco
1103 2088 1265 2135 natus
1294 2089 1432 2145 erat,
1463 2081 1618 2150 cuius
1651 2082 1801 2137 scili-

205 2181 294 2228 cet
337 2183 494 2244 pater
522 2181 575 2226 et
616 2173 844 2227 vitricus
889 2171 1129 2242 llngonis
1171 2180 1228 2225 et
1269 2170 1580 2242 Berengarii
1616 2187 1802 2243 regum

211 2263 514 2334 legationes
549 2265 619 2320 ad
659 2265 1016 2334 imperatores
1045 2263 1668 2332 tionstantinoliolitanos
1710 2280 1802 2319 su-

213 2362 505 2422 sceperunt
537 2354 636 2426 (‘2).
668 2353 850 2418 Patre,
885 2353 1004 2406 viro
1030 2352 1198 2422 probo
1227 2361 1281 2407 et
1308 2352 1614 2421 eloquente,
1658 2353 1804 2408 circa

215 2460 414 2499 annum
448 2446 553 2501 927
583 2444 1144 2514 defuncto,,parvulus
1183 2444 1402 2499 relictus
1437 2453 1496 2498 ut
1533 2445 1646 2515 ipse
1675 2461 1804 2499 nar-

214 2547 327 2602 rat,
370 2555 402 2594 a
444 2539 636 2592 vitrico
683 2557 700 2589 ε
752 2537 868 2590 viro
897 2537 1166 2607 gravitate
1209 2544 1400 2590 ornato
1443 2544 1498 2589 et
1543 2536 1807 2606 sapientia

215 2633 374 2702 pleno
421 2649 441 2683 ι
480 2636 730 2697 receptus
773 2627 848 2696 (5)
888 2634 943 2680 et
982 2626 1191 2680 litteras
1231 2625 1450 2679 Latinas
1478 2625 1806 2696 Graecasque

215 2725 444 2779 edoctus
495 2729 601 2775 est.
653 2717 986 2772 Eruditionis
1035 2716 1278 2786 pueritiae
1328 2725 1572 2784 tempore
1617 2728 1808 2788 coeptze

217 2813 533 2869 testimonia
580 2818 704 2865 sunt
751 2809 1044 2880 scriptores
1094 2808 1456 2863 Romanorum
1504 2809 1555 2862 in
1593 2810 1809 2880 scriptis

215 2909 333 2979 ejus
371 2905 604 2969 laudati,
631 2902 938 2966 Terentius,
973 2900 1186 2967 Cicero,
1223 2900 1496 2972 Virgilius,
1527 2901 1805 2966 Horatius,

214 3000 528 3062 Iuvenalis,
585 2997 833 3067 Vegetius
881 3005 938 3050 et
989 2996 1231 3060 Boetius,
1283 2995 1478 3064 quibus
1530 3010 1808 3050 sacrarum

217 3093 630 3163 Scripturarum
669 3098 722 3143 et
752 3087 974 3142 Patrum
1013 3087 1203 3141 notitia
1239 3086 1486 3140 accessit.
1522 3085 1676 3140 Anno
1707 3086 1803 3141 93l

217 3184 391 3239 felicis
424 3181 628 3253 ingenii
662 3196 794 3250 puer
820 3182 889 3236 ob
917 3180 1065 3234 vocis
1088 3178 1423 3234 dulcedinem
1451 3178 1658 3246 llugoni
1699 3179 1810 3250 regi

1906 1991 2117 2046 dicendi
2166 2006 2366 2062 genere
2409 1978 2549 2061 apud
2589 1993 2913 2063 Byzantinos
2955 1999 3153 2054 usitato
3203 1978 3409 2057 llorido'
3437 2015 3492 2058 et

1906 2080 2157 2144 verboso,
2180 2082 2489 2146 ostentavit,
2513 2091 2567 2136 et
2591 2082 2642 2135 in
2668 2085 2894 2154 negotiis
2916 2085 3128 2141 Ottonis
3151 2089 3493 2160 imperatoris

1907 2172 2158 2241 gerendis
2191 2171 2378 2226 utilem
2409 2172 2510 2226 sibi
2541 2184 2721 2242 postea
2753 2185 3008 2246 expertus
3033 2191 3133 2232 est.
3171 2181 3224 2234 ln
3258 2184 3490 2250 patriam

1911 2265 2099 2329 redux,
2131 2264 2441 2335 Berengarii
2478 2276 2533 2320 et
2559 2268 2749 2332 Willze,
2779 2269 3039 2325 incertum
3070 2289 3175 2342 qua
3214 2275 3278 2330 de
3306 2291 3486 2339 causa,

1907 2355 2091 2408 odium
2143 2356 2430 2410 vehemens
2477 2357 2736 2423 incurrit,
2788 2368 2952 2430 atque
3001 2378 3098 2431 pro
3147 2365 3284 2419 bene
3329 2368 3493 2436 gestis

1909 2446 2049 2502 male
2073 2447 2476 2512 liabitus,ltalia
2504 2448 2716 2514 relicta,
2747 2451 2812 2503 ad
2831 2450 3083 2506 Ottonem
3115 2453 3132 2506 l
3163 2470 3340 2524 regem
3367 2472 3494 2510 con-

1910 2535 2064 2607 fugit.
2114 2537 2152 2591 A
2196 2552 2303 2606 quo
2332 2548 2632 2609 susceptus,
2672 2542 2976 2611 complures
3008 2561 3178 2598 annos
3221 2547 3271 2599 in
3304 2549 3496 2601 exsilio

1911 2629 2142 2701 peregit,
2191 2629 2342 2697 cujus
2388 2647 2663 2687 :erumnas
2704 2643 2880 2688 tamen
2929 2637 3210 2706 aegerrime
3253 2655 3501 2694 nonnun-

1910 2735 2071 2799 quam
2100 2719 2223 2773 tulit
2248 2719 2323 2791 (7)
2352 2737 2366 2786 ;
2395 2721 2467 2774 ita
2496 2729 2553 2774 ut
2583 2722 2714 2776 nihil
2740 2721 2848 2791 jam
2890 2725 3014 2778 mali
3046 2736 3242 2795 praeter
3271 2738 3493 2783 mortem

1911 2822 2006 2866 aut
2033 2813 2401 2868 membrorum
2434 2815 2898 2871 detruncationem
2930 2818 3032 2872 sibi
3069 2819 3313 2874 relictum
3354 2837 3494 2886 esse,

1912 2903 2094 2958 omnia
2119 2918 2248 2958 vero
2276 2903 2412 2958 bona
2442 2905 2707 2972 speranda
2736 2905 2862 2970 sibi,
2891 2919 3335 2976 conquereretur.
3365 2909 3498 2965 Ger—

1913 3007 2194 3046 manorum
2224 3001 2353 3047 tunc
2396 2991 2632 3063 linguam
2675 2994 2883 3061 didicit,
2934 2997 3161 3066 negotiis
3190 2999 3399 3067 imperii
3445 3001 3497 3054 in

1915 3082 2255 3151 expeditione
2308 3081 2489 3137 ltalica
2547 3086 2798 3152 gerendis
2847 3087 3210 3144 utilissimam.
3268 3091 3324 3144 ln
3377 3093 3498 3146 aula

1915 3170 2126 3226 Ottonis
2156 3186 2282 3225 vere
2306 3172 2431 3226 anni
2456 3172 2560 3226 956
2592 3173 2934 3229 familiaritas
2962 3177 3009 3230 ei
3039 3177 3348 3233 intercessit
3375 3197 3499 3235 cum

215 3277 637 3331 commendatus
665 3271 762 3342 (4),
797 3272 849 3325 ἰη
894 3271 1070 3325 aulam
1112 3270 1360 3331 accessit,
1390 3279 1444 3325 et
1468 3271 1642 3340 gratia
1675 3271 1815 3339 regis
1844 3261 1892 3322 Β
1919 3259 2268 3315 llecemundo
2317 3260 2570 3330 episcopo
2622 3263 2951 3318 llliberitano
2972 3305 2985 3330 ,
3039 3265 3502 3323 Aluicraliamenis

218 3368 442 3432 potitus,
475 3372 665 3433 postea
690 3363 834 3417 clero
859 3361 1124 3430 ascriptus
1152 3369 1253 3422 est,
1281 3369 1442 3428 atque
1474 3360 1731 3414 diaconus
1761 3360 1812 3414 in

219 3454 464 3509 Ecclesia
497 3452 774 3507 Ticinensi
806 3451 1131 3507 constitutus
1164 3449 1261 3526 (5).
1296 3449 1518 3518 Hngone
1545 3463 1686 3502 anno
1711 3448 1816 3504 945

217 3546 434 3617 fugato,
461 3543 691 3598 vitricus
718 3558 914 3613 magna
955 3529 1186 3610 pecu‘nia
1217 3540 1394 3595 oblata
1427 3537 1609 3607 juveni
1641 3539 1816 3593 locum

220 3634 277 3686 in
308 3633 436 3687 aula
467 3630 784 3701 Berengarii
823 3628 1169 3692 marchionis,
1210 3641 1443 3697 moxque
1474 3627 1635 3697 regis,
1679 3642 1818 3680 mer-

220 3731 381 3775 catus
409 3729 516 3784 est,
540 3719 614 3773 ita
645 3728 705 3773 ut
737 3727 1072 3773 secretorum
1101 3717 1373 3782 conscius,
1405 3715 1706 3770 litterarum
1735 3732 1821 3770 re.-

224 3815 437 3884 giarum
479 3812 724 3883 signator
762 3812 1188 3867 constitueretur
1230 3810 1328 3882 (6).
1381 3809 1551 3864 Annis
1585 3808 1820 3865 958-950

227 3908 406 3962 vitrici
435 3905 694 3976 expensis
717 3904 1031 3976 Berengarii
1062 3903 1270 3976 legatus
1306 3903 1372 3957 ad
1407 3901 1820 3957 Constantinum

228 3995 762 4066 Porphyrogenitum
793 3995 1024 4062 missus,
1057 4010 1177 4064 quae
1221 4009 1318 4064 pro
1353 3992 1679 4061 Berengario
1713 3993 1822 4062 egit

229 4085 368 4139 libro
393 4095 550 4140 sexto
576 4085 987 4156 Antapodoseos
1017 4085 1321 4155 descripsit.
1366 4083 1484 4151 Quo
1529 4084 1582 4138 in
1631 4083 1822 4138 itinere

230 4173 543 4229 Graecorum
575 4188 756 4228 mores
796 4183 854 4229 et
899 4174 1142 4228 instituta
1190 4175 1485 4244 perspexit,
1533 4181 1587 4228 et
1631 4172 1825 4244 linguae

231 4280 451 4335 quoque
477 4275 534 4320 et
578 4272 860 4320 auctorum
904 4265 1214 4320 Graecorum
1247 4264 1496 4320 notitiam
1527 4264 1670 4318 haud
1705 4279 1822 4318 me-

235 4358 475 4412 diocrem
524 4356 626 4412 sibi
673 4357 1028 4426 comparavit,
1061 4372 1224 4427 quam
1256 4367 1310 4411 et
1344 4356 1400 4411 in
1444 4356 1659 4425 scriptis
1689 4356 1822 4421 suis,

304 4491 384 4561 (l)
421 4490 551 4545 Loci
594 4490 646 4543 in
693 4488 1058 4561 testimonium
1097 4485 1820 4561 adducti_haud_suliiciunt;

238 4557 472 4622 namm,
500 4569 550 4620 1,
579 4576 682 4614 vox
704 4560 874 4626 patria
902 4561 1086 4613 urbem
1117 4557 1432 4626 simpliciter
1458 4557 1746 4626 signiﬁcat,
1772 4567 1826 4609 et

239 4649 322 4696 III,
349 4633 406 4694 2,
439 4639 686 4686 sanetum
721 4631 917 4700 Syrum
955 4629 1213 4697 egregium
1215 4638 1435 4700 “patrem
1468 4638 1700 4700 nostrum
1731 4642 1824 4700 v_o-

237 4695 367 4756 care
409 4702 582 4770 potuit
609 4702 749 4768 quod
763 4695 896 4770 iipsc
925 4695 1186 4770 diaconus
1214 4695 1517 4770 Ticinensis
1547 4705 1713 4770 esset.
1747 4695 1822 4750 De

242 4775 364 4827 [icta
391 4767 510 4841 ejus
538 4767 744 4839 origine
774 4767 1028 4839 llispana,
1058 4767 1275 4841 lectioni
1309 4768 1612 4841 depravatae
1645 4767 1735 4819 lib.
1766 4782 1819 4828 v,

239 4858 289 4896 c.
329 4844 382 4906 l,
421 4837 839 4896 Abderahaman
872 4837 974 4892 rex
1019 4847 1190 4891 noster
1232 4837 1372 4907 (loco
1415 4837 1597 4907 vester)
1639 4852 1824 4907 super-

251 4921 472 4976 structa,
503 4920 666 4980 atque
703 4909 769 4964 de
803 4909 1073 4980 Chronico
1102 4917 1168 4980 et
1207 4906 1678 4980 Adversarii_s__sub
1708 4906 1824 4980 ejus

244 4984 460 5037 nomine
499 4975 758 5043 venditis,
810 4979 1054 5048 improbo
1101 4976 1481 5048 Hispanorum
1513 4975 1823 5045 Hieronymi

246 5052 487 5123 lliguerze
512 5062 568 5107 et
600 5045 1247 5123 Laurentii’Ramirezde
1269 5046 1444 5123 Prado
1470 5045 1824 5114 itnpostorum

246 5115 376 5186 fetis,
404 5124 489 5176 hic
520 5123 708 5176 dicere
738 5133 1129 5188 supervacuum
1159 5115 1297 5170 foret
1327 5120 1424 5188 (ιι).

315 5194 392 5263 (:2)
428 5209 511 5256 tu,
535 5192 626 5255 22,
655 5190 762 5253 23;
789 5205 841 5255 v,
869 5189 951 5243 l4.

428 5251 509 5310 Ill:
540 5251 635 5310 95.

1917 3351 2057 3420 regis
2090 3350 2283 3420 legato,
2323 3352 2413 3419 qui
2456 3351 2578 3406 inde
2621 3368 2650 3405 a
2697 3353 2834 3407 festo
2878 3355 3189 3423 Epiphania:
3236 3373 3404 3426 usque
3435 3358 3501 3411 ad

1917 3440 2230 3518 Palmarum
2258 3440 2398 3493 diem
2441 3440 2779 3495 Francofurti
2827 3453 3066 3497 moratus
3110 3444 3208 3514 (8),
3257 3447 3503 3513 precibus

1918 3531 2049 3596 suis,
2083 3539 2141 3584 ut
2167 3530 2542 3599 Liudprandns
2569 3533 2634 3586 de
2677 3534 2836 3587 rebus
2865 3534 2946 3588 sui
2979 3537 3232 3604 temporis
3263 3537 3505 3592 scriben—

1919 3625 2000 3680 dis
2023 3625 2308 3694 cogitaret,
2337 3634 2618 3680 assecutus
2655 3635 2738 3679 est
2774 3626 2872 3697 (9).
2907 3627 3010 3680 Sed
3043 3627 3253 3682 nonnisi
3287 3628 3504 3682 biennio

1918 3725 2060 3786 post,
2099 3716 2324 3786 ideoque
2358 3732 2484 3770 vere
2509 3717 2634 3770 anni
2666 3717 2787 3778 958,
2820 3726 3005 3772 noster
3032 3717 3373 3772 Francolnrti
3415 3734 3509 3788 po-

1921 3807 2055 3862 situs
2084 3808 2195 3878 (10)
2223 3809 2630 3876 Antapodoscos
2658 3809 2770 3862 sive
2809 3809 3199 3865 Retributionis
3236 3828 3364 3876 sua),
3396 3827 3499 3881 qna

1921 3899 2129 3953 scilicet
2155 3899 2346 3953 amicis
2390 3899 2549 3964 bona,
2585 3900 2910 3970 Berengario
2935 3910 2990 3954 et
3013 3901 3187 3955 Wilke
3228 3902 3361 3956 mala
3396 3903 3498 3957 sibi

1923 3989 2068 4043 illata
2117 3989 2472 4053 retribueret,
2517 3989 2815 4044 scribendae
2869 3989 3080 4044 initium
3129 3989 3284 4056 fecit,
3330 4007 3503 4060 neque

1922 4096 2058 4150 opus
2083 4095 2192 4134 uno
2214 4079 2423 4134 calamo
2450 4081 2648 4149 exegit.
2688 4079 2900 4134 Priores
2929 4091 3037 4135 tres
3072 4081 3215 4145 libri,
3249 4083 3444 4152 quibus
3474 4100 3506 4138 a

1923 4170 2262 4242 gravissimis
2286 4170 2416 4223 viris
2458 4171 2637 4223 audita
2685 4185 2744 4225 se
2788 4170 2994 4226 referre
3039 4172 3188 4236 dicit,
3226 4173 3507 4228 historiam

1924 4263 2049 4318 inde
2085 4264 2151 4317 ab
2179 4277 2319 4316 anno
2341 4262 2445 4316 895
2489 4278 2658 4332 usque
2686 4263 2752 4316 ad
2786 4263 2996 4317 initium
3025 4266 3149 4317 anni
3183 4266 3280 4319 951
3317 4268 3509 4335 perdu-

1925 4365 2086 4420 cunt;
2121 4370 2348 4424 quorum
2380 4354 2594 4423 quidem
2627 4356 2856 4424 prinnun
2881 4357 3220 4411 Francbfurti
3249 4374 3387 4414 anno
3408 4359 3510 4413 958

2002 4487 2078 4558 (8)
2117 4487 2306 4541 Postea
2358 4501 2542 4558 mense
2586 4485 2744 4542 Junio
2793 4489 3094 4544 Cordubam
3148 4495 3325 4554 venit;
3382 4501 3509 4548 tunc

1927 4556 2340 4632 Abderahaman
2361 4573 2492 4632 cum
2513 4556 2720 4632 Joanne
2741 4559 3042 4632 Gorziensi,
3067 4562 3278 4616 Ottonis
3309 4565 3505 4632 legato,

1930 4630 1995 4683 de
2028 4627 2326 4700 defectione
2351 4627 2584 4700 Conradi
2611 4629 2702 4700 qui
2741 4629 2980 4684 Liudolfo
3016 4632 3236 4684 seducto
3267 4627 3511 4700 [lngarns

1929 4713 2026 4768 per
2055 4699 2228 4752 media
2275 4714 2433 4766 regna
2468 4698 2868 4766 depopulandos
2911 4701 3313 4766 transduxerat,
3346 4698 3511 4754 collo-

1929 4776 2106 4831 cutus,
2147 4783 2208 4820 ea
2252 4777 2310 4820 ut
2341 4784 2478 4820 nunc
2509 4777 2628 4820 acta
2662 4772 3014 4829 memoravit,
3059 4771 3175 4822 ideo
3218 4773 3514 4826 lteccntuu-

1929 4837 2055 4912 (_lum
2089 4838 2264 4906 potius
2308 4854 2449 4890 anno
2641 4854 2808 4912 quam
2833 4840 2946 4912 956
2984 4839 3233 4912 Conrado
3268 4844 3398 4912 jam,
3427 4842 3516 4912 de-

1933 4909 2115 4962 funCtu
2159 4923 2434 4962 reversum
2479 4908 2645 4961 fuisse
2684 4910 3015 4971 credideris;
3059 4909 3151 4962 sed
3195 4908 3316 4966 cuin
3349 4909 3521 4977 diplu-

1934 4987 2076 5033 mata
2109 4977 2358 5032 Ottonem
2403 4978 2562 5030 annis
2595 4978 2700 5031 956
2735 4989 2788 5034 et
2831 4978 2935 5033 958
2980 4979 3326 5037 Francol‘urti
3373 4988 3429 5031 et
3470 4979 3522 5028 in

1934 5049 2131 5101 vicinia
2180 5056 2446 5102 moratum
2494 5050 2806 5114 ostendant,
2855 5057 2910 5101 et
2954 5046 3342 5113 Liudprandus
3393 5047 3529 5099 aula:

1935 5119 2097 5187 regite
2125 5119 2401 5187 inhmsisse
2429 5119 2695 5180 videatur,
2729 5132 2899 5174 annos
2922 5131 3013 5169 ens
3041 5119 3350 5182 praeliabui.

2009 5184 2087 5258 (9)
2129 5191 2202 5262 Ita
2230 5190 2339 5258 jam
2374 5186 3096 5262 lienscheniussuspicatus,
3125 5203 3353 5262 propter
3383 5184 3528 5262 vitio-

1937 5256 2365 5310 sarn'editortnn
2411 5257 2696 5309 lectionem
2746 5256 3042 5310 [iniucunda
3092 5256 3536 5310 rem'mnlircre
