4012 5340
547 226 639 279 771

1479 227 1959 289 LlUTPRANDUS
1996 232 2477 289 CREMONENSIS
2515 228 2909 296 EPISCOPUS.

3695 255 3795 307 ΠΣ

547 341 795 413 int-(epit,
824 343 1116 397 secundum
1153 350 1207 396 et
1245 342 1461 397 tertium
1492 344 1601 413 (ll)
1631 358 1783 413 teque
1818 353 1941 398 ante
1968 344 2112 399 Con-
2141 353 2185 407 Α
2217 360 2377 413 scopo
2423 344 2628 415 legatus
2657 348 2726 401 ad
2768 347 3029 404 Joannem
3068 348 3159 404 Xll
3207 367 3399 423 papam
3433 357 3651 420 missus.
3686 371 3797 417 tum

546 432 765 487 stantini
812 432 1254 505 Porphyrogeiiiti
1292 434 1497 489 obitum
1543 450 1685 492 anno
1732 435 1857 501 959,
1906 445 1962 489 et
2013 444 2120 489 ter-

548 523 678 577 tium
728 524 838 594 (Ιὲ)
891 525 944 578 in
997 525 1426 595 peregrinatione
1474 527 1679 594 positus
1730 527 1785 580 iu
1837 526 1985 580 Paxo
2037 526 2120 579 in-

545 616 661 671 sula
687 616 797 686 (15)
824 632 1108 687 aggressus
1136 626 1237 671 est.
1264 615 1483 672 Librum
1511 627 1762 686 quartum
1787 618 2112 687 Bcrengario

547 708 723 762 adhuc
764 709 1016 762 szevienle
1050 708 1161 778 (Η)
1192 708 1417 776 ideoque
1456 717 1581 763 ante
1612 725 1813 763 annum
1853 690 2121 765 961.con-

547 797 796 866 scripsit,
832 797 1077 851 ultimum
1106 795 1228 851 libri
1272 797 1443 866 quinti
1483 806 1642 867 caput
1671 812 1774 850 una
1814 813 1935 852 cum
1981 796 2121 854 libro

544 896 698 942 sexto
726 885 920 941 Ottoue
951 885 1248 954 imperante
1279 885 1389 957 (15)
1437 896 1555 956 post
1603 902 1841 941 mensem
1886 887 2122 941 Februa-

547 977 687 1031 rium
712 977 836 1031 anni
866 976 969 1031 962
999 976 1050 1029 in
1080 975 1254 1041 Italia,
1287 977 1373 1030 ubi
1401 986 1686 1046 patronum
1717 992 1871 1031 suum
1898 978 2120 1031 comita-

546 1067 724 1129 batur,
756 1066 973 1136 adjecit.
1009 1064 1120 1120 Nec
1152 1074 1333 1120 tamen
1377 1065 1570 1119 librum
1606 1075 1817 1120 sextum
1859 1066 2118 1134 absolvit;

546 1174 671 1213 nam
700 1174 819 1213 cmn
851 1165 999 1212 certe
1039 1171 1176 1226 Opus
1221 1157 1286 1210 ad
1321 1165 1563 1226 tempora
1607 1157 1780 1211 exsilii
1823 1158 1904 1212 sui
1933 1158 2124 1228 produ-

547 1250 771 1304 cendum
799 1248 1162 1318 proposuisset
1192 1247 1327 1319 (l6),
1358 1257 1414 1302 et
1442 1248 1564 1303 libri
1595 1248 1734 1302 sexti
1764 1248 1941 1318 capita
1973 1248 2124 1317 quin-

545 1342 798 1412 quaginta
843 1350 897 1396 et
943 1340 1171 1411 amplius
1214 1340 1497 1396 scribenda
1544 1341 1718 1410 spatio
1766 1340 1998 1394 rubricis
2044 1347 2123 1395 tot

546 1432 847 1486 iuserendis
872 1446 1041 1486 vacuo
1076 1430 1264 1485 relicto
1302 1431 1624 1495 indicasset,
1670 1430 1725 1484 in
1765 1430 1943 1499 capite
1982 1444 2123 1484 nouo

547 1525 806 1579 substitit.
838 1523 1000 1594 Cujus
1027 1523 1107 1577 rei
1148 1537 1313 1578 causa
1344 1522 1597 1592 ingruens
1642 1523 1975 1591 negotiorum
2010 1536 2123 1575 mo-

546 1611 643 1678 les,
683 1623 738 1670 et
766 1629 937 1668 novus
982 1628 1166 1666 rerum
1211 1612 1366 1675 ordo,
1414 1626 1533 1665 cmn
1574 1610 1897 1681 Berengario
1928 1609 2119 1676 fracto,

2221 432 2365 488 Urbe
2396 435 2709 503 imperatori
2741 438 2968 503 reddita,
3007 440 3238 496 concilio
3267 453 3454 499 contra
3485 450 3798 516 pontificem

2221 524 2406 579 habito
2433 526 2610 580 astitit
2637 528 2772 596 (l8),
2804 537 2861 583 et
2887 531 3182 587 orationem
3209 531 3424 589 Ottonis
3451 535 3601 593 Italis
3637 539 3801 595 inter-

2219 626 2461 686 pretatus
2487 627 2570 672 est
2604 617 2734 690 (l9),
2769 627 2930 689 atque
2956 620 3120 676 Leoni
3148 623 3257 678 Vlli
3279 624 3529 694 eligendo
3553 639 3610 682 et
3634 629 3801 687 Bene-

2219 710 2366 764 dicto
2404 711 2721 779 deponendo
2761 711 2903 767 haud
2943 712 3104 768 dubie
3150 715 3461 772 interfuisse
3498 721 3804 776 credendus

2219 808 2322 853 est.
2377 798 2615 865 Quarum
2667 817 2849 856 rermu
2896 804 3177 860 historiam
3233 806 3356 861 inde
3399 807 3468 862 ab
3511 824 3655 865 anno
3696 812 3801 866 960

2221 905 2390 959 usque
2433 892 2500 945 ad
2535 892 2674 945 diem
2705 893 2778 948 9.5
2816 893 2959 949 Junii
3002 898 3126 950 anni
3170 896 3275 952 964
3317 898 3716 970 ipsmprmsens
3749 915 3805 959 et

2223 981 2425 1036 medias
2462 981 2601 1036 inter
2635 998 2722 1038 res
2753 984 2864 1055 (20)
2897 1000 3041 1040 anno
3068 986 3169 1041 964
3211 987 3297 1042 vel
3337 989 3494 1044 initio
3536 992 3664 1046 anni
3712 1007 3801 1048 se-

2221 1071 2456 1140 quentis,
2490 1070 2668 1127 Leone
2693 1074 2803 1129 Vill
2834 1077 3124 1144 superstite
3149 1077 3283 1148 (21),
3310 1082 3637 1150 composuit,
3666 1099 3805 1153 opus

2222 1160 2290 1214 ab
2322 1162 2651 1232 Antapodosi
2698 1165 2991 1233 diversum,
3040 1171 3337 1225 maturiore
3380 1171 3624 1243 ingenio,
3666 1177 3807 1247 stylo

2221 1254 2465 1322 graviore
2491 1262 2545 1309 et
2590 1256 2763 1326 magis
2796 1258 3097 1326 composito
3141 1261 3233 1329 qui
3280 1269 3457 1315 tamen
3500 1262 3807 1334 Liudpran-

2221 1343 2348 1398 dum
2379 1354 2519 1399 totus
2553 1344 2780 1411 referat,
2813 1347 2995 1401 animo
3039 1349 3297 1418 scriptum
3343 1366 3453 1405 non
3498 1352 3804 1408 adversarii

2220 1434 2316 1488 sed
2358 1435 2682 1504 spectatoris
2709 1435 2842 1508 (9‘2).
2894 1436 3155 1492 Servatur
3188 1439 3241 1493 in
3269 1440 3459 1494 eodem
3486 1442 3677 1496 codice
3706 1458 3804 1497 au-

2224 1525 2483 1594 tographo
2513 1540 2673 1593 quem
2715 1527 2964 1581 manibus
3009 1527 3252 1595 terimus,
3302 1527 3455 1583 libris
3494 1530 3805 1601 Antapodo-

2222 1629 2342 1670 seos
2384 1615 2685 1684 praefixum,
2739 1617 2834 1671 sed
2887 1616 2941 1672 in
2989 1619 3164 1673 media
3212 1620 3479 1674 sententia
3528 1622 3803 1689 deﬁciens,

546 1704 672 1759 odio
713 1704 1046 1759 satisfactum
1074 1711 1218 1757 esset
1247 1711 1301 1757 et
1330 1700 1691 1772 Antapodosis
1720 1702 1865 1756 haud
1892 1701 2121 1771 amplius
2152 1712 2196 1771 Β
2223 1720 2345 1760 cum
2376 1714 2556 1761 tamen
2589 1707 2822 1775 spatium
2851 1717 3179 1778 superesset.
3224 1708 3378 1764 Circa
3407 1711 3552 1766 idem
3597 1721 3805 1783 tempus

546 1796 947 1864 requireretur,
1007 1794 1173 1849 fuisse
1228 1794 1459 1849 videtur.
1535 1792 1669 1847 Nam
1737 1792 1913 1847 hieme
1974 1793 2120 1849 insea

547 1887 729 1955 quenti
760 1887 871 1957 (l7)
909 1894 1023 1941 rota
1054 1884 1306 1949 Fortunae
1332 1884 1590 1947 revoluta,
1631 1883 1755 1938 ﬁdei
1780 1891 1836 1938 et
1874 1883 2128 1938 servitio-

547 1992 666 2031 rum
716 1977 898 2032 Ottoni
951 1987 1269 2033 navatorum
1321 1976 1602 2047 praemium
1658 1976 1800 2040 tulit,
1852 1976 2124 2031 cathedrae

546 2066 893 2123 Cremonensi
940 2067 1222 2137 prmlatus;
1269 2075 1325 2121 et
1362 2067 1620 2137 deinceps
1660 2067 1993 2137 gravissimis
2023 2066 2124 2120 im-

546 2161 680 2228 perii
707 2160 931 2231 negotiis
956 2161 1228 2224 admotus,
1252 2161 1554 2230 przecipuas
1578 2159 1631 2213 in
1660 2159 1821 2212 rebus
1846 2157 2044 2212 Italicis
2069 2166 2124 2213 et

548 2249 751 2306 Grzecis
793 2250 1013 2321 agendis
1040 2257 1222 2319 partes
1249 2249 1505 2317 suscepit.
1551 2247 1619 2301 Et
1644 2247 1877 2317 primum
1907 2246 2122 2315 quidem

546 2348 734 2396 mstate
789 2341 913 2395 anni
968 2339 1072 2395 964
1127 2355 1248 2394 cum
1295 2338 1653 2393 Landohardo
1699 2336 1959 2392 Mindensi
2012 2338 2126 2408 epi—

617 2531 730 2603 (ll)
769 2548 848 2597 tn,
880 2532 968 2587 26.

648 2604 728 2674 te)
769 2620 851 2667 ιιι,
885 2604 972 2658 ι..

648 2672 734 2742 15⁷)
774 2676 944 2725 Causa
976 2672 1181 2727 itineris
1211 2672 1517 2743 ignoratur;
1555 2673 1787 2727 fortasse
1812 2672 2125 2729 Grmcorum

551 2743 763 2797 animos
789 2745 853 2796 de.
877 2743 1078 2797 foedere
1100 2755 1288 2797 contra
1314 2745 1693 2813 Bcreugarium
1719 2744 1928 2796 iciendo
1959 2754 2127 2797 tenta-

551 2824 705 2867 turus
733 2815 798 2867 ab
826 2814 1021 2867 Ottone
1062 2815 1258 2868 missus
1298 2822 1435 2880 erat,
1479 2815 1576 2869 sed
1596 2813 2122 2883 Constantinopolim

554 2883 694 2936 hattd
727 2884 988 2951 pervenit.

622 2953 732 3021 (l4)
769 2968 842 3016 tv,
867 2953 920 3005 7.

623 3023 733 3092 (15)
772 3039 844 3084 vt,
874 3022 928 3088 4,
956 3021 1151 3075 domini
1185 3023 1348 3075 nostri
1384 3033 1505 3076 tunc
1543 3024 1694 3091 regis,
1727 3040 1863 3078 nunc
1896 3038 2125 3092 tmpera-

551 3094 701 3155 toris,
736 3092 1012 3157 nuntium;
1052 3092 1240 3145 eodem
1272 3101 1510 3162 tempore
1539 3102 1700 3161 caput
1729 3095 1974 3147 ttltimutn
2005 3093 2126 3148 libri

550 3163 724 3231 quinti
753 3173 1035 3216 exaratum
1061 3177 1201 3223 esse,
1234 3163 1401 3216 codex
1432 3164 1774 3217 authenticos
1799 3162 2055 3218 ostendit.

650 3232 734 3297 l6)
774 3248 835 3296 ιι,
863 3233 962 3296 75;
989 3247 1071 3294 ιιι,
1095 3232 1165 3285 20
1192 3231 1307 3296 lin.;
1339 3248 1410 3294 iv,
1444 3233 1540 3297 l5;
1570 3248 1641 3297 tv,
1671 3234 1770 3296 15;
1800 3249 1853 3297 ν,
1876 3232 1965 3287 50.

652 3234 712 3285 l6
774 3248 835 3296 ιι,
863 3234 962 3296 75;
989 3247 1071 3294 ιιι,
1095 3234 1165 3285 20
1192 3234 1307 3296 lin.;
1339 3248 1410 3294 iv,
1444 3234 1540 3297 15;
1570 3248 1641 3297 tv,
1671 3234 1770 3296 15;
1800 3249 1853 3297 ν,
1876 3234 1965 3287 50.

652 3234 734 3373 liii
773 3303 845 3355 lta
890 3312 1139 3373 apparet;
1181 3303 1506 3373 nanrstatim
1544 3312 1665 3373 post
1699 3303 2127 3368 coronationem,

591 3371 863 3426 ra'fatioue
889 3371 1009 3426 libri
1034 3386 1087 3425 Vl
1114 3371 1677 3436 teste,Fortuuaa'rola
1706 3374 1941 3426 nondum
1972 3388 2126 3427 revo-

576 3452 662 3495 uta
694 3450 839 3507 erat,
876 3451 930 3495 et
958 3450 1145 3495 astate
1174 3443 1298 3511 anni
1324 3442 1428 3497 965
1456 3443 1765 3511 episcopum
1795 3442 2128 3498 Cremonen-

553 3527 667 3568 sem
692 3527 750 3565 se
780 3514 936 3575 dicit;
969 3512 1135 3579 igitur
1158 3510 1428 3573 Ottonem,
1455 3510 1546 3581 qui
1576 3523 1836 3565 autumno
1864 3521 1921 3566 et
1948 3513 2127 3565 hieme

553 3582 678 3635 anni
722 3582 896 3652 Papim
939 3582 1098 3636 rebus
1135 3581 1520 3651 Langobardize
1556 3582 1870 3637 ordinaudis
1905 3581 2125 3647 institit,

554 3662 683 3705 tunc
708 3653 945 3706 exsulem
960 3652 1311 3722 promovisse
1331 3653 1539 3722 opinor.

658 3722 736 3791 t8)
778 3722 912 3776 Hist.
944 3720 1153 3777 Ottonis
1176 3738 1224 3775 e.
1258 3721 1345 3786 10,
1370 3720 1736 3791 potuissemus.

656 3793 735 3857 l9)
778 3793 913 3845 llist.
944 3792 1154 3846 Ottonis
1178 3808 1227 3846 c.
1257 3792 1342 3844 ll.

628 3861 740 3929 (ΞΟ)
783 3862 917 3915 llist.
946 3864 1053 3914 Ott.
1084 3863 1173 3923 18,
1211 3862 1277 3914 de
1305 3860 1527 3915 Joannis
1554 3861 1643 3915 Xll
1678 3860 1897 3915 interitu
1917 3900 1932 3924 ,
1961 3878 1993 3914 α
2023 3861 2131 3915 suis

555 3932 786 3999 cognatis
817 3947 863 3985 et
904 3932 1253 4001 familiaribus
1281 3932 1368 3999 qui
1400 3945 1676 4001 prwsemes
1706 3941 1878 3996 erant,
1907 3948 2132 4002 persa'pe

554 4003 649 4054 sub
681 4005 1006 4054 «(testatione
1041 4002 1351 4053 audivimus.

628 4070 738 4138 (ἐι)
782 4071 856 4122 Ib.
888 4071 942 4132 6,
971 4069 1194 4124 Leonem
1224 4085 1359 4122 nunc
1384 4071 1437 4123 in
1468 4069 1647 4124 eadem
1675 4070 1792 4123 sede
1821 4072 1953 4123 beati
1986 4069 2132 4124 Petri

556 4139 908 4209 apostolorum
939 4142 1208 4193 vicarium.
1249 4140 1358 4193 Leo
1396 4156 1483 4192 an.
1513 4141 1638 4200 965,
1665 4141 1718 4194 d.
1750 4139 1784 4193 6
1822 4141 1976 4207 Dee.,
2009 4156 2133 4195 con-

556 4221 820 4267 secratus.
848 4226 1030 4263 mense
1056 4209 1246 4263 Martio
1276 4227 1363 4263 an.
1394 4209 1499 4264 965
1527 4211 1677 4263 obiit.

628 4280 740 4351 (22)
782 4280 903 4351 Ideo
936 4280 1005 4333 ibi
1032 4282 1096 4333 de
1123 4295 1181 4333 se
1206 4280 1400 4351 ipsoAin
1432 4294 1660 4349 persona
1679 4279 1848 4351 tertia
1872 4277 2128 4351 loquitur.

629 4347 743 4421 (‘23)
789 4367 808 4399 ‹
844 4350 966 4404 Fuit
1008 4351 1058 4403 in
1101 4350 1288 4421 diebus
1315 4347 1555 4421 Othonis
1586 4349 1807 4418 majoris
1845 4347 2131 4404 clarissimi

558 4418 918 4504 imperatoris.
946 4420 1168 4502 quidam
1211 4418 1592 4501 Cremonensis
1640 4421 1924 4502 episcopus
1975 4420 2128 4499 bona:
2160 4447 2203 4504 υ

558 4489 834 4546 memoriae
865 4491 1047 4552 Liuzo,
1077 4489 1295 4544 intimus
1329 4490 1612 4544 summista
1649 4489 1847 4557 regius,
1876 4491 1927 4544 in
1955 4491 2126 4545 consi-

557 4562 629 4632 lio
652 4560 923 4632 providus.
951 4575 1133 4632 altiore
1162 4561 1341 4615 divino
1365 4560 1595 4629 denique
1621 4560 1880 4632 repletus,
1907 4570 1964 4613 ιιι
1991 4560 2121 4632 tanti

556 4628 988 4700 Patrisrllytnerii
1019 4630 1264 4683 inventor
1288 4641 1341 4684 et
1365 4628 1593 4698 portitor
1619 4628 1771 4684 fieret
1797 4630 1991 4700 almus.
2021 4629 2123 4695 Qui

556 4716 678 4755 cum
720 4699 1031 4768 frequenter
1073 4700 1377 4765 ingrediens
1419 4710 1475 4755 et
1516 4701 1702 4753 exiens
1730 4716 1757 4752 a
1788 4699 1926 4753 facie
1958 4700 2122 4767 regia,

557 4771 785 4825 ﬁdeliter
828 4785 992 4838 agens
1034 4785 1161 4839 erga
1207 4779 1473 4839 praecepta
1518 4770 1838 4838 imperialia,
1871 4769 2127 4824 Romanis

558 4841 763 4896 inesset
800 4840 1061 4907 partibus,
1106 4840 1252 4893 venit
1281 4840 1344 4891 ad
1374 4855 1495 4894 cum
1526 4840 1890 4894 Americensis
1913 4839 2124 4907 episco-

597 4926 681 4974 ns,
708 4924 866 4979 quem
898 4908 1155 4963 malevola
1202 4910 1431 4963 turbatio
1459 4909 1828 4979 iuvidiosaque
1855 4909 2127 4963 accusatio

586 4984 764 5035 ccerat
792 4988 1068 5050 expertem
1113 4995 1164 5050 a_
1184 4990 1471 5050 conspectu
1503 4981 1671 5048 regio,
1703 4981 1792 5049 qui
1821 4980 1899 5033 sic
1928 4987 2009 5032 est
2022 4993 2123 5050 Aor-

561 5066 655 5105 sus
681 5050 780 5102 fari
808 5046 936 5104 voce
964 5048 1169 5119 lugubri
1194 5066 1208 5102 :
1241 5068 1257 5098 ι
1285 5048 1445 5102 Pater
1469 5046 1808 5119 charissime,
1835 5063 1992 5119 quem
2022 5046 2127 5099 im-

558 5119 864 5190 peratorin
900 5117 1137 5173 secundo
1178 5119 1326 5190 regni
1357 5118 1589 5173 culmine
1619 5118 1839 5190 dicavit,
1867 5117 2129 5190 deprecor

562 5185 693 5244 inihi
721 5189 1025 5252 subvenire,
1064 5185 1318 5257 quoniam
1345 5190 1576 5257 quadam
1602 5188 1945 5241 accusatione
1973 5185 2125 5257 dam-

562 5258 1007 5340 natusnttgecula
1040 5254 1103 5337 ac
1144 5257 1337 5325 injuste
1363 5254 1807 5340 acri-percussus
1838 5254 2126 5340 sententia,

2223 1812 2419 1867 corpus
2464 1796 2521 1851 S.
2576 1796 2845 1868 Hymerii,
2898 1800 3229 1856 Ameriensis
3277 1801 3539 1872 episcopi,
3583 1802 3809 1860 Cremo-

2224 1904 2345 1942 nam
2391 1890 2733 1944 transtulisse
2774 1890 3008 1958 videtur,
3051 1892 3207 1961 cujus
3242 1892 3322 1947 rei
3360 1893 3649 1948 historiam
3685 1910 3809 1950 secs

2223 1976 2453 2032 cinctam
2496 1993 2561 2032 ex
2608 1978 2777 2033 veteri
2822 1980 3007 2035 codice
3052 1980 3329 2050 Ughellitts
3372 1983 3545 2037 edidit
3574 1984 3715 2055 (2'5),
3756 1994 3813 2040 et

2222 2084 2275 2122 vr
2325 2068 2443 2122 Kal.
2491 2068 2666 2123 Martii
2713 2070 2838 2123 anni
2885 2070 2992 2127 965
3037 2081 3210 2126 terras
3254 2074 3513 2143 quasdam
3564 2076 3815 2131 ecclesia:

2223 2156 2601 2211 Cremonensis
2630 2172 2728 2227 pro
2751 2157 2873 2212 aliis
2902 2160 3253 2214 commutavit
3281 2160 3412 2231 (Si).
3438 2162 3647 2217 Eodem
3671 2179 3806 2219 anno

2224 2248 2408 2301 statim
2437 2255 2560 2316 post
2587 2246 2781 2301 Leonis
2803 2247 2913 2302 Vlll
2942 2249 3147 2305 obitum
3172 2266 3275 2304 una
3293 2267 3415 2305 cum
3438 2250 3647 2322 Otgero
3684 2252 3804 2322 Spi-

2226 2337 2370 2392 rensi
2407 2337 2661 2408 episcopo
2689 2338 2896 2409 legatus
2919 2354 3016 2409 pro
3044 2339 3290 2411 eligendo
3314 2355 3451 2411 papa
3476 2342 3681 2397 iterum
3704 2343 3803 2398 [to-

2224 2530 2624 2603 rogationibus;
2668 2532 2885 2586 condita
2916 2533 3058 2588 enim
3089 2542 3215 2588 sunt
3238 2540 3551 2588 sanctorum
3578 2550 3800 2603 corpora

2225 2601 2396 2656 sacris
2439 2601 2867 2674 altaribustsed
2900 2613 2983 2657 est
3024 2604 3152 2657 mihi
3185 2619 3324 2657 unus
3365 2619 3491 2657 arca
3537 2606 3592 2657 in
3639 2601 3806 2674 lignea

2264 2673 2453 2737 ositus,
2483 2687 2642 2737 quem
2677 2673 2818 2727 illius
2861 2673 2962 2726 loci
3008 2674 3193 2727 incola:
3228 2689 3440 2726 summo
3472 2673 3804 2728 venerantur

2246 2758 2449 2805 tonore,
2480 2741 2761 2812 llymerius
2793 2744 3039 2806 nomine;
3070 2744 3113 2796 si
3145 2746 3285 2796 hunc
3314 2744 3404 2795 tibi
3435 2742 3642 2797 inferre
3667 2744 3807 2799 vale-

2229 2827 2341 2865 rem
2388 2811 2833 2882 ratiouealiqua,
2884 2821 2937 2866 et
2982 2814 3049 2865 ad
3086 2822 3228 2866 tuam
3278 2828 3466 2882 posses
3504 2814 3803 2867 transferre

2228 2882 2479 3004 platriam,
2511 2889 2563 2935 te
2585 2880 2701 2934 fore
2731 2883 3015 2935 lactandum
3043 2883 3177 2946 scio,
3205 2880 3354 2935 tanto
3382 2883 3544 2936 Patre
3574 2884 3756 2936 beato.
3786 2902 3803 2933 ι

2281 2952 2325 3004 is
2362 2967 2491 3004 vero
2537 2951 2719 3004 relatis
2769 2952 3127 3004 sermonibus.
3169 2954 3234 3004 ad
3280 2952 3515 3004 Ameria:
3554 2953 3803 3004 onnidum

2281 2952 2325 3005 is
2362 2967 2491 3005 vero
2537 2951 2719 3006 relatis
2769 2952 3127 3011 sermonibus.
3169 2954 3234 3005 ad
3280 2952 3515 3005 Ameria:
3554 2953 3807 3021 oppidum

2229 3035 2426 3075 venere
2451 3021 2713 3090 protinus,
2750 3032 2805 3075 et
2827 3021 2966 3074 alma
2993 3021 3283 3075 calliditate
3310 3022 3537 3091 ingressi
3570 3035 3697 3076 sum
3724 3037 3809 3076 ec-

2231 3091 2483 3154 clesiam,
2516 3091 2669 3159 quasi
2711 3101 2971 3144 nocturna
3003 3091 3322 3161 celebraturi
3368 3092 3649 3161 mysteria.
3685 3091 3809 3145 Pro-

2231 3162 2386 3215 Strati
2418 3176 2649 3229 namque
2693 3161 2747 3215 in
2775 3162 3041 3226 oratione,
3082 3159 3289 3215 diutius
3324 3159 3511 3213 multis
3541 3161 3807 3223 vacabant

2232 3231 2370 3285 votis
2397 3242 2451 3284 et
2479 3228 2747 3299 precibus,
2775 3246 2881 3299 quo
2921 3232 3035 3285 suis
3068 3231 3273 3285 sanctis
3314 3228 3563 3301 faverent
3593 3233 3805 3301 petitio-

2230 3302 2420 3364 nibus;
2452 3303 2540 3354 vix
2564 3301 2791 3369 expletis
2819 3301 3172 3364 orationibus,
3199 3309 3340 3353 totus
3365 3300 3455 3355 ille
3479 3300 3808 3357 contremuit

2229 3370 2380 3424 locus
2432 3370 2481 3441 in
2535 3368 2647 3438 quo
2680 3370 2899 3436 jacebat
2953 3368 3368 3441 S._Hymeriu_s.
3422 3371 3495 3423 At
3548 3372 3807 3437 praesules

2230 3439 2476 3508 quamvis
2496 3440 3011 3511 treiuefacti,tamen
3030 3438 3179 3511 [edi].
3201 3438 3331 3511 tam]
3350 3453 3442 3509 spe
3455 3442 3678 3494 credula
3696 3456 3807 3508 pro-

2230 3511 2351 3578 pius
2379 3518 2504 3564 sunt
2533 3512 2791 3579 aggressi.
2822 3510 3049 3565 luterea’
3064 3510 3375 3565 custodibus
3416 3511 3808 3580 Graviﬂsomno

2231 3580 2638 3642 dormientibus,
2683 3581 2933 3635 adierunt
2960 3581 3194 3650 episcopi
3235 3581 3302 3632 ad
3343 3579 3523 3650 sancti
3568 3579 3806 3650 Hymerii

2232 3650 2556 3718 sepulcrum.
2584 3649 2685 3715 Qui
2707 3652 2831 3703 dum
2858 3647 3342 3720 caapéruut’arcam
3373 3647 3652 3720 frangere,
3684 3652 3808 3704 bea-

2235 3717 2344 3772 tuin
2386 3734 2580 3787 corpus
2614 3729 2871 3775 conantes
2902 3717 3211 3783 estraliere,
3247 3717 3664 3788 expergefactus
3694 3721 3808 3788 qui-

2231 3790 2352 3841 dam
2377 3803 2441 3841 ex
2470 3790 2782 3843 custodibus
2804 3791 2968 3856 coepit
2994 3790 3226 3843 clamare
3249 3806 3292 3841 ει
3324 3788 3560 3856 Surgite,
3590 3788 3804 3853 fratres,

2231 3858 2751 3929 surgiteivelociter;
2788 3861 2944 3914 nobis
2972 3861 3113 3914 beati
3145 3858 3381 3929 llymerii
3418 3875 3624 3927 corpus
3660 3860 3808 3912 fura-

2233 3938 2337 3982 tur.
2370 3949 2388 3979 ι
2424 3928 2539 3995 Quo
2563 3928 2729 3983 Linzo
2756 3930 2949 3999 praesul
2981 3929 3230 4000 egregius
3252 3929 3455 4000 audito.
3482 3931 3699 4000 custodi
3721 3944 3810 4000 oc-

2229 4013 2476 4060 currens,
2502 3999 2642 4053 illico
2668 4001 2716 4053 ci
2745 3998 2835 4053 dat
2857 3998 3100 4062 munera,
3118 3998 3179 4052 et
3207 3998 3358 4067 petiit
3382 3998 3699 4060 silentium;
3726 3998 3809 4052 ille

2230 4082 2359 4121 vero
2404 4080 2625 4137 accepto
2656 4084 2876 4123 munere
2905 4084 3109 4138 suoque
3150 4068 3267 4121 viso
3312 4070 3590 4136 episcopo,
3627 4078 3811 4122 tacens

2232 4139 2459 4193 contulit
2484 4140 2814 4208 praesidium.
2846 4138 2997 4193 Tunc
3026 4138 3291 4208 pontificis
3328 4153 3526 4207 corpus
3562 4138 3811 4208 tollentes

2231 4208 2464 4273 celebre,
2487 4207 2854 4262 adoraverunt
2888 4207 3038 4263 tanto
3068 4209 3232 4278 gavisi
3265 4223 3511 4261 tonuere.
3553 4207 3805 4278 Conden-

2233 4286 2313 4332 tes
2342 4294 2468 4331 vero
2508 4279 2850 4333 sanctissima
2890 4277 3130 4332 membra
3172 4292 3298 4331 vase
3326 4278 3646 4346 purissimo,
3673 4277 3809 4331 clam

2231 4349 2480 4402 omnibus
2507 4351 2755 4403 exierunt
2787 4349 2856 4402 ab
2900 4349 3113 4418 oppido.
3138 4346 3371 4402 Rediens
3399 4356 3583 4400 autem
3630 4348 3808 4417 praeli-

2233 4419 2393 4472 batus
2447 4421 2675 4473 antistes
2727 4418 3083 4480 Cremonam,
3142 4432 3324 4471 secum
3375 4424 3561 4485 optata
3615 4417 3810 4472 obtulit

2231 4488 2445 4556 gaudia.
2496 4489 2595 4553 Qui
2654 4489 2923 4558 propriam
2976 4486 3482 4558 ingressusvurbem
3535 4486 3810 4541 advocatis

2246 4559 2464 4620 debent,
2495 4556 2703 4611 cunctis
2732 4556 3026 4611 beatissimi
3060 4556 3295 4627 llymerii
3324 4571 3521 4627 corpus
3546 4558 3806 4611 ostendit.

2278 4630 2491 4681 rostrati
2518 4628 2715 4681 etenim
2747 4628 2801 4681 in
2838 4629 3083 4682 oratione
3110 4625 3368 4695 populus,
3397 4625 3597 4679 obnixe
3630 4626 3809 4679 lauda-

2232 4696 2364 4750 bant
2402 4698 2708 4759 Dotninum,
2754 4699 2845 4765 qui
2881 4698 3040 4752 talem
3090 4697 3193 4750 illis
3230 4704 3515 4763 patronum
3563 4696 3806 4749 dederat.
3876 4738 3879 4741 .

2232 4766 2473 4835 Cumque
2500 4768 2551 4820 in
2580 4767 2750 4821 sancti
2780 4767 2958 4822 Patris
2984 4767 3166 4820 laudes
3190 4766 3565 4835 persistereut,
3588 4765 3807 4833 plurimi

2271 4834 2505 4890 ctierunt
2526 4838 2828 4899 ecclesiam,
2851 4846 2905 4891 et
2932 4838 2982 4890 in
3007 4837 3263 4890 honorem
3287 4834 3404 4900 ejus
3432 4836 3695 4903 tnyseria
3719 4849 3808 4889 ce-

2257 4908 2532 4960 ebraverc.
2552 4906 2702 4960 Tunc
2731 4908 3061 4960 reconditum
3082 4914 3164 4960 est
3185 4914 3587 4974 sacrosanctum
3611 4919 3807 4974 corpus

2233 4975 2433 5030 scrinio
2455 4978 2709 5030 decorato
2734 4977 3009 5030 decentius
3027 4985 3144 5043 post
3172 4982 3372 5028 sancta:
3391 4973 3484 5027 Dei
3514 4972 3805 5043 Genitricis

2234 5044 2425 5107 altare,
2464 5046 2607 5115 quod
2638 5045 2729 5099 illo
2758 5056 2997 5116 tempore
3028 5042 3303 5116 conditum
3339 5044 3539 5116 eratin
3582 5042 3803 5116 australi

2234 5122 2388 5183 parte
2412 5113 2553 5170 illius
2578 5116 2843 5181 ecclesiae,
2868 5113 2979 5169 —ubi
3027 5113 3323 5183 permansit
3351 5113 3559 5167 diutius
3604 5130 3711 5167 non
3753 5114 3802 5164 in

2235 5184 2391 5237 altari
2410 5186 2634 5254 positus,
2664 5187 2787 5253 quia
2815 5182 3280 5239 deeratcondeudi
3308 5183 3459 5236 locus
3479 5183 3599 5254 sed,
3628 5191 3802 5254 tamen

2237 5263 2296 5306 ut
2323 5251 2541 5308 sanctus
2564 5251 2785 5340 semper
2814 5254 3117 5340 innantium
3167 5254 3463 5340 colebatur.
3492 5251 3802 5340 Laudabilis
