4012 5340
185 246 289 310 775
1087 253 1363 311 ΝΟἸΊΤΙᾹ
1408 253 1777 311 HISTORICA
1818 257 1904 312 ET
1944 253 2534 312 BlBLIOGRAPHlCA.

3351 267 3450 324 771

186 389 330 430 mam
358 372 559 426 missus
596 378 680 425 est
705 369 837 441 (25).
881 367 998 436 Quo
1050 384 1271 423 munere
1299 367 1633 438 amplissimo
1660 369 1780 424 fun-
1821 408 1852 464 Α
1885 383 2266 440 supergressus
2299 383 2419 422 esse
2444 367 2650 422 censeri
2695 378 2904 438 posset,
2951 371 3089 425 haud
3121 389 3248 427 vero
3285 375 3466 443 longo,

183 477 328 528 ctus,
349 475 532 520 utrum
553 461 962 517 inGermaniaIn
997 461 1225 530 indeque
1247 461 1567 514 Cremonam
1604 462 1778 515 redie—
1810 451 1852 464 ’⁸
1885 476 2006 514 cum
2033 459 2143 527 jam
2173 460 2256 512 die
2288 458 2356 513 28
2399 457 2573 512 Martii
2620 459 2742 512 anni
2786 460 2888 514 975
2935 465 3235 518 successori
3265 464 3380 532 ejus
3408 467 3463 521 in

185 559 292 618 rit,
326 572 392 607 an
445 553 788 623 imperatoris
818 554 870 605 in
916 552 1066 605 Italia
1110 554 1397 605 adventum
1440 552 1782 621 praestolatus

187 650 280 712 sit,
307 647 450 700 haud
502 646 882 715 comperimus.
927 645 1083 696 Anno
1113 644 1235 704 966,
1266 644 1352 697 die
1381 646 1412 698 8
1440 644 1776 704 Novembris,

187 742 330 793 bona
360 739 608 807 qumdam
660 736 905 792 ecclesia:
945 735 1329 789 Cremonensis
1375 752 1496 790 cum
1544 735 1783 788 Witredo

189 834 390 886 comite
413 831 768 884 commutavit
799 829 933 899 (2’6).
978 828 1136 882 Anno
1166 829 1266 882 967
1319 830 1523 898 synodo
1575 829 1784 881 Raven-

189 923 303 977 nati
343 924 410 975 ad
463 936 622 1012 quain
677 919 804 974 Otto
853 919 1148 988 imperator
1196 917 1456 972 Joannem
1505 935 1698 988 papam
1730 928 1785 973 et

191 1028 449 1084 proceres
477 1009 737 1082 plurimos
764 1019 1163 1064 convoc:werat
1194 1009 1456 1087 interfuit,
1493 1011 1578 1062 ubi
1605 1025 1785 1062 exem-

191 1105 265 1175 pli
298 1103 499 1172 gratia,
532 1103 618 1155 die
655 1101 852 1170 Aprilis
876 1101 906 1153 7
946 1098 1150 1166 judicio
1196 1099 1420 1154 Joannis
1454 1114 1603 1168 pap:e
1627 1109 1680 1152 et
1700 1099 1786 1153 Ot-

194 1195 339 1249 tonis
371 1195 386 1247 Ι
418 1210 516 1262 pro
544 1193 704 1246 Petro
755 1193 1164 1262 archiepisc0po
1208 1191 1525 1245 Ravennate
1561 1191 1667 1244 lato
1693 1195 1790 1244 ad-

195 1283 297 1336 fuit
323 1283 462 1352 ('27),
492 1283 577 1336 die
603 1281 844 1350 ejusdem
897 1283 1099 1335 mensis
1129 1281 1198 1334 :23
1226 1281 1444 1334 decreto
1475 1291 1658 1334 contra
1690 1280 1789 1333 lle-

195 1378 408 1432 roldum
441 1377 910 1444 archiepiseomun
944 1374 1413 1442 Salisburgensmu
1468 1373 1790 1441 subscripsit

195 1470 330 1538 (28),
379 1478 432 1523 et
481 1470 567 1523 die
594 1469 664 1523 29
697 1469 748 1522 in
781 1469 997 1522 decreto
1026 1466 1240 1522 Ottonis
1293 1482 1388 1534 pro
1432 1466 1670 1518 ltodaldo
1698 1480 1789 1533 pa-

195 1561 438 1614 triarcha
469 1560 798 1629 Aquileiensi
843 1570 1176 1612 memoratur
1207 1558 1341 1628 (9.9).
1397 1558 1596 1611 Eodem
1646 1573 1788 1610 anno

195 1652 404 1723 synodo
451 1651 707 1704 Ruinanze
762 1659 814 1705 et
861 1650 946 1704 die
979 1650 1174 1703 natalis
1205 1649 1413 1702 Domini
1448 1648 1787 1702 coronationi

193 1741 411 1794 Ottonis
460 1741 500 1794 ll
549 1741 690 1793 haud
737 1739 900 1794 dubie
934 1739 1196 1804 interfuit,
1227 1755 1349 1792 cum
1393 1737 1788 1808 paucisdiebus

135 1875 144 1882 .
193 1839 334 1900 post,
371 1829 459 1883 die
487 1831 520 1883 5
546 1827 790 1882 Januarii
823 1844 914 1880 an.
945 1829 1071 1890 968,
1102 1828 1259 1881 bullae
1289 1829 1356 1881 de
1401 1828 1790 1882 constitutione

194 1921 542 1990 episcopatus
569 1919 851 1974 Misnensis
883 1918 1267 1988 subscripserit
1310 1919 1444 1987 (50).
1474 1919 1641 1972 Paulo
1671 1928 1793 1988 post

195 2013 379 2068 Ottoni
416 2013 457 2066 ll
487 2027 711 2066 uxorem
759 2011 1090 2080 Theophanu
1151 2011 1539 2080 impetraturus
1570 2012 1621 2065 in
1645 2010 1791 2065 Grzc-

196 2107 333 2160 ciam
371 2106 649 2173 profectus
674 2114 777 2158 est.
815 2105 910 2158 Die
941 2105 973 2157 4
1000 2103 1143 2158 Junii
1185 2104 1372 2157 urbem
1397 2106 1596 2170 regiam
1624 2105 1791 2157 intra-

195 2198 273 2251 vit
303 2198 440 2266 (51),
469 2199 564 2251 sed
596 2200 808 2267 negotio
833 2201 1055 2254 minime
1079 2199 1340 2268 perfecto,
1373 2199 1459 2252 die
1480 2199 1515 2251 ‘2
1541 2198 1790 2253 Octobris

196 2287 320 2339 inde
360 2289 612 2351 recessit,
668 2299 724 2342 et
762 2290 952 2342 itinere
1003 2305 1097 2359 per
1128 2291 1389 2344 Grieciam
1437 2304 1680 2353 emenso,
1705 2289 1790 2342 die

196 2377 225 2428 7
256 2377 502 2431 Januarii
533 2379 660 2432 anni
701 2381 806 2434 969
847 2380 914 2433 ab
958 2380 1129 2432 insula
1183 2379 1425 2448 Coripho,
1470 2379 1636 2432 ltalize
1672 2378 1786 2432 vela

195 2470 363 2524 dedit.
386 2470 516 2523 Post
543 2472 768 2524 reditum
809 2473 874 2525 de
905 2473 1120 2540 negotio
1148 2480 1367 2542 peracto
1407 2471 1472 2524 ad
1507 2472 1790 2539 imperato-

197 2577 282 2616 res
307 2561 534 2616 Ottones
561 2572 617 2617 et
644 2564 989 2618 Adelheidem
1020 2565 1418 2632 imperatricem
1446 2562 1646 2627 retulit,
1674 2562 1789 2616 bul-

199 2652 370 2721 hcque
399 2653 465 2706 de
494 2655 886 2708 constitutione
924 2656 1422 2724 archiepiseopatus
1465 2655 1788 2725 Magdehur-

196 2746 378 2813 gensis
404 2746 516 2816 jam
545 2748 741 2801 iterum
770 2747 976 2818 legatus
999 2747 1520 2817 Constantinopolim
1551 2748 1790 2802 destina-

201 2849 284 2893 tus
333 2841 678 2910 subscripsit.
734 2843 934 2896 Eodem
984 2859 1147 2908 anno,
1182 2844 1266 2896 die
1295 2843 1365 2897 26
1412 2843 1556 2908 Maii,
1606 2843 1789 2897 nonne

199 2930 416 2985 decreto
441 2932 508 2985 de
531 2935 918 2986 censtitutione
963 2935 1459 3003 archiepisc0patus
1510 2934 1788 2988 Beneven-

201 3021 309 3082 tani
335 3023 610 3076 consensit
644 3024 779 3094 (5'2).
818 3025 975 3078 Anno
1005 3026 1126 3087 970,
1161 3027 1244 3079 die
1266 3026 1335 3078 2'2
1365 3027 1562 3090 Martii,
1594 3026 1790 3081 Ferra-

1883 551 2110 605 ecclesia
2134 550 2820 613 Creu'ionensi,Oldeberto
2859 554 3130 624 episcopo,
3186 556 3466 628 privilegia

1886 643 2141 697 Ecclesia:
2163 641 2401 708 ejusdem
2435 642 2500 695 ab
2529 643 2724 697 Ottone
2756 645 2769 697 Ι
2799 648 3113 700 continuata
3145 648 3269 701 sint.

1956 734 2099 788 Obiit
2124 733 2282 802 igitur
2311 733 2448 786 intra
2473 735 2977 804 quinquagesinmm
3001 750 3053 790 et
3076 739 3467 807 sexagesimum

1885 828 2062 880 aetatis
2115 840 2336 889 annum,
2386 827 2468 878 vir
2512 827 2745 896 ingenio,
2780 830 3102 894 eruditione,
3142 831 3466 900 eloquentia,

1891 919 2030 982 loco,
2063 917 2299 970 historia:
2338 917 2418 970 sui
2453 919 2710 986 temporis
2753 919 3048 973 scribend.e
3096 920 3241 974 velut
3288 933 3466 976 natus.

1889 1009 2064 1064 Unum
2094 1017 2210 1061 erat
2234 1009 2374 1075 quod
2399 1009 2609 1096 γρειιηιί
2636 1009 2848 1061 ollieere
2871 1012 3150 1078 potuisset,
3176 1015 3470 1070 vehemens

1889 1101 2119 1170 partium
2162 1100 2398 1152 studium
2447 1109 2501 1152 et
2546 1101 2727 1154 odium
2779 1100 3120 1172 Berengarli:
3156 1121 3241 1159 cui
3291 1114 3469 1161 tamen

1891 1191 2066 1244 minus
2097 1206 2254 1258 quam
2313 1201 2624 1258 speraretur
2657 1192 2925 1247 obnoxius
2976 1195 3094 1261 fuit,
3122 1199 3263 1265 quod
3318 1200 3470 1268 regni

1889 1282 2196 1351 Berengarii
2221 1291 2274 1335 et
2309 1283 2486 1336 Willze
2514 1285 2724 1338 nonnisi
2751 1287 3011 1356 principia
3046 1301 3098 1343 et
3124 1303 3364 1346 extrema
3393 1303 3475 1346 at-

1893 1373 2040 1439 tigit;
2068 1381 2119 1425 et
2139 1371 2400 1437 judicium
2431 1376 2740 1427 universum
2771 1376 2837 1429 de
2877 1379 3086 1431 swvitia
3116 1391 3165 1432 et
3191 1383 3472 1451 tyrannide

1888 1477 2076 1516 eorum
2109 1462 2272 1518 latum
2320 1481 2350 1518 a
2395 1467 2745 1534 scriptoribus
2791 1470 2910 1522 lidei
2947 1472 3466 1541 mininmsuspcctze,

1893 1551 2208 1607 llrotsuitha
2246 1562 2301 1607 et
2366 1554 2711 1617 Widukindo,
2766 1559 3138 1614 conﬁrmatur.
3180 1561 3361 1632 Neque
3413 1565 3464 1617 in

1893 1642 2139 1698 laudibus
2164 1644 2526 1699 benefactoris
2549 1647 2628 1700 sui
2662 1647 2876 1702 Ottonis
2900 1649 2938 1712 l,
2967 1653 3135 1720 patris
3166 1653 3281 1723 ejus
3313 1654 3474 1707 liciti-

1895 1736 2012 1799 rici,
2040 1747 2147 1789 tum
2174 1736 2465 1800 Mathildis,
2503 1737 2738 1793 l'leinrici
2773 1741 2945 1806 ducis,
2980 1743 3246 1798 Brunonis
3276 1753 3330 1800 et
3358 1744 3477 1799 Liu-

1893 1829 2017 1882 dolti
2053 1829 2336 1882 veritatem
2364 1830 2476 1899 (56)
2509 1833 2764 1886 excessit.
2792 1832 2935 1887 Idem
2965 1834 3030 1888 de
3053 1835 3276 1889 historia
3314 1833 3477 1888 Joan-

1889 1921 1974 1975 nis
2007 1921 2117 1984 Xll,
2152 1921 2346 1976 Leonis
2384 1921 2491 1976 V'lll
2533 1934 2585 1976 et
2635 1923 2911 1979 Benedicti
2953 1927 3218 1996 antipap:e
3251 1927 3478 1992 dixeris,

1891 2011 1992 2066 nisi
2017 2027 2202 2065 eorum
2240 2029 2466 2067 numero
2495 2015 2690 2069 ascribi
2714 2017 2882 2080 velis,
2939 2018 3028 2086 qui
3072 2034 3192 2072 cum
3246 2019 3480 2074 Baronio

1889 2117 2014 2156 vera
2067 2119 2177 2172 pne
2222 2106 2392 2173 gratis
2436 2115 2817 2173 aspernantur.
2863 2107 3036 2162 Mores
3091 2110 3230 2162 haud
3259 2112 3482 2165 omnino

1889 2201 2067 2246 castos
2114 2208 2212 2247 nec
2240 2196 2568 2264 compositos
2607 2195 2867 2250 effrenata
2913 2213 3294 2268 nonnunquam
3348 2201 3482 2254 seri—

1888 2285 2048 2338 bendi
2075 2285 2290 2340 licentia
2321 2298 2375 2340 et
2401 2289 2508 2358 joci
2534 2287 2802 2355 juveniles
2818 2299 3068 2358 arguunt.
3100 2290 3286 2345 Oratio
3313 2291 3478 2357 acris,

1889 2374 2125 2441 copiosa,
2175 2378 2406 2443 variata,
2443 2394 2585 2432 nunc
2638 2380 2814 2433 brevis
2853 2396 2996 2433 nunc
3034 2382 3258 2434 verbosa
3303 2391 3358 2434 et
3395 2391 3478 2436 tu-

1889 2465 2058 2526 mida,
2097 2464 2296 2531 faceta,
2329 2469 2530 2522 ironica
2571 2469 2704 2538 (57),
2741 2470 2880 2522 baud
2915 2486 3038 2524 raro
3098 2481 3275 2526 tamen
3319 2472 3480 2526 nimis

1891 2555 2146 2618 involuia,
2195 2568 2248 2611 el
2295 2560 2662 2624 subobscure;
2713 2561 3014 2630 posteriora
3064 2570 3240 2614 tamen
3293 2577 3476 2631 opera,

1888 2646 2170 2700 historiam
2207 2648 2420 2705 Ottonis
2464 2662 2518 2704 et
2550 2652 2787 2704 libellum
2829 2652 3187 2720 delegatione
3219 2653 3480 2707 Constan-

1890 2739 2264 2808 tinopolitana,
2304 2742 2371 2795 ab
2402 2758 2463 2795 ea
2499 2758 2714 2812 quoque
2750 2753 2902 2811 parte
2943 2743 3114 2812 magis
3152 2743 3476 2798 laudaveris.

1888 2830 1946 2884 In
1975 2834 2301 2902 Antapodosi
2332 2836 2498 2898 enim,
2541 2837 2813 2904 prioribus
2856 2839 3126 2906 praecipue
3173 2836 3347 2901 libris,
3389 2837 3476 2890 ubi

1891 2921 2118 2976 aliorum
2151 2927 2552 2980 narrationibus
2579 2927 2826 2979 innititur
2851 2937 2905 2980 et
2938 2927 3197 2996 temporis
3232 2928 3476 2980 ordinem

1890 3013 2032 3068 haud
2082 3030 2206 3068 raro
2249 3015 2507 3086 neglexit,
2539 3032 2602 3070 ex
2633 3017 2971 3071 documentis
3007 3018 3331 3070 authenticis
3369 3017 3482 3070 illu-

199 3112 308 3176 tim,
339 3111 538 3169 Ottone
570 3123 860 3184 praesente,
889 3115 968 3168 liti
1000 3116 1142 3169 inter
1179 3117 1396 3171 Petrum
1431 3117 1788 3186 archiepisco-

1900 3107 2149 3160 strandus
2174 3116 2227 3161 et
2251 3110 2620 3162 emendandus
2654 3109 2765 3179 (58)
2817 3119 2930 3174 est;
2981 3109 3032 3162 in
3082 3109 3306 3177 reliquis
3345 3109 3477 3177 ipse,

199 3217 323 3270 pum
351 3202 725 3258 Ravennatem
755 3213 809 3257 et
837 3205 1150 3258 comitatum
1199 3205 1602 3260 FerrarienScm
1646 3206 1788 3259 deci-

199 3290 384 3345 denda:
415 3293 659 3346 interfuit
685 3295 819 3366 (55).
853 3295 1010 3348 Anno
1035 3296 1160 3360 971,
1191 3296 1235 3349 si
1287 3298 1494 3350 auctori
1538 3296 1788 3350 Transla-

200 3381 359 3436 tionis
387 3386 562 3437 sancti
597 3382 835 3454 llymerii
871 3386 1144 3439 credimus
1173 3385 1307 3456 (5i),
1336 3387 1528 3440 iterum
1563 3407 1579 3436 ε
1623 3387 1791 3456 impe-

199 3475 314 3528 riali
342 3477 568 3531 servitio
612 3487 834 3531 coactus
885 3478 1409 3548 Constantinopolim
1453 3479 1725 3542 directus,
1765 3499 1784 3531 ι

198 3549 524 3620 Cremonam
577 3567 811 3635 amplius
862 3569 1003 3623 baud
1050 3579 1134 3624 est
1167 3584 1433 3622 reversus.
1462 3568 1786 3638 Supremum

199 3659 362 3726 igitur
383 3660 527 3713 diem
557 3668 654 3712 aut
704 3660 756 3714 in
788 3659 1017 3727 Graecia,
1070 3669 1162 3715 aut
1203 3661 1430 3714 adducta
1468 3660 1580 3727 jam
1616 3661 1791 3714 'l‘heo-

195 3754 399 3820 phanu,
438 3752 491 3806 in
523 3753 676 3807 Italia
702 3756 974 3823 prioribus
997 3755 1272 3808 mensibus
1303 3755 1429 3808 anni
1459 3754 1560 3808 972
1591 3754 1791 3808 obiisse

196 3847 433 3901 videtur.
465 3846 626 3901 Certe
652 3846 795 3902 Julio
831 3863 1016 3903 mense
1063 3847 1301 3916 ejusdem
1358 3847 1485 3900 anni
1535 3847 1598 3901 de
1631 3847 1788 3901 terris

200 3939 340 3993 inter
388 3940 641 3994 Adduam
691 3951 745 3994 et
799 3940 998 4006 Olium,
1043 3956 1178 4010 quas
1216 3940 1593 4010 Liudpramlus
1633 3950 1789 3994 antea

199 4032 525 4096 detinuerat,
574 4034 719 4087 inter
763 4036 1022 4088 ecclesias
1073 4034 1488 4104 Bergomcnsem
1525 4043 1577 4087 et
1624 4035 1793 4104 Aqui-

201 4119 457 4174 leiensem
506 4122 703 4175 iterum
750 4133 1086 4177 contractum
1124 4135 1205 4177 est
1237 4125 1346 4195 (55)
1377 4141 1390 4187 ;
1426 4127 1518 4178 sed
1570 4141 1689 4179 eum
1720 4124 1791 4177 ibi

200 4211 431 4265 domnus
461 4211 625 4266 Liuso
678 4230 786 4266 non
833 4230 958 4269 vero
989 4219 1259 4282 quondam
1299 4215 1464 4269 Liuso
1510 4216 1792 4285 episcopus

199 4305 587 4360 Cremonensis
619 4306 874 4361 Ecclesiae
920 4308 1208 4369 scribatur,
1245 4317 1297 4360 et
1330 4308 1471 4362 hunc
1504 4308 1792 4361 terminum

272 4439 390 4507 (‘25)
427 4438 584 4492 Cont.
616 4439 911 4509 chinouis
941 4456 1028 4492 an.
1055 4438 1179 4494 965.

271 4511 382 4579 (:26)
410 4509 545 4562 Mur.
583 4511 618 4562 l.
646 4527 693 4562 c.
723 4511 846 4562 421.

270 4584 385 4647 (27)
417 4579 675 4633 Fantuzzi
715 4580 852 4634 Moti.
884 4579 1126 4634 Ravenn.
1164 4598 1222 4645 tt,
1249 4582 1335 4635 ‘23.

271 4651 384 4719 (‘28)
412 4649 637 4704 Juvavia
671 4652 794 4703 135.

271 4723 385 4794 (39)
417 4720 622 4788 Ughelli
648 4721 765 4774 Ital.
803 4721 966 4784 “1,5,

272 4791 384 4858 (59⁷)
415 4793 614 4844 llarzh.
643 4794 809 4844 Coac.
839 4809 896 4855 ιι,
925 4793 1181 4846 651-657.

270 4862 383 4934 (51)
408 4863 644 4916 Libellus
673 4864 740 4914 de
765 4863 1048 4932 legatione.
1085 4863 1411 4932 Liudprandi
1440 4863 1788 4931 subscriptio-

202 4947 325 4985 nem
354 4934 505 4988 bulla:
533 4935 663 4987 anni
690 4934 795 4986 968
837 4937 903 4987 de
937 4937 1323 4986 t'OllSllUtlittllC
1351 4937 1788 5001 archiepiscopa-

203 5013 288 5055 tus
313 5001 792 5075 Magdelntrgensis
815 5019 899 5071 ap.
925 5004 1208 5058 llarzheim
1228 5004 1429 5060 Concil.
1460 5004 1644 5059 Germ.
1669 5015 1790 5072 post

203 5076 425 5129 reditum
456 5077 576 5145 ejus
605 5084 869 5127 Insertum
895 5091 1016 5129 esse
1037 5086 1267 5145 oportet.

276 5145 377 5219 (δέ)
409 5146 631 5219 γῐέεςιιοίῇ
665 5159 762 5219 vn,

270 5213 375 5298 Q5)
402 5213 552 5298 ilice.
595 5213 946 5298 RuberHist.
979 5213 1309 5298 Ravennxp.‘
1333 5217 1458 5272 262.
1537 5284 1546 5293 .
1586 5284 1595 5294 _

1821 4486 1866 4542 ι)

1892 3207 2167 3265 spectator
2195 3200 2465 3268 egregius,
2493 3201 2723 3269 primum
2751 3201 2851 3254 sibi
2873 3201 3048 3254 locum
3079 3201 3318 3254 vindicat
3344 3200 3477 3272 (59).

1890 3289 2022 3343 Cum
2051 3290 2214 3360 igitur
2235 3305 2295 3344 ea
2327 3301 2530 3344 tantum
2559 3293 2837 3361 scripserit
2866 3309 2984 3362 quae
3017 3295 3128 3362 ipse
3161 3294 3212 3346 in
3240 3293 3482 3364 peregri-

1895 3383 2204 3436 nati0nibus
2234 3382 2349 3453 (l0)
2401 3384 2512 3437 suis
2551 3385 2794 3453 atquein
2832 3385 2950 3438 aula
3001 3384 3258 3454 llugonis,
3313 3383 3478 3438 Latn-

1891 3479 2051 3543 berti,
2081 3479 2414 3548 Berengarii,
2450 3478 2676 3540 Ottonis.
2718 3477 2942 3532 Joannis
2981 3479 3090 3544 λιι,
3127 3477 3321 3532 Leonis
3349 3477 3478 3545 Vlll,

1891 3571 2112 3626 Joannis
2156 3571 2297 3635 Xlll,
2329 3573 2671 3627 Constantini
2711 3572 3159 3643 Porphyrogeniti
3216 3579 3270 3624 et
3319 3569 3480 3625 Nice-

1891 3663 2045 3732 phori
2089 3673 2183 3716 aut
2224 3663 2434 3716 viderat
2487 3673 2578 3715 aut
2625 3678 2653 3716 a
2686 3663 2816 3715 viris
2853 3662 2958 3716 ﬁde
2984 3662 3158 3730 dignis
3209 3661 3478 3726 audierat,

1892 3751 2010 3806 libri
2045 3752 2160 3821 ejus
2192 3754 2333 3807 inter
2361 3754 2649 3824 primarios
2678 3753 2859 3808 saeculi
2887 3753 3080 3808 decimi
3133 3753 3306 3807 fontes
3342 3751 3478 3808 refe-

1895 3855 2086 3898 rantur
2123 3861 2344 3899 necesse
2381 3856 2464 3898 cst
2495 3845 2626 3915 (41).

1966 4021 2195 4093 Scripsit
2238 4040 2486 4088 sermone
2525 4025 2576 4078 in
2625 4040 2940 4080 umversum
2982 4042 3140 4096 puro,
3169 4036 3222 4080 at
3278 4026 3481 4082 Grzecas
3523 4009 3526 4014 ’

1896 4116 2090 4187 lingua:
2119 4118 2370 4186 peritiam
2419 4119 2640 4173 vocibus
2683 4121 3070 4188 sententiisque
3098 4121 3264 4174 tc.\tui
3293 4119 3482 4173 Latino

1895 4211 2150 4265 immistis
2177 4215 2465 4267 ostendere
2499 4213 2666 4276 nisus,
2695 4213 2883 4265 Latina
2937 4214 3094 4282 paulo
3130 4212 3483 4282 negligentius
3558 4238 3569 4251 ι

1894 4304 2098 4370 utitur;
2138 4306 2360 4359 vocibus
2401 4305 2607 4359 scilicet
2659 4306 3050 4374 signiﬁcatione
3102 4322 3204 4357 non
3242 4321 3339 4359 sua
3389 4304 3482 4358 ad-

2026 4438 2078 4500 5)
2104 4439 2198 4491 Die
2220 4437 2290 4492 ΞΟ
2317 4436 2461 4491 Julii.
2496 4436 2630 4506 Lupi
2658 4437 2718 4490 C.
2763 4438 2821 4490 D.
2856 4437 3099 4502 Bergom.
3135 4455 3193 4498 ιι,
3231 4435 3355 4489 502.

2066 4512 2080 4578 )
2119 4509 2357 4575 Exempli
2388 4509 2557 4577 gratia
2588 4524 2661 4572 tv,
2703 4509 2883 4568 15-16,
2913 4508 3002 4559 ‘25.

1969 4577 2080 4651 (57)
2112 4579 2348 4651 Exempli
2389 4579 2560 4651 gratia
2592 4595 2667 4640 tv,
2697 4579 2787 4639 82:5,
2816 4580 2866 4631 in
2903 4593 3043 4651 nece
3085 4577 3398 4639 Giselberti;
3427 4592 3476 4639 v,

1899 4649 1985 4713 15,
2018 4651 2068 4702 in
2100 4649 2252 4702 clade
2284 4649 2567 4701 liusiorum
2598 4649 2971 4702 describenda.

1967 4722 2078 4788 (58)
2109 4720 2162 4772 In
2196 4718 2420 4772 historia
2452 4720 2810 4786 expeditionis
2840 4718 3042 4772 Arnolli
3086 4732 3149 4769 ex
3183 4717 3321 4770 Ann.
3357 4714 3481 4788 Ful-

1898 4785 2184 4854 densibus;
2216 4790 2306 4843 sed
2340 4785 2638 4842 etianiiubi
2689 4790 2914 4848 erravit,
2968 4789 3157 4855 Sergio
3207 4803 3354 4856 papa:
3387 4785 3479 4837 tri-

1898 4862 2214 4930 bue-usqum
2259 4858 2642 4930 StcphanorV’l
2695 4859 3050 4920 debebantur,
3110 4859 3230 4930 tidei
3279 4857 3479 4930 dignos

1900 4941 2062 4985 testes
2112 4925 2390 4985 consuluit
2439 4948 2456 4980 ι
2522 4929 2636 4982 ΙἸΟΟ
2688 4943 2923 4996 uanique.
2972 4943 3001 4979 a
3057 4925 3477 4997 religiosissimis

1900 5002 2152 5072 Romana).
2185 5003 2334 5056 urbis
2357 5001 2487 5053 viris
2518 5015 2753 5068 persmpe
2776 4999 2955 5072 audivi
2992 5016 3012 5072 ρ
3043 4996 3195 5072 t,_3-l.
3244 5069 3253 5072 _
3302 5065 3324 5072 _
3443 5065 3451 5072 .

1966 5071 2077 5142 (59)
2110 5073 2326 5127 Erravit
2362 5065 2539 5125 tamen
2567 5086 2642 5135 Iv,
2667 5065 2754 5134 f6,
2785 5067 2937 5136 Otgit
2979 5066 3259 5123 Adclstani
3299 5065 3486 5119 fratris

1895 5142 2058 5194 tiliam
2096 5159 2314 5198 vocans.

1927 5279 1938 5290 -
1966 5212 2078 5298 (49)
2104 5213 2349 5297 ΫΞΧΨἛΨῘῘ
2389 5210 2587 5298 Erilli“,
2608 5207 2952 5298 ,Μονξῇιξιπεὶ
2971 5210 3289 5298 τὶίτιηίλοοιφίοιν
3322 5205 3487 5259 victo-
