4012 5340
533 312 639 370 775

532 420 721 479 bibitis
760 417 895 492 (42),
924 410 1306 484 orthographia
1341 410 1584 480 neglecta
1615 406 1754 478 (45),
1779 404 1967 460 formis
1993 417 2115 458 ver-
2143 410 2189 470 Α
2225 399 2404 492 fronte
2458 396 2773 492 insc_ribitur
2811 413 2825 448 :

532 514 728 570 borum
765 508 1038 566 mendosis
1076 504 1190 576 (44)
1220 511 1275 558 et
1327 500 1552 573 syntaxi'
1591 497 1703 571 (45)
1750 496 1927 552 minus
1962 500 2110 549 recta

532 619 754 748 usfibri
779 684 1107 759 Liudprandi
1139 698 1374 755 quonam
1403 680 1514 736 fato
1552 680 1605 734 in
1647 678 1992 734 Germaniam
2021 674 2114 730 de-

533 785 807 848 venerint,
852 779 997 836 haud
1039 776 1198 848 plane
1246 781 1478 830 constat.
1529 769 1794 827 Libellum
1848 768 1917 822 de
1965 766 2113 835 lega-

537 879 687 934 tione
740 871 980 930 Treviris
1039 869 1098 925 in
1141 865 1466 922 bibliotheca
1499 858 1798 918 cathedrali
1842 863 2115 927 repertum

536 970 822 1026 Browerus
852 961 1143 1032 descripsit
1169 968 1225 1014 et
1250 957 1497 1013 Welsero
1521 951 1841 1015 transmisit,
1871 950 1962 1021 qui
1991 962 2117 1002 eum

537 1072 660 1113 cum
687 1054 906 1111 Canisio
936 1046 1384 1111 communicavit;
1416 1059 1539 1099 eum
1569 1042 1730 1113 igitur
1754 1048 1848 1094 aut
1867 1038 1934 1093 ab
1960 1036 2115 1093 Otto-

538 1147 700 1203 nibus
729 1154 822 1201 aut
841 1143 910 1198 ab
942 1139 1237 1197 Adelheida
1264 1116 1628 1207 imperatrice,
1663 1131 1817 1201 cujus
1847 1130 1915 1184 ad
1936 1130 2117 1184 dotem

540 1235 759 1291 abbatia
810 1230 984 1288 sancti
1022 1227 1296 1283 Maximini
1349 1226 1402 1280 in
1452 1224 1765 1280 suburbano
1811 1217 2119 1275 Trevirensi

539 1324 869 1397 pertinebat,
908 1337 972 1377 eo
1020 1318 1398 1375 transmissum
1444 1314 1660 1385 opinari
1705 1314 1855 1368 licet.
1882 1310 2118 1380 Antapo—

541 1418 688 1474 dosis
717 1430 931 1487 quoque
974 1421 1028 1469 et
1075 1411 1303 1467 historia
1333 1409 1545 1467 Ottonis
1566 1449 1582 1476 ,
1612 1423 1720 1465 uno
1766 1406 1949 1462 codice
1986 1421 2119 1461 con.

1440 292 1931 357 LlUTPRANDUS
1970 280 2896 357 CREMONENSIS_EPISCOPUS.

3594 279 3788 343 .773

2878 393 3033 448 Liber
3081 398 3259 446 sancte
3305 389 3477 444 uarie
3525 392 3798 460 sanctique

2211 490 2516 546 Corbintani
2547 486 2904 557 Frisingensi‘s
2954 481 3087 554 (46).
3131 482 3508 551 Liudprandus
3531 520 3547 547 ,
3580 481 3646 536 de
3685 496 3797 550 quo

2212 598 2322 638 uno
2351 582 2441 638 hic
2488 596 2668 637 sermo
2705 586 2810 644 est,
2843 577 2896 631 in
2931 575 3061 632 folio
3093 575 3288 631 minori
3322 584 3378 629 et
3418 573 3586 644 paulo
3614 573 3794 630 latiori

2212 674 2300 730 vel
2347 681 2542 744 quarto
2591 668 2806 739 majori,
2837 667 3038 724 saeculo
3065 665 3274 721 decimo
3320 665 3497 719 medio
3540 663 3796 734 scriptus,

2213 761 2655 835 quaternionibus
2691 774 2886 816 novem
2935 766 2989 813 et
3017 757 3182 813 semis
3212 754 3327 826 (fol.
3374 752 3528 825 8-85)
3560 753 3804 825 Antapo-

2214 850 2367 907 dosin
2419 849 2662 915 exhibet,
2728 846 2925 922 quibus
2967 844 3190 917 praeﬁxa
3235 850 3443 914 septem
3488 840 3615 899 folia
3662 840 3801 912 (1-7)

2215 940 2503 996 historiam
2532 938 2745 994 Ottonis
2775 944 3147 993 servaverunt.
3177 933 3359 990 Prima
3388 933 3805 1003 Antapodoseos

2216 1030 2412 1101 pagina
2453 1042 2622 1084 vacua
2670 1026 2880 1092 relicta,
2907 1024 3125 1081 ultimas
3173 1021 3333 1100 lO-f-
3359 1002 3807 1080 lirieashistoria:

2217 1127 2430 1187 Ottonis
2454 1125 2698 1196 excepit,
2725 1124 2921 1194 quibus
2946 1124 3177 1193 spatium
3204 1123 3347 1177 aliud
3386 1137 3498 1176 non
3528 1121 3749 1176 vacabat
3780 1138 3799 1185 ;

2218 1222 2437 1293 reliqua:
2468 1219 2529 1276 15
2557 1220 2629 1295 ἦ.
2652 1217 2807 1273 linea:
2852 1226 2908 1273 et
2943 1233 3089 1273 nunc
3114 1229 3327 1272 vacant.
3350 1218 3717 1288 Antapodosis
3742 1218 3804 1270 in

2218 1323 2534 1377 membrana
2582 1319 2735 1386 itala,
2765 1327 3070 1385 atramento
3096 1319 3425 1390 nigricante,
3454 1333 3621 1373 manu
3647 1318 3804 1381 Itala,

2225 1414 2390 1485 igitur
2417 1428 2449 1467 a
2477 1412 2624 1468 socio
2654 1411 2885 1481 quodam
2921 1410 3275 1481 Liudprandi,
3319 1409 3520 1479 scripta
3544 1450 3558 1474 ,
3588 1410 3659 1465 ab
3687 1411 3805 1480 ipso

541 1509 755 1579 script-'13
783 1548 800 1574 ,
835 1505 1018 1562 statim
1067 1504 1121 1558 in
1167 1501 1517 1559 Germaniam
1568 1506 1932 1571 [ιθννθηθνυηι
1962 1537 1977 1562 9
2026 1495 2122 1551 sed
2222 1512 2402 1558 tamtn
2461 1501 2759 1559 innumeris
2795 1500 2930 1556 locis
2974 1508 3278 1567 atramento
3326 1499 3621 1569 plurimum
3666 1500 3801 1554 sub-'-

542 1614 777 1669 quonam
853 1596 1013 1652 modo
1064 1594 1223 1665 plane
1290 1593 1576 1647 incertum.
1626 1588 1765 1644 Nam
1813 1586 2121 1658 apogl‘aplta
2223 1592 2376 1648 fusco
2403 1599 2668 1657 correcta,
2702 1590 2990 1662 completa,
3027 1590 3291 1661 eXplicata
3319 1599 3482 1659 atque
3521 1589 3593 1645 ad
3644 1590 3806 1642 linem

542 1687 737 1744 saeculo
762 1686 970 1741 decimo
998 1692 1054 1739 et
1081 1682 1369 1738 undecimo
1397 1681 1521 1736 inde
1551 1679 1606 1734 in
1638 1679 1927 1736 Germania
1957 1676 2118 1741 facta,
2227 1685 2442 1740 demum
2469 1684 2727 1755 perducta
2756 1695 2863 1739 est.
2910 1683 3091 1739 Linea}
3138 1684 3193 1739 in
3251 1686 3565 1739 universum
3593 1683 3665 1736 27
3709 1696 3807 1752 per

545 1776 973 1848 Spanheimense
1018 1788 1083 1828 ac
1139 1771 1550 1836 Gemblacense,
1599 1776 1656 1825 et
1705 1767 2127 1836 Otterburgense
2158 1765 2496 1845 Bpaginam,
2544 1788 2667 1829 ητο
2719 1772 2789 1827 25
2838 1781 2931 1826 θυι
2984 1772 3093 1839 28,
3126 1773 3221 1828 sed
3270 1773 3322 1827 in
3374 1772 3564 1826 ultima
3614 1772 3805 1841 pagina

546 1868 726 1925 saeculi
753 1865 1076 1945 duodecimi,
1119 1864 1511 1935 autographum
1536 1861 1770 1931 primum
1816 1859 1870 1914 in
1909 1856 2125 1913 dioecesi

547 1958 851 2030 Moguntina
883 1964 977 2011 aut
1026 1954 1337 2011 Trevirensi
1388 1960 1725 2023 asservatum
1756 1990 1771 2015 ,
1823 1949 1949 2004 inde
1993 1961 2127 2001 vero

546 2050 849 2121 Frisingam
892 2047 1129 2103 delatum
1175 2044 1340 2099 fuisse
1363 2084 1378 2109 ,
1413 2043 1638 2097 innuere
1674 2039 1842 2096 videri
1874 2044 2122 2109 possent;

549 2140 635 2195 cui
670 2139 884 2210 quidem
924 2135 1209 2192 sententiae
1255 2131 1641 2189 conﬁrmanda:
1686 2129 1878 2185 adduci
1922 2136 2125 2198 posset,

548 2230 692 2298 quod
717 2227 863 2291 Otto,
904 2223 1268 2296 Frisingensis
1297 2223 1603 2293 episcopus,
1632 2222 1687 2275 in
1716 2218 1986 2276 Chronico
2031 2232 2130 2272 suo

547 2319 1000 2391 quamplurimum
1033 2317 1331 2388 Reginone,
1364 2312 1588 2369 minime
1625 2327 1755 2368 vero
1781 2309 2131 2380 Liudprando

550 2427 679 2466 usus
715 2419 816 2466 est.
846 2410 952 2463 Sed
973 2406 1099 2463 Otto
1120 2406 1351 2461 fortasse
1376 2402 1695 2472 scriptorem
1719 2401 1786 2456 ab
1812 2397 2133 2455 Ekltebardo

551 2500 869 2557 deﬂoratum
912 2496 1238 2553 verecundia
1277 2494 1535 2550 Romanae
1562 2492 1816 2547 Ecclesia:
1861 2490 2135 2561 negligen-

550 2592 677 2647 dum
727 2589 919 2655 duxit,
981 2596 1038 2642 et
1084 2586 1203 2656 ejus
1250 2600 1365 2641 aevo
1413 2584 1657 2641 codicem
1710 2583 1762 2637 in
1808 2582 2131 2637 bibliotheca

551 2681 886 2753 Frisingensi
916 2679 1252 2736 reconditum
1281 2675 1468 2741 fuisse,
1514 2674 1795 2745 inscriptio
1825 2672 2008 2729 saeculi
2052 2686 2133 2726 xu

554 2774 640 2830 vel
677 2790 732 2829 χι
771 2781 1022 2828 testatur.
1061 2770 1228 2840 Igitur
1262 2784 1363 2825 nec
1390 2783 1577 2824 eorum
1609 2766 1896 2822 sententiae
1942 2764 2133 2819 adver-

556 2881 667 2931 sor,
699 2865 788 2935 qui
824 2865 1019 2919 librum
1050 2863 1118 2917 ab
1145 2861 1457 2918 Abrahamo
1497 2860 1750 2931 episcOpo
1776 2856 2131 2927 Frisingensi,

557 2952 873 3023 Liutprandi
924 2948 1140 3022 aequali,
1184 2958 1346 3019 atque
1394 2948 1447 3002 in
1496 2947 1847 3003 conventibus
1890 2945 2135 2999 Romano

560 3042 686 3096 anni
737 3040 842 3096 969
886 3039 1115 3109 aliisque
1146 3039 1328 3104 socio,
1358 3053 1518 3107 quem
1559 3036 1823 3092 bonorum
1873 3035 2132 3090 librorum

2234 1863 2389 1918 linem
2419 1862 2507 1918 50.
2557 1862 2692 1916 Tres
2741 1861 2919 1933 operis
2965 1861 3129 1926 libri,
3177 1861 3423 1931 primus,
3471 1861 3700 1931 quintus
3752 1868 3808 1914 et

2225 1965 2431 2019 sextus,
2472 1952 2699 2008 fortasse
2739 1960 2795 2007 et
2839 1951 3054 2021 reliqui,
3100 1951 3175 2006 ita
3217 1951 3503 2021 compositi
3541 1959 3718 2014 sunt,
3750 1957 3810 2005 ut

2226 2042 2380 2099 initio
2401 2042 2635 2111 spatium
2666 2040 2829 2096 indici
2851 2040 3209 2110 capitulorum
3240 2040 3558 2110 excipiendo
3578 2055 3809 2095 vacuum

2235 2140 2571 2198 remaneret,
2605 2131 2749 2202 quod
2779 2134 3102 2201 procedente
3130 2132 3346 2188 demum
3374 2131 3516 2187 libro
3548 2130 3809 2200 repletum

2229 2224 2442 2279 nonnisi
2489 2239 2614 2280 cum
2661 2223 2778 2291 ipso
2813 2222 3217 2290 absolveretur;
3245 2223 3386 2292 quod
3420 2231 3477 2277 et
3505 2230 3811 2275 atramento

2229 2323 2284 2368 et
2327 2312 2595 2382 scriptura
2638 2311 2872 2366 diversis
2915 2318 2972 2366 et
2999 2311 3172 2380 spatio
3204 2326 3373 2366 vacuo
3413 2310 3471 2364 in
3501 2310 3614 2364 line
3654 2325 3811 2379 argu-
3878 2361 3885 2365 .

2232 2401 2401 2456 menti
2449 2400 2710 2455 librorum
2752 2399 2911 2469 primi
2954 2408 3006 2455 et
3050 2400 3189 2454 sexti
3218 2401 3625 2471 comprobatur.
3658 2399 3812 2455 Liud-

2232 2490 2428 2560 prandi
2463 2490 2644 2555 manui
2675 2489 2858 2545 omnia
2889 2487 3003 2544 fere
3038 2487 3226 2545 Grmca
3274 2505 3378 2544 una
3410 2505 3536 2544 cum
3575 2490 3813 2559 explica-

2234 2582 2405 2647 tione,
2457 2582 2653 2650 quibus
2698 2580 2916 2653 quidem
2970 2581 3199 2651 spatium
3252 2596 3283 2635 a
3339 2582 3518 2637 scriba
3568 2581 3813 2637 relictum

2233 2681 2373 2738 erat,
2405 2673 2498 2727 sed
2540 2680 2595 2726 et
2626 2672 2730 2726 alia
2765 2671 2994 2741 plurima
3021 2673 3314 2738 debentur,
3343 2688 3463 2742 qua:
3493 2672 3550 2726 in
3591 2673 3815 2727 Annali-

2234 2762 2333 2816 bus
2371 2762 2571 2816 nostris
2616 2762 2679 2815 T.
2722 2761 2840 2827 νη,
2880 2776 2932 2832 p.
2960 2762 3099 2828 293,
3150 2761 3404 2827 iudicavi,
3451 2763 3598 2818 inter
3624 2771 3815 2818 cmten

2235 2852 2427 2931 glossae
2470 2852 2695 2931 vocibus
2712 2852 3097 2922 superscripta:
3122 2862 3217 2908 aut
3248 2855 3597 2926 marginales,
3628 2857 3684 2910 in
3708 2857 3820 2911 edi-

2238 2928 2384 3000 tione
2424 2928 2643 3014 quoque
2686 2951 2867 2999 nostra
2900 2944 2959 3013 in,
2985 2944 3227 3015 margine
3258 2946 3479 3015 posiae;
3514 2956 3627 3001 tum
3657 2958 3818 3015 caput

2236 3035 2484 3090 ultimum
2529 3034 2653 3088 libri
2694 3034 2865 3104 quinti
2898 3043 2953 3088 et
2982 3033 3119 3089 liber
3144 3044 3332 3101 sextus
3363 3036 3592 3106 integer.
3625 3034 3819 3091 Ortho—

562 3130 861 3186 studiosum
890 3129 1014 3183 libri
1041 3127 1196 3197 jussu
1224 3126 1338 3196 ejus
1375 3127 1561 3196 scripti
1599 3127 1988 3196 comprobant,
2016 3125 2138 3179 Fri-
2167 3126 2210 3187 C
2243 3124 2463 3194 graphia
2490 3123 2818 3193 Liudprandi
2867 3122 2922 3177 in
2952 3123 3170 3179 vocibus
3218 3124 3501 3179 Sarraccni
3521 3166 3539 3191 ,
3588 3126 3819 3196 pulchri-

565 3221 803 3292 singensi
831 3220 1172 3275 bibliotheca:
1217 3217 1446 3273 fortasse
1474 3217 1680 3271 illatum
1716 3214 1879 3271 fuisse
1914 3215 2141 3285 opinan-

565 3319 672 3365 tur.
707 3309 820 3365 Una
854 3325 975 3365 cum
1024 3308 1245 3378 reliquis
1276 3306 1427 3361 libris
1472 3304 1908 3376 Frisingensibus
1954 3310 2138 3358 nostro

563 3414 680 3454 avo
696 3398 1041 3454 bibliothecae
1072 3396 1231 3467 regiae
1255 3394 1561 3451 Monacensi
1592 3393 1794 3447 illatum
1824 3394 1895 3448 ibi
1925 3410 1975 3447 a.
2003 3393 2139 3447 1835

562 3489 789 3545 lustravi
811 3498 867 3543 et
879 3487 992 3556 jam
1016 3485 1347 3542 serenissimi
1370 3484 1608 3539 Bavarite
1635 3483 1778 3554 regis
1802 3483 2049 3538 ministro
2074 3481 2140 3537 V.

565 3580 1020 3637 excellentissimo
1062 3577 1126 3632 L.
1170 3576 1229 3630 Β.
1265 3576 1332 3632 de
1374 3575 1533 3632 Giese
1567 3575 1974 3641 consentiente,
2014 3590 2143 3644 pro-

565 3679 795 3735 curante
824 3678 1003 3725 autem
1030 3669 1097 3723 V.
1131 3668 1207 3721 ill.
1234 3667 1522 3722 Ludowico
1551 3667 1748 3722 comite
1781 3666 1848 3722 de
1874 3666 2144 3721 Kielman—

567 3776 732 3834 scgge
801 3758 1133 3815 serenissimi
1186 3757 1522 3812 Hannovcrae
1571 3758 1712 3828 regis
1760 3756 1814 3811 in
1864 3755 1983 3811 aula
2029 3755 2146 3810 Mo-

570 3852 792 3909 nacensi
838 3851 1039 3922 legato,
1067 3849 1316 3904 manibus
1359 3857 1494 3903 tero.
1526 3846 1744 3919 Signavi
1773 3862 1895 3903 eum
1922 3861 2147 3903 numero

571 3942 775 4013 primo.

647 4032 702 4103 1)
740 4031 800 4087 C.
844 4047 959 4102 reg.
996 4030 1333 4086 Monacensis
1373 4029 1576 4101 optimo
1599 4028 1724 4098 jure
1771 4030 1912 4085 inter
1938 4028 2147 4085 cimelia

2241 3217 2389 3282 tudo,
2415 3216 2505 3271 sed
2534 3225 2589 3270 et
2614 3215 2758 3278 aliis,
2789 3230 2819 3268 a
2851 3214 3136 3283 scriptoris
3160 3214 3434 3283 Saraceni,
3460 3208 3821 3287 pulchritudo,

2240 3316 2337 3370 set,
2369 3314 2684 3360 constanter
2715 3303 2917 3361 dill’ert.
2954 3305 3104 3361 Unde
3142 3304 3307 3362 facies
3352 3308 3559 3362 codicis
3592 3309 3825 3378 singula-

2241 3397 2336 3461 ris,
2365 3411 2524 3466 quam
2552 3394 2733 3451 tabula
2763 3395 2971 3465 adjecta
3000 3398 3402 3467 exprimendam
3427 3401 3642 3467 curavi,
3670 3402 3743 3455 ita
3770 3411 3826 3456 ut

2243 3486 2543 3555 nigricante
2591 3494 2892 3540 atramento
2919 3497 3142 3542 exarata
3190 3488 3448 3555 scribam,
3474 3489 3630 3546 fusca
3664 3492 3824 3547 Liud-

2241 3574 2439 3645 prandi
2482 3590 2703 3630 manum
2749 3575 3059 3649 ostendant.
3109 3576 3304 3633 Codice
3333 3594 3460 3634 vero
3505 3580 3582 3635 ita
3613 3596 3827 3651 compa.

2243 3672 2385 3734 rato,
2416 3664 2559 3719 haud
2585 3664 2782 3719 mirum
2817 3665 2945 3741 erit,
2973 3674 3176 3721 textum
3212 3682 3426 3738 quoque
3461 3668 3533 3723 ibi
3561 3669 3665 3741 legi
3694 3670 3829 3738 opti-

2244 3771 2413 3823 mum,
2447 3756 2788 3827 paucissimis
2836 3757 3109 3812 scribendi
3154 3759 3338 3826 vitiis,
3391 3760 3593 3830 quibus
3654 3760 3829 3815 nullus

2247 3857 2437 3903 auctor
2462 3848 2625 3917 plane
2658 3856 2939 3918 exemptus
2965 3858 3050 3904 est
3070 3890 3087 3917 ,
3116 3849 3334 3905 relictis.
3379 3850 3533 3917 Quod
3560 3866 3631 3907 eo
3658 3854 3828 3922 magis

2247 3947 2302 3993 et
2338 3939 2393 3993 in
2420 3940 2700 3995 historiam
2731 3939 2948 3997 Ottonis
2971 3942 3142 4007 cadit,
3183 3942 3326 4013 quod
3359 3944 3473 4012 ipsa
3504 3951 3622 3999 tota
3647 3955 3830 3999 aucto-

2247 4032 2325 4086 ris
2368 4046 2562 4087 manus
2591 4032 2793 4102 scripta
2839 4040 2943 4100 est,
2988 4032 3096 4088 imo
3124 4033 3327 4103 majore
3363 4049 3496 4089 cura
3541 4042 3600 4089 et
3629 4035 3829 4091 seduli-

578 4123 855 4179 ditissima:
882 4122 1224 4178 bibliothecas
1254 4137 1315 4187 ιι,
1339 4121 1395 4188 2,
1423 4121 1476 4176 d.
1508 4120 1830 4184 reconditus,
1863 4121 1990 4175 olim
2033 4119 2152 4174 Fri—
2252 4131 2386 4189 tate,
2421 4123 2494 4177 ita
2526 4131 2585 4176 ut
2633 4122 2957 4193 scripturam
3004 4123 3057 4177 in
3090 4124 3397 4180 universum
3429 4123 3590 4194 paulo
3619 4124 3831 4195 elegan-

578 4214 846 4287 singensis
876 4231 929 4267 n.
966 4214 1089 4279 188,
1116 4213 1283 4269 libros
1311 4214 1445 4269 duos
1470 4212 1668 4268 sarculo
1693 4228 1762 4266 xv
1786 4227 1892 4266 una
1920 4212 2152 4283 ligatura
2253 4219 2449 4274 tiorem
2488 4226 2544 4273 et
2574 4218 2745 4288 magis
2787 4219 3167 4288 compositam,
3208 4218 3301 4274 sed
3332 4220 3525 4274 iisdem
3567 4218 3833 4290 cujusque

580 4316 892 4378 compactos
935 4306 1304 4377 amplectitur;
1336 4307 1458 4361 inde
1486 4320 1517 4359 a
1564 4304 1653 4359 fol.
1689 4304 1891 4361 86—198
1919 4304 2154 4375 Regino-
2251 4309 2448 4363 litterae
2481 4315 2536 4363 et
2565 4322 2757 4363 vocum
2788 4308 3038 4363 ductibus
3086 4308 3197 4380 (47)
3248 4302 3490 4379 repetitis
3512 4350 3527 4374 ,
3560 4312 3829 4381 aspicias;

578 4413 745 4464 nem,
796 4405 851 4453 et
900 4396 993 4453 fol.
1051 4398 1178 4453 1-85
1232 4397 1642 4466 Liutprandum.
1695 4397 1933 4468 Uterque
1979 4397 2152 4467 prima
2251 4398 2527 4454 biennium
2566 4396 2652 4452 vel
2688 4395 2981 4451 triennium
3025 4396 3166 4451 inter
3194 4398 3389 4453 librum
3429 4409 3647 4454 sextum
3674 4410 3729 4456 et
3756 4401 3832 4454 bi-

2179 4484 2233 4543 D

651 4569 766 4652 (ξὲ)
793 4568 1012 4652 Leviter
1032 4568 1142 4652 loco
1169 4569 1418 4652 faciliter,
1439 4586 1499 4637 ll,
1528 4571 1624 4637 50,
1651 4570 1997 4641 singulosque
2015 4571 2153 4642 pilos
2327 4566 2644 4652 (alii)_cheo
2658 4569 2887 4639 aliquem
2909 4588 2986 4652 tv,
3012 4573 3101 4639 27,
3126 4573 3192 4628 da
3213 4576 3829 4652 Deum‘omnipotentem

792 4640 906 4716 loco
932 4640 1413 4716 singulaque-pila.
1743 4637 1762 4640 ’
1884 4637 1945 4716 _'_
2001 4637 2034 4716 Γ
2255 4637 2352 4703 vn,
2399 4637 3094 4716 15._Plttsqua'mperfec_lum
3145 4661 3239 4716 pro
3282 4646 3508 4714 perfecto
3543 4637 3834 4716 responde-

653 4710 767 4790 (45)
792 4707 1188 4790 ξωνθμιᾏὶξθη
1207 4710 1244 4762 l.
1278 4707 1391 4790 fere
1409 4751 1424 4778 ,
1466 4720 1739 4790 parcentes
1769 4726 1852 4779 tn,
1877 4711 1970 4790 26,
1993 4710 2031 4764 ι.
2059 4726 2157 4781 pa-
2256 4718 2379 4790 rant
2394 4707 2556 4790 hii,
2581 4707 2843 4790 [degit-erat
2871 4707 2944 4775 tv,
2970 4713 3026 4790 5,
3050 4707 3835 4790 ρνοῖηιρὲνίέειο-εοηὶ.’θυρὶς-

580 4776 764 4856 rentes
788 4781 840 4850 (a
860 4779 1071 4856 parére)
1093 4780 1251 4856 ipsius
1298 4776 1621 4856 Ιιὶιιέρρῖιιῃαὶ⁸
1655 4800 1815 4836 manu
1840 4776 1912 4856 Vo
1939 4776 2155 4856 inserto,
2258 4788 2346 4856 rat
2394 4778 2532 4832 Hist.
2578 4776 2688 4856 Ott.
2719 4778 2777 4841 l,
2810 4776 3179 4856 imperfectum
3227 4776 3597 4856 projzcrfecto
3646 4798 3694 4840 ct
3726 4776 3832 4856 ἰη-ο

584 4865 649 4933 ex
674 4846 990 4933 improvisu,
1019 4846 1347 4933 fortuituuv,
1392 4846 1713 4933 25,.luriea,
1738 4853 2093 4933 monis_se,ﬁvt,
2116 4853 2154 4906 ι.
2258 4846 2763 4933 plusquamperfecto
2813 4846 3583 4933 imponerent...’suﬂ‘ocarent
3609 4871 3708 4919 ut,
3733 4846 3829 4921 13;

584 4918 771 5002 lorica
795 4928 850 5002 et
886 4919 1231 5002 munivisse_;_
1252 4918 1544 5002 infurtunia
1581 4922 1707 4984 νηὶ
1733 4922 1869 5002 ξὶηιο
1891 4924 1957 5002 da
1989 4922 2156 5002 Deum
2259 4918 2638 5002 inescaret‘e't'
2682 4918 2919 5002 caperet“
2951 4920 3086 4989 (loco
3115 4924 3308 4991 plusq.)
3358 4938 3434 4986 tv,
3473 4923 3545 4988 3,
3590 4918 3835 4979 viderent

584 4990 1009 5062 omnipotentem
1040 5003 1139 5046 vtt.
1168 4989 1258 5062 15,
1284 4988 1322 5042 ι.
1350 4991 1417 5043 de
1454 4989 1564 5045 Deo
1610 4991 1985 5060 omnipotenti.
2019 4991 2156 5062 quod
2264 4991 2326 5062 (ι.
2366 4987 2566 5062 plusq.)
2595 4986 2661 5062 ῌ.
2694 4986 2805 5062 Ott.
2854 4988 2920 5042 10
2948 4986 2968 5050 .”
3007 4986 3381 5061 prorumperet
3420 4993 3504 5047 li.
3531 4986 3836 5062 Perfectum

585 5055 1067 5142 [iamip‘ei'n'lt‘alurn
1094 5058 1312 5142 prodit;
1349 5127 1362 5142 Ι
1448 5130 1464 5142 ‘
1521 5129 1536 5142 ‘
1605 5130 1617 5142 ο
1756 5055 1823 5142 Ἠ
1896 5127 1910 5142 ⁸
1996 5055 2041 5142 ,’
2262 5055 2384 5142 (2w—
2429 5055 2713 5127 imperfecti
2761 5055 3359 5142 reppererintltvidl,
3411 5062 3449 5116 Ι.
3480 5055 3833 5133 repperirent.

586 5197 603 5206 _
628 5197 640 5206 _
660 5127 773 5206 (4:5)
804 5126 1209 5206 Pitanleribustt,‘
1253 5127 1314 5183 51
1341 5127 1382 5181 ι.
1411 5129 1669 5206 phaleris,
1701 5127 2027 5206 _cubiculos_l.
2066 5143 2162 5181 cu-
2264 5126 2509 5206 Pricaeus
2544 5142 2638 5195 pro
2670 5126 2898 5206 perﬁcio.
2929 5128 3067 5184 velle
3111 5129 3150 5183 ι.
3183 5132 3418 5206 voluisse
3438 5148 3505 5205 tu
3577 5126 3669 5189 id.
3695 5133 3834 5187 Con-
