4012 5340
187 203 287 257 777

1105 194 1379 251 ΝΟΤΙΤΙΛ
1421 152 1785 251 HISTORle
1830 197 1914 255 ET
1953 192 2545 251 BlBLlOGRAPllICA.

3354 191 3457 244 778

185 316 416 369 storiam
449 309 664 367 Ottonis
693 307 1029 363 intercidisse
1069 323 1229 377 supra
1267 308 1592 363 notavimus.
1622 310 1773 376 Quod
1807 329 1851 386 Α
1883 309 2205 364 liluralorius
2228 307 2262 359 l.
2293 324 2343 362 c.
2400 306 2527 360 1081
2577 304 2749 372 allert,
2780 305 2978 361 desinit
3013 321 3131 376 cap.
3175 323 3255 372 ιιι,
3285 308 3375 373 52,
3407 310 3457 362 in

185 407 442 460 ultimum
469 414 572 468 est,
599 402 790 470 reliqui
818 417 1010 456 omnes
1038 402 1254 456 codices
1280 417 1308 454 a
1338 411 1524 455 nostro
1547 403 1774 457 descen-

187 497 345 556 dunt.
396 496 470 548 ita
500 503 560 547 ut
595 493 680 547 vel
707 505 891 561 aperta
938 501 992 545 et
1019 491 1311 561 singularia
1342 506 1530 546 eorum
1565 493 1692 546 vitia
1725 502 1779 546 et

188 588 437 640 defectus
480 585 752 655 quomodo
801 584 941 638 male
984 583 1257 637 intellecto
1301 593 1486 636 nostro
1518 594 1636 638 orta
1670 586 1778 638 sint

189 679 544 749 intelligatur.
595 676 763 746 Cujus
803 677 877 730 rei
916 675 1149 746 plurima
1177 675 1423 746 exempla
1469 675 1521 728 in
1552 687 1779 731 annota-

187 774 430 827 tionibus
452 772 658 827 criticis
683 770 902 824 adduxi.

254 863 445 918 Talem
466 865 706 918 codicem
732 871 944 920 nactus.
973 877 1098 915 eum
1121 861 1184 915 ad
1213 861 1447 915 litteram
1475 862 1779 930 exprimen-

188 957 309 1009 dum
342 956 556 1020 censui,
584 955 726 1024 quod
751 968 960 1026 summa
990 951 1270 1023 diligentia
1305 953 1529 1015 factum,
1562 962 1612 1006 et
1641 969 1776 1022 pau-

194 1048 432 1100 cissimis
461 1055 668 1100 tantum
702 1045 755 1100 in
785 1044 937 1109 locis,
967 1043 1055 1096 ubi
1101 1052 1376 1098 auctorem
1408 1043 1556 1113 lapsu
1585 1043 1774 1096 calami

188 1139 322 1192 male
352 1139 644 1208 scripsisse
672 1137 785 1207 (-18)
816 1136 1122 1199 constabat,
1150 1136 1328 1189 addita
1368 1145 1544 1189 tamen
1575 1134 1778 1189 codicis

191 1233 442 1296 lectione,
475 1231 544 1285 ab
579 1247 642 1286 ca
677 1245 950 1286 recessum
978 1240 1078 1285 cst.
1121 1229 1201 1284 Ad
1233 1230 1608 1287 Monacensem
1648 1247 1774 1300 pm-

189 1327 326 1379 xime
353 1325 589 1379 accedit.

250 1416 302 1479 2)
335 1415 398 1469 C.
447 1416 631 1484 regius
674 1413 1039 1470 Bruxeliensis
1089 1413 1319 1469 membr.
1361 1417 1412 1468 in
1452 1416 1529 1469 4ο.
1562 1433 1683 1469 εει-θ.
1720 1433 1771 1470 x.

189 1515 412 1560 exeunte
439 1506 496 1559 in
519 1505 809 1560 Germania
847 1517 1119 1568 exaratus,
1151 1506 1241 1576 qui
1270 1506 1466 1560 smculo
1509 1523 1572 1559 xv
1599 1506 1777 1560 Codex

187 1597 348 1650 sancti
410 1598 629 1649 martiui
697 1597 749 1650 in
799 1597 1083 1665 span/tegat
1137 1597 1428 1665 inscriptus
1481 1608 1586 1652 est.
1641 1598 1773 1651 Eum

1883 417 2012 456 voce
2053 402 2325 468 suscipito.

1951 493 2048 562 δά)
2085 493 2336 562 Ejusdem
2381 491 2570 547 classis
2601 492 2768 550 fuisse
2816 492 3028 548 videtur
3077 508 3266 558 couex,
3308 496 3460 564 cujus

1882 593 2135 651 excerpta
2185 583 2408 652 legimus
2451 584 2504 636 in
2536 582 2802 637 (llirouico
2834 582 3077 638 Farfcusi
3115 586 3255 655 apud
3285 584 3461 639 Mura-

1882 675 2080 728 torium
2113 674 2211 728 SS.
2245 674 2301 728 ll.
2335 675 2392 738 Β,
2423 690 2476 743 p.
2522 674 2750 728 415417
2776 683 2830 728 et
2871 689 2924 744 p.
2975 674 3103 729 455.
3143 678 3275 731 Cum
3314 679 3459 733 enim

1883 775 2070 820 auctor
2102 765 2221 823 iste.
2279 766 2369 834 qui
2420 767 2578 819 annis
2619 766 2807 835 primis
2861 767 3044 821 surculi
3092 783 3166 822 xu
3220 769 3462 838 scripsit,

1881 857 2094 909 nonnisi
2127 865 2378 924 excerpta
2403 857 2639 926 capitum
2672 858 2764 912 lib.
2798 874 2834 922 I,
2873 859 2922 921 1,
2963 857 3018 924 5,
3046 859 3102 922 5,
3131 858 3224 922 27,
3249 859 3339 922 30,
3368 860 3458 923 51,

1880 946 1977 1011 57;
2007 963 2065 1012 ll,
2098 951 2147 1010 1,
2173 949 2456 1012 9,15,17,
2497 949 2588 1013 ‘20,
2620 949 2709 1012 5'2,
2757 949 2846 1014 57,
2877 951 2969 1014 41,
3014 950 3104 1014 42,
3128 950 3218 1014 Η,
3250 950 3338 1016 47,
3370 949 3459 1014 48,

1881 1037 1979 1099 60;
2016 1053 2096 1096 ιιι.
2147 1038 2328 1101 15-17,
2361 1049 2643 1108 proponat,
2698 1049 2859 1107 atque
2906 1054 2969 1093 cx
3021 1041 3244 1095 consilio
3280 1042 3463 1110 operis

1882 1128 2088 1196 reliqua
2140 1130 2300 1182 etiam
2331 1130 2398 1182 ad
2451 1130 2658 1184 Italiam
2709 1132 2981 1198 facientia,
3011 1133 3055 1188 si
3091 1137 3139 1189 ei
3171 1136 3239 1188 ad
3267 1152 3460 1192 manus

1879 1219 2128 1285 fuissent,
2154 1223 2420 1292 prtecipue
2453 1240 2572 1293 pag.
2605 1223 2732 1288 475,
2772 1224 2898 1292 476,
2933 1227 3020 1281 ubi
3043 1229 3157 1298 jam
3183 1229 3461 1301 llugonem

1883 1312 2131 1366 abbatem
2167 1315 2430 1382 sequitur,
2456 1327 2814 1386 cxcerpturus
2845 1317 3053 1383 fuisset,
3080 1322 3320 1377 codicem
3347 1322 3463 1392 ejus

1880 1416 2032 1468 :cque
2059 1418 2125 1457 ac
2163 1404 2480 1460 Austriacos
2508 1422 2700 1462 omnes
2731 1410 2782 1461 in
2812 1409 2984 1479 prima
3028 1411 3147 1467 libri
3201 1430 3260 1468 ιιι
3309 1425 3464 1485 parte

1881 1494 2208 1559 substitisse,
2233 1499 2442 1567 opinari
2474 1500 2618 1554 licet.
2650 1503 2800 1568 Quod
2834 1506 2876 1558 si
2926 1506 2998 1558 ita
3040 1506 3164 1571 fuit,
3196 1513 3463 1578 supersti-

1883 1585 2026 1639 tibus
2079 1587 2252 1642 adhuc
2308 1591 2575 1659 capitibus
2634 1609 2694 1659 ιι,
2753 1595 2920 1649 26-40
2975 1606 3030 1650 et
3079 1598 3252 1654 45-66
3291 1603 3464 1656 codex

190 1703 321 1741 anuo
362 1686 500 1741 1826
534 1688 800 1758 integrum
831 1687 885 1740 in
919 1702 1045 1740 usus
1071 1696 1288 1740 nostros
1319 1690 1583 1753 converti,
1613 1699 1772 1756 atque

1885 1673 2182 1745 descriptus
2232 1689 2333 1733 est.
2394 1679 2558 1737 Libro
2609 1701 2648 1748 ι,
2707 1701 2754 1739 c.
2809 1688 2896 1740 57.
2953 1689 3299 1745 Lambcrtum
3339 1708 3465 1748 cum

192 1797 218 1832 c
249 1780 553 1833 Monacensi
585 1780 911 1848 descriptum
946 1779 996 1832 iu
1039 1779 1336 1832 Annalibus
1387 1780 1586 1834 nostris
1641 1789 1771 1833 tom.

195 1873 292 1935 V11,
328 1890 378 1942 p.
417 1873 527 1927 396
549 1914 563 1937 ,
598 1873 840 1942 probavi.
893 1872 1186 1941 Scriptum:
1218 1872 1490 1941 specimen
1526 1872 1692 1927 hach
1723 1873 1774 1926 iu

191 1965 358 2018 talmla
407 1966 647 2033 adjecta.
699 1965 841 2017 Idem
874 1964 1065 2027 codex,
1097 1973 1360 2032 quantum
1405 1963 1616 2018 collatis
1645 1963 1777 2018 locis

191 2060 420 2128 judicare
461 2061 634 2122 licet,
674 2059 973 2113 Tritbcmio
1018 2057 1430 2128 Spaulicimensi
1473 2058 1539 2110 ad
1587 2073 1777 2112 manus

199 2153 352 2205 fuisse
369 2152 608 2206 videtur.
636 2151 966 2206 Exciderunt
985 2149 1096 2219 jam
1118 2147 1503 2216 quaterniones
1526 2147 1567 2200 ll
1590 2155 1644 2201 et
1666 2145 1772 2214 llll,

198 2259 307 2298 cum
339 2244 428 2298 lib.
489 2260 529 2298 ιι
562 2285 577 2307 ,
608 2245 742 2297 1-13
766 2284 780 2306 ,
806 2251 860 2296 et
894 2258 952 2304 ιι,
977 2241 1108 2295 ’5-51
1155 2239 1267 2294 fere
1315 2240 1540 2309 integris
1566 2279 1580 2305 ,
1616 2249 1777 2310 atque

201 2335 374 2404 pagina
405 2349 509 2403 qua
549 2334 671 2387 linis
707 2334 741 2385 l.
775 2350 806 2384 v
832 2375 846 2397 ,
876 2349 925 2387 c.
957 2333 1026 2386 '52
1059 2373 1073 2397 ,
1114 2338 1224 2384 tum
1262 2331 1354 2394 33,
1400 2339 1452 2384 et
1483 2345 1775 2400 argumen-

200 2433 296 2477 tum
326 2425 440 2478 libri
498 2441 554 2478 vt
583 2467 597 2490 ,
631 2427 1042 2488 continebatur;
1092 2433 1144 2476 ct
1177 2423 1312 2477 ordo
1357 2423 1776 2491 quaternionum

201 2516 610 2584 Frisiugensium
640 2533 690 2570 vi
735 2527 788 2570 et
835 2532 953 2579 riu,
998 2515 1270 2584 quondam
1303 2515 1552 2568 turbatus
1577 2513 1774 2580 ell'ecit,

200 2619 247 2660 ut
270 2609 407 2664 locus
441 2610 656 2682 integer
689 2611 811 2664 inde
835 2610 903 2664 ab
935 2618 1257 2680 argumento
1285 2624 1406 2678 cap.
1445 2609 1508 2662 31
1549 2609 1671 2664 libri
1699 2625 1772 2675 tv,

205 2697 273 2751 De
312 2698 586 2762 Friderico
631 2716 800 2768 usque
851 2701 916 2754 ad
971 2700 1134 2754 verba
1171 2699 1364 2768 capitis
1411 2698 1480 2754 24
1529 2698 1770 2767 ejusdem

202 2788 305 2841 libri
342 2789 489 2842 Ilanc
525 2790 690 2860 igitur
715 2789 1076 2852 Constantini,
1120 2788 1298 2842 medio
1330 2787 1382 2841 in
1425 2788 1599 2856 capite
1627 2788 1689 2842 γ.
1717 2788 1772 2852 9,

205 2888 313 2930 ante
357 2880 497 2934 solus
562 2881 810 2949 impetum
869 2880 1146 2933 sustineret
1196 2879 1398 2932 inserta
1449 2879 1770 2932 habeantur.

203 2968 443 3024 Ceterum
489 2971 707 3025 nonnisi
741 2971 792 3024 in
837 2972 921 3024 his
952 2971 1161 3024 duobus
1194 2970 1473 3025 codicibus
1519 2969 1770 3025 ultimum

201 3055 305 3111 libri
336 3075 381 3111 γι
408 3070 575 3129 caput
601 3061 868 3130 integrum
897 3068 1077 3114 exstat

262 3146 310 3215 5,
339 3148 396 3202 (ἒ.
424 3149 608 3204 Musmi
639 3150 935 3204 Britannici
982 3151 1127 3204 inter
1177 3150 1498 3207 Harleianos
1529 3169 1586 3206 ιι.
1632 3151 1772 3210 2638

204 3237 248 3289 in
294 3239 379 3292 fol.
433 3243 753 3296 membrana
816 3252 871 3296 ct
912 3243 1178 3312 scriptura
1213 3244 1392 3299 saeculi
1446 3262 1544 3300 xm
1602 3245 1770 3310 Italis,

207 3345 262 3383 ex
301 3334 480 3387 codice
534 3350 786 3389 manasse
833 3335 1044 3390 videtur
1067 3337 1292 3406 singulis
1326 3339 1774 3406 quateruiouibus

206 3427 516 3494 manco,vpii
549 3436 729 3480 tamen
761 3437 814 3482 et
845 3428 955 3496 ipse
996 3445 1058 3480 ex
1117 3429 1450 3500 Frisiugeusi
1496 3431 1774 3485 derivatus

209 3521 353 3565 esset.
388 3513 502 3568 Lib.
535 3531 572 3578 ι,
608 3515 698 3579 42,
734 3525 936 3569 textum
987 3517 1318 3586 singularem
1349 3518 1590 3583 exhibet,
1623 3534 1683 3584 ιι,
1717 3518 1771 3584 ϐ,

207 3612 251 3652 et
269 3603 444 3671 26-40,
468 3605 670 3662 45-66:
704 3622 787 3670 ιιι,
809 3607 913 3669 26;
940 3623 1012 3670 tv,
1037 3608 1100 3672 6;
1134 3623 1206 3672 ιν,
1232 3607 1383 3672 9-14,
1420 3608 1534 3662 fere
1567 3609 1773 3677 integra

205 3697 580 3762 desiderantur,
626 3700 719 3753 sed
776 3699 986 3753 lacunis
1045 3700 1186 3754 haud
1246 3700 1517 3754 iudicatis.
1565 3699 1773 3755 Desinit

205 3783 284 3840 lib.
312 3803 362 3851 v,
395 3791 480 3854 18,
532 3792 585 3845 in
613 3791 792 3844 verbis
841 3807 894 3844 se
948 3789 1054 3859 regi
1098 3790 1428 3843 seminudum
1457 3791 1769 3845 ostenderet.

212 3875 418 3933 Textum
446 3883 625 3952 capite
648 3898 686 3946 ι,
721 3881 809 3946 4‘2,
835 3882 1083 3936 eumdem
1129 3891 1183 3936 et
1214 3881 1434 3936 lacunas
1461 3881 1677 3936 easdem
1708 3897 1770 3945 ιι,

206 3967 252 4031 6,
292 3979 441 4040 atque
498 3989 558 4035 ιι,
613 3972 776 4026 45-66
827 3973 1102 4035 exhibent,
1158 3972 1385 4042 ideoque
1415 3971 1482 4026 ad
1524 3973 1768 4026 eamdem

207 4059 407 4117 classem
440 4065 710 4120 referendi
740 4073 868 4119 sunt
888 4064 1104 4119 codices
1135 4063 1439 4134 complures
1473 4064 1524 4118 in
1551 4063 1767 4118 Austria

208 4163 231 4198 a
259 4166 333 4204 me
355 4153 547 4206 evoluti
584 4171 597 4206 :

268 4241 356 4310 5⁸)
387 4241 446 4298 C.
501 4245 630 4298 bibl.
678 4245 939 4299 Palatina:
993 4246 1423 4300 Vindobonensis
1469 4247 1609 4300 inter
1637 4247 1763 4300 hist.
1813 4263 1817 4268 ·

209 4329 327 4396 prof.
356 4349 406 4385 ιι.
449 4335 574 4399 338,
607 4337 838 4390 membr.
871 4352 998 4390 suae.
1032 4353 1129 4398 xu,
1183 4337 1336 4406 cujus
1382 4337 1644 4392 lectiones
1669 4337 1768 4391 ali-

1881 1767 2156 1824 codicibus
2209 1772 2256 1836 1,
2311 1773 2368 1837 ἓ,

1881 1867 2056 1911 vocat.

1951 1948 2102 2006 Patet
2127 1953 2290 2023 igitur
2311 1957 2550 2012 codicem
2568 1959 2681 2026 jam
2707 1962 3069 2032 deperditum,
3088 1969 3229 2024 unde
3247 1969 3465 2025 codices

1879 2040 2151 2096 Austriaci
2198 2053 2250 2098 et
2294 2044 2408 2099 Itali
2457 2049 2513 2118 5)
2554 2052 2640 2119 5⁸)
2690 2052 2778 2123 51))
2815 2054 2900 2123 ὅσ)
2939 2057 3058 2126 36")
3108 2057 3194 2129 5³)
3231 2061 3462 2115 derivati

1881 2139 2025 2196 sunt,
2061 2133 2256 2188 swculo
2307 2152 2334 2189 x
2385 2147 2556 2192 autvt
2607 2143 2866 2212 scriptum
2918 2145 3114 2211 fuisse;
3170 2165 3292 2203 cum
3348 2150 3460 2204 for-

1883 2231 2026 2277 tasse
2063 2225 2261 2281 sacculo
2296 2243 2327 2280 ι
2379 2231 2557 2287 medio
2607 2235 3009 2304 assignandum,
3062 2237 3202 2294 infra
3258 2242 3292 2294 5

1880 2315 2114 2370 nebitur.

1948 2404 2004 2475 4)
2041 2406 2100 2461 C.
2132 2407 2314 2465 Muszci
2364 2410 2663 2468 Britannici
2705 2417 2849 2473 inter
2879 2418 3194 2477 llarleianos
3233 2439 3288 2477 ιι.
3321 2425 3460 2480 5685

1878 2496 2055 2552 chart.
2104 2501 2156 2554 in
2190 2502 2281 2556 fol.
2313 2519 2437 2559 szcc.
2483 2522 2597 2571 xu,
2628 2507 2756 2562 olim
2787 2510 3264 2580 Peutingcrianus;
3306 2534 3462 2588 :cque

1879 2602 1944 2642 ac
1972 2589 2188 2646 codices
2223 2593 2240 2646 1
2291 2605 2345 2648 et
2379 2595 2415 2648 2
2455 2595 2747 2653 Historiam
2776 2602 2990 2658 Ottonis
3023 2603 3176 2660 libris
3221 2606 3463 2678 Antapo-

1875 2680 2071 2736 doscos
2098 2685 2394 2751 prwmittit,
2425 2687 2512 2742 illa
2539 2689 2766 2760 integra,
2802 2693 2940 2758 hinc,
2967 2694 3123 2765 cujus
3168 2697 3290 2750 linis
3320 2699 3463 2754 lectu

1879 2770 2168 2837 dillicilior,
2186 2775 2298 2842 jam
2332 2777 2487 2834 initio
2520 2783 2716 2850 capitis
2739 2797 2785 2837 vi
2824 2784 2890 2838 ιυ
2917 2786 3132 2840 desiuit.

1949 2862 2005 2932 5)
2038 2865 2097 2918 (ἒ.
2148 2865 2469 2924 llarleianus
2497 2887 2552 2924 ιι.
2583 2872 2724 2927 5715
2759 2878 2987 2930 membr.
3029 2893 3157 2933 saec.
3206 2896 3258 2934 xl
3299 2883 3462 2948 iit-4°,

1878 2968 1946 3008 ex
1972 2953 2261 3011 Germania
2285 2959 2570 3027 oriundus,
2590 2971 2646 3017 ut
2671 2975 2793 3019 uota
2819 2968 3001 3022 saeculi
3032 2985 3150 3035 xm,
3171 2971 3464 3028 Everwicus

2413 1775 2466 1840 5,
2524 1787 2670 1833 recte
2732 1781 2884 1834 nimis
2941 1782 3244 1838 bellicosum
3292 1803 3464 1858 regem

3341 2259 3461 2298 mo-

1801 3058 1846 3118 C
1876 3043 1942 3096 de
1970 3054 2248 3115 stegrauen
2297 3060 2352 3105 et
2397 3051 2500 3106 alia
2537 3055 2718 3110 saeculi
2767 3073 2879 3124 xvi,
2937 3059 3108 3115 Marie
3154 3061 3376 3119 il’olters
3409 3075 3465 3120 et

1879 3131 2149 3190 Wiebotde
2184 3141 2513 3208 ostendunt;
2551 3153 2606 3198 et
2656 3146 2771 3214 ipse
2824 3164 2892 3203 ex
2947 3149 3279 3222 Frisingensi
3325 3156 3464 3210 male

1876 3223 2149 3281 intellecto
2173 3228 2349 3285 ﬂuxit.
2376 3231 2675 3300 Quaternio
2701 3255 2824 3293 cum
2871 3240 2964 3295 lib.
3017 3259 3098 3307 ιιι,
3123 3244 3291 3298 ‘25-“
3316 3248 3464 3301 exci-

1875 3317 1982 3383 dit;
2014 3319 2108 3375 lib.
2135 3337 2184 3375 vt
2211 3324 2408 3380 desiuit
2434 3327 2484 3381 in
2511 3331 2734 3386 vocibus
2756 3336 3109 3402 spatariorum
3151 3339 3460 3392 candidato—

1876 3423 2011 3461 rum.
2036 3409 2131 3465 Cui
2152 3411 2387 3469 Historia
2408 3415 2623 3474 Ottonis
2647 3435 2746 3489 pro
2770 3421 2909 3478 libro
2933 3424 3164 3494 septimo
3191 3426 3459 3494 subjecta,

1875 3501 1949 3555 ita
1979 3503 2138 3560 linit:
2172 3506 2293 3561 Non
2323 3510 2443 3578 jam
2479 3529 2639 3567 reme.
2675 3525 2750 3569 set
2780 3516 2832 3569 in
2867 3517 3081 3570 exilium
3110 3519 3454 3575 destinamus.

1876 3593 2164 3652 Lectiones
2191 3600 2352 3670 hujus
2375 3605 2579 3659 codicis
2601 3607 2842 3661 enotavit
2867 3609 3139 3677 quondam
3163 3610 3224 3664 P.
3245 3609 3460 3666 Scrive-

1876 3686 2183 3755 rius,cujus
2208 3699 2350 3745 noue
2381 3693 2433 3746 iu
2458 3695 2787 3752 bibliotheca
2818 3697 3254 3771 lleidelbergcusi
3283 3717 3462 3757 asser~

1876 3788 2100 3843 rantur;
2135 3783 2384 3848 equidem
2417 3800 2540 3838 eum
2569 3801 2621 3838 a.
2672 3787 2808 3842 1827
2839 3788 3035 3844 evolvi.
3067 3793 3308 3858 Quocum
3335 3795 3456 3864 plu-

1879 3870 2073 3925 rimum
2105 3878 2396 3941 consentit,
2429 3877 2572 3933 vitiis
2600 3889 2777 3935 tamen
2806 3882 3068 3938 adauctis.

1947 3964 2034 4035 5ο)
2091 3964 2152 4020 C.
2199 3967 2329 4021 olim
2384 3969 2812 4038 Gemblacensis,
2860 3975 2972 4044 jam
3030 3978 3081 4032 in
3133 3980 3265 4035 bibl.
3313 3985 3459 4054 regia

1875 4055 2210 4113 Bruxellensi
2276 4073 2608 4129 asservatus,
2673 4067 2900 4121 membr.
2970 4085 3095 4124 saec.
3159 4088 3234 4137 xl,
3296 4089 3457 4143 quem

1875 4149 2081 4201 auctori
2111 4148 2248 4204 Vita:
2272 4153 2444 4206 sancti
2470 4154 2695 4209 Gcrardi
2745 4157 2955 4213 abbatis
2982 4159 3293 4218 Brouicnsis
3321 4167 3456 4235 (49),

1874 4237 2195 4296 Ekkchardo
2245 4242 2586 4316 Uraugiensi,
2632 4247 2916 4318 Sigeberto
2963 4253 3340 4313 Gemblaceusi
3405 4271 3460 4315 et

1873 4329 2126 4387 Alberico
2157 4333 2340 4390 Trium
2365 4337 2615 4393 Fontium
2666 4344 2930 4399 menacho
2953 4346 3019 4400 ad
3047 4362 3240 4404 manus
3268 4351 3454 4413 fuisse,

210 4431 320 4487 qum
347 4423 395 4477 in
443 4425 720 4481 Muramrii
769 4427 868 4483 SS.
900 4428 960 4482 ιι⁹
996 4428 1054 4481 Β,
1092 4428 1224 4483 1089
1251 4444 1369 4498 sqq,
1397 4430 1571 4484 οιιςηεη
1599 4439 1754 4496 sum;
1793 4411 1842 4470 D
1872 4421 2192 4477 lectionibus
2215 4424 2340 4478 inde
2362 4427 2684 4496 desumptis,
2710 4431 2850 4485 haud
2876 4433 3306 4504 improbabiliter
3327 4411 3454 4493 con;

210 4509 380 4568 desinit
431 4516 482 4570 in
536 4519 710 4588 capite
769 4535 864 4584 ιιι,
921 4519 1022 4584 57,
1075 4521 1474 4590 primogenitum
1533 4521 1758 4576 Domino

212 4598 370 4656 Amen.

268 4689 355 4762 5b)
377 4695 434 4750 C.
457 4697 584 4753 bibl.
605 4699 1251 4771 Claustroneoburgensis
1270 4703 1498 4756 membr.
1517 4717 1643 4758 szec.
1663 4718 1758 4763 xu,

214 4776 257 4829 iu
276 4786 430 4851 capite
456 4805 535 4854 ιιι,
562 4791 654 4855 37,
680 4807 782 4844 una
807 4791 947 4845 linea
971 4792 1210 4847 anterius
1231 4793 1431 4847 desinit
1458 4793 1510 4846 in
1537 4793 1761 4863 syllabis

213 4873 427 4928 vocabulo
449 4876 575 4932 Con.

268 4958 353 5031 δε)
381 4965 434 5018 C.
470 4968 597 5023 bibl.
622 4970 964 5026 chtllcnsis
989 4973 1216 5028 membr.
1244 4989 1370 5029 saec.
1399 4989 1471 5026 xu
1499 4989 1651 5043 aeque
1673 4992 1757 5030 ac.

269 5049 390 5121 5”)
432 5055 490 5110 C.
545 5060 678 5114 bibl.
731 5060 904 5116 Palat.
956 5061 1392 5120 Vindobonensis
1441 5063 1582 5117 inter
1629 5065 1756 5120 hist.

217 5139 332 5201 prof.
353 5159 402 5197 n.
427 5146 544 5213 178,
563 5151 790 5206 membr.
806 5168 931 5208 sine.
954 5168 1070 5218 xm,
1095 5153 1248 5223 cujus
1273 5167 1479 5226 paucas
1501 5153 1759 5214 lectiones

1864 4512 2100 4580 jicimus.
2134 4515 2471 4585 Descriptum
2499 4518 2664 4574 fuisse
2687 4536 2748 4576 ex
2776 4522 3066 4580 llarleiano
3097 4529 3455 4596 quateruione

1870 4606 2107 4660 nondum
2155 4609 2355 4663 amisso
2408 4611 2490 4666 vel
2539 4612 2646 4668 alio
2700 4617 2940 4686 ejusdem
2983 4619 3196 4683 classis,
3251 4623 3450 4677 caedem

1872 4697 2074 4752 lacuna:
2099 4709 2151 4752 et
2181 4699 2440 4757 lectiones
2463 4703 2722 4762 indicant.
2753 4708 2942 4764 Scriba
2969 4719 3148 4765 tamen
3179 4713 3452 4768 nonnullis

1871 4786 2009 4841 locis
2065 4799 2159 4843 aut
2194 4789 2306 4858 jam
2339 4793 2652 4863 depravatis
2684 4809 2776 4853 aut
2814 4814 3096 4869 perperam
3141 4801 3210 4855 ab
3261 4817 3328 4856 co
3375 4804 3455 4856 in-

1872 4878 2101 4936 tellectis
2162 4881 2265 4937 levi
2329 4884 2643 4954 conjectura
2709 4889 2911 4943 mederi
2977 4890 3227 4961 styloque
3285 4892 3452 4946 etiam

1869 4984 2186 5029 succurrere
2231 4983 2459 5030 conatus
2510 4985 2610 5031 est.
2642 4978 2824 5032 Fluxit
2850 4977 2976 5032 inde
3001 4990 3099 5035 aut
3128 4997 3193 5035 ex
3223 4995 3459 5050 apogra-

1871 5060 1974 5128 pho
1995 5060 2132 5130 ejus.

1940 5152 2031 5225 5⁸)
2064 5159 2244 5215 Editio
2279 5159 2532 5228 princeps
2559 5159 2826 5215 Guilielmi
2877 5159 3036 5214 Parvi
3085 5179 3176 5218 an.
3231 5159 3459 5233 liiituin
