4012 5340
480 0 629 50 mtto,
665 0 803 56 lyplS
835 0 1180 36 Λδυριιδιίιιιιδ
1202 22 1216 46 ,
1261 0 1512 36 011111101ιὸ
1554 0 1760 34 tacunls
1789 0 1843 34 ει
1867 0 2059 50 uepra-
2092 0 2132 40 ἢ
2167 0 2414 36 namtrez
2451 0 2517 36 (10
2558 0 2735 37 ΙἸἮΟΟ
2779 0 2831 36 111
2856 0 3095 37 eatttonc
3125 0 3360 52 Uperum
3408 0 3732 54 Ltuapmnat

479 79 621 134 vatis
664 73 869 132 codicis
909 71 1319 128 Gemblacensis
1371 72 1695 127 lectionibus
1740 72 2054 141 conspicua,
2158 69 3109 141 Antverpiensian.1640,Cbesnius
3137 81 3265 127 tom.
3291 72 3353 126 lll
3384 71 3485 127 SS.
3512 71 3737 128 Franci-

477 171 677 240 quibus
701 167 877 222 editor
899 163 1210 234 conjectura
1237 179 1332 220 sua
1362 164 1648 220 subvenire
1671 179 2057 232 nonnunquam
2165 177 2350 217 corum
2377 152 2474 217 an:
2497 163 2654 228 1641,
2703 163 2938 220 Joannes
2981 165 3036 219 in
3063 179 3199 220 nova
3228 165 3464 220 editione
3494 165 3730 235 Scripto-

478 259 626 314 ltaud
652 255 964 319 infeliciter,
989 253 1184 324 saepius
1205 268 1354 319 vero,
1398 261 1458 307 ut
1483 268 1580 323 pro
1608 252 1864 324 singulari
1894 252 2060 307 Liud-
2162 269 2280 308 rum
2315 253 2546 308 Reuberi
2573 268 2662 308 an.
2697 253 2853 319 1726,
2877 262 2932 309 et
2954 252 3283 310 Muratorius
3324 255 3483 309 annis
3511 254 3648 308 1723
3679 263 3738 309 et

477 349 674 420 prandi
727 346 1001 403 scribendi
1059 345 1273 401 ratione
1337 345 1480 400 haud
1534 346 1691 401 aliter
1751 345 2056 402 exspectari
2165 344 2303 399 1726
2326 344 2424 399 SS.
2449 345 2592 409 ltal.,
2624 353 2757 400 tom.
2782 344 2845 411 ll,
2877 355 3283 416 expresserunt,
3330 345 3433 400 nisi
3456 345 3596 415 quod
3621 343 3741 399 Mu-

477 451 714 515 poterat,
747 441 976 497 adversa
1002 439 1216 494 fortuna
1242 439 1490 494 tentavit.
2164 450 2222 488 ra
2234 435 2454 499 torium,
2472 433 2649 490 allatis
2671 444 2802 490 tom.
2825 434 2866 489 ll
2892 435 2952 488 Β.
2980 434 3185 506 aliquot
3207 436 3454 492 codicum
3482 435 3746 492 Vindobo-

554 533 608 604 6)
640 532 701 588 C.
735 531 920 603 regius
940 530 1268 585 Parisiensis
1299 546 1354 584 n.
1380 528 1541 595 5922,
1560 528 1812 594 membr.,
1837 543 1960 584 sae.
1982 545 2060 583 xu
2163 527 2414 596 nensiurn
2433 527 2496 580 5a
2518 533 2573 581 et
2611 525 2712 580 15°“
2739 525 3080 591 lectionibus,
3116 526 3304 584 tertias
3344 525 3746 598 quodammodo

487 631 543 682 in
567 625 862 682 Germania
891 632 1170 688 exaratus,
1197 622 1394 677 saeculo
1416 638 1508 688 xv,
1539 621 1669 675 liber
1699 632 1874 676 sancte
1893 621 2064 676 Marie
2163 619 2313 689 operi
2343 633 2501 674 curas
2525 617 2828 674 admovisse
2849 617 3030 674 dicere
3059 618 3234 689 possis

479 718 693 789 virginis
743 718 799 772 in
856 715 1138 786 Otterburg
1184 713 1489 784 Moguntina
1533 713 1754 767 diocesi:
1813 711 2061 783 Gregorii

479 809 816 866 Turonensis
861 806 1106 862 historiae
1145 805 1280 860 eccl.
1332 805 1499 860 libros
1544 813 1654 859 tres
1698 805 1906 873 priores
1933 818 2055 857 cum

479 903 634 957 i-nitio
659 899 860 972 quarti,
897 909 1006 954 tum
1040 898 1334 969 Reginoms
1358 896 1662 952 Chronicon
1691 896 1894 964 absque
1933 909 2063 949 con-

479 990 873 1048 tinuationibus
895 989 1118 1060 praebet,
1152 987 1238 1042 cui
1278 987 1685 1058 Antapoduseos
1721 985 1812 1040 lib.
1849 1002 1884 1049 ι,
1916 1001 1964 1041 c.
1999 985 2062 1039 5-

481 1083 542 1136 11
568 1099 582 1144 ;
608 1099 679 1146 vr,
727 1080 786 1147 5,
815 1095 989 1150 usque
1035 1079 1248 1134 arbores
1285 1079 1664 1142 subvehuntur,
1703 1093 1778 1144 ιιι,
1829 1077 1879 1140 8,
1921 1079 1976 1144 9,
2010 1084 2065 1131 et

481 1173 734 1230 Historia
774 1171 988 1228 Ottonis
1029 1185 1150 1240 cap.
1201 1170 1285 1234 15,
1332 1170 1456 1224 inde
1485 1169 1555 1224 ab
1587 1168 1686 1223 His
1718 1170 1870 1222 dictis
1897 1185 2065 1238 usque

477 1282 595 1336 cap.
636 1265 730 1331 20,
762 1265 824 1318 ob
873 1263 1205 1318 elemosinam
1247 1263 1454 1317 adnexa
1493 1269 1640 1316 sunt.
1679 1259 1808 1328 Quae
1845 1261 2061 1330 quidem

475 1373 632 1428 atque
663 1371 744 1411 ac.
2090 1347 2137 1407 Β

2233 755 2350 811 Jam
2388 755 2490 810 tria
2518 762 2644 826 post
2669 754 2865 811 srecula
2894 769 3032 810 nova
3060 753 3224 809 editio
3271 760 3337 808 ad
3367 767 3615 808 normam
3647 768 3748 808 au-

2165 848 2412 920 tographi
2466 847 2754 913 instituta,
2807 855 3069 917 quantum
3123 861 3153 900 a
3210 845 3432 915 reliquis
3489 844 3742 912 diﬂ’erat,

2163 949 2366 1010 quanto
2396 939 2637 994 historia:
2667 939 2953 994 commodo
2973 938 3086 1010 jam
3115 938 3362 1009 prodeat,
3390 953 3558 1008 penes
3588 938 3753 994 lecto-

2164 1047 2252 1087 res
2291 1031 2556 1102 judicium
2600 1039 2736 1087 esto.
2783 1031 3130 1102 Amplissima
3176 1030 3472 1086 lectionum
3523 1039 3749 1101 segete,

2165 1113 2348 1192 quam,
2379 1130 2672 1191 antequam
2701 1119 3094 1192 autographum
3143 1120 3209 1175 ad
3253 1135 3447 1175 manus
3486 1120 3750 1184 venisset,

2164 1232 2230 1270 ex
2277 1216 2553 1271 codicibus
2587 1214 3044 1280 Bruxellensibus,
3074 1213 3510 1270 Londinensibus
3543 1224 3599 1269 et
3631 1215 3749 1268 Au-

2164 1308 2377 1364 striacis
2412 1308 2756 1379 collegeram,
2791 1307 2987 1373 recisa,
3019 1322 3111 1362 eas
3160 1316 3370 1362 tantum
3409 1306 3604 1361 aﬂ‘erre
3633 1306 3751 1376 pla-

777 1469 780 1471 ,
2091 1398 2134 1407 ’”
2164 1402 2297 1468 cuit,
2319 1401 2461 1455 unde
2485 1402 2726 1456 diversas
2749 1399 2994 1455 codicum
3019 1399 3222 1454 classes
3245 1413 3539 1469 agnoscere
3563 1398 3744 1452 datur.

549 1494 604 1562 7)
630 1491 688 1546 C.
722 1488 1088 1544 Bruxellensis
1136 1488 1312 1543 ehart.
1369 1488 1421 1542 in
1474 1486 1565 1542 fol.
1612 1501 1737 1542 saec.
1783 1502 1895 1550 χιιι,
1931 1485 2058 1541 olim
2164 1491 2307 1546 Idem
2335 1493 2388 1546 in
2419 1479 2845 1562 corruptissimis
2872 1490 3166 1544 editionum
3213 1488 3536 1545 lectionibus
3565 1488 3750 1545 obser-

480 1581 699 1636 Antonii
723 1579 886 1636 Cauei
918 1578 1308 1648 archiepiscopi
1338 1576 1710 1646 Coriphensis,
1738 1584 1810 1630 et.
2164 1582 2304 1636 vavi.
2332 1583 2478 1636 Auro
2511 1582 2651 1636 enim
2699 1583 2987 1652 purissimo
3019 1582 3266 1649 decocto,
3298 1581 3534 1638 scoriam
3576 1581 3744 1639 relin-

551 1672 604 1740 8)
641 1670 701 1724 C.
755 1669 1149 1724 Ambrosianus
1175 1668 1352 1723 cltart.
1404 1682 1529 1722 saec.
1584 1681 1694 1732 xvr,
1726 1666 1816 1735 qui
1870 1665 2062 1720 iisdem
2164 1687 2332 1742 quem
2363 1673 2615 1728 delectat.

480 1763 661 1818 verbis
695 1777 759 1817 ac
780 1761 1044 1818 editiones
1075 1761 1294 1826 desinit,
1343 1760 1417 1815 ita
1454 1767 1766 1829 comparata
1797 1766 1970 1821 erant,
2005 1765 2061 1812 ut

477 1854 546 1908 iis
573 1854 624 1908 in
673 1867 812 1909 nova
853 1851 1091 1909 editione
1117 1851 1339 1906 omnino
1367 1865 1464 1906 nos
1497 1865 1686 1906 carere
1714 1865 1872 1922 posse
1905 1849 2063 1904 intel-

479 1946 720 2017 ligerem.

2236 1799 2546 1870 Legationis
2574 1801 2816 1858 libellum
2852 1819 2882 1860 a
2931 1803 3150 1862 Canisio
3180 1821 3284 1861 una
3317 1823 3440 1862 cum
3477 1793 3751 1864 chronicis

2166 1889 2404 1947 Victoris
2447 1891 2825 1950 Tunnunensis
2853 1903 2908 1950 et
2945 1891 3170 1952 Joannis
3198 1897 3548 1953 Biclariensis
3578 1898 3750 1970 lngul-

2163 1983 2328 2039 81adii
2376 1998 2428 2038 a.
2476 1983 2612 2039 1600
2649 1985 2784 2039 1η-4ο
2810 1987 3041 2056 primum
3079 1989 3409 2058 evulgatutn,
3455 1991 3692 2060 indeque
3721 2007 3750 2045 a

549 2079 885 2148 Liudprandi
904 2078 1143 2136 historiae
1159 2080 1446 2136 undecimo
1461 2079 1850 2137 etduodeeimo
1865 2078 2063 2135 smculo
2165 2073 2398 2130 Baronio
2427 2073 2492 2129 ad
2521 2089 2610 2129 an.
2639 2075 2762 2141 968,
2791 2075 3084 2133 Muratorio
3111 2078 3210 2134 SS.
3241 2079 3332 2144 ll.,
3361 2087 3416 2134 et
3457 2079 3751 2135 Nicbuhrio

483 2170 552 2225 ab
583 2168 860 2225 historicis
882 2168 936 2223 in
963 2185 1092 2224 usus
1115 2185 1242 2225 suos
1269 2185 1548 2226 conversa:
1583 2179 1728 2232 sunt,
1754 2169 1823 2226 ab
1841 2177 2064 2226 auctore
2165 2182 2288 2224 meo
2317 2179 2448 2223 tom.
2473 2167 2540 2222 XI
2566 2167 2666 2224 SS.
2694 2167 2919 2240 Byzant.
2945 2172 3250 2239 repetitum,
3265 2172 3375 2242 jam
3408 2173 3557 2228 edita
3585 2173 3754 2226 Anta-

477 2259 618 2315 -Vitae
667 2257 843 2313 sancti
888 2255 1117 2313 Gerardi
1165 2257 1500 2324 Broniensis,
1541 2257 1863 2314 Ekkehardo
1889 2257 2067 2314 Urau-
2166 2257 2352 2327 podosi
2381 2266 2436 2313 et
2463 2257 2698 2314 Historia
2726 2258 2939 2316 Ottonis
2987 2259 3315 2332 Liudprandi
3351 2263 3628 2319 scribendi
3659 2277 3745 2317 ra-

478 2352 675 2424 giensi,
706 2350 1039 2421 chronologo
1080 2350 1348 2416 Farfensi,
1378 2361 1432 2406 et
1488 2349 1771 2422 Sigeberto
1809 2350 2062 2406 Gembla-
2168 2347 2369 2402 tionem
2399 2357 2454 2402 et
2485 2357 2727 2403 textuum
2765 2351 3166 2420 corruptionem
3197 2353 3426 2422 experti,
3483 2353 3742 2408 intactum

480 2444 664 2509 censi;
700 2442 898 2498 saeculo
928 2458 1027 2496 xm
1059 2442 1127 2497 ab
1156 2441 1408 2498 Alberico
1434 2441 1621 2496 Trium
1662 2441 1911 2496 Fontium
1953 2455 2066 2494 mo.
2169 2437 2496 2509 relinquere,
2526 2439 2650 2495 licet
2689 2439 2878 2497 codice
2921 2443 3079 2500 unico
3107 2442 3415 2498 Trevircnsi
3444 2445 3750 2515 deperdita,

477 2533 688 2598 naebo;
714 2533 912 2588 saeculo
934 2549 1024 2589 xiv
1056 2533 1122 2588 ab
1153 2532 1388 2588 Henrico
1413 2532 1479 2587 de
1506 2531 1838 2595 Hervordia;
1867 2531 2065 2588 saeculo
2167 2528 2321 2585 nefas
2352 2530 2628 2596 duximus,
2660 2540 2826 2601 atque
2871 2547 3034 2602 opere
3069 2543 3319 2604 suscepto
3365 2545 3569 2604 praeter
3602 2551 3748 2606 spem
3788 2533 3790 2536 ’

481 2639 550 2677 xv
601 2638 632 2676 a
676 2622 978 2680 Trithemio
1019 2624 1216 2680 abbate
1272 2622 1708 2694 Spanheimensi.
1755 2623 2062 2680 Editionem
2167 2619 2371 2676 factum
2395 2627 2498 2686 est,
2524 2629 2584 2675 ut
2608 2620 2740 2676 locis
2769 2621 3038 2677 nonnullis
3066 2623 3245 2694 magni
3291 2625 3556 2679 momenti
3601 2639 3755 2679 sana-

484 2714 809 2786 ptincipem,
840 2723 899 2770 ut
937 2731 1100 2786 supra
1131 2715 1573 2779 memoravimus,
1612 2729 1756 2769 anno
1790 2715 1924 2769 1514
1947 2713 2065 2770 vul-
2093 2700 2138 2764 C
2175 2721 2287 2767 tum
2313 2712 2604 2768 lectoribus
2629 2726 2932 2783 proponere
2960 2713 3139 2768 liceat.
3165 2713 3513 2785 Legationem
3544 2734 3562 2766 ‹
3589 2714 3754 2770 livore

481 2814 688 2873 galam,
735 2803 1036 2876 Hervagius
1064 2806 1117 2860 in
1170 2805 1408 2861 editione
1451 2805 1748 2861 Basileensi
1791 2821 1882 2860 an.
1927 2804 2068 2861 1552
2172 2813 2224 2860 et
2254 2805 2377 2861 odio
2405 2806 2620 2874 plenam
2657 2820 2842 2860 verum
2873 2805 2952 2860 sic
2994 2820 3210 2876 quoque
3251 2807 3318 2860 ad
3347 2821 3530 2862 rerum
3574 2808 3757 2877 cogni-

494 2897 730 2965 repetiit,
759 2897 1000 2953 adhibito
1031 2906 1208 2954 tamen
1235 2899 1422 2969 paucis
1460 2899 1518 2954 in
1547 2898 1678 2954 locis
1706 2899 1889 2954 codice
1912 2897 2067 2953 bona:
2177 2896 2375 2951 tionem
2405 2896 2746 2950 utilissimam
2773 2914 2792 2948 ι
2824 2894 3150 2951 Niebuhrius
3182 2896 3469 2966 praedicat;
3510 2911 3555 2952 ei
3599 2895 3757 2951 Liud-

484 2997 650 3052 notae,
682 2988 836 3058 cujus
857 2988 1124 3046 lectiones
1155 2990 1209 3044 in
1237 2999 1383 3046 textu
1413 2991 1482 3046 ab
1505 2990 1630 3046 inde
1656 2998 2062 3046 remanserunt.
2177 2986 2374 3056 prandi
2425 2987 2479 3041 in
2529 3002 2594 3042 ea
2641 2988 2879 3042 animum
2928 2987 3129 3056 vigoris
3175 2997 3229 3043 et
3278 2987 3603 3059 eloquentiae
3657 2989 3755 3042 sibi

484 3079 619 3132 Nam
653 3078 848 3134 librum
905 3079 1270 3138 Basileensem
1311 3081 1550 3137 universi
1591 3089 1776 3150 postea
1807 3079 2064 3147 editores,
2175 3087 2374 3148 paratae
2406 3079 2618 3149 apicem
2647 3079 2908 3150 attigisse,
2940 3094 3121 3136 rerum
3150 3093 3336 3135 earum
3367 3079 3600 3136 studiosi
3620 3078 3759 3149 judi-

484 3169 674 3225 Justus
701 3167 983 3228 Reuberus
999 3172 1051 3228 in
1080 3170 1178 3229 SS.
1205 3188 1294 3228 an.
1322 3171 1458 3228 1581
1474 3179 1527 3227 et
1559 3170 1712 3239 1619,
1737 3167 2066 3227 Laurentius
2180 3172 2396 3228 cabunt.
