4012 5340
1019 286 1528 380 ΝΟΤΙΤΙΑ
1592 287 2064 381 BIBLIOG

2172 288 2598 383 API-IICA
2665 291 3114 380 ALTERA

1774 481 1840 536 IN
1878 481 2398 538 LIUTPRANDUM.

852 640 1040 712 (Apud
1075 637 1379 696 Fabricium
1452 637 1780 692 Bibliotheca
1805 637 1988 691 media:
2023 647 2070 692 et
2100 636 2295 704 inﬁma:
2331 636 2650 703 Latinitatis,
2684 645 2812 692 tom.
2846 635 2934 700 IV,
2961 654 3080 712 pag.
3111 640 3268 711 291.)

1902 798 2276 817 —I—

541 921 937 982 Lurrrnmnus,
969 917 1090 972 aliis
1118 917 1492 988 Liutprandus,
1519 913 1899 978 Litobrandus,
1925 911 2039 966 Eu—
2066 915 2118 974 Α
2145 910 2270 976 417,
2298 911 2388 966 ubi
2411 911 2779 979 etiamrarias
2819 911 3074 970 lectiones
3103 930 3167 970 ex
3196 915 3365 972 tribus
3399 931 3534 973 mss.
3577 920 3726 976 codi-

474 1012 711 1073 tramtus,
736 1017 866 1072 etc.,
891 1007 1189 1062 Trithemio
1231 1021 1348 1074 cap.
1380 1005 1484 1059 562
1506 1045 1521 1070 ,
1544 1019 1607 1058 ex
1636 1003 1797 1072 Papia
1826 1001 2043 1058 civitate

474 1103 766 1168 oriundus;
813 1101 932 1156 aliis
957 1101 1134 1155 minus
1183 1099 1534 1167 probabiliter
1574 1096 1860 1167 Hispanus,
1897 1104 2046 1152 certe

475 1211 504 1247 a
529 1193 856 1264 Luitprando
880 1193 1158 1258 Toletano,
1183 1191 1227 1246 si
1249 1191 1368 1262 quis
1390 1190 1509 1256 fuit,
1534 1190 1758 1246 diacono
1782 1190 2044 1256 diversus,

478 1295 639 1356 atque
667 1301 732 1340 ex
761 1285 991 1340 diacono
1032 1281 1300 1338 Ticineusi
1333 1283 1446 1337 sive
1491 1280 1739 1350 Papiensi
1768 1280 2050 1350 episcopus

477 1375 855 1430 Cremonensis
882 1383 936 1428 ct
963 1363 1170 1428 duabus
1213 1371 1567 1442 legationibus
1601 1369 2052 1440 Constantinopo—

479 1466 569 1520 lim
616 1464 959 1534 perfunctus,
995 1478 1098 1517 una
1127 1477 1156 1516 a
1187 1463 1509 1532 Berengario
1553 1460 1593 1515 II
1643 1460 1955 1516 marchione
1985 1459 2052 1514 ad

480 1555 889 1610 Constantinum
942 1553 1460 1624 Porphyrogeuitum
1505 1553 1633 1624 imp.
1691 1568 1781 1608 an.
1829 1551 1952 1616 946,
1997 1559 2055 1607 et

480 1648 647 1700 altera
675 1646 744 1701 ab
773 1647 982 1702 Othone
1013 1647 1031 1700 l
1057 1647 1186 1715 imp.
1214 1646 1436 1716 ejusque
1462 1644 1569 1699 (ilio
1597 1644 1660 1698 ad
1693 1643 2051 1714 Nicephorum

484 1741 718 1796 Phocatu
761 1757 903 1797 anno
930 1742 1052 1798 968.
1104 1742 1179 1795 De
1221 1755 1287 1797 eo
1331 1741 1465 1797 satis
1496 1740 1782 1812 diligenter
1808 1739 2054 1794 Labbeus

483 1843 612 1887 tom.
647 1833 708 1899 ll,
736 1849 789 1903 p.
831 1834 918 1898 55,
951 1834 1016 1888 de
1042 1834 1099 1887 S.
1127 1834 1224 1898 E.;
1263 1833 1473 1889 Caveus
1502 1834 1569 1889 ad
1594 1849 1684 1888 an.
1716 1833 1852 1899 940;
1880 1833 2054 1887 Fran-

484 1923 660 1978 ciscus
698 1923 904 1978 Arisius
935 1923 986 1978 in
1013 1922 1278 1979 Cremona
1310 1923 1572 1990 litterata,
1607 1933 1738 1978 tom.
1765 1922 1806 1989 l,
1836 1937 1956 1993 pag.
1990 1920 2058 1976 58

485 2029 620 2084 scq.;
651 2015 881 2084 atquein
907 2015 1094 2083 primis
1122 2015 1371 2072 Nicolaus
1392 2015 1676 2081 Antonius,
1704 2013 1790 2081 Vl,
1815 2015 1896 2077 16,
1921 2013 2057 2069 Bibl.

486 2107 684 2162 veteris
703 2106 977 2177 .llispatttn.
1011 2108 1236 2179 Scripsit
1266 2107 1581 2179 Sigebertus
1620 2124 1739 2179 cap.
1790 2108 1926 2163 1260
1951 2108 2063 2162 lau-

490 2197 666 2252 datam
702 2197 992 2253 llistoriam
1023 2200 1088 2255 de
1110 2201 1266 2270 gestis
1297 2217 1477 2272 regum
1508 2210 1556 2256 et
1583 2201 1954 2270 imperatorum
1981 2195 2063 2251 sui

2149 1002 2301 1058 cibus
2330 1001 2460 1058 bibl.
2489 1003 2747 1057 Caesarea:
2774 1005 3010 1066 reperies
3060 1021 3112 1076 p.
3147 1005 3302 1061 1078.

2217 1095 2516 1164 Legationis
2581 1096 2651 1149 ad
2697 1093 3051 1166 Nicephorum
3107 1099 3380 1166 Phocum,
3433 1115 3580 1156 anno
3623 1102 3729 1158 968

2149 1195 2432 1258 susceptae,
2464 1186 2742 1257 descriptio
2769 1188 3016 1244 dedicata
3058 1189 3359 1247 Othouibus
3382 1193 3644 1263 Augustis
3671 1204 3727 1250 et.

2147 1278 2460 1335 Adelheidte
2506 1277 2860 1350 imperalrici,
2903 1279 3312 1354 editaprimum
3367 1283 3436 1337 ab
3486 1282 3726 1339 llenrioo

2149 1369 2367 1425 Canisio
2391 1385 2510 1425 cum
2526 1370 2811 1426 Chronicis
2824 1370 3056 1426 Victoris
3077 1370 3457 1429 Tunnunensis
3481 1388 3548 1427 ac
3567 1373 3733 1428 Joan-

2151 1460 2238 1515 nis
2286 1459 2650 1526 Biclariensis,
2694 1468 2750 1515 et
2792 1464 2996 1532 synodo
3040 1461 3292 1518 Bavarica
3337 1477 3426 1518 an.
3477 1463 3587 1518 773
3634 1464 3735 1519 sub

2154 1546 2432 1604 Tassilone
2453 1549 2611 1616 duce,
2638 1549 2927 1621 lngolstad.
2954 1550 3110 1616 1600,
3125 1552 3263 1616 4ο,θι
3279 1554 3418 1622 apud
3439 1553 3733 1609 Baronium

2153 1640 2221 1694 ad
2258 1654 2346 1694 an.
2391 1639 2513 1705 968,
2558 1656 2613 1694 n.
2642 1642 2701 1694 11
2733 1655 2872 1711 seq.,
2905 1649 2960 1696 et
2985 1641 3037 1695 in
3064 1641 3396 1712 Luitprando
3420 1644 3734 1710 Ramiserii,

2154 1727 2418 1799 Antuerp.
2451 1728 2588 1783 1640
2610 1727 2726 1796 fol.,
2756 1737 2810 1784 et
2853 1738 2997 1785 tomo
3037 1732 3272 1788 secundo
3295 1731 3564 1788 Thesauri
3595 1734 3735 1788 scri-

2155 1826 2369 1890 ptorum
2433 1818 2601 1874 Italiae
2666 1817 3035 1875 Muratoriani.
3090 1820 3145 1875 In
3209 1822 3312 1877 hac
3367 1822 3737 1892 descriptione

2157 1909 2356 1977 prioris
2383 1924 2492 1964 sua:
2521 1908 2806 1980 legationis
2853 1910 3097 1966 meminit
3121 1909 3489 1982 Luitprandus
3517 1927 3575 1982 p.
3617 1913 3739 1978 115,

2159 1999 2289 2054 edit.
2321 1999 2508 2070 primm
2535 2000 2620 2055 his
2653 2000 2834 2056 verbis
2865 2017 2879 2053 :
2919 1999 3254 2072 Temporibus
3283 2003 3445 2056 beata:
3471 2004 3740 2057 meritoria:

2163 2089 2492 2144 Constantini
2514 2091 2839 2159 imperatoris
2867 2093 2967 2146 huc
3002 2091 3574 2165 (Constantinopolim)
3602 2111 3745 2149 vene-

2167 2201 2305 2250 ram,
2333 2200 2435 2238 non
2456 2185 2757 2254 episcopus,
2778 2183 2868 2239 sed
2889 2185 3143 2239 diaconus
3174 2195 3194 2236 :
3225 2201 3315 2238 nec
3346 2185 3410 2238 ab
3433 2185 3747 2254 imperatore

509 2289 748 2356 emporis,
782 2304 937 2358 quam
979 2289 1259 2344 attitulavit
1298 2289 1688 2360 Antapodosin,
1720 2288 1774 2344 id
1803 2296 1886 2344 est
1908 2288 2064 2342 retri-

2172 2285 2262 2329 aut
2303 2291 2439 2345 rege,
2463 2275 2552 2328 sed
2575 2292 2606 2329 a
2632 2273 2949 2345 Berengario
2976 2275 3270 2330 marchionc
3295 2277 3516 2343 missus,
3550 2284 3660 2331 etc.

491 2377 928 2448 butionemMS‘),
961 2377 1232 2434 luculento
1286 2387 1341 2434 et
1391 2380 1597 2436 alterno
1635 2378 1746 2450 (49)
1785 2377 1942 2450 stylo,
1993 2377 2063 2432 ad

494 2464 882 2536 Regimundum
957 2465 1078 2538 [al.,
1112 2468 1484 2538 Roymundum
1509 2509 1522 2534 ,
1555 2467 1657 2536 al.,
1711 2467 2066 2523 Tractemun—

495 2555 644 2627 dum]
707 2557 1012 2626 episcopum
1070 2559 1413 2615 Eliberitauae
1486 2559 1736 2616 Ecclesiae
1800 2559 2066 2628 Hispano-

495 2664 635 2702 rum.
697 2648 838 2704 idem
883 2665 1019 2720 opus
1061 2649 1391 2708 Trithemius
1432 2667 1738 2710 memorans
1791 2662 1980 2720 septem
2004 2650 2068 2706 li-

499 2739 602 2791 bris
635 2739 710 2794 ait
739 2741 1066 2810 constitisse,
1112 2744 1204 2798 sed
1236 2759 1328 2798 sex
1373 2752 1582 2800 tantum
1630 2744 1749 2798 libri
1799 2744 1856 2799 in
1908 2743 2069 2802 editis

499 2831 921 2899 conspiciuntur,
970 2847 1070 2889 nec
1099 2834 1236 2889 sexti
1268 2833 1388 2890 libri
1421 2835 1598 2905 capita
1637 2849 1730 2890 sex
1769 2835 2069 2905 posteriora

501 2928 627 2974 sunt
658 2921 725 2976 ab
755 2921 871 2991 ipso
896 2921 1227 2994 Luitprando
1253 2965 1267 2990 ,
1298 2923 1391 2979 sed
1424 2925 1492 2980 ab
1518 2923 1624 2980 alio
1647 2923 1839 2979 deinde
1870 2921 2070 2990 addita,

501 3019 560 3065 ut
609 3009 850 3080 Vossius,
884 3027 1006 3084 pag.
1043 3014 1177 3081 545;
1213 3014 1473 3071 Baronius
1511 3015 1579 3069 ad
1627 3028 1716 3069 an.
1749 3012 1874 3079 965,
1921 3027 2070 3068 num.

503 3103 569 3168 5;
621 3102 852 3170 Miratus,
881 3119 1001 3174 cap.
1046 3105 1150 3159 270
1179 3105 1442 3173 Auctarii,
1486 3104 1685 3175 aliique
1729 3111 2072 3160 monuerunt.

502 3202 756 3260 Fortasse
795 3203 1074 3260 historiam
1103 3204 1384 3277 legationis
1406 3206 1742 3278 posterioris,
1769 3205 1836 3262 de
1862 3220 1968 3276 qua
1997 3205 2077 3261 in-

505 3301 607 3368 fra,
640 3301 971 3359 Trithemius
999 3319 1098 3374 pro
1124 3305 1352 3375 septimo
1381 3306 1518 3363 libro
1549 3306 1753 3364 habuit.
1801 3306 1951 3363 Libri
1996 3306 2074 3362 illi

509 3419 606 3458 sex
630 3405 819 3475 scripti
847 3405 989 3461 inter
1016 3421 1103 3461 an.
1140 3406 1244 3461 957
1268 3416 1322 3463 et
1345 3407 1448 3464 960
1477 3409 1650 3474 (ΡΑοι,
1709 3409 1780 3462 ad
1834 3425 1923 3463 an.
1951 3409 2078 3475 965,

508 3523 561 3560 ιι.
595 3505 672 3575 3),
726 3513 780 3560 et
831 3521 918 3562 res
957 3508 1236 3579 utriusque
1271 3510 1483 3581 imperii
1512 3509 1580 3566 ab
1610 3525 1698 3566 an.
1735 3509 1833 3566 891
1883 3510 1952 3566 ad
1979 3509 2082 3566 946

2238 2365 2362 2421 Sola
2397 2366 2511 2420 hmc
2539 2365 2644 2420 duo
2681 2365 2911 2436 genuina
2959 2373 3012 2420 et
3058 2365 3199 2422 lectu
3230 2367 3388 2436 digna
3426 2367 3746 2437 Luitprandi

2167 2457 2440 2525 opuscula.
2481 2459 2689 2512 Caetera
2727 2457 3089 2527 supposititia,
3127 2456 3443 2526 Clironicon,
3492 2458 3562 2512 ab
3605 2473 3750 2512 anno

2165 2545 2367 2602 Christi
2397 2545 2500 2601 606
2523 2546 2591 2601 ad
2617 2545 2744 2613 960,
2791 2554 2848 2601 et
2869 2546 3180 2601 Adversaria
3205 2546 3359 2618 (49‘),
3389 2547 3445 2601 in
3468 2548 3668 2618 quibus
3697 2562 3747 2616 p.

2168 2635 2274 2690 464
2299 2636 2502 2691 mentio
2527 2635 2783 2692 Chronici
2803 2635 2872 2689 ad
2896 2634 3187 2690 Heronium
3212 2634 3602 2690 Braearensem
3641 2636 3753 2704 epi-

2170 2739 2412 2798 scopum,
2462 2726 2748 2797 subjuncta
2775 2724 2939 2780 etiam
2967 2724 3032 2779 ad
3060 2725 3305 2780 eumdem
3336 2724 3599 2794 Epistola.
3630 2725 3753 2778 Haec

2172 2829 2294 2870 cum
2342 2814 2617 2883 prioribus
2646 2814 2704 2868 in
2749 2813 2924 2870 lucem
2956 2813 3080 2869 data
3111 2822 3276 2884 atque
3307 2814 3577 2870 illustrata
3612 2815 3754 2869 notis

2173 2906 2242 2961 ab
2266 2906 2594 2978 Hieronymo
2627 2907 2692 2962 de
2716 2906 2766 2961 la
2789 2905 3022 2976 Higuera
3057 2904 3114 2961 S.
3146 2906 3221 2970 .Ι.,
3251 2915 3304 2962 et
3327 2906 3622 2962 Laurentio
3651 2906 3753 2960 Ra-

2174 3001 2396 3058 miresio
2418 3002 2482 3057 de
2505 3001 2678 3056 Prado
2698 3001 2954 3070 Antuerp.
2982 2999 3139 3064 1640,
3169 2998 3284 3064 tol.,
3317 2999 3572 3054 falsitatis
3624 3013 3756 3053 con-

2176 3093 2467 3148 vincuntur
2503 3107 2533 3144 a
2563 3091 2780 3146 Labbeo
2804 3131 2821 3154 ,
2850 3091 3029 3146 Caveo
3057 3091 3308 3160 aliisque.
3335 3089 3430 3144 sed
3462 3089 3696 3143 maxime
3724 3103 3756 3140 a

2177 3181 2400 3238 Nicolao
2443 3182 2677 3240 Antonio
2726 3191 2856 3238 tom.
2905 3182 2922 3236 Ι
2970 3181 3104 3236 Bibl.
3151 3181 3352 3236 veteris
3395 3179 3668 3250 Hispanae,
3699 3193 3754 3246 p.

2180 3272 2285 3330 585
2311 3288 2426 3344 seq.

2252 3361 2427 3417 Etiam
2467 3361 2611 3417 Vitas
2647 3363 2950 3432 pontiﬁcum
2999 3362 3353 3417 Romanorum
3403 3375 3432 3414 a
3481 3359 3542 3414 S.
3596 3357 3756 3413 Petro

2183 3467 2352 3522 usque
2379 3454 2446 3508 ad
2474 3452 2790 3508 Formosum
2831 3467 3045 3524 papam,
3089 3467 3232 3507 anno
3270 3449 3375 3505 895
3417 3448 3756 3508 defunctum,

2185 3561 2320 3616 quas
2346 3560 2465 3600 cum
2491 3544 2774 3599 Anastasio
2799 3559 2895 3614 per
2923 3541 3633 3618 Abbonemjloriacensem
3665 3553 3758 3591 ex-

509 3604 930 3672 |:erstringentes
950 3605 1352 3676 prodiereinter
1365 3609 1661 3679 scriptores
1685 3607 1821 3665 Justi
1845 3607 2079 3664 Reuberi
2108 3637 2153 3702 ρ
2185 3604 2366 3708 c'crplo
2409 3637 2575 3692 edidi,
2617 3604 2852 3692 Joannés
2894 3634 3132 3701 Busms’
3184 3607 3466 3704 ᾑοειηηίω
3490 3628 3651 3692 ισοξ,
3678 3627 3755 3689 ιο,

507 3719 562 3772 p.
595 3705 682 3770 86,
711 3714 766 3761 et
796 3715 836 3762 t.
865 3706 930 3762 ΙΙΙ
955 3707 1183 3766 Andreae
1214 3711 1288 3767 du
1326 3711 1557 3778 Chesne,
1599 3726 1652 3782 p.
1701 3711 1836 3775 562',
1862 3721 1918 3768 et
1938 3713 2064 3769 intet

2185 3705 2348 3782 alium
2375 3742 2533 3796 quam
2557 3725 2940 3796 Luitprandum
2985 3733 3040 3779 et
3075 3723 3251 3794 potius
3291 3720 3623 3778 Germanum
3654 3718 3750 3770 ha—

509 3802 823 3873 l.uitprandi
871 3804 1044 3878 Opera
1094 3811 1356 3880 Antuerp.
1400 3810 1556 3876 1640,
1606 3811 1722 3874 ἴοι..
1771 3821 1826 3868 et
1856 3811 1910 3867 in
1940 3813 2081 3868 The-

511 3916 674 3959 sauro
721 3907 1046 3976 scriptorum
1094 3909 1255 3964 Italia:
1305 3910 1691 3980 Muratoriano,
1745 3921 1873 3968 tom.
1925 3913 1989 3981 ll,
2027 3929 2078 3984 p.

582 4079 714 4156 (48‘)
757 4080 976 4156 Proprie
1005 4082 1196 4156 librum
1225 4085 1442 4141 tertium
1468 4084 1744 4143 Ἀντιδοσιν
1798 4085 2074 4156 inscripsit

513 4147 896 4226 l.ttitbrattdus,
931 4153 984 4207 in
1020 4153 1402 4226 Berettgarium
1446 4173 1477 4210 a
1517 4173 1622 4226 quo
1646 4156 1882 4211 otl‘ensus
1907 4147 2081 4226 fuerat

511 4219 734 4294 ejusque
757 4223 1036 4294 conjugcm
1062 4219 1274 4279 Willam
1300 4219 1554 4282 invehens
1587 4243 1649 4282 ac
1680 4227 1914 4284 vicissim
1942 4223 2084 4281 cele-

514 4288 677 4346 brans
703 4290 838 4348 bene
859 4288 946 4349 'de'
966 4309 1024 4350 se
1062 4295 1300 4351 meritos.

2185 3818 2314 3872 bere
2341 3829 2637 3884 anetorem,
2668 3826 2724 3874 et
2751 3817 2894 3886 ipsas
2922 3829 3135 3886 quoque
3154 3829 3219 3870 ex
3242 3811 3532 3867 Anastasio
3559 3823 3748 3864 excer-

2187 3920 2305 3980 ptas
2333 3918 2588 3967 notarunt
2623 3908 2844 3967 Vossius
2865 3909 3082 3978 aliique.

2261 4087 2370 4159 (49)
2410 4087 2609 4142 Partim
2641 4085 2845 4159 soluta,
2866 4079 3580 4159 parti_ms_tricta_oratio_ne.
3653 4147 3665 4158 θ

2258 4150 2394 4228 (49²)
2439 4159 2494 4212 ln
2528 4159 2610 4213 his
2630 4150 3170 4228 Advrersai'jislt‘ulda;
3195 4167 3252 4228 se
3286 4150 3755 4205 Bibliotltecarium

2189 4223 2356 4283 fuisse
2376 4223 2460 4282 ait
2486 4244 2636 4298 pagg.
2667 4227 2790 4293 475,
2820 4225 2944 4292 483,
2969 4223 3072 4280 484
3108 4223 3212 4276 490
