4012 5340
228 199 324 256 ⁸189

1211 191 1757 252 ΑΝΤΑΡΟῡΟΞΕΟΞ
1795 191 1974 248 LIBRI
2013 192 2165 250 SEX.
2206 226 2274 238 —
2305 188 2434 244 LIB.
2483 196 2528 248 l.

3364 199 3468 254 790

226 313 356 385 λωίᾳ
383 311 532 364 αὐτοῦ
556 321 621 360 en
646 304 687 362 ti
716 304 1042 361 echmalosia
1074 305 1224 371 autu,
1266 305 1318 360 id
1346 315 1430 360 est
1468 306 1521 360 in
1554 305 1791 375 peregri-
1822 307 1860 363 A
1894 302 1983 356 2I.
2025 303 2271 371 Qualiter
2298 305 2351 385 in
2384 304 2562 362 duello
2597 306 2983 380 Langobardus
3027 302 3351 386 Bago‘m’iuu.
3375 329 3466 368 oc-

229 400 440 454 natione
465 394 578 464 ejus
599 397 642 461 ',
667 394 734 448 ad
761 393 1184 458 Recemundum,
1205 393 1481 463 Hispania:
1509 392 1794 462 provintia:

229 489 569 563 Liherritanae
596 485 840 542 ecclesiae
866 486 1178 556 episcopum
1195 526 1210 544 .
1239 487 1433 541 editus.

228 582 274 635 I.
298 580 320 612 ⁸
357 580 741 635 Prohtnmium.
947 584 950 592 '

222 671 273 724 2.
312 668 385 724 De
413 667 635 724 castello
659 666 952 722 Fraxineto
974 667 996 699 δ
1027 675 1083 722 et
1111 667 1218 722 situ
1248 667 1384 738 ejus.

223 763 271 816 5.
309 759 550 828 Qualiter
579 758 840 815 Saraceni
877 758 1230 814 Fraxinetum
1261 761 1412 828 prius
1438 758 1616 830 adepti
1658 759 1790 814 sint.

221 850 269 903 4.
307 849 548 916 Qualiter
575 848 773 904 invidia
803 847 1223 904 Provincialium
1250 859 1305 905 et
1347 849 1479 920 ipsis
1515 849 1793 904 invitanti-

284 939 380 994 bus
409 937 666 994 Saraceni
697 936 1040 994 Provinciam
1077 938 1502 994 devastaverint.

219 1049 265 1102 5.
303 1047 433 1115 Quis
468 1047 766 1118 imperator
798 1054 912 1101 tum
951 1045 1141 1102 Grecis
1176 1054 1428 1117 praeerat,
1462 1047 1554 1118 qui
1596 1047 1789 1119 Bulga-

283 1139 395 1203 riis,
427 1137 730 1208 Bagoariis,
755 1136 999 1204 Francis,
1035 1137 1358 1204 Saxonibus,
1393 1138 1605 1204 Suevis,
1638 1140 1788 1194 Itali-

279 1231 372 1293 cis,
422 1244 580 1302 reges
623 1239 913 1301 praeerant,
959 1231 1041 1286 vel
1087 1233 1210 1302 quis
1243 1231 1412 1288 Rome
1443 1246 1579 1303 papa
1624 1231 1788 1288 habe-

280 1321 453 1376 batur.

218 1412 262 1464 6.
299 1410 402 1466 Cur
450 1410 565 1466 Leo
613 1411 908 1482 imperator
941 1413 1011 1468 sit
1048 1411 1547 1483 Porphyrogenitus
1584 1411 1780 1467 dictus.

216 1503 262 1552 7.
302 1501 372 1554 De
397 1500 560 1555 domo
593 1500 894 1572 Porphyra,
920 1501 1041 1571 quis
1063 1518 1182 1556 eam
1211 1502 1566 1556 edilicaverit.

217 1591 262 1646 8.
301 1591 369 1646 De
410 1591 727 1662 genealogia
763 1591 971 1658 Basilii,
1004 1601 1058 1648 et
1088 1594 1324 1663 qualiter
1354 1594 1650 1663 imperator
1686 1591 1787 1647 Mi-

276 1687 458 1741 chahel
489 1687 543 1740 in
578 1686 778 1756 palatio
804 1701 926 1741 eum
952 1688 1218 1757 receperit

215 1777 259 1832 9.
297 1778 366 1832 De
400 1777 716 1832 inﬁrmitate
755 1777 1066 1833 Michahelis
1090 1777 1114 1812 ⁸
1152 1778 1520 1847 imperatoris,
1553 1784 1610 1831 et
1647 1791 1777 1846 qua-

275 1869 390 1922 liter
437 1884 466 1922 a
506 1867 708 1924 Basilio
743 1869 812 1924 sit
849 1867 1168 1924 interfectus
1193 1910 1208 1936 ,
1243 1877 1298 1924 et
1336 1869 1448 1939 ipse
1485 1869 1778 1938 imperator

277 1960 510 2016 allectus.

219 2050 290 2104 10.
328 2051 399 2108 De
429 2067 492 2107 eo
528 2051 674 2122 quod
723 2051 954 2108 Basilius
1001 2052 1053 2107 iu
1103 2052 1309 2107 somnis
1357 2051 1636 2106 dominum
1681 2065 1778 2105 no-

284 2153 442 2198 strum
510 2143 700 2199 Jesum
751 2143 1025 2199 Christum
1079 2159 1137 2199 se
1194 2143 1624 2215 interpellantem
1677 2155 1778 2211 pro

280 2242 440 2290 morte
480 2233 802 2290 Michahelis
843 2234 1013 2298 vidit,
1059 2241 1112 2289 et
1162 2234 1252 2314 de.
1281 2233 1559 2289 elimosina
1614 2247 1776 2302 quam

278 2326 430 2380 isdem
461 2325 700 2382 Basilius
726 2326 876 2382 fecit.

221 2417 291 2472 11.
328 2418 568 2486 Qualiter
599 2419 710 2474 Leo
746 2420 1043 2490 imperator
1069 2435 1097 2474 a
1127 2419 1240 2475 suis
1271 2419 1342 2474 sit
1365 2425 1525 2473 noctu
1554 2425 1772 2486 captus,

275 2517 320 2562 et
341 2524 439 2562 non
469 2508 690 2579 agnitus
714 2509 959 2564 custodie
979 2508 1000 2541 ⁸
1025 2509 1252 2563 traditus
1275 2517 1433 2578 atque
1454 2505 1773 2578 ﬂagellatus,

277 2607 322 2653 et
346 2599 580 2668 qualiter
618 2609 803 2656 custos
828 2600 1064 2655 carceris
1088 2614 1210 2654 eum
1237 2597 1525 2660 dimiserit,
1550 2605 1605 2651 et
1633 2596 1775 2666 quod
1799 2676 1803 2680 Ἰ

274 2687 373 2756 ipse
411 2688 707 2758 imperator
735 2705 793 2744 se
834 2704 940 2743 non
978 2688 1308 2756 ﬂagellantes
1331 2688 1373 2754 ",
1405 2686 1770 2752 ﬂaqellaverit,

274 2787 320 2831 et
342 2777 678 2848 Ilagellantes
706 2779 1073 2833 honoraverit.

214 2865 286 2918 l2.
325 2867 392 2922 De
435 2868 646 2938 optimo
694 2868 818 2922 ludo
874 2883 1032 2938 quem
1085 2868 1254 2925 isdem
1311 2869 1422 2924 Leo
1477 2869 1774 2939 imperator

269 2957 401 3023 fecit,
427 2960 493 3015 de
529 2959 933 3017 dormientibus
965 2969 1020 3016 et
1058 2963 1291 3017 nummis
1327 2962 1530 3017 aureis.

214 3047 282 3101 15.
320 3049 419 3104 Cur
440 3051 704 3106 Amulius
736 3067 827 3106 rex
858 3051 1034 3108 clusas
1066 3051 1306 3108 freoerit.
1336 3062 1390 3106 et
1418 3051 1721 3106 Ilunoarios
1745 3061 1768 3094 ⁸

269 3139 405 3193 exire.
435 3142 767 3210 permiserit.

215 3228 286 3282 Il.
323 3229 392 3285 De
428 3232 660 3288 Widone
705 3242 758 3288 et
792 3233 1142 3305 Berengario,
1171 3234 1261 3305 qui
1291 3233 1603 3302 iuramento
1634 3235 1764 3289 ami-

270 3322 439 3376 citiam
490 3323 844 3379 ﬁrmaverunt
875 3340 1035 3394 quam
1085 3340 1191 3378 non
1237 3325 1686 3391 observaverunt,
1715 3335 1768 3380 et

270 3411 397 3480 quod
431 3409 739 3482 huiusmodi
769 3414 1004 3468 amicitia
1031 3415 1238 3469 servari
1271 3430 1375 3468 non
1408 3415 1596 3486 possit.

213 3502 284 3556 I5.
323 3503 392 3560 De
438 3506 767 3578 Berengario
819 3507 874 3561 in
923 3507 1073 3562 Italia
1127 3517 1248 3578 post
1309 3518 1538 3563 mortem
1586 3507 1766 3562 Karoli

271 3607 382 3663 rege
415 3596 730 3651 constituto.

211 3683 285 3738 I6.
321 3685 556 3753 Qualiter
601 3688 763 3743 Wido
789 3689 943 3759 culpa
978 3690 1203 3761 dapil'eri
1244 3690 1324 3745 sui
1366 3705 1394 3744 a
1429 3691 1652 3746 Francis
1698 3691 1768 3745 sit

268 3779 586 3846 repudiatus.

213 3866 282 3919 l7.
323 3869 391 3923 De
420 3871 593 3926 reditu
627 3871 874 3927 Widonis
901 3873 952 3926 in
982 3871 1155 3927 Italia.

211 3954 284 4009 18.
322 3958 389 4013 De
416 3975 591 4030 pugna
623 3961 764 4016 inter
788 3961 1073 4016 Widonem
1105 3970 1268 4032 atque.
1295 3963 1702 4034 Berengarium.

211 4043 282 4096 l9.
319 4046 388 4102 De
417 4049 520 4104 alia
561 4051 760 4105 iterum
812 4051 952 4106 inter
983 4067 1077 4107 eos
1123 4069 1303 4124 pugna
1351 4065 1404 4108 et
1449 4053 1762 4127 Berengarii

269 4133 398 4206 fuga.

209 4219 284 4276 20.
321 4223 388 4280 De
413 4227 520 4284 [ilio
546 4230 755 4284 Arnulll
789 4233 1138 4300 Zeulehaldo,
1163 4253 1322 4307 quem
1349 4239 1399 4292 in
1432 4239 1635 4294 Italiam
1664 4257 1762 4311 pro

265 4312 558 4391 Berengarii
585 4324 608 4355 ⁸
636 4323 839 4379 auxilio
871 4327 1036 4380 misit.
1101 4372 1104 4375 .

1965 394 2177 450 ciderit.

1893 486 1983 540 22.
2023 488 2098 544 De
2139 488 2365 545 Arnult‘o
2403 506 2549 562 rege,
2580 495 2694 566 qui,
2724 495 2986 550 invitante
3027 495 3378 567 Bereugario,
3421 498 3471 551 iu

1963 577 2168 634 Italiam
2206 583 2373 636 venit.

1892 669 1981 725 25.
2026 670 2179 738 Quod
2209 673 2378 728 isdem
2407 673 2666 730 Arnull‘us
2696 675 3014 748 Pergamum
3044 679 3270 749 ceperit,
3299 693 3354 734 et
3381 698 3469 735 ru-

1963 761 2149 818 mitem
2175 764 2516 820 Ambrosium
2547 766 2907 836 suspenderit.

1891 849 1981 903 24.
2025 851 2100 907 De
2132 851 2622 912 Mediolanensibus
2648 866 2702 912 et
2735 858 3109 930 Papiensibus,
3140 862 3232 932 qui
3271 863 3336 917 ad
3370 864 3469 916 Ar-

1961 942 2167 998 nulfum
2199 957 2484 1002 venerunt.
2727 959 2729 962 '

1889 1033 1980 1088 25.
2022 1034 2098 1090 De
2124 1037 2248 1106 fuga
2279 1037 2527 1094 Widonis
2551 1041 2620 1095 ob
2647 1040 2952 1097 Arnull‘um.

1889 1125 1978 1179 26.
2021 1126 2399 1183 Exhortatoria
2428 1129 2628 1186 locutio
2655 1132 2862 1187 Arnulli
2893 1133 2960 1188 ad
2997 1149 3250 1206 pugnam.

1887 1216 1979 1271 27.
2019 1217 2263 1286 Qualiter
2291 1219 2460 1276 Roma
2485 1221 2756 1278 Leoniana
2785 1225 2856 1278 sit
2893 1235 3074 1295 capta.
3305 1223 3313 1231 ’

1887 1309 1976 1364 28.
2014 1309 2167 1378 Quod
2188 1311 2448 1368 Arnull‘us
2469 1323 2692 1384 propter
2710 1313 3032 1370 Formosum
3055 1331 3245 1387 par-am
3271 1316 3470 1374 multos

1957 1399 2329 1458 Romanorum
2360 1402 2629 1460 decollare
2659 1405 2936 1474 praecepit.

1886 1491 1975 1548 29.
2017 1492 2128 1550 Cur
2173 1503 2314 1551 esset
2365 1495 2649 1551 inimicitia
2698 1496 2839 1552 inter
2889 1495 3207 1554 Formosum
3255 1507 3309 1554 et
3355 1499 3467 1554 Ro-

1959 1602 2169 1645 manos.
3203 1598 3208 1604 ’

1810 1653 1858 1715 Β
1887 1681 1974 1736 50.
2017 1682 2095 1738 De
2147 1682 2340 1754 Sergio
2383 1697 2546 1754 papa,
2597 1685 2687 1754 qui
2737 1683 3054 1740 Formosum
3104 1686 3170 1740 de
3219 1684 3468 1755 sepulcro

1908 1774 2108 1844 ojussit
2145 1774 2432 1833 extrahere
2458 1786 2842 1848 mortuumque
2872 1779 3163 1848 deponere.

1884 1866 1972 1921 51.
2017 1867 2090 1922 De
2115 1882 2341 1938 corpore
2362 1867 2606 1924 Formosi
2630 1884 2658 1922 a
2684 1867 2873 1939 Sergio
2897 1870 2950 1924 in
2978 1869 3175 1925 ﬂumen
3201 1871 3471 1940 projeeto,

1953 1966 2117 2027 atque
2162 1973 2193 2012 a
2244 1958 2608 2030 piscatoribus
2658 1960 2905 2024 invento,
2933 1969 2990 2014 et
3035 1961 3102 2016 ab
3139 1961 3472 2032 imaginibus

1952 2057 2260 2103 sanctorqu
2292 2049 2546 2104 salutato.

1881 2135 1969 2191 52,
2011 2138 2256 2205 Qualiter
2302 2137 2564 2194 Arnull'us
2615 2147 2857 2195 castrum
2906 2141 3167 2210 vocabulo
3219 2140 3458 2195 Firmum
3497 2163 3506 2172 -

1951 2228 2244 2294 obsederit,
2272 2237 2330 2284 et
2360 2242 2390 2282 a
2418 2227 2669 2285 Widonis
2700 2245 2866 2285 uxore
2900 2230 3236 2286 mortiferum
3270 2241 3456 2301 potum

1951 2319 2242 2390 acceperit.

1879 2411 1967 2466 55.
2011 2412 2088 2468 De
2119 2413 2332 2469 malicia
2362 2429 2521 2484 quam
2550 2413 2755 2468 Amulli
2786 2414 3034 2470 homines
3055 2413 3314 2470 fecerant.

1879 2502 1968 2556 54.
2008 2502 2082 2558 De
2111 2501 2282 2559 reditu
2313 2501 2523 2557 Amulli
2555 2511 2609 2557 et
2635 2502 3016 2573 prosecutione
3042 2500 3316 2557 Widonis.

1879 2594 1968 2650 55.
2013 2595 2166 2663 Quod
2213 2593 2384 2649 Italici
2432 2593 2499 2649 de
2543 2593 2772 2650 Arnulfo
2807 2594 2914 2649 n'on
2951 2595 3252 2659 curabant,
3285 2604 3339 2648 et
3392 2594 3467 2648 de

1947 2684 2213 2740 Anscario
2244 2685 2560 2740 marchione
2588 2687 2680 2754 qui
2714 2685 2768 2739 in
2806 2685 3068 2756 Eporegia
3100 2683 3348 2740 latitavit.

1877 2777 1964 2832 56.
2009 2777 2084 2833 De
2116 2778 2257 2849 turpi
2289 2788 2463 2832 morte
2487 2777 2694 2832 Arnulli
2725 2779 2888 2850 regis.
2930 2822 2935 2832 .

1876 2867 1965 2923 57.
2009 2869 2084 2922 De
2112 2877 2285 2923 morte
2311 2868 2559 2923 Widonis
2589 2869 2754 2939 regis,
2788 2880 2843 2925 et
2893 2869 3157 2926 electione
3186 2868 3459 2924 Lamberti

1948 2957 2064 3028 ejus
2096 2957 2212 3024 ﬁlii,
2241 2958 2330 3028 qui
2361 2967 2445 3014 est
2474 2974 2568 3013 rex
2595 2959 2945 3015 constitutus.

1877 3049 1966 3105 58.
2010 3050 2084 3104 De
2113 3049 2430 3120 expulsione
2477 3051 2749 3107 Lamberti
2783 3061 2836 3106 et
2882 3054 3226 3108 revocatione
3259 3051 3460 3106 Beren-

1947 3142 2102 3211 garii.

1873 3236 1960 3290 59.
2005 3237 2078 3291 De
2132 3237 2464 3308 Maginfredo
2511 3238 2742 3303 comite,
2790 3253 2881 3307 qui
2937 3236 3238 3293 decollatus
3285 3243 3370 3292 est
3424 3252 3472 3294 a.

1947 3326 2235 3382 Lamherto
2259 3329 2328 3382 ob
2364 3327 2734 3383 rebellionem.

1870 3419 1958 3473 «10.
1986 3422 2029 3461 ι⁰
2072 3420 2145 3474 De
2165 3419 2460 3475 Adelberto
2481 3420 2810 3474 marchione
2831 3429 2992 3488 atque
3012 3418 3328 3488 Iideprando
3355 3432 3447 3470 eo.

1942 3508 2086 3572 mite,
2122 3509 2215 3579 qui
2245 3518 2432 3564 contra
2463 3508 2813 3563 Lamberlum
2855 3516 3112 3562 venerant
3149 3515 3206 3560 ut
3244 3521 3448 3576 pugna-

1942 3607 2081 3652 I'CIII.

1868 3688 1954 3742 41.
1999 3689 2072 3744 De
2099 3702 2163 3744 eo
2189 3690 2334 3760 quod
2363 3689 2684 3746 Lambertus
2710 3705 2798 3744 rex
2827 3697 2988 3744 noctu
3009 3704 3168 3758 super
3199 3688 3457 3744 Adelber-

1943 3789 2054 3835 tum
2087 3789 2250 3852 atque
2295 3781 2672 3853 Ildeprandum
2719 3782 2878 3837 irruit
2906 3783 2968 3849 “,
3007 3781 3221 3838 illorum
3253 3781 3452 3837 milites

1949 3874 2170 3940 occidit,
2197 3888 2398 3944 eosque
2431 3876 2580 3931 vivos
2608 3877 2752 3946 cepit

1873 3965 1958 4019 42.
2004 3963 2247 4032 Qualiter
2290 3964 2613 4022 Lambertus
2662 3967 2716 4021 in
2766 3967 3074 4024 Mariuco“
3114 3968 3184 4023 ab
3230 3967 3456 4036 Ilugnne

1947 4057 2270 4128 Maginfredi
2303 4057 2412 4112 lilio
2450 4057 2520 4112 sit
2563 4056 2634 4114 ob
2661 4059 2952 4113 vindictam
2983 4059 3156 4130 patris
3185 4061 3415 4114 occisus.

1865 4147 1958 4203 45.
2002 4148 2157 4215 Quod
2200 4147 2562 4218 Berengarius
2601 4156 2721 4218 post
2750 4146 3024 4203 Lamberti
3058 4157 3286 4204 mortem
3318 4148 3454 4203 bene

1941 4257 2164 4312 regnum
2193 4240 2448 4295 obtinuit.

1868 4334 1956 4387 44.
1998 4333 2140 4388 Laus
2174 4331 2450 4389 Lamberti
2476 4333 2519 4364 ¹³
2545 4346 2708 4404 regis.

1087 4547 1546 4638 INCIPIT
1619 4551 1974 4639 LIBER
2047 4550 2551 4656 PRIMUS.

270 4750 313 4802 1.
351 4751 655 4810 Reverendo
686 4757 965 4829 toeiusque
1009 4761 1312 4816 sanctitatis
1356 4763 1535 4832 pleno,
1569 4762 1768 4821 domno
1800 4767 1844 4828 D
1875 4777 2046 4834 tuam,
2093 4777 2248 4836 pater
2287 4767 2590 4833 karissime,
2622 4765 2830 4830 distuli,
2861 4779 2963 4834 qua
3015 4763 3180 4818 totius
3224 4763 3452 4834 Europae

213 4835 526 4900 Recemundo
567 4848 631 4911 “,
663 4849 1013 4907 Liberritanm
1056 4853 1266 4909 eclesia:
1294 4856 1568 4925 epis00po,
1601 4857 1766 4912 Liud-

214 4934 420 4993 prandus
441 4937 502 5002 ¹⁶,
528 4937 827 4997 Ticinensis
850 4945 1082 5008 eclesiae,
1110 4947 1220 5001 suis
1242 4963 1349 5002 non
1380 4947 1606 5014 meritis,
1633 4949 1761 5005 levi-

218 5023 301 5084 tes,
339 5023 578 5082 salutem.
603 5028 826 5085 Biennio
873 5033 1078 5103 ingenii
1126 5038 1392 5103 parvitate
1439 5037 1755 5104 petitionem

1870 4875 1956 4913 me
1985 4859 2370 4928 imperatorum
2404 4872 2700 4928 regumque
2729 4855 2894 4920 facta,
2924 4854 3065 4908 sicut
3108 4854 3174 4922 is,
3210 4853 3299 4923 qui
3348 4871 3454 4909 non

1871 4951 2053 5005 auditu
2075 4952 2270 5008 dubius
2290 4948 2611 5007 sed'visionc
2628 4955 2830 5009 certus,
2851 4957 3051 5016 ponere
3063 4943 3448 5015 compellebas.

1869 5041 1961 5098 Hae
1984 5042 2248 5113 siquidem
2277 5058 2366 5099 res
2399 5040 2660 5106 animum,
2703 5053 2769 5092 ne
2817 5037 2869 5090 id
2910 5036 3226 5106 inciperem,
3278 5035 3459 5091 deter-

1413 5168 1640 5227 VARIIE
1703 5177 2080 5235 LECTIONES

1411 5302 1429 5332 ⁵
1477 5302 1760 5340 rrn'ﬂnnln

323 5291 465 5340 Θυίης
503 5295 556 5340 4-
633 5299 655 5327 ⁸
691 5311 1050 5340 nrlnlrnpnlum
1098 5302 1234 5340 dna”
1271 5306 1303 5340 ’κ

1813 5326 1930 5340 ΑΛ..-
1977 5311 2244 5340 hut-hu..-
2289 5317 2580 5340 -nmalnnlar
2617 5309 2642 5340 ΑΙ

2743 5315 2762 5340 Β
3112 5313 3134 5340 Α.
3241 5309 3261 5340 ⁸
3290 5313 3428 5340 Λιιρίῖ
