4012 5340
515 280 616 334 791

1501 273 1918 352 ΜΗΤΡΒΑΝΜ
1950 269 2435 330 CREMONENSIS
2467 274 2772 336 EPISCOPI

3655 288 3763 343 792

513 401 672 444 ruere
721 402 922 454 meum,
947 387 1102 458 copia
1129 385 1287 458 cujus
1329 402 1447 443 sum
1493 389 1733 460 penitus
1779 403 1972 458 expers
2008 387 2088 442 di»
2114 397 2164 458 Α
2191 403 2259 444 ex
2289 388 2456 446 latere
2481 391 2738 459 cingitur,
2763 391 2976 448 caeteris
2991 391 3614 464 densissimagspinarnm
3633 399 3771 453 silva

514 479 695 544 cendi,
721 469 1146 534 detrectatorum
1174 477 1399 542 invidia,
1423 477 1514 546 qui
1544 476 1835 546 supercilio
1874 485 2084 531 tumen-

516 581 618 636 tes,
650 571 899 627 lectionis
929 569 1162 635 desides,
1188 584 1254 624 ac
1287 569 1581 625 secundum
1611 568 1806 624 eruditi
1839 569 1941 623 viri
1965 583 2090 624 sen-

515 663 740 726 tentiam
784 662 956 719 Boetii
1009 661 1120 732 (50)
1162 661 1512 733 philosophye
1557 661 1724 716 vestis
1765 660 2088 732 particulam

518 756 783 812 habentes
851 762 1127 824 totamque
1193 767 1252 809 se
1333 752 1535 808 habere
1604 759 1904 822 putantes,
1943 751 2090 807 haec

517 848 648 903 mihi
711 855 840 904 sunt
911 846 1231 902 insultantes
1288 845 1486 902 dicturi
1536 861 1552 898 :
1622 842 1792 898 Tanta
1854 844 2089 898 decesso-

516 955 599 993 res
645 939 809 992 nostri
832 936 1216 1006 scriptitarunt,
1245 935 1383 1006 quod
1413 934 1576 988 multo
1607 932 1832 1004 amplius
1873 932 2089 1004 lectores

513 1045 670 1098 quant
717 1027 961 1083 lectiones
1004 1025 1266 1094 deﬁcient.
1341 1023 1578 1095 llludque
1623 1024 1891 1080 comicum
1968 1037 2091 1095 gar-

517 1119 658 1176 rient
685 1137 697 1172 :

640 1242 777 1292 Nicia.
816 1249 1026 1304 arcetur,
1049 1240 1178 1304 quod
1203 1253 1300 1290 non
1322 1238 1468 1290 fuerit
1487 1237 1668 1290 dictum
1688 1238 1840 1301 prius.

526 1371 766 1437 Quorum
799 1368 1084 1426 latratibus
1118 1369 1219 1423 hoc
1253 1367 1571 1444 respondeo,
1598 1365 1721 1436 quia
1757 1363 2091 1436 pbyIOSOphy

517 1461 898 1530 ydropicorum
933 1473 1105 1526 more,
1135 1457 1226 1529 qui
1256 1473 1364 1528 quo
1396 1457 1627 1528 amplius
1661 1455 1849 1511 bibunt
1893 1470 1958 1510 eo
2004 1469 2092 1508 ar-

515 1549 732 1604 dentius
759 1549 969 1612 sitiunt,
999 1561 1108 1617 quo
1141 1547 1324 1616 sepius
1369 1545 1550 1616 legunt
1595 1559 1661 1600 eo
1701 1544 1907 1598 avidius
1954 1557 2091 1598 nova

518 1651 733 1708 queque
764 1637 1108 1708 perquirunt.
1155 1635 1306 1703 Quod
1346 1635 1390 1690 si
1441 1634 1693 1706 perplexa
1743 1633 1902 1690 faceti
1933 1631 2091 1688 Tullii

2187 479 2450 534 munitur.
2503 479 2676 548 Quam
2725 481 2772 536 si
2827 481 3104 550 ingressus
3146 484 3412 552 quispiam
3459 484 3648 550 fuerit,
3689 489 3772 541 ita

2187 569 2416 624 sentium
2447 571 2714 625 curvitate
2765 579 2978 628 tenetur
3002 571 3067 636 ",
3096 573 3410 630 acutissima
3443 575 3774 631 rectitudine

2185 659 2514 732 perforatur,
2549 669 2607 714 ut
2662 675 2837 730 neque
2881 663 3274 732 progressionis
3329 678 3506 734 neque
3537 665 3774 731 reditus,

2186 749 2288 804 nisi
2311 763 2503 820 magno
2536 763 2659 804 cum
2688 748 2896 815 labore,
2923 749 3124 808 habent
3151 751 3486 812 facultatem.

2257 842 2310 898 3.
2347 839 2470 909 (An.
2500 840 2648 912 89f).
2704 839 2810 898 Sed
2835 841 3040 908 oculto,
3063 851 3121 898 et
3164 845 3420 914 quoniam
3463 860 3632 902 secus
3653 859 3782 903 esse

2189 945 2294 986 non
2325 938 2502 1000 poteSt
2527 927 2678 998 justo
2715 931 2808 986 Dei
2858 930 3087 1002 juditio,
3128 929 3198 986 ευ
3255 941 3467 990 tantum
3509 933 3782 990 Saraceni

2191 1019 2352 1075 lintre
2401 1019 2625 1090 parvula
2652 1035 2719 1076 ex
2771 1019 3026 1090 Hispania
3073 1023 3300 1091 egressi,
3343 1023 3596 1080 nolentes
3639 1025 3781 1079 istuc

2191 1118 2352 1166 vento
2397 1109 2559 1166 delati
2589 1121 2736 1166 sunt.
2767 1111 2868 1180 Qui
2907 1113 3082 1184 pirate
3115 1125 3276 1170 noctu
3302 1117 3532 1186 egressi,
3561 1116 3782 1172 villam-

2192 1215 2300 1271 que
2323 1200 2462 1256 clam
2502 1200 2754 1272 ingressi,
2782 1203 3144 1270 christicolas,
3173 1220 3272 1276 pro
3295 1205 3482 1274 dolor!
3503 1206 3781 1276 jugulant,

2194 1292 2476 1364 locumque
2531 1295 2634 1351 sibi
2691 1295 2970 1366 propriqu
3026 1297 3312 1352 vendicant
3343 1337 3361 1363 ,
3423 1306 3782 1367 montemque

2197 1385 2443 1442 Maurum
2497 1387 2696 1444 villula:
2721 1388 3068 1444 coherentem
3119 1398 3308 1444 contra
3342 1389 3554 1444 vicinas
3586 1398 3783 1460 gentes

2193 1477 2458 1549 refugium
2482 1480 2979 1550 parant;spineam
3009 1479 3199 1535 silvam
3249 1481 3350 1536 hoc
3396 1489 3559 1551 pacto
3615 1479 3788 1550 majo-

2195 1584 2308 1624 rem
2335 1579 2390 1624 et
2414 1570 2726 1640 spissiorem
2754 1585 2851 1626 sua
2897 1585 2995 1641 pro
3041 1571 3268 1626 tuitione
3320 1569 3598 1634 fatieutes,
3646 1580 3706 1625 ut
3737 1572 3785 1624 si

2195 1659 2317 1730 quis
2345 1675 2412 1715 ex
2441 1674 2502 1714 ea
2544 1659 2624 1713 vel
2673 1675 2878 1716 ramum
2920 1659 3208 1727 incideret,
3237 1661 3517 1716 mucronis
3560 1675 3787 1732 percus~

518 1728 750 1785 lectione
777 1727 1094 1799 fatigantur,
1122 1727 1318 1782 talibus
1341 1727 1530 1781 saltem
1563 1725 1735 1780 neniis
1765 1725 2090 1780 animentur.
2129 1763 2172 1822 Β
2201 1725 2352 1804 s’ione
2380 1749 2651 1804 hominem
2677 1751 2888 1805 exire“
2921 1751 3107 1822 sicque
3153 1725 3354 1806 meum
3378 1761 3484 1818 est,
3515 1725 3581 1805 υί
3605 1751 3787 1805 omnis

515 1819 679 1885 Nam,
705 1819 761 1874 ui
791 1818 966 1884 fallor,
991 1818 1133 1874 sicut
1154 1817 1399 1882 obtutus,
1424 1816 1527 1871 nisi
1555 1815 1784 1888 alicujus
1811 1813 2094 1883 interposi-

519 1912 667 1968 tione
695 1910 1031 1976 substantia,
1075 1909 1204 1965 solis
1231 1909 1397 1964 radiis
1425 1909 1802 1963 reverberatns
1845 1905 2096 1962 obtundi-

520 2010 628 2065 tur,
653 2013 727 2056 ne
751 2015 883 2072 pure
913 2009 972 2054 ut
1003 2007 1088 2056 est
1130 1997 1397 2062 videatur,
1430 1999 1501 2052 ita
1546 1997 1701 2068 plane
1746 2011 1899 2050 mens
1934 1995 2098 2048 acha-

520 2093 898 2158 demicorum,
948 2087 1463 2162 peripathelicornm
1489 2127 1504 2151 ,
1556 2086 1958 2154 stoicorumque
2003 2083 2099 2138 do-

520 2185 818 2240 ctrinarum
847 2180 962 2254 jugi
1001 2182 1349 2236 meditatione
1403 2178 1748 2242 inﬁrmatur;
1781 2176 1827 2232 si
1866 2190 1971 2232 non
2004 2181 2098 2230 aut

519 2275 638 2330 utili
668 2275 1054 2332 comoediarum
1083 2273 1194 2327 risu
1225 2279 1316 2326 aut
1353 2270 1575 2325 heroum
1603 2265 1903 2323 delectabili
1930 2265 2100 2322 histo-

519 2367 602 2423 ria
629 2365 958 2422 refocilatur.
997 2364 1150 2432 Quod
1193 2365 1238 2419 si
1285 2364 1590 2434 priscorum
1623 2361 1732 2416 ritu
1777 2356 2100 2415 execrabilis

522 2469 877 2526 paganorum,
903 2470 1010 2512 non
1037 2454 1208 2510 solum
1232 2452 1450 2522 inquam
1471 2467 1574 2507 non
1595 2450 1890 2520 proﬁcuus,
1913 2463 2100 2504 verum

527 2546 713 2604 auditu
745 2547 862 2617 ipso
892 2559 1001 2600 non
1031 2557 1222 2614 parum
1252 2557 1481 2608 nocuus,
1526 2541 1690 2597 tomis
1718 2539 2102 2596 memorandus

523 2637 862 2701 inscribitur,
895 2635 1025 2708 quid
1055 2635 1280 2690 istorum
1315 2635 1703 2704 imperatorum
1733 2632 1894 2699 bella,
1939 2631 2105 2699 Jullii,

525 2725 788 2798 Pompeii,
818 2725 1153 2791 Hannibalis,
1181 2725 1472 2796 fratrisque
1515 2726 1632 2797 ejus
1673 2725 2014 2790 Asdrubalis,
2043 2741 2108 2780 ac

527 2819 795 2888 Scipionis
818 2816 1057 2872 Africani
1084 2817 1149 2882 η,
1183 2818 1454 2888 insignum
1491 2818 1902 2888 imperatorum,
1934 2816 2111 2872 laudi-

527 2911 630 2964 bus
657 2909 970 2978 coequanda
1011 2907 1297 2962 silebitur?
1339 2923 1460 2963 cum
1485 2909 1788 2977 praesertim
1835 2908 1888 2962 in
1921 2908 2005 2962 his
2041 2907 2111 2962 sit

529 2995 735 3058 domini
792 3002 965 3058 nostri
1012 3001 1138 3057 Jesu
1181 3000 1400 3064 Christi,
1449 3002 1575 3056 dum
1626 3011 1810 3056 sancte
1860 3000 2108 3064 vixerint,

2198 1849 2397 1906 praeter
2437 1839 2599 1895 mlius
2647 1840 3046 1911 angustissimae
3089 1841 3190 1896 vite
3239 1841 3417 1896 aditus
3449 1841 3785 1896 demeretur.

2197 1927 2322 1984 Loci
2347 1928 2510 2000 igitur
2535 1929 2826 2000 asperitate
2849 1927 3058 1994 confisi,
3075 1930 3283 1986 vicinas
3309 1939 3499 2000 gentes
3525 1929 3669 1984 clam
3683 1929 3789 1984 cir-

2198 2033 2536 2088 cumquaque
2557 2019 2906 2090 perlustrant.
2949 2019 3286 2076 Accersitum
3329 2037 3492 2092 quam
3519 2021 3709 2092 plures
3735 2021 3788 2074 in

2200 2109 2511 2180 Hispaniam
2557 2111 2776 2164 nuntios
2817 2111 3076 2180 dirigunt,
3125 2111 3299 2167 locum
3351 2112 3598 2178 laudant,
3653 2111 3791 2166 vici—

2201 2212 2406 2268 nasque
2429 2209 2617 2270 gentes
2651 2200 2834 2255 nichili
2863 2215 2922 2256 se
2967 2201 3164 2258 habere
3189 2203 3532 2273 promittunt.
3560 2202 3790 2258 Centum

2202 2287 2434 2359 denique
2489 2289 2862 2345 tantummodo
2909 2305 3092 2346 secum
3131 2307 3256 2347 mox
3296 2293 3340 2323 ³ο
3366 2291 3676 2348 Saracenos
3703 2307 3790 2346 re-

2203 2379 2432 2446 ducunt,
2487 2381 2580 2450 qui
2634 2396 2820 2437 veram
2875 2383 2950 2438 rei
2998 2383 3157 2453 hujus
3209 2393 3471 2455 caperent
3531 2385 3791 2440 assertio-

2205 2486 2354 2526 nem.

2277 2561 2332 2614 4.
2363 2559 2573 2618 interea
2595 2559 3036 2630 Provincialium,
3065 2580 3184 2636 quae
3213 2565 3318 2621 illis
3341 2581 3475 2637 gens
3503 2577 3630 2622 erat
3655 2568 3793 2621 vici-

2206 2653 2347 2718 nior,
2380 2652 2577 2710 invidia
2602 2653 2770 2723 coepit
2803 2653 2946 2710 inter
2983 2669 3101 2711 sese
3144 2655 3429 2722 dissidere,
3457 2656 3604 2710 alius
3633 2656 3794 2710 alium

2201 2744 2470 2816 jugulare,
2510 2744 2869 2800 substantiam
2909 2760 3120 2817 rapere,
3149 2745 3205 2801 el
3235 2746 3492 2817 quiequid
3541 2747 3672 2802 mali
3704 2763 3796 2800 ex-

2207 2835 2431 2905 cogitari
2457 2844 2673 2908 poterat
2701 2834 2901 2892 facere.
2930 2835 3036 2892 Sed
3069 2837 3197 2907 quia
3224 2851 3350 2906 pars
3378 2845 3615 2906 partem,
3639 2847 3696 2891 ut
3724 2837 3798 2890 in-

2209 2928 2352 2983 vidia
2375 2937 2430 2984 et
2463 2928 2616 2983 dolor
2648 2928 3010 2999 postularant,
3050 2928 3185 2984 satis
3209 2927 3312 2983 sibi
3336 2927 3521 2983 facere
3569 2945 3680 2982 non
3701 2944 3795 2997 po-

2215 3026 2408 3082 terant,
2443 3017 2541 3072 hos
2584 3034 2719 3088 quos
2746 3018 3092 3088 praediximus
3121 3017 3448 3082 Saracenos,
3477 3033 3589 3072 non
3625 3019 3802 3071 minus

528 3092 743 3154 bonitas
770 3083 1066 3155 recitando,
1100 3101 1211 3146 tum
1241 3091 1290 3146 si
1325 3089 1452 3160 quid
1497 3089 1841 3162 deliquerint,
1875 3089 2104 3145 salubris
2132 3107 2176 3169 ρ
2211 3107 2434 3163 ρειιωοε
2463 3083 2624 3177 qua“;
2649 3083 2903 3176 perﬁdos,
2939 3109 2993 3162 in
3022 3107 3281 3162 auxilium
3309 3115 3510 3177 rogat;
3570 3121 3802 3174 cumq“

531 3186 599 3239 ab
625 3185 814 3241 eode'm
841 3185 1114 3240 correctio.
1139 3183 1524 3238 memoranda?
1541 3182 1650 3240 Nec
1681 3191 1894 3239 moveat
1920 3198 2106 3252 quem-

527 3275 694 3344 piam,
739 3275 786 3329 si
821 3289 1142 3330 enervorum
1186 3273 1326 3328 facta
1368 3289 1554 3344 regum
1585 3273 1956 3344 principumve
1981 3270 2108 3327 elic-

531 3365 861 3421 minatornm
905 3365 1033 3432 huic
1067 3363 1310 3420 lihcilulo
1343 3365 1643 3420 inseruero.
1675 3363 1792 3421 Una
1843 3373 1926 3420 est
1960 3363 2104 3419 enim

525 3457 670 3528 justo
691 3457 783 3512 Dei
803 3457 1212 3527 omnipotentis,
1239 3457 1418 3512 Patris
1451 3457 1680 3523 scilicet,
1704 3455 1830 3511 Filii
1853 3464 1909 3511 et
1938 3455 2110 3527 Spiri-

535 3559 621 3604 tus
645 3547 844 3612 sancti,
871 3547 1065 3614 virtus,
1091 3563 1214 3616 qua:
1243 3547 1341 3602 hos
1360 3545 1505 3616 justo
1533 3546 1646 3601 suis
1683 3561 1783 3616 pro
1813 3547 2111 3601 sceleribus

533 3637 861 3708 comprimit,
896 3635 1022 3708 illos;
1055 3637 1232 3708 dignis
1253 3652 1352 3706 pro
1381 3636 1591 3692 meritis
1614 3635 1844 3692 extollit.
1878 3636 2002 3692 llaec
2030 3637 2113 3690 in-

533 3743 696 3797 quam
743 3737 826 3782 est
859 3741 987 3782 vera
1033 3725 1238 3780 domini
1281 3727 1450 3780 nostri
1491 3725 1621 3781 Jesu
1663 3725 1864 3781 Christi
1905 3725 2112 3780 sanctis

533 3819 825 3888 promissio
855 3835 866 3871 :
898 3817 1124 3876 Observa
1151 3827 1196 3871 et
1229 3817 1358 3871 audi
1382 3833 1554 3870 vocem
1579 3833 1771 3882 meam,
1796 3826 1843 3871 et
1874 3817 2112 3870 inimicus

542 3927 632 3964 ero
661 3911 885 3964 inimicis
912 3909 1038 3974 tuis,
1063 3919 1109 3962 et
1132 3909 1411 3980 ufﬂigentcs
1439 3919 1486 3962 te
1513 3909 1758 3980 aﬂligam,
1785 3918 1832 3962 et
1862 3909 2114 3975 praecedet

539 4013 588 4058 te
611 4001 825 4072 angelus
856 4017 998 4054 meus
1029 3998 1228 4068 (Exod.
1261 4002 1438 4070 χχιιι).
1469 3999 1572 4054 Per
1609 3998 1951 4054 Salemonem
1983 4015 2117 4070 quo-

541 4109 646 4164 que
674 4092 966 4163 sapientia,
1010 4107 1128 4161 qua:
1153 4091 1403 4146 Christus
1445 4099 1548 4154 est,
1581 4091 1778 4145 clamat
1811 4109 1822 4144 :
1857 4088 2116 4160 Pugnaln't

540 4199 633 4252 pro
682 4198 743 4236 eo
789 4180 928 4234 orbis
970 4189 1229 4235 terrarum
1275 4190 1458 4234 contra
1508 4181 1794 4235 inaensatos
1841 4180 1993 4250 (Sap.
2040 4180 2116 4250 v).

546 4272 698 4338 Quod
729 4270 954 4325 cottidie
991 4269 1108 4325 ﬁeri
1133 4271 1198 4333 ιτ,
1239 4269 1403 4324 etiam
1439 4269 1529 4338 qui
1563 4269 1759 4336 stertit,
1787 4270 2122 4325 animadver-

543 4363 630 4416 tit.
661 4360 728 4416 Ut
753 4368 932 4422 autem
961 4360 1182 4415 evidens
1205 4375 1270 4414 ex
1312 4359 1610 4427 innumeris
1642 4359 1910 4414 subdatur
1943 4376 2123 4416 exeru-

2209 3199 2294 3254 his
2341 3213 2444 3252 una
2487 3198 2790 3268 proximum
2831 3199 3083 3254 conterit.
3115 3197 3226 3254 Nec
3262 3197 3418 3266 juvat
3459 3197 3804 3252 solummodo

2210 3290 2518 3361 proximum
2565 3290 2608 3322 "
2656 3284 2948 3354 trucidare,
2975 3305 3162 3346 verum
3207 3300 3408 3345 terram
3458 3289 3802 3344 fructiferam

2211 3381 2264 3436 in
2307 3379 2660 3435 solitudinem
2708 3379 2954 3434 reddere.
3005 3379 3114 3434 Sed
3166 3381 3447 3434 videamus
3475 3379 3613 3449 quid
3651 3377 3801 3448 justa

2210 3471 2323 3542 (52)
2353 3469 2646 3526 secumlum
2677 3469 2942 3540 quendam
2970 3466 3233 3538 profuerit
3283 3469 3511 3531 invidia.
3539 3484 3706 3539 quam
3729 3467 3802 3522 ita

2211 3561 2522 3619 describens
2549 3562 2624 3616 ait
2655 3579 2669 3614 :

2335 3676 2523 3728 Justius
2549 3675 2722 3725 invidia
2746 3673 2894 3725 nichil
2919 3681 3014 3732 est,
3039 3687 3136 3735 que
3162 3675 3380 3735 protinus
3397 3675 3558 3736 ipsum

2393 3744 2654 3788 Auctorem
2679 3739 2804 3787 rodit
2821 3739 3164 3797 excruciatque
3187 3737 3416 3786 animum.

2214 3840 2345 3908 Qum
2371 3841 2499 3893 dum
2547 3839 2798 3908 decipere
2849 3845 3098 3902 conatur,
3126 3837 3390 3906 decipitur
3421 3853 3436 3902 ;
3471 3837 3604 3890 dum
3633 3839 3806 3892 extin-

2214 3948 2378 4004 gnere
2413 3932 2649 3996 molitur,
2673 3932 3026 4002 extinguitur.
3086 3931 3226 3998 Quid
3262 3931 3442 4002 igitur
3473 3933 3498 3986 ?
3538 3931 3806 3988 Saraceni

2216 4041 2336 4081 cum
2376 4025 2491 4080 suis
2547 4025 2649 4080 hoc
2675 4024 2884 4080 viribus
2931 4025 3152 4080 minime
3194 4033 3434 4095 possent,
3465 4023 3701 4080 alteram
3724 4024 3796 4078 al-

2221 4116 2386 4171 terius
2408 4115 2610 4170 auxiiio
2659 4116 2832 4184 partis
2876 4114 3228 4180 debellantes,
3264 4129 3497 4184 suasque
3527 4115 3716 4185 copias
3739 4131 3806 4168 ex

2221 4207 2475 4277 llispania
2501 4221 2714 4276 semper
2734 4215 3014 4276 augentes,
3038 4219 3174 4274 quos
3211 4204 3385 4274 primo
3411 4203 3708 4258 defendere
3733 4205 3808 4255 vi-

2221 4297 2492 4352 debantur
2542 4296 2716 4350 modis
2752 4296 3002 4352 omnibus
3055 4297 3386 4350 insecuntur.
3436 4293 3671 4348 Seviunt
3717 4293 3811 4346 ita-

2223 4403 2348 4458 que,
2380 4386 2764 4452 exterminant,
2806 4385 2880 4440 nil
2910 4385 3099 4456 reliqui
3126 4385 3350 4440 faciunt.
3381 4382 3683 4454 Trepidare
3695 4382 3806 4452 jam

541 4453 712 4548 Pluma
742 4460 1065 4548 moui-afen”
1100 4451 1356 4548 ¹9Ψ¹ίξίυῘ
1379 4451 1422 4488 ’⁸³
1451 4453 1668 4548 Ovidgm
1700 4453 1964 4548 Υθθξὶιξξδο
1986 4452 2118 4507 Fra'
2150 4462 2200 4520 Π
2230 4451 2414 4534 vicinae
2435 4488 2642 4533 caetera:
2678 4488 2886 4548 gentes,
2931 4451 3184 4548 quoniam
3223 4451 3516 4532 secundum
3567 4451 3806 4546 prophe-

546 4540 789 4594 xinetum
822 4539 964 4610 (Si),
992 4541 1136 4610 quod
1164 4542 1218 4594 in
1242 4541 1548 4596 ltalicorum
1578 4541 1984 4598 Provintialium
2016 4559 2122 4612 que

546 4631 778 4686 conﬁnio
803 4644 948 4687 stare
976 4631 1320 4687 manifestum
1347 4641 1448 4689 est.

617 4744 671 4798 2.
705 4742 870 4812 Cujus
909 4751 968 4798 ut
991 4743 1202 4801 cunctis
1231 4742 1431 4817 liquido
1459 4753 1637 4824 pateat
1673 4744 1828 4811 situs,
1865 4747 2124 4816 quemad-

547 4839 769 4890 modum
820 4842 983 4888 temet
1035 4832 1473 4891 latere,rninime
1520 4849 1662 4900 reor,
1721 4835 1885 4890 immo
1931 4837 2124 4894 melius

551 4930 716 4992 scire,
747 4929 889 4984 sicut
911 4929 979 4984 ab
1001 4927 1131 4999 ipsis
1171 4927 1261 4998 qui
1292 4913 1454 4984 vestri
1482 4938 1610 4983 sunt
1655 4929 1921 4986 tributarii
1961 4932 2128 5003 regis,

555 5017 985 5084 Abderahamem
1013 5017 1239 5082 scilicet,
1263 5017 1489 5087 potestis
1524 5018 1821 5095 conjicere,
1855 5019 1992 5074 mari
2023 5035 2131 5076 uno

2232 4577 2337 4622 tam
2370 4567 2560 4622 hormn
2591 4581 2732 4621 unus
2767 4568 3189 4637 persequebatur
3213 4567 3376 4632 mille,
3415 4576 3472 4622 et
3497 4565 3608 4620 duo
3654 4566 3808 4635 fuga-

2231 4670 2358 4716 runt
2401 4659 2586 4714 decem
2640 4658 2787 4714 milia
2825 4659 3005 4730 (Deut.
3049 4658 3246 4726 χχχιι).
3297 4659 3362 4712 ΕΙ.
3413 4659 3632 4728 quare’
3671 4657 3810 4724 Quia

2231 4747 2373 4802 Deus
2421 4762 2547 4803 suus
2591 4749 2832 4803 vendidit
2885 4765 2980 4804 eos
3027 4756 3082 4802 et
3133 4747 3390 4802 Dominus
3431 4747 3701 4802 conclusit
3746 4747 3808 4800 ii-

2229 4839 2326 4894 los.

2305 4930 2358 4984 5.
2387 4929 2509 5000 (An.
2541 4928 2818 4991 886-912.)
2846 4929 2958 4984 Hac
2988 4929 3170 4999 itaque
3205 4936 3524 4998 tempestate
3548 4928 3660 4983 Leo
3685 4927 3808 4982 Por-

2235 5021 2646 5092 phyrogcnitus,
2679 5021 2856 5076 Basilii
2887 5019 3228 5092 imperatoris
3269 5017 3434 5083 ﬁlius,
3469 5016 3808 5074 Constantini

1817 5190 2047 5248 VARIx’E
2111 5192 2494 5248 LECTIOLVES

631 5313 680 5334 ιι
715 5309 936 5334 1---.1...
1193 5311 1224 5334 l'!
1326 5310 1365 5334 11
1401 5308 1534 5334 ΔΑ-..
1567 5307 1596 5334 Β
1652 5306 1681 5334 Β
1706 5322 1731 5334 Α
1834 5307 1876 5334 II
1901 5309 2004 5334 In...

2009 5307 2138 5334 ἀι...-
2162 5307 2192 5334 ἰ
2294 5307 2336 5334 II
2360 5317 2374 5334 ο
2431 5317 2478 5334 ns
2507 5324 2530 5334 ι.
2584 5307 2612 5334 ῑλε
2663 5309 2732 5334 ρ-
2755 5309 2783 5334 Β
2809 5327 2830 5334 ..
2855 5314 2872 5330 ο
2970 5310 3014 5334 on
3043 5309 3196 5334 Αυξλλ
