4012 5340
194 314 294 368 795

1190 323 1733 383 amaroeoseos
1771 325 1950 381 LlBlll
1989 324 2145 382 sex.
2183 314 2255 367 “—‘
2289 326 2416 383 LIB.
2457 309 2503 384 ιζ

3356 332 3461 390 794

191 428 350 500 hujus
408 441 562 502 paler
603 433 694 503 qui
754 452 896 492 nunc
948 454 1120 510 usque
1158 453 1404 510 superest
1449 450 1504 497 ct
1551 442 1782 498 feliciter
1807 446 1860 506 Α
1887 442 2056 498 forma
2077 451 2274 512 prater
2298 451 2511 500 ceteros
2538 444 2776 515 egregia,
2809 443 3274 518 accitumque'to'v
3300 425 3458 520 57w-

192 528 384 585 regnat
446 521 558 591 (53)
606 524 1206 604 Constantinopolitane
1260 531 1496 586 civitatis
1556 532 1780 601 regebat

193 608 504 675 imperium.
540 611 759 669 Simeon
790 615 945 671 fortis
970 620 1198 674 bellator
1223 620 1488 692 Bulgariis
1522 632 1772 692 praeerat,

189 699 545 766 cbristianus,
581 707 674 760 sed
716 708 910 764 vicinis
949 711 1136 768 Grecis
1167 714 1320 769 valde
1350 715 1605 772 inimicus
1648 716 1771 786 (An.

190 791 466 863 885-927).
501 793 854 867 Ungariorum
901 817 1052 871 gens,
1080 806 1232 875 cujus
1254 820 1442 860 omnes
1470 820 1630 876 ptene
1673 822 1774 860 na-

192 882 361 938 tiones
405 899 632 954 experte
674 902 798 946 sunt
843 895 1112 961 sevitiam,
1155 913 1276 966 quae
1314 899 1612 958 miserante
1663 899 1776 953 Deo

191 978 519 1033 sanctissimi
568 983 613 1014 ³³
659 996 822 1055 atque
873 988 1218 1044 invictissimi
1281 991 1427 1060 regis
1479 989 1774 1046 OTTONIS

190 1068 449 1132 potentia,
474 1079 531 1122 ut
558 1070 926 1131 latiusdicturi
952 1093 1160 1144 sumus,
1189 1081 1383 1134 mutire
1410 1080 1454 1111 “
1481 1096 1585 1135 non
1611 1082 1775 1135 audet

191 1160 477 1223 exterrita,
509 1165 664 1219 nobis
692 1169 942 1223 omnibus
972 1180 1098 1226 tunc
1129 1174 1387 1243 temporis
1410 1173 1708 1229 habebatur
1727 1174 1774 1206 ⁸⁸

191 1245 388 1313 ignota.
435 1247 768 1315 Quibusdam
816 1272 1048 1328 namque
1093 1259 1416 1316 difﬁcillimis
1463 1272 1711 1332 separata
1743 1278 1772 1317 a

190 1335 338 1388 nobis
364 1349 491 1398 erat
518 1340 1035 1416 interpositionibus,
1085 1366 1223 1420 quas
1246 1353 1425 1408 clusas
1455 1354 1501 1384 ’⁵
1531 1354 1776 1408 nominat

191 1426 395 1497 vulgus,
431 1441 491 1484 ut
527 1448 700 1502 neque
728 1438 794 1492 ad
823 1441 1175 1497 meridianam
1201 1459 1375 1515 neque
1409 1446 1474 1499 ad
1524 1447 1776 1501 occiden-

192 1517 342 1608 talem
371 1520 588 1592 plagam
617 1531 846 1584 exeundi
870 1531 1121 1588 habuerit
1141 1535 1475 1591 facultatem.
1513 1538 1775 1608 (An.887-

191 1605 306 1661 Dec.
339 1611 447 1664 900
477 1613 640 1684 Aug.)
695 1618 799 1673 Per
826 1622 965 1676 idem
1008 1635 1220 1696 tempus
1246 1605 1630 1683 Arnulfus‘rex
1681 1644 1774 1698 p0-

193 1702 539 1791 tentissimus.
564 1707 814 1767 defuncto
859 1713 1054 1769 Karolo
1085 1721 1412 1785 praenomine
1441 1720 1605 1775 Calvo
1635 1721 1770 1791 (54),

1874 535 2036 604 μένον,
2069 543 2162 589 ton
2206 534 2516 606 igumenon,
2546 534 2600 590 id
2634 545 2720 590 est
2761 536 3029 600 abbatem,
3063 539 3290 609 rogavit,
3318 547 3375 593 ut
3399 555 3463 595 se
3521 521 3526 532 ’

1875 625 2104 682 donaret
2153 626 2254 682 hoc
2301 643 2518 698 puero;
2561 643 2722 698 quem
2771 629 3070 700 suscipiens
3126 631 3181 686 in
3227 630 3448 700 palatio,

1876 715 2192 772 cubicularii
2215 717 2439 772 donavit
2467 717 2658 774 ollicio.
2688 719 2860 774 Tante
2904 720 3134 789 denique
3180 729 3298 790 post
3326 735 3460 790 pau-

1874 805 2040 860 lulum
2067 805 2350 876 potestatis
2370 815 2454 862 est
2498 805 2696 873 factus,
2724 817 2784 862 ut
2809 808 2948 864 alter
2969 809 3037 864 ab
3074 809 3326 864 omnibus
3358 810 3460 863 im-

1873 905 2092 965 perator
2121 896 2193 950 sit
2213 895 2477 967 apellatus

1945 987 1997 1041 9.
2025 984 2223 1041 Verum
2249 987 2372 1055 quia
2400 996 2743 1058 omnipotens
2765 987 2910 1045 Deus
2953 1004 3142 1046 servos
3171 986 3457 1056 suosjusta

1874 1075 2059 1128 visitat
2085 1074 2199 1128 vult
2235 1090 2578 1145 quacumque
2598 1090 2851 1142 censura,
2887 1078 3032 1133 hunc
3072 1077 3456 1147 imperatorem

1874 1165 2226 1222 Michahelem
2257 1183 2403 1222 sana:
2443 1168 2640 1224 mentis
2682 1169 2749 1224 ad
2789 1179 3002 1240 tempus
3043 1186 3147 1226 non
3181 1185 3301 1225 esse
3333 1185 3456 1238 per-

1875 1259 2118 1324 miserat,
2151 1269 2208 1312 ut
2252 1274 2360 1328 quo
2409 1260 2552 1314 hunc
2577 1260 2794 1330 gravius
2833 1272 3102 1330 premeret
3135 1262 3189 1316 in
3234 1259 3456 1324 inlimis,

1874 1363 1940 1402 eo
1971 1349 2377 1404 misericordias
2410 1361 2784 1406 remuneraret
2821 1354 2874 1407 in
2915 1353 3162 1409 summis.
3203 1352 3356 1417 Nam,
3402 1361 3460 1406 ut

1874 1437 2069 1502 fertur,
2102 1437 2260 1506 hujus
2286 1447 2526 1510 tempore
2553 1442 2822 1510 passionis
2868 1443 3161 1506 familiares
3179 1441 3342 1497 etiam
3370 1457 3460 1496 ca-

1875 1529 2005 1600 pitis
2046 1529 2283 1598 iusserat
2329 1532 2588 1586 damnare
2636 1535 2924 1588 sententia.
2973 1534 3118 1601 Quos
3159 1545 3337 1588 tamen
3390 1533 3459 1586 ad

1875 1637 1996 1677 sese
2043 1621 2256 1675 rediens
2287 1621 2386 1676 hoc
2422 1631 2583 1690 pacto
2614 1625 2942 1692 requirebat,
2973 1635 3032 1679 ut
3074 1625 3177 1680 nisi
3217 1623 3458 1694 quosju-

1877 1713 2064 1784 gulare
2085 1711 2324 1781 jusserat
2351 1713 2727 1781 redderentur,
2752 1717 2867 1786 pari
2899 1717 3000 1786 ipsi
3029 1717 3120 1786 qui
3143 1719 3244 1771 hoc
3267 1716 3459 1771 effece-

193 1788 502 1860 Bagoariis,,
531 1795 744 1865 Suevis,
783 1802 1006 1861 Francis
1036 1807 1348 1865 Teutonicis
1394 1811 1458 1875 ³⁸,
1489 1788 1773 1865 Lotharin-
1803 1801 1849 1863 Β
1877 1813 1998 1858 rant
2023 1804 2291 1858 sententia
2312 1805 2719 1861 damnarentur.
2755 1807 2868 1864 Hoc
2894 1809 3059 1880 igitur
3089 1818 3296 1863 terrore
3321 1823 3460 1877 quos

191 1881 284 1948 gis,
313 1885 722 1960 audacibnsque
773 1896 1180 1966 principabatur
1224 1902 1267 1932 ³⁷
1313 1900 1638 1956 Saxonibus.
1672 1902 1772 1958 Cui

193 1972 567 2063 Ceutebaldus,
593 1980 1004 2041 Maravanorum
1046 1990 1177 2053 dux,
1229 1992 1459 2046 viriliter
1504 2007 1771 2063 repugna-

194 2060 276 2153 bat
301 2063 421 2132 (Au.
455 2067 739 2143 892-895).
773 2075 1132 2148 Berengarius
1154 2090 1208 2135 ct
1233 2082 1393 2137 Wido
1420 2060 1773 2153 imperatores

194 2151 255 2246 ob
281 2169 500 2225 regnum
539 2160 782 2219 Italicum
822 2168 1272 2227 conflictabantur
1321 2175 1446 2244 (Αη.
1488 2151 1770 2246 ὲ88-894).

198 2240 473 2303 Formosus
531 2251 846 2311 Portuensis
894 2259 1130 2317 civitatis
1167 2240 1474 2335 episcopus,
1531 2240 1774 2322 Romane

195 2335 352 2432 sedis:
377 2355 630 2399 summus
685 2357 740 2401 et
774 2351 1095 2408 universalis
1123 2373 1256 2426 papa
1313 2359 1616 2416 habebatur
1646 2363 1770 2432 (An.

197 2423 280 2477 89l
316 2426 456 2495 Sept.
485 2434 580 2498 19,
607 2437 733 2496 896.
765 2442 940 2512 Αρν.).
994 2445 1100 2499 Sed
1125 2423 1300 2513 inunc,
1341 2451 1470 2518 quid
1511 2453 1612 2506 sub
1639 2423 1773 2508 uno-

197 2529 392 2612 quoque
430 2522 631 2579 hormn
659 2540 868 2598 gestum
907 2535 998 2600 sit,
1030 2547 1188 2606 prout
1225 2540 1440 2596 brevius
1485 2558 1772 2612 possumus

198 2608 532 2677 explicemus.

203 2793 212 2804 .
261 2703 308 2755 6.
337 2706 456 2773 (Aa.
482 2709 769 2785 886-912.)
799 2716 908 2773 Leo
940 2721 1122 2791 igitur,
1170 2724 1467 2781 Grecorum
1499 2731 1772 2799 piissimus

202 2808 490 2865 uujmrator,
546 2805 702 2874 cujus
739 2825 899 2879 supra
950 2813 1176 2871 fecimus
1232 2820 1582 2886 mentionem,
1631 2823 1772 2880 Con-

203 2891 400 2981 stantini
450 2895 666 2951 scilicet
713 2900 868 2969 hujus
925 2904 1371 2978 Porphyrogeniti
1443 2921 1612 2981 pater,
1672 2931 1771 2968 un-

203 2980 343 3077 dique
371 3001 500 3053 pace
537 2991 717 3046 habita
747 3006 932 3051 sancte
961 3008 1015 3052 et
1037 2999 1185 3066 juste
1221 2980 1518 3059 Grecorum
1551 3009 1772 3077 regebat

205 3072 485 3170 imperium.
531 3081 1048 3158 Porphyrogenitum
1077 3103 1254 3148 autem
1290 3113 1392 3152 non
1427 3099 1477 3152 in
1507 3072 1764 3170 purpura,

203 3165 284 3215 sed
315 3166 363 3260 in
389 3168 558 3224 domo
580 3188 685 3241 que
710 3176 986 3250 Porphyra
1020 3183 1235 3250 dicitur,
1271 3197 1454 3242 natum
1483 3159 1676 3260 apell-0.
1703 3159 1770 3247 Et
1798 3159 1842 3219 C

203 3255 434 3354 quoniam
470 3277 562 3316 res
621 3271 881 3333 processit
930 3273 981 3325 in
1029 3277 1282 3341 medium,
1324 3280 1453 3347 quid
1499 3255 1566 3336 de
1615 3283 1774 3354 hujus

205 3344 636 3425 Porphyrogeniti
664 3365 845 3429 genesi
875 3367 1202 3434 audivimus,
1223 3372 1582 3440 proferamus.

257 3439 312 3535 .7.
335 3441 723 3535 Constantinus
751 3453 1042 3522 imperator
1071 3471 1352 3529 angustus,
1402 3480 1466 3519 ex
1496 3467 1650 3535 cujus
1680 3485 1773 3523 no-

205 3531 331 3622 mine
352 3531 866 3622 Constantinopolis
897 3555 978 3598 est
1000 3550 1187 3602 sortita
1223 3552 1534 3608 vocabulum
1558 3531 1768 3622 civitas,

205 3618 282 3670 τὸν
323 3621 446 3678 οἶκον
494 3627 702 3693 τούτου,
762 3642 851 3686 ton
905 3636 1024 3689 icon
1081 3647 1292 3706 touton,
1336 3643 1388 3696 id
1419 3653 1501 3698 est
1551 3646 1769 3701 domum

207 3707 370 3807 istam,
399 3715 659 3773 edificare
695 3720 873 3789 jussit,
926 3728 1012 3779 cui
1055 3728 1330 3802 l’orphyra
1375 3750 1570 3791 nomen
1621 3739 1772 3807 inpo-

207 3800 299 3895 suit
325 3819 337 3866 ;
364 3806 644 3877 voluitque
675 3828 1049 3872 successuram
1080 3800 1376 3878 nobilitatis
1399 3841 1508 3880 sua!
1531 3800 1769 3884 sobolem

106 3899 113 3908 '
207 3891 309 3944 istic
335 3894 382 3946 in
409 3897 581 3952 lucem
611 3904 848 3970 prodire,
885 3909 1164 3974 quatinus,
1190 3914 1280 3980 qui
1306 3930 1403 3968 suo
1447 3932 1510 3970 ex
1541 3927 1770 3974 stemate

206 3991 558 4080 nascerentur,
596 3989 864 4048 luculenta
897 3997 998 4053 hac
1025 4000 1349 4067 apellatione
1393 4004 1768 4080 l’orpllyl'oge’

207 4067 288 4168 niti
319 4073 646 4133 dicerentur.
683 4081 833 4138 Unde
854 4096 908 4140 et
935 4089 1076 4146 hunc
1105 4067 1541 4162 Constantinum,
1572 4067 1768 4156 lminis

205 4171 526 4230 imperatoris
565 4173 755 4239 lilium,
776 4193 841 4231 ex
875 4177 990 4246 ejus
1021 4187 1286 4254 sanguine
1315 4191 1553 4245 nonnulli
1587 4193 1771 4249 dicunt

205 4254 443 4352 prigiuem
497 4265 716 4322 ducere.
776 4272 984 4330 Veritas
1025 4287 1204 4332 autem
1263 4283 1338 4336 rei
1386 4282 1541 4352 hujus
1597 4286 1670 4341 ita
1711 4304 1769 4343 se

205 4341 362 4402 habet.

265 4440 312 4535 8.
339 4443 566 4501 Basilius
585 4465 880 4521 imperator
909 4470 1189 4530 angustus,
1217 4479 1348 4519 avus
1376 4466 1557 4535 hujus,
1587 4469 1763 4523 Mace-

206 4527 342 4632 donia
365 4536 548 4632 humili
579 4543 756 4600 fuerat
787 4554 1033 4619 prosapia
1068 4556 1348 4621 oriundus,
1376 4560 1762 4632 descenditque

206 4617 698 4698 Constantinopolim
748 4646 840 4698 τῆς
871 4646 1139 4712 πτοχείας,
1189 4646 1255 4699 lis
1302 4650 1569 4714 Ριοο¹¹ίί¹δο
1617 4617 1760 4720 (Ιιὶοίί

208 4719 630 4813 ξ’ξιβίὶιιρονιιιιίε,
665 4727 816 4796 jugo,
863 4743 917 4786 nt
949 4737 1160 4790 cuidam
1212 4742 1440 4794 serviret
1484 4719 1757 4813 igumeno,

209 4804 252 4904 id
278 4819 349 4861 est
374 4813 570 4904 abbati.
610 4819 775 4890 Igitur
823 4825 1120 4895 imperator
1171 4831 1432 4886 Michabel
1487 4804 1577 4904 qui
1631 4804 1758 4892 tunc

209 4899 436 4995 ξοηιιξοτιε
457 4918 594 4974 erat,
628 4926 749 4965 cum
771 4918 1034 4973 orationis
1068 4925 1238 4989 gratia
1264 4925 1329 4976 ad
1365 4931 1754 4982 monasterium

209 4991 346 5055 istud,
364 4994 412 5047 in
431 5013 537 5066 quo
560 5001 648 5058 hic
669 5005 1029 5065 ministrabat.
1065 5013 1439 5080 descenderet,
1463 5018 1597 5072 vidit
1618 5021 1762 5076 hunc

1874 1899 2135 1952 damnare
2161 1895 2422 1965 jusserat,
2453 1899 2828 1956 servabantur.
2861 1901 2967 1956 Sed
2997 1917 3118 1956 cum
3148 1902 3250 1956 hoc
3278 1901 3460 1970 sepius

1873 1997 1926 2044 et
1950 1991 2142 2044 iterum
2171 1989 2371 2045 Basilio
2395 1989 2619 2056 faceret,
2643 1992 2948 2061 hujusmodi
2972 2008 3000 2046 a
3026 1992 3127 2048 sibi
3157 1993 3460 2060 obsequen-

1877 2083 2043 2147 tibus,
2075 2097 2172 2152 pro
2200 2082 2377 2148 nefas,
2425 2085 2636 2154 accepit
2674 2085 2957 2140 consilium
2989 2103 3002 2137 :
3037 2104 3055 2136 ι
3098 2083 3175 2139 Ne
3203 2083 3342 2138 forte
3372 2084 3458 2138 in-

1873 2192 2006 2232 sana
2049 2178 2192 2248 regis
2232 2175 2406 2244 jussio
2451 2176 2742 2246 aliquando
2769 2191 2837 2232 ex
2893 2176 3158 2232 industria
3185 2191 3216 2229 a
3268 2186 3319 2229 te
3350 2190 3458 2229 non

1873 2268 2239 2340 diligentibus,
2264 2268 2431 2322 immo
2459 2267 2584 2323 odio
2625 2267 2962 2329 habentibus,
2995 2266 3300 2336 impleatur,
3335 2279 3459 2318 eum

1875 2367 1929 2412 tu
1958 2359 2136 2427 potius
2179 2360 2431 2423 occidito,
2473 2368 2636 2429 atque
2678 2358 2979 2428 impcrialia
3027 2366 3241 2426 sceptra
3290 2355 3460 2411 susci-

1873 2451 2004 2521 pitu.
2029 2469 2047 2502 ι
2078 2450 2231 2516 Quod
2261 2452 2380 2504 sine
2407 2449 2687 2515 dilatione,
2715 2464 2840 2504 cum
2872 2458 3076 2504 terrore
3123 2445 3458 2516 compulsus,

1876 2552 1987 2595 tum
2033 2551 2088 2595 et
2141 2542 2400 2612 regnandi
2449 2541 2741 2611 cupiditate
2795 2541 3052 2611 deceptus
3080 2580 3097 2605 ,
3146 2538 3454 2608 complevit.

1873 2633 1988 2689 lloe
2038 2635 2219 2704 itaque
2267 2635 2575 2700 interfecto,
2628 2634 2806 2689 factus
2850 2643 2934 2689 est
2973 2634 3269 2703 imperator
3309 2629 3459 2684 Basi-

1874 2724 1996 2780 lius.

1945 2819 2030 2873 10.
2071 2819 2192 2888 (Au.
2227 2817 2504 2889 886-9”).
2547 2819 2788 2888 Denique
2816 2833 2982 2888 parvo
3017 2823 3292 2871 transacto
3321 2823 3455 2868 temo

1873 2927 2005 2982 pore
2023 2952 2037 2978 ,
2069 2912 2194 2967 huic
2224 2911 2476 2965 dominus
2499 2919 2684 2966 noster
2707 2909 2866 2965 Jesus
2896 2909 3149 2965 Christus
3176 2923 3274 2977 per
3297 2907 3458 2960 visio-

1874 3021 1998 3058 nem
2027 3003 2311 3074 apparuit,
2345 3003 2548 3058 domini
2577 3003 2734 3074 hujus
2762 3001 3106 3072 imperatoris
3129 3041 3144 3066 ,
3177 3000 3332 3070 cujus
3371 2998 3458 3053 hic

1875 3101 2025 3154 necis
2065 3108 2258 3154 auctor
2301 3097 2590 3162 extiterat,
2629 3099 2904 3152 dexteram
2955 3105 3178 3158 tenens,
3227 3107 3458 3162 eumque

1875 3188 1948 3242 ita
1995 3189 2321 3244 conveniens
2368 3204 2382 3242 :
2430 3193 2507 3244 ἱνα
2552 3192 2602 3244 τί
2633 3187 2854 3261 ἕσφαζες
2879 3189 2966 3242 τὸν
3016 3183 3330 3243 δεσπότην¹⁸
3360 3186 3458 3237 σοῦ

1874 3281 2122 3353 βασιλἐαῖ
2155 3299 2172 3332 ι
2215 3281 2302 3334 ina
2341 3279 2377 3334 ti
2425 3278 2630 3334 esfases
2663 3289 2753 3332 ton
2791 3277 3034 3347 despotin
3082 3293 3145 3330 su
3167 3274 3398 3338 basilea,
3437 3291 3454 3323 ι

1873 3373 2016 3443 quod
2047 3383 2133 3427 est
2159 3387 2173 3426 :
2212 3391 2230 3424 ι
2268 3385 2327 3426 ut
2353 3372 2482 3442 quid
2513 3370 2834 3426 interfecisti
2864 3371 3140 3425 dominum
3173 3378 3324 3421 tuum
3354 3366 3452 3419 im-

1873 3464 2211 3534 peratorem?
2247 3482 2265 3514 ›
2320 3461 2746 3533 Expergefactus
2799 3461 2980 3530 itaque
3001 3501 3016 3525 ,
3048 3457 3184 3512 tanti
3215 3472 3273 3512 se
3305 3469 3457 3510 reum

1872 3559 2020 3613 novit
2065 3572 2185 3612 esse
2232 3567 2443 3622 reatus;
2499 3573 2732 3626 moxque
2780 3557 2846 3610 ad
2878 3570 2998 3611 sese
3030 3554 3284 3616 rediens,
3327 3548 3457 3618 quid

1871 3667 2033 3720 super
2061 3652 2162 3704 hoc
2191 3649 2394 3704 faceret
2428 3649 2718 3719 cogitabat.
2761 3648 3110 3703 Coufortatus
3150 3645 3329 3711 itaque
3358 3644 3457 3696 hac

1872 3745 2084 3799 Domini
2113 3743 2284 3796 nostri
2323 3759 2419 3812 per
2445 3743 2762 3812 prophetam
2795 3740 2994 3794 salubri
3046 3747 3102 3792 et
3145 3750 3270 3790 vere
3302 3749 3456 3789 acce-

1872 3838 2055 3908 ptabili
2086 3837 2478 3906 promissione,
2526 3835 2650 3906 quia
2687 3853 2705 3885 ι
2747 3835 2798 3888 in
2835 3845 3180 3902 quacumque
3211 3829 3296 3884 die
3328 3842 3455 3896 pec-

1873 3940 2026 3984 cator
2057 3930 2413 4000 ingemuerit,
2443 3928 2623 3982 salvus
2650 3929 2754 3982 erit
2785 3925 3002 3998 (Ezech.
3034 3940 3238 3992 xxxnt,
3277 3921 3390 3991 l2),
3430 3940 3452 3971 ι

1872 4035 1993 4074 cum
2026 4019 2265 4074 lacrimis
2293 4028 2347 4074 et
2371 4018 2661 4089 gemitibus
2688 4033 2747 4072 se
2775 4026 3117 4088 peeeatorem
3141 4056 3156 4079 ,
3181 4029 3239 4076 se
3267 4027 3417 4066 reum
3435 4051 3450 4074 ,

1871 4129 1927 4166 se
1959 4113 2237 4181 sanguinis
2264 4111 2567 4165 innocentis
2603 4110 2889 4164 ell‘usorem
2918 4123 3038 4162 esse
3065 4105 3445 4162 confitebatur.

1871 4199 2018 4255 Bono
2043 4209 2220 4254 autem
2248 4199 2472 4254 consilio
2489 4207 2729 4268 accepto,
2757 4199 2960 4252 amicos
2981 4197 3081 4250 sibi
3104 4197 3170 4250 de
3193 4207 3444 4248 mamona

1871 4293 2169 4363 iniquitatis
2190 4291 2462 4357 elleeerat,
2493 4299 2551 4343 ut
2579 4305 2714 4359 quos
2746 4289 2830 4342 hic
2857 4286 3244 4356 temporalibus
3271 4284 3449 4337 subsi-

1870 4388 1972 4440 diis
1994 4385 2388 4448 consolaretur,
2408 4399 2593 4437 eorum
2619 4381 2872 4450 precibus
2894 4381 2960 4434 ab
2980 4388 3182 4434 mterno
3206 4377 3455 4446 gehenno

1872 4479 2120 4533 incendio
2167 4477 2507 4532 liberaretur.
2545 4474 2851 4528 Fabricavit
2881 4483 3059 4526 autem
3105 4469 3368 4541 prazeioso
3394 4472 3449 4520 et

1871 4570 2101 4624 mirabili
2153 4582 2316 4637 opere
2361 4565 2505 4634 justa
2559 4564 2853 4632 palatium,
2904 4562 3166 4616 orientem
3221 4569 3447 4614 versus,

1868 4659 2167 4714 {ecclesiam
2201 4672 2363 4728 quam
2399 4655 2577 4719 Nean,
2609 4656 2708 4708 hoe
2737 4663 2821 4708 est
2870 4665 3100 4714 novam,
3133 4654 3362 4708 vocant,
3399 4644 3456 4696 in

1868 4751 2132 4806 honore“
2181 4748 2377 4804 summi
2424 4755 2476 4802 et
2534 4747 2753 4802 celestis
2801 4743 2990 4799 militie
3036 4737 3318 4810 principis,
3371 4749 3456 4787 ar-

1865 4842 2112 4911 changeli
2179 4838 2535 4902 Michahelis,
2616 4837 2709 4907 qui
2795 4835 2967 4890 Grece
3041 4824 3461 4894 archistratigos

1865 4931 2149 5002 apellatur.

1944 5025 2029 5078 ll.
2071 5024 2225 5081 Nunc
2249 5029 2428 5076 autem
2453 5035 2556 5076 non
2581 5020 2763 5089 pigeat
2786 5009 3025 5070 lihellulo
3049 5011 3179 5066 huic
3202 5017 3287 5061 res
3309 5007 3467 5071 duas,

1501 5192 1582 5245 VA
1592 5193 1729 5251 [ιιιΕ
1761 5194 2164 5258 LECTIONES.
