4012 5340
524 345 631 403 795

1519 333 1934 394 LlUTPRANDl
1973 326 2457 392 CREMONENSIS
2492 326 2800 386 EPISCOPI

3681 319 3786 374 796

523 475 660 530 quas
686 457 924 529 ejusdem
953 456 1137 513 Basilii
1168 452 1340 521 ﬁlius,
1371 462 1706 510 memoratus
1728 453 1839 508 Leo
1867 452 2100 522 impera-
2128 450 2176 510 Α
2205 446 2350 503 Iesus
2377 460 2560 511 exeas,
2583 458 2745 514 quam
2770 441 2821 497 id
2850 437 3173 511 percontari,
3205 435 3298 493 tibi
3319 433 3659 530 commodius
3678 444 3783 530 est.

523 559 612 604 tor
640 557 934 619 angustus,
982 547 1242 603 memoria
1288 546 1508 614 risuque
1535 544 1727 616 dignas
1772 544 1910 613 egit,
1959 541 2102 596 inse-

524 652 666 694 rere.
688 636 1285 708 Constantinopolitana
1303 636 1449 699 urbs,
1468 650 1587 705 qua:
1606 635 1756 706 prius
1777 633 2100 698 Bizantium,

525 740 667 781 nova
698 741 841 782 nunc
872 725 1071 781 dicitur
1103 726 1273 781 Roma
1294 767 1308 793 ,
1341 725 1484 779 inter
1515 724 1881 779 ferocissimas
1915 730 2103 794 gentes

527 826 612 874 est
643 818 955 874 constituta.
990 817 1162 872 Habet
1185 818 1383 887 quippe
1408 817 1476 870 ab
1498 816 1749 887 aquilone
1778 813 2101 885 llungarios,

524 905 822 963 Pizenacus
843 948 857 973 ,
889 907 1198 973 Chazaros,
1231 906 1427 961 Rusios
1455 922 1591 976 quos
1624 906 1729 961 alio
1758 921 1858 961 nos
1886 904 2105 959 nomine

522 998 902 1054 Nordmannos
953 998 1281 1069 apellamus,
1335 1006 1496 1068 alque
1544 997 1825 1067 Bulgarios
1878 998 2103 1052 nimium

523 1088 628 1144 sibi
666 1089 908 1155 vicinos;
941 1090 1009 1145 ab
1034 1074 1241 1145 oriente
1285 1090 1528 1161 Bagdas;
1566 1090 1708 1144 inter
1740 1089 2002 1145 orientem
2050 1097 2105 1144 et

523 1180 809 1234 meridiem
837 1180 1013 1257 Egipti
1058 1180 1519 1250 Babilonimque"
1549 1180 1786 1246 incolas;
1818 1195 1848 1234 a
1881 1181 2107 1235 meridie

521 1284 653 1324 vero
698 1269 940 1325 Africam
987 1270 1151 1326 habet
1195 1278 1250 1324 et
1304 1271 1635 1325 nominatam
1682 1270 1826 1325 illam
1880 1270 2108 1325 nimium

521 1363 757 1418 vicinam
790 1364 1000 1434 sibique
1049 1363 1378 1419 contrariam
1426 1363 1657 1419 insulam
1686 1362 1868 1419 Crete.
1900 1361 2108 1418 Caetere

520 1468 651 1509 vero
675 1469 795 1524 qua:
822 1461 950 1509 sunt
983 1455 1084 1510 sub
1108 1454 1297 1509 eodem
1326 1454 1541 1509 climate
1569 1454 1818 1508 nationes
1838 1494 1852 1518 ,
1876 1451 2105 1507 Armeni

523 1544 765 1614 scilicet,
796 1545 1022 1612 Perses,
1060 1544 1311 1608 Chaldei,
1340 1544 1536 1615 Avasgi
1559 1585 1573 1610 ,
1606 1544 1729 1599 huic
1768 1543 2135 1604 descrviunt..

520 1637 718 1693 Incolae
763 1638 996 1708 denique
1048 1636 1286 1692 civitatis
1339 1634 1531 1706 hujus,
1586 1634 1724 1690 sicut
1779 1641 2108 1690 memoratas

522 1736 709 1798 gentes
727 1727 930 1782 divitiis
945 1728 1019 1782 ita
1035 1729 1198 1783 etiam
1218 1725 1484 1796 sapientia
1506 1724 1924 1795 superexellunt.
1942 1722 2105 1777 Moris

2204 538 2319 593 Non
2348 553 2500 607 teque
2530 552 2657 601 vos,
2687 536 2746 592 ὀὶ
2770 536 2841 594 εἰς
2859 534 2900 574 ³³
2938 538 3026 593 τήν
3068 531 3270 605 quidam
3313 531 3401 584 καὶ
3423 529 3580 584 αὐτὸν
3620 528 3689 587 ei:
3721 528 3785 582 τό

2203 628 2620 703 χρυσοτρίκλινον
2640 666 2654 690 ,
2683 639 2742 680 se
2768 625 2815 679 is
2859 623 2934 677 tin
2968 621 3151 676 lilakin
3190 620 3257 675 ke
3289 629 3453 673 auton
3480 618 3527 672 is
3558 626 3615 671 to
3638 616 3789 671 chri-

2203 716 2552 780 sotriclinon,
2588 723 2640 770 te
2684 714 2739 769 in
2778 726 3035 777 carcere,
3080 719 3133 766 et
3162 710 3309 765 illum
3337 710 3391 763 in
3419 721 3649 762 aureum
3694 706 3790 760 tri-

2205 810 2425 867 clinium
2448 849 2463 875 ,
2494 807 2709 863 fortuna
2744 805 2910 861 fovet.
2960 804 3131 859 Parva
3180 810 3308 858 sunt
3353 802 3505 866 haec,
3534 800 3791 870 graviora

2206 898 2471 956 addantur
2497 897 2709 954 vincula
2727 936 2742 963 ,
2771 912 2840 951 ne
2863 896 2936 951 sit
2967 895 3196 965 spatium
3223 892 3290 947 de
3317 891 3651 962 imperatore
3679 904 3792 943 me-

2205 987 2431 1043 ditandi.
2471 1006 2490 1039 ι
2521 986 2620 1041 Cui
2654 1003 2668 1041 :
2703 1004 2723 1038 ‹
2757 985 2981 1049 Desine,
3009 982 3212 1053 inquit,
3244 981 3464 1046 desine;
3498 980 3621 1050 ipse
3646 978 3791 1032 enim

2206 1094 2323 1134 sum
2352 1077 2463 1132 Leo
2487 1076 2782 1146 imperator
2808 1083 3087 1141 angustus,
3112 1072 3202 1140 qui
3225 1071 3290 1126 de
3311 1068 3498 1140 palatii
3526 1067 3793 1138 dignitate

2206 1184 2314 1224 non
2352 1168 2494 1222 bono
2523 1166 2703 1221 omine
2747 1165 2943 1237 prodii.
2981 1184 3000 1217 ι
3049 1161 3299 1218 Carceris
3340 1167 3524 1214 autem
3575 1164 3792 1218 custos,

2209 1273 2435 1330 sperans
2481 1273 2590 1312 non
2640 1269 2766 1311 vera
2808 1268 2929 1311 esse
2971 1268 3091 1324 quae
3134 1253 3391 1308 dixerat:
3433 1268 3450 1302 ι
3490 1246 3682 1318 Egon’,
3716 1245 3794 1299 in-

2208 1352 2352 1423 quit,
2381 1350 2654 1405 hominem
2686 1350 2970 1420 inpurum,
3006 1349 3148 1403 bona
3182 1360 3281 1401 sua
3323 1358 3446 1399 cum
3491 1339 3797 1396 meretrici-

2207 1444 2308 1499 bus
2333 1441 2793 1513 abligurrientem,
2825 1440 3206 1509 imperatorem
3235 1434 3492 1492 credam?
3520 1431 3795 1501 Quoniam

2208 1526 2375 1590 tem'et
2422 1541 2476 1588 tu
2518 1533 2803 1603 neglexisti
2842 1547 2941 1602 pro
2976 1540 3029 1587 te
3053 1546 3154 1600 ego
3180 1528 3450 1598 dispitiam
3494 1524 3793 1581 mathesin.

2210 1627 2355 1682 Mars
2386 1627 2628 1697 trigonus
2646 1665 2663 1693 ,
2692 1626 2959 1681 Saturnus
2983 1625 3245 1681 Venerem
3266 1620 3515 1691 respicit,
3544 1617 3797 1688 Iuppiter

2210 1722 2540 1792 quadratus,
2588 1717 2887 1774 Mercurius
2937 1715 3031 1771 tibi
3096 1715 3302 1778 iratus,
3354 1710 3449 1767 Sol
3493 1708 3796 1772 rotundus,

523 1790 722 1891 quippe
747 1833 933 1876 eorum
961 1828 1067 1886 est,
1107 1834 1175 1875 ne
1219 1835 1247 1874 a
1281 1790 1488 1875 vicinis
1516 1790 1766 1890 gentibus
1793 1817 2107 1888 obpriman-
2135 1790 2183 1850 Β
2212 1790 2363 1869 Luna
2390 1812 2442 1867 in
2473 1810 2614 1867 saltu
2643 1817 2758 1875 est,
2788 1808 2930 1864 mala
2955 1807 3195 1862 Fortuna
3232 1815 3284 1859 te
3310 1802 3530 1874 premit.
3572 1819 3595 1852 1
3627 1798 3800 1891 Impe-

525 1919 632 1976 tur;
652 1912 875 1982 singulis
891 1911 1194 1981 quibusque
1207 1910 1458 1966 noctibus
1479 1925 1576 1981 per
1600 1910 1764 1964 totius
1777 1908 2016 1963 civitatis
2029 1908 2107 1962 bi-

522 2000 691 2064 vium,
709 2001 946 2065 trivium,
975 2000 1443 2070 quadruviumque
1466 2006 1706 2053 armatos
1723 1997 1925 2052 milites
1940 2010 2104 2051 causa

524 2089 886 2145 custodienda:
911 2092 1164 2157 civitatis,
1180 2091 1271 2160 qui
1298 2105 1418 2145 eam
1440 2088 1741 2159 invigilent,
1759 2102 1976 2158 ponere.
1993 2087 2108 2141 Fit-

522 2195 648 2249 que,
663 2188 722 2235 ut
736 2181 779 2235 si
794 2188 918 2251 post
929 2168 1304 2251 crepusculum
1318 2194 1645 2251 quemquam
1667 2179 2106 2235 deambulantem

523 2273 704 2344 aliquo
729 2275 979 2331 custodes
1007 2273 1351 2339 offenderint,
1368 2283 1559 2344 captus
1588 2272 1835 2343 protinus
1865 2271 2107 2327 verberi-

521 2363 729 2435 busque
754 2378 931 2429 cesus,
959 2364 1206 2420 custodia
1234 2360 1503 2436 pervigili,
1529 2364 1880 2434 compedibus
1905 2364 1958 2417 in
1986 2378 2107 2417 car-

523 2467 648 2509 cere
668 2455 1095 2525 strictus,usque
1118 2456 1173 2510 in
1197 2463 1493 2511 crastinum
1517 2456 1582 2509 ad
1605 2455 1878 2525 publicum
1901 2454 2105 2525 produ-

522 2548 726 2604 cendus
770 2557 1037 2604 servetur.
1081 2549 1194 2605 Hoc
1225 2550 1459 2620 denique
1483 2557 1646 2620 pacto
1674 2564 1781 2605 non
1814 2550 1988 2605 solum
2034 2549 2104 2604 ab

522 2637 801 2702 hostibus,
829 2651 1018 2693 verum
1054 2639 1217 2695 etiam
1267 2655 1297 2694 a
1345 2640 1651 2696 latronibus
1694 2640 1865 2696 inlesa
1909 2640 2106 2695 civitas

522 2730 847 2784 custoditur.
879 2728 988 2786 Leo
1035 2731 1219 2801 itaque
1264 2733 1560 2803 imperator
1594 2742 1853 2804 angustus
1881 2733 2101 2806 vigilum

522 2817 682 2874 ﬁdem
728 2822 1199 2891 constantiamque
1234 2824 1467 2893 probare
1522 2824 1743 2889 volens,
1790 2824 1936 2880 solus
1982 2833 2106 2894 post

523 2912 895 2980 crepusculum
928 2928 958 2968 e
983 2913 1185 2984 palatio
1213 2914 1579 2982 descendens,
1624 2916 1690 2971 ad
1730 2916 1956 2985 primam
1980 2930 2104 2985 per-

522 3003 674 3058 venit
705 3004 1023 3059 custodiam.
1051 3004 1220 3071 Quem
1250 3015 1311 3061 ut
1334 3006 1527 3077 vigiles
1549 3006 1845 3076 fugientem
1869 3014 1925 3061 et
1948 3006 2104 3076 quasi

522 3101 668 3148 metu
700 3108 759 3149 se
789 3094 1146 3151 declinantem
1168 3097 1451 3164 viderunt,
1475 3100 1923 3169 comprehensum
1944 3140 1958 3166 ,
1982 3099 2106 3170 quis

524 3193 672 3240 esset
700 3201 873 3255 quove
900 3197 1180 3258 pergeret,
1229 3190 1656 3263 interrogarunt.
1689 3191 1827 3259 Qui,
1858 3206 1889 3247 e
1916 3192 2103 3248 multis

525 3292 692 3331 unum
723 3292 781 3333 se
822 3278 943 3334 esse
984 3288 1040 3334 et
1086 3280 1317 3351 lupanar
1359 3294 1578 3352 petere,
1609 3283 1763 3338 dixit.
1801 3282 1898 3339 Cui
1936 3300 2057 3340 mox
2089 3302 2101 3337 :

532 3384 553 3418 ι
591 3364 784 3422 Cesum
819 3376 870 3423 te
901 3370 1122 3438 acriter,
1158 3371 1444 3443 inquiunt,
1476 3374 1935 3446 compe’dibusque
1979 3375 2107 3431 stri-

523 3464 669 3511 ctum
703 3472 872 3529 usque
918 3460 971 3515 in
1019 3462 1317 3518 crastinum
1370 3465 1790 3521 reservabimus.
1830 3485 1849 3519 ι
1903 3467 2107 3535 Quibus

524 3548 804 3618 respondit
837 3567 850 3603 :
884 3568 903 3601 ι
932 3556 1032 3618 Μὴ,
1053 3551 1278 3627 ἀδε).φοῖ,
1308 3560 1400 3625 μή,
1423 3554 1519 3620 mi,
1544 3554 1724 3620 adelli,
1748 3557 1842 3620 mi,
1865 3559 2007 3627 quod
2025 3558 2108 3613 in—

524 3647 894 3708 terpretatur:
924 3655 1294 3712 nequaquam,
1335 3644 1565 3711 fratres,
1601 3660 1974 3715 nequaquam;
2011 3664 2108 3703 ac-

522 3729 685 3798 cipite
721 3733 861 3799 quod
893 3740 1086 3806 portu_,
1133 3734 1430 3804 permittite
1478 3736 1558 3791 ire
1605 3752 1712 3806 quo
1755 3737 1892 3793 volo.
1933 3760 1951 3791 )
2004 3738 2106 3805 Qui

523 3818 806 3874 duodecim
834 3823 1077 3891 acceptis
1098 3826 1300 3890 aureis,
1334 3840 1457 3881 cum
1482 3828 1731 3897 protinus
1757 3828 2102 3885 dimiserunt.

523 3911 651 3969 inde
678 3929 810 3971 vero
838 3917 1138 3984 transiens,
1170 3918 1238 3973 ad
1268 3920 1560 3975 secundam
1590 3921 1739 3976 venit
1784 3923 2103 3978 custodiam.

527 4004 644 4070 Quo
666 4007 1118 4075 quemadmodum
1147 4017 1201 4063 et
1228 4011 1283 4065 in
1313 4011 1487 4079 prima
1516 4020 1737 4081 captus,
1768 4013 2015 4082 datisque
2037 4013 2107 4069 20

525 4095 707 4149 aureis
728 4104 813 4150 est
836 4096 1110 4153 dimissus.
1137 4098 1218 4154 Ad
1245 4099 1454 4155 tertiam
1479 4099 1674 4155 deinde
1694 4100 1821 4156 dum
1847 4102 2105 4169 venisset,

527 4192 614 4237 est
639 4192 830 4254 captus
870 4204 883 4240 :
917 4202 1103 4241 verum
1150 4204 1256 4243 non
1302 4198 1359 4243 ut
1387 4189 1564 4258 primo
1596 4203 1661 4244 ac
1704 4192 1940 4247 secundo
1967 4191 2107 4247 datis

528 4274 708 4329 aureis
735 4283 819 4329 est
849 4276 1132 4344 dimissus;
1164 4279 1259 4334 sed
1286 4278 1480 4335 ablatis
1522 4281 1801 4346 omnibus,
1831 4283 2105 4352 compedi-

526 4366 735 4436 busque
760 4371 999 4438 graviter
1023 4372 1245 4427 strictus
1262 4413 1275 4437 ,
1314 4372 1508 4443 pugnis
1535 4370 1825 4443 ﬂagrisque
1851 4376 1940 4429 diu
1988 4390 2110 4431 ver-

2208 1910 2356 1960 rator
2384 1916 2553 1959 vero:
2586 1920 2605 1953 ι
2639 1900 2732 1966 Ut,
2762 1899 2957 1969 inquit,
2984 1911 3113 1952 vera
3133 1893 3331 1967 probes
3358 1907 3482 1949 esse
3505 1904 3631 1960 quae
3650 1888 3796 1951 dico,

2207 1996 2333 2051 dum
2382 1989 2703 2048 matutinale
2746 1988 2999 2044 dederint
3049 1986 3297 2057 signum,
3339 1990 3466 2038 ante
3496 1980 3648 2036 enim
3688 1992 3797 2032 non

2205 2087 2323 2142 ausi
2353 2100 2575 2150 sumus,
2612 2097 2827 2139 mecum
2872 2080 2937 2136 ad
2967 2078 3226 2150 palatium
3255 2074 3451 2148 potiori
3497 2088 3666 2143 quam
3697 2084 3800 2141 ego

2206 2177 2579 2235 descenderim
2609 2175 2792 2230 omine
2818 2171 3023 2229 venito.
3058 2170 3117 2225 Si
3167 2184 3254 2225 me
3300 2175 3362 2222 ut
3405 2167 3797 2237 imperatorem

2205 2284 2311 2325 non
2335 2268 2457 2324 istic
2486 2266 2653 2336 recipi
2677 2264 2903 2329 videris,
2931 2261 3185 2319 occidito.
3205 2259 3322 2314 Non
3345 2256 3578 2313 minoris
3598 2254 3799 2325 quippe

2206 2360 2450 2417 criminis
2479 2359 2585 2414 erit
2604 2399 2618 2424 ,
2644 2371 2732 2412 me
2752 2356 3136 2427 imperatorem
3165 2350 3369 2406 dixisse
3414 2348 3463 2403 si
3511 2349 3622 2402 non
3654 2358 3796 2408 sum,

2205 2471 2366 2528 quam
2398 2454 2635 2524 aliquem
2662 2450 2949 2507 occidisse.
2981 2447 3039 2502 Si
3071 2460 3200 2501 vero
3231 2454 3284 2500 te
3306 2444 3377 2499 ob
3404 2442 3457 2497 id
3487 2440 3623 2496 mali
3652 2438 3801 2507 quic-

2205 2564 2367 2621 quam
2413 2546 2527 2618 pati
2572 2544 2855 2608 formidas,
2884 2542 3002 2597 haec
3042 2538 3201 2594 fatiat
3252 2535 3386 2592 mihi
3430 2534 3577 2588 Deus
3602 2531 3800 2587 ethtec

2205 2639 2398 2703 addat,
2430 2636 2474 2692 si
2506 2649 2613 2690 non
2645 2632 2825 2704 potius
2849 2621 3133 2701 praemium
3168 2640 3330 2698 quam
3367 2638 3471 2694 pro
3499 2623 3610 2677 hac
3637 2634 3800 2675 resu-

2205 2730 2703 2802 mes‘supplitium.
2747 2746 2765 2779 ›
2816 2725 2987 2796 Igitur
3031 2720 3285 2778 credulus
3326 2714 3571 2773 carceris
3617 2718 3801 2770 custos

2205 2824 2426 2881 ell‘ectus
2444 2864 2460 2888 ,
2493 2822 2619 2877 dato
2637 2862 2654 2887 ,
2682 2826 2741 2874 ut
2771 2819 3072 2888 imperator
3099 2814 3342 2876 dixerat,
3369 2805 3684 2863 matutinali
3728 2802 3801 2858 si-

2205 2930 2341 2987 gno,
2383 2928 2507 2969 eum
2537 2912 2605 2966 ad
2652 2909 2915 2980 palatium
2962 2918 3137 2974 usque
3185 2900 3500 2957 comitatur.
3550 2896 3802 2964 Cumque

2206 3008 2394 3065 eodem
2439 3005 2709 3069 venisset,
2742 3000 3068 3057 mirabiliter
3114 2998 3256 3053 sicut
3299 3008 3331 3048 a
3354 3008 3417 3048 se
3442 2988 3803 3046 noscentibus

2208 3109 2525 3172 susceptus,
2553 3098 2804 3154 comitem
2832 3109 2990 3151 suum
3024 3089 3396 3146 exanimatum
3431 3082 3800 3139 admiratione

2208 3170 2384 3248 nimia
2400 3188 2654 3247 reddidit.
2683 3186 2828 3242 Sane
2866 3184 2996 3240 dum
3021 3180 3312 3252 dignitates
3335 3187 3528 3230 onmes
3555 3170 3686 3227 huic
3710 3182 3803 3223 oc-

2207 3297 2427 3341 currere
2465 3282 2532 3348 ι’,
2574 3280 2761 3335 laudes
2792 3276 3048 3337 reddere,
3082 3271 3340 3333 adorare,
3379 3277 3578 3320 soccos
3620 3260 3805 3315 detra-

2207 3376 2366 3438 here,
2396 3372 2500 3427 alia
2530 3379 2692 3441 atque
2739 3367 2844 3423 alia
2870 3381 2969 3436 pro
3000 3379 3060 3421 se
3089 3371 3416 3432 quemquam
3447 3353 3641 3409 facere
3672 3363 3802 3405 con—

2208 3463 2579 3535 templaretur,
2607 3458 2780 3515 emori
2804 3456 2855 3511 ei
2882 3465 3009 3510 tunc
3033 3460 3199 3522 atque
3218 3448 3403 3503 vivere
3432 3443 3609 3500 satius
3634 3445 3799 3535 esset.

2207 3553 2304 3609 Cui
2323 3531 2624 3621 imperator
2655 3565 2670 3602 :
2707 3565 2725 3599 ε
2756 3542 3172 3613 Contemplare,
3196 3537 3393 3609 inquit,
3417 3549 3564 3591 nunc
3589 3531 3801 3588 mathe-

2208 3643 2291 3699 sin
2312 3643 2431 3698 etsi
2455 3654 2581 3697 vere
2607 3653 2714 3709 quo
2742 3638 2848 3693 huc
2870 3632 3153 3690 adveneris
3172 3629 3354 3686 omine
3374 3625 3604 3689 dixeris,
3618 3635 3800 3677 veram

2210 3744 2262 3790 te
2285 3731 2581 3805 augurandi
2606 3729 2889 3786 scientiam
2909 3726 3107 3781 habere
3128 3719 3407 3793 probabis.
3428 3716 3596 3771 Prius
3620 3724 3799 3805 tamen

2208 3804 2390 3895 quaaso
2410 3863 2425 3889 ,
2456 3821 2582 3892 quid
2616 3820 2790 3876 morbi
2823 3818 2927 3883 sit,
2957 3815 3236 3887 proferas,
3267 3809 3413 3881 quod
3441 3818 3494 3863 te
3531 3816 3647 3862 tam
3694 3804 3802 3874 pal-

2207 3915 2372 3971 lidum
2419 3912 2671 3969 reddidit.
2708 3930 2727 3963 ι
2761 3909 2861 3966 Cui
2906 3923 2921 3962 :
2970 3907 3267 3962 Parcarum
3289 3902 3353 3964 ³⁸,
3405 3899 3566 3965 iniit,
3593 3896 3802 3953 obtima

2207 4007 2362 4064 Cloto
2381 4006 2494 4077 jam
2523 4020 2653 4062 nere
2679 4003 2909 4069 desinit;
2941 3999 3200 4057 Lachesis
3243 4011 3373 4052 vero
3398 3994 3454 4049 in
3486 3988 3801 4062 torquendo

2216 4099 2466 4156 laborare
2511 4096 2742 4167 amplius
2787 4110 2900 4151 non
2948 4092 3128 4161 cupit,
3167 4087 3449 4144 sevissima
3481 4090 3672 4138 autem
3699 4081 3798 4134 ha-

2211 4209 2329 4248 rum
2360 4192 2596 4261 Atropos
2623 4187 2881 4245 articulos
2904 4183 3019 4255 jam
3048 4183 3101 4237 in
3129 4178 3400 4237 condilnm
3426 4175 3541 4247 (55)
3565 4173 3740 4229 solam
3754 4170 3802 4201 “

2209 4285 2424 4357 imperii
2457 4284 2532 4339 tui
2578 4281 2901 4338 sententiam
2932 4281 3213 4346 expectat,
3251 4281 3312 4327 ut
3346 4270 3434 4324 [ila
3463 4267 3801 4333 contrahens

2212 4386 2446 4447 rumpat.
2495 4371 2817 4428 Palliditalis
2855 4376 3035 4424 autem
3067 4363 3249 4419 vultus
3299 4359 3401 4414 mei
3457 4371 3653 4447 causa
3681 4363 3798 4418 est,

526 4455 781 4524 beratus,
809 4462 1050 4516 custodia
1097 4478 1267 4533 usque
1297 4463 1348 4517 in
1381 4464 1680 4520 crastinum
1727 4467 2106 4537 producendus
2135 4501 2185 4561 ο
2211 4445 2448 4526 animam
2482 4482 2511 4521 a
2540 4464 2717 4534 capite
2744 4459 3124 4520 descendisse,
3168 4464 3460 4520 secumque
3488 4449 3543 4502 in
3572 4445 3798 4561 infirio:

694 4557 704 4561 _
950 4551 960 4561 _
1175 4553 1207 4561 __
1322 4553 1337 4561 ,
1440 4554 1472 4561 __
1805 4557 1818 4561 _
1939 4557 1950 4561 _
2550 4557 2561 4561 _
3031 4548 3044 4561 _
3261 4540 3534 4561 “ng”
3600 4556 3616 4561 _
3707 4553 3735 4561 __

529 4557 795 4603 servatur.
829 4549 922 4605 llis
950 4551 1129 4621 itaque
1156 4553 1558 4610 discedentibus
1578 4596 1593 4620 ,
1631 4557 1909 4612 custodem
1938 4557 2104 4627 impe-

528 4645 678 4693 rator
702 4640 769 4694 ad
800 4655 920 4696 sese
945 4643 1183 4699 carceris
1204 4659 1404 4701 vocans
1437 4664 1449 4699 :
1482 4664 1501 4698 ς
1533 4647 1643 4702 Φίλε
1670 4669 1800 4719 μου,
1844 4647 1931 4704 lile
1975 4664 2067 4704 mu
2089 4688 2104 4715 ,

528 4730 672 4799 quod
717 4741 801 4786 est
847 4733 1022 4788 amice
1051 4735 1155 4800 mi,
1205 4736 1415 4805 inquit,
1443 4737 1681 4795 Leonem
1725 4741 2104 4810 imperatorem

2208 4577 2321 4617 rem
2353 4557 2595 4628 corporis
2620 4561 2831 4626 partem
2859 4548 3177 4621 sanguinem
3213 4540 3557 4613 perduxisse.
3599 4556 3618 4588 ι
3663 4534 3799 4591 Sub—

2206 4654 2384 4709 ridens
2427 4649 2590 4721 igitur
2627 4646 2918 4716 imperator
2947 4660 2959 4695 :
3004 4659 3023 4693 ‹
3056 4638 3280 4707 Recipe,
3311 4632 3507 4703 inquit,
3535 4630 3796 4691 animam,

2207 4742 2409 4810 recipe,
2429 4749 2479 4794 et
2505 4753 2627 4794 cum
2652 4736 2756 4791 hac
2775 4732 3020 4790 bisbinas
3044 4738 3333 4783 aureorum
3357 4723 3526 4778 libras
3549 4721 3795 4779 adsume;

522 4821 744 4876 nostin?
765 4852 837 4862 —
856 4821 957 4890 Qui
977 4865 992 4890 ,
1022 4825 1158 4889 inﬁt,
1190 4841 1413 4883 noscere
1465 4830 1686 4897 possim,
1716 4846 1877 4901 quem
1908 4832 2108 4888 vidisse
2205 4831 2336 4887 nulli
2365 4845 2493 4887 vero
2521 4829 2588 4886 de
2613 4842 2737 4893 me,
2769 4824 2876 4880 nisi
2923 4820 3229 4893 aufugisse.
3261 4814 3619 4886 τεδροηάεθει
3654 4831 3675 4865 ⁸
3702 4810 3799 4901 Hi5

527 4924 614 4964 me
637 4926 739 4966 non
769 4915 1145 4970 meminerim?
1174 4916 1255 4972 Ad
1286 4916 1557 4986 publicum
1589 4934 1740 4985 sane,
1766 4935 1893 4975 raro
1917 4936 2108 4991 quam-

526 5015 687 5036 naso-I1
740 5003 865 5036 Hum
893 5006 1134 5036 nunt-ant“.
1189 5022 1216 5036 η
1265 5007 1421 5036 ιηηηΑ
1477 5008 1598 5036 ιιι-αξη
1628 5018 1848 5036 υὶηηυιίΑ-
1875 5027 2079 5036 ἰι--..ΛΑ

2215 4923 2289 4977 ita
2312 4919 2510 4991 gestis,
2545 4918 2840 4986 imperator
2862 4911 3084 4984 vigiles,
3113 4908 3205 4979 qui
3234 4921 3293 4962 se
3320 4913 3543 4974 captum
3577 4900 3799 4991 dimise-

2410 5009 2606 5036 -..εηηη
2632 5019 2827 5036 ωηο-..ω
2875 5001 3133 5036 nummum
3175 4996 3580 5036 munt-inurunt-
3614 4989 3797 5036 venire
