4012 5340
143 343 231 397 797

1085 346 1632 405 ANTAPODOSEOS
1669 348 1849 406 LIBRI
1891 351 2043 408 SEX.
2085 387 2153 396 --
2191 357 2316 412 LIB.
2353 356 2385 412 1.

3277 366 3382 425 798

137 454 339 524 quando
388 453 765 526 adulterosque
800 457 1104 515 offenditis?
1139 483 1156 513 ι
1212 463 1312 529 Qui
1351 479 1472 517 cum
1509 463 1697 533 przetio
1726 467 1774 526 Α
1801 475 1906 526 ret.
1937 481 2224 524 aureorum
2265 470 2713 525 numismatorum
2745 471 2938 527 libram
2963 475 3167 543 pectori
3199 476 3385 532 unius-

141 555 348 614 accepto
379 545 727 612 dimiserant,
755 549 827 603 nil
856 564 913 604 se
942 551 1141 608 vidisse
1170 553 1623 623 responderant“
1642 556 1695 620 ';

143 638 221 706 qui
265 651 391 690 vero
437 651 631 691 caesum
685 639 835 694 illum
885 645 1142 698 custodia:
1186 646 1592 716 manciparant,
1627 647 1699 701 ita

140 725 518 795 responderant
559 726 648 780 ³⁵;
696 746 715 779 t
753 727 1018 802 Prmcepit
1071 733 1319 792 δεσποτία
1367 744 1458 791 σοῦ
1499 740 1527 795 ἡ
1557 735 1716 814 air/tan

141 818 366 886 despotia
424 819 505 873 sui
558 820 678 892 agia
699 863 714 887 ,
756 822 808 876 id
839 832 923 878 est
951 825 1248 882 dominatio
1280 837 1366 881 tua
1393 838 1577 882 sancta
1597 871 1610 893 ,
1645 838 1704 883 ut

143 909 180 961 si
203 907 385 978 vigiles
411 919 534 978 post
556 911 932 980 crepusculum
965 929 1289 985 quemquam
1321 917 1502 986 aliquo
1523 919 1706 973 deam-

143 998 399 1053 balantem
415 998 769 1067 offenderent,
788 1013 1001 1073 captum
1023 1006 1270 1076 protinus
1283 1007 1706 1077 verberibusque

147 1108 329 1147 caesum
366 1095 626 1150 custodia:
679 1098 971 1153 traderent.
1000 1098 1130 1155 Tuis
1157 1101 1369 1170 itaque,
1404 1102 1708 1156 dominator

146 1183 466 1239 sanctissime
487 1185 554 1249 ³⁸,
583 1185 920 1255 jussionibus
951 1205 1050 1245 nos
1098 1203 1385 1261 parentes,
1421 1193 1554 1256 hac,
1587 1207 1707 1262 qua:

147 1285 449 1342 przesentem
483 1279 759 1345 praecessit
784 1279 926 1334 diem
946 1323 960 1345 ,
994 1291 1153 1336 nocte
1181 1285 1450 1352 quendam
1482 1284 1704 1353 lupana-

146 1362 214 1415 ria
239 1376 640 1432 percurrentem
664 1369 924 1438 cepimus,
951 1369 1357 1442 ﬂagellavimus,
1385 1374 1702 1443 carcerique

149 1455 436 1524 impositum
471 1459 698 1530 imperio
731 1471 820 1516 tuo
851 1472 1042 1519 sancto
1068 1466 1472 1534 producendmn
1522 1482 1710 1522 scrva-

149 1546 321 1600 vimus.
359 1566 377 1598 ι
431 1547 640 1615 Quibus
671 1551 965 1621 imperator
999 1572 1009 1606 :
1057 1573 1074 1605 ‹
1112 1556 1264 1621 (ἷίίο,
1299 1557 1505 1626 inquit,
1557 1566 1614 1610 ut
1653 1561 1707 1614 in

150 1635 358 1690 medium
388 1640 743 1707 producatur,
771 1652 1008 1712 potestas
1039 1646 1247 1716 imperii
1285 1649 1390 1702 mei
1435 1649 1598 1703 etiam
1628 1658 1711 1704 at-

149 1742 240 1796 que
260 1727 416 1781 etiam
447 1730 698 1799 imperat.
735 1752 751 1785 ι
787 1732 894 1788 Nec
925 1750 1097 1799 mora,
1131 1739 1344 1793 vinctus
1370 1748 1427 1792 ut
1456 1739 1705 1806 ducatur,

1803 560 2061 629 cujusque
2086 563 2332 630 apposuit
2363 562 2435 628 ³¹³;
2485 577 2718 633 moxque
2766 563 2904 618 clam
2951 579 3251 635 regressus,
3297 583 3385 629 os-

1803 649 1957 712 tium,
1991 660 2050 705 ut
2077 653 2224 720 prius
2251 651 2444 717 fuerat,
2475 654 2688 709 clausit.
2742 655 2817 709 Eo
2866 663 3044 711 autem
3095 657 3198 714 hoc
3251 659 3382 729 egit,

1804 743 2056 810 quatinus
2079 744 2268 797 exitati
2298 744 2410 814 (57‘)
2461 745 2607 800 etde
2656 744 2807 801 lucro
2853 748 3269 818 gratularentur,
3321 764 3384 804 ac

1804 831 2035 900 qualiter
2063 832 2166 886 hoc
2188 833 2455 888 accideret
2488 849 2592 889 non
2634 835 2981 892 mediocriter
3035 839 3381 894 mirarentur.

1806 921 2044 991 Denique
2073 923 2382 978 discedente
2403 924 2745 993 imperatore,
2774 926 2864 995 qni
2919 927 3046 997 vigit
3094 929 3238 982 solus
3291 943 3388 982 ex-

1808 1015 1991 1070 titerat
2040 1017 2318 1081 surrexit,
2369 1007 2855 1088 dormientiumqne
2895 1037 3145 1077 nummos
3193 1038 3386 1077 aureos

1807 1106 1907 1161 sibi
1949 1107 2247 1176 adsumpsit
2278 1117 2436 1178 atque
2484 1109 2752 1178 reposuit;
2805 1120 2990 1180 postea
3043 1127 3171 1167 vero
3221 1113 3390 1182 quieti

1808 1212 1925 1252 sese
1953 1198 2119 1252 dedit.
2148 1199 2443 1268 Imperator
2467 1199 2629 1270 igitur
2650 1217 2748 1272 pro
2772 1203 2871 1258 hoc
2927 1204 3050 1258 ludo
3102 1205 3384 1267 sollicitus,

1808 1296 1928 1358 post
1964 1306 2163 1346 nonam
2193 1291 2381 1344 horam
2407 1291 2474 1344 1‘2
2499 1291 2598 1346 hos
2625 1308 2762 1362 quos
2796 1295 3190 1351 nominavimus
3209 1298 3274 1351 ad
3326 1312 3386 1351 se

1808 1385 1993 1440 Venire
2041 1383 2317 1454 prmcepit,
2373 1397 2571 1450 eosque
2625 1383 2696 1435 ita
2744 1385 3036 1438 convenit:
3075 1405 3091 1436 ι
3129 1385 3186 1440 Si
3247 1386 3388 1440 forte

1809 1485 2049 1531 vestrum
2085 1473 2390 1544 quempiam
2425 1473 2617 1526 somnii
2651 1474 2784 1527 visio
2815 1475 3074 1528 deterruit
3122 1485 3213 1529 aut
3251 1477 3393 1530 hila-

1811 1585 1924 1624 rem
1958 1567 2204 1630 reddidit,
2233 1575 2289 1620 ut
2328 1566 2380 1619 in
2408 1566 2640 1619 medium
2670 1565 2912 1634 proferat
2946 1584 3061 1622 mea
3106 1567 3261 1639 jubet
3291 1584 3390 1623 au—

1812 1661 2072 1723 ctoritas;
2101 1673 2199 1713 nec
2229 1657 2406 1712 minus
2439 1657 2602 1710 etiam
2633 1657 2676 1712 si
2725 1657 2853 1726 quid
2899 1659 3151 1712 novitatis
3202 1674 3396 1729 exper-

1814 1750 2053 1821 gefactus
2076 1749 2361 1819 quisquam
2386 1749 2542 1812 vidit,
2591 1757 2651 1802 ut
2695 1749 2929 1818 detegat,
2976 1750 3220 1820 imperat.
3262 1769 3279 1802 ι
3327 1749 3393 1804 Ili

151 1833 469 1890 percurrunt.
500 1826 670 1893 Quem
696 1829 819 1883 dum
845 1829 1118 1901 aufugisse
1149 1833 1426 1898 audirent,
1455 1834 1700 1888 semivivi
1731 1815 1778 1875 Β
1810 1842 2009 1910 itaque,
2037 1838 2487 1909 quemadmodum
2511 1837 2642 1891 nihil
2675 1837 2940 1903 viderant,
2965 1839 3039 1892 nil
3085 1853 3144 1892 se
3194 1839 3395 1892 vidisse

152 1916 206 1966 ad
244 1913 495 1983 palatium
555 1928 681 1974 sunt
725 1922 951 1977 reversi.
997 1924 1148 1990 Quod
1197 1941 1317 1980 cum
1367 1927 1708 1982 nuntiassent

153 2004 472 2074 imperatori,
507 2025 633 2064 mox
681 2011 974 2084 imperator
1000 2031 1057 2071 se
1089 2027 1306 2072 exutum
1347 2019 1614 2090 nimisque
1641 2021 1707 2076 iis

155 2111 310 2152 cesum
352 2102 688 2158 ostendens:
724 2125 741 2156 ι
775 2106 927 2162 Δεύτε
951 2149 964 2174 ,
1015 2108 1208 2174 dente,
1261 2110 1312 2163 id
1359 2119 1443 2164 est
1490 2113 1706 2178 venite,

155 2189 326 2256 inquit,
348 2199 416 2264 μὴ
441 2193 756 2261 διληασέται,
793 2198 864 2250 mi
894 2199 1158 2263 diliasete,
1187 2200 1352 2256 nolite
1382 2199 1705 2268 formidare;

156 2283 254 2350 ipse
290 2301 384 2356 ego
415 2303 542 2342 sum
571 2305 730 2358 quem
763 2289 1102 2360 ﬂagella‘stis,
1134 2308 1404 2362 quemque
1436 2308 1465 2346 e
1491 2307 1711 2348 carcere

159 2388 277 2428 nunc
307 2376 582 2446 aufugisse
611 2379 900 2436 conﬁditis.
932 2383 1059 2437 Scio
1089 2385 1232 2437 enim
1279 2393 1333 2438 et
1363 2399 1488 2439 vere
1517 2385 1708 2451 credo,

161 2468 279 2534 quod
321 2485 419 2523 non
469 2470 856 2540 imperatorem
904 2475 998 2528 sed
1045 2476 1386 2544 imperatoris
1433 2476 1712 2530 inimicum

161 2558 358 2613 tundere
388 2561 694 2629 cogitastis.
727 2562 835 2618 Hos
859 2565 950 2634 qui
976 2581 1061 2620 me
1085 2581 1189 2620 non
1219 2576 1278 2621 ut
1305 2568 1712 2638 imperatorem,

163 2653 241 2703 sed
267 2660 318 2704 ut
343 2651 610 2708 latronem
641 2655 858 2725 viteque
880 2674 1016 2713 meae
1038 2659 1410 2714 insidiatorem
1439 2659 1714 2725 dimisere,

163 2751 466 2798 mortetenus
497 2746 818 2800 verberatos
850 2749 983 2803 urbe
1026 2749 1256 2819 expelli,
1294 2749 1555 2820 bonisque
1601 2766 1717 2805 om-

165 2833 297 2889 nibus
323 2837 548 2906 privari,
599 2854 717 2893 mea
765 2855 871 2894 non
907 2841 1079 2896 solum
1127 2844 1294 2912 cupit,
1337 2858 1521 2898 verum
1551 2844 1716 2897 etiam

163 2923 288 2992 jubet
329 2929 645 2984 auctoritas.
678 2930 786 2986 Vos
835 2941 1013 2986 autem
1062 2933 1198 2988 meis
1246 2950 1353 2988 non
1397 2934 1588 2998 solum,
1626 2935 1719 2990 sed

164 3017 329 3072 horum
380 3022 550 3075 etiam
598 3038 977 3092 perversurum
1027 3025 1230 3081 divitiis
1278 3028 1441 3082 dono.
1496 3047 1515 3079 ι
1567 3027 1721 3094 Quod

166 3123 300 3177 quam
328 3114 622 3182 prudenter
649 3118 851 3186 egerit,
898 3118 1196 3186 paternitas
1239 3125 1327 3171 tua
1373 3119 1426 3172 in
1477 3119 1581 3173 hoc
1612 3119 1723 3172 ani-

1808 1929 2197 2000 responderant
2227 1934 2292 1981 ³ο.
2342 1927 2509 1999 Magis
2540 1936 2719 1983 autem
2759 1943 2921 1998 super
2977 1929 3080 1985 hoc
3117 1929 3393 1994 admirati,

1931 2087 2221 2140 Conticuere
2340 2085 2614 2148 intentique
2639 2097 2722 2136 ora
2745 2085 2978 2137 tenebant
3002 2086 3124 2148 (58).

1813 2201 2225 2272 Speransigitur
2255 2200 2565 2270 imperator,
2588 2201 2684 2254 hos
2705 2215 2809 2254 non
2837 2199 2910 2254 rei
2939 2199 3148 2254 inscitia
3175 2198 3267 2253 sed
3287 2195 3400 2252 cal-

1812 2293 2019 2347 liditate
2050 2292 2227 2360 aliqua
2259 2291 2508 2354 reticere,
2546 2305 2835 2345 suscensus
2871 2290 2917 2325 ⁸⁰
2943 2299 3025 2344 est
3063 2298 3121 2343 ut
3157 2289 3248 2359 qui
3281 2302 3395 2340 ma-

1815 2383 1917 2454 gis,
1951 2382 2199 2452 cepitque
2226 2380 2480 2436 nonnulla
2504 2380 2762 2434 terribilia
2793 2381 3142 2434 reticentibus
3167 2380 3397 2434 commi-

1815 2474 1954 2529 nari.
1986 2473 2137 2541 Quod
2161 2473 2250 2542 qui
2295 2473 2537 2527 omnium
2598 2472 2848 2526 conscius
2895 2479 3014 2525 erat
3070 2478 3128 2524 ut
3195 2469 3400 2523 audivit

1817 2563 2121 2633 huiusmodi
2153 2565 2450 2619 humillima
2481 2571 2534 2618 et
2555 2563 2783 2634 supplici
2833 2576 2964 2618 voce
3013 2562 3395 2631 imperatorem

1818 2655 2104 2711 convenit:
2139 2675 2156 2706 ε
2192 2655 2488 2730 Φιλάνθροπι
2519 2654 2754 2724 βασιλεῦ,
2798 2653 3116 2723 ﬁlanthrope
3169 2653 3398 2717 vasileu,

1820 2748 1873 2802 id
1899 2755 1983 2800 est
2035 2747 2424 2801 humanissime
2478 2746 2810 2815 imperator,
2867 2746 2922 2800 hi
2971 2745 3098 2816 quid
3142 2746 3396 2808 viderint,

1820 2840 2031 2905 nescio;
2066 2854 2164 2907 ego
2206 2847 2383 2892 tamen
2413 2837 2753 2902 delectabile,
2796 2845 2958 2906 atque
3005 2837 3208 2890 utinam
3259 2834 3402 2905 quod

1820 2945 2061 3001 perszepe
2093 2930 2223 2984 mihi
2251 2929 2610 2999 contingeret,
2660 2928 2926 2982 somnium
2958 2928 3088 2982 vidi.
3140 2926 3402 2982 Undecim

1825 3022 1910 3078 his
1936 3021 2212 3076 conservis
2234 3020 2367 3074 meis
2409 3020 2566 3074 hodie
2611 3033 2736 3073 vere
2786 3019 2880 3073 sed
2917 3019 2959 3050 “
3011 3033 3116 3071 non
3139 3025 3404 3085 oportune

1825 3114 2237 3178 dormientibus,
2269 3113 2416 3167 visus
2440 3127 2580 3178 sum,
2613 3112 2766 3181 quasi
2821 3126 2926 3165 non
2975 3109 3272 3170 dormiens,
3324 3108 3405 3160 vi-

167 3200 470 3256 madvertere
501 3184 737 3272 poterit,
783 3184 1038 3274 quoniam
1069 3207 1253 3261 caeteri
1284 3218 1485 3261 extunc
1529 3209 1720 3262 civita-
1747 3184 1792 3247 (ἶ
1824 3201 2010 3273 gilare.
2042 3201 2180 3255 Ecce
2209 3209 2387 3254 autem
2412 3200 2721 3270 magnitudo
2749 3199 2957 3269 imperii
2985 3199 3058 3252 tui
3104 3198 3253 3267 quasi
3312 3211 3406 3249 oc-

169 3296 258 3342 tem
281 3290 686 3361 (litigentissime
718 3296 1022 3359 custodire,
1057 3297 1201 3350 hunc
1230 3296 1394 3350 etiam
1439 3297 1718 3350 absentem

170 3381 298 3444 quasi
327 3393 644 3450 praesentem
694 3398 934 3453 sperare.
970 3384 1168 3455 Sicque
1210 3387 1411 3439 factum
1442 3394 1527 3439 est
1581 3395 1640 3440 ut
1670 3396 1724 3442 et

171 3469 431 3540 imperator
454 3475 689 3546 amplius
710 3477 774 3531 de
798 3477 999 3547 palatio
1022 3489 1182 3533 noctu
1212 3493 1316 3532 non
1345 3478 1719 3547 descenderet,

173 3569 215 3614 et
239 3564 310 3618 sui
333 3569 506 3621 omnia
529 3568 763 3623 fideliter
790 3570 1148 3624 custodirent.

231 3652 306 3705 l2.
342 3655 516 3710 Aliam
565 3673 724 3728 quem
758 3659 877 3729 ipse
927 3659 1038 3731 egit
1083 3660 1304 3726 ludum,
1356 3662 1571 3717 silentio
1617 3662 1721 3742 tegi

175 3744 431 3801 absurdum
481 3763 602 3804 esse
650 3749 906 3818 dijudico.
942 3750 1599 3820 Constantinopolitamtm
1632 3769 1726 3821 pa-

175 3832 333 3890 latium
362 3839 429 3894 ob
462 3841 810 3910 imperatoris
847 3844 1078 3903 salutem
1126 3843 1416 3898 multorum
1461 3845 1726 3915 prmsidiis

176 3927 374 3984 militum
403 3935 728 3989 custoditur.
767 3935 1210 3992 Custodientibus
1237 3953 1365 3994 vero
1397 3941 1572 3996 victus
1599 3955 1726 3996 cen-

177 4032 347 4090 susque
369 4026 697 4082 cottidianus
720 4042 825 4081 non
851 4044 1051 4098 parvus
1070 4031 1460 4100 inpenditur!7.
1491 4032 1728 4102 Contigit

176 4110 359 4181 itaque,
403 4116 471 4169 12
515 4127 636 4187 post
681 4120 924 4188 corporis
979 4120 1328 4176 refectionem
1370 4121 1422 4175 in
1472 4123 1588 4193 ipso
1621 4124 1726 4178 diei

179 4199 360 4259 fervore
388 4223 492 4262 una
536 4208 590 4262 in
618 4207 778 4263 domo
807 4209 1110 4278 quiescere.
1151 4210 1263 4266 Mos
1294 4211 1527 4282 denique
1561 4215 1728 4284 impe-

179 4295 351 4349 ratoris
374 4307 511 4363 erat,
536 4299 750 4354 cunctis
779 4301 1184 4369 quiescentibus
1214 4311 1384 4357 totum
1411 4315 1730 4373 perreptare

179 4381 426 4449 palatium.
455 4388 558 4455 Qui
587 4405 709 4444 cum
753 4391 974 4455 eodem,
1008 4392 1095 4445 die
1121 4393 1355 4462 quadam
1386 4410 1494 4464 quo
1522 4396 1586 4449 12
1617 4411 1731 4450 me-

181 4477 349 4530 morati
375 4477 596 4532 loetlneo
617 4479 729 4549 (56)
755 4494 877 4534 sese
901 4481 1179 4546 dederant,
1202 4485 1561 4552 pervenisset,
1586 4484 1730 4554 ligno

181 4565 397 4632 modico,
448 4578 508 4622 ut
553 4584 658 4624 non
701 4571 1018 4636 incallidus,
1060 4573 1183 4626 ostii
1232 4574 1445 4643 pessulo
1488 4573 1728 4643 proiecto

183 4653 489 4724 ingrediendi
547 4661 646 4715 sibi
698 4663 903 4716 aditum
961 4664 1209 4732 praebuit.
1281 4663 1540 4720 Undecim
1600 4679 1728 4719 vero

185 4745 580 4816 dormientibus,
633 4763 695 4808 ut
739 4769 828 4808 ars
882 4753 1320 4810 artem-falleret
1376 4756 1731 4810 duodecimus

184 4839 383 4909 pervigil
433 4851 663 4898 stertere
712 4860 810 4898 ceu
887 4846 1163 4900 dormiens
1227 4857 1466 4917 ceperat,
1519 4857 1733 4910 eontra-

187 4927 366 4999 ctisque
418 4934 471 4988 in
535 4924 726 4991 faciem
795 4938 1056 5004 brachiis,
1119 4946 1288 4993 totum
1350 4940 1493 5008 quod
1561 4941 1730 5010 impe-

189 5027 313 5073 rator
350 5021 544 5080 faceret
583 5028 985 5096 diligentissime
1030 5029 1426 5084 considerabat.
1460 5030 1737 5098 Ingressus

191 5108 328 5176 igitur
348 5116 652 5188 imperator,
684 5122 809 5177 dum
834 5123 1141 5179 obdormire
1189 5131 1409 5178 cunctos
1457 5138 1733 5194 perspice-

1825 3293 1966 3348 culte
1992 3286 2191 3347 ostium
2241 3305 2515 3358 reserans,
2571 3291 2982 3359 clanculumque
3037 3290 3295 3358 ingressa,
3336 3286 3403 3338 li-

1822 3385 1975 3439 bram
1999 3384 2113 3437 auri
2143 3383 2388 3452 adposuit
2416 3397 2573 3452 supra
2610 3389 2798 3452 pectus
2840 3379 3081 3434 omnium
3129 3387 3397 3431 nostrum.

1825 3477 1958 3532 Cum
1983 3491 2065 3545 {ue
2105 3474 2389 3543 imperium
2420 3481 2570 3526 tuum
2596 3469 2746 3540 quasi
2801 3470 3080 3538 repedare,
3132 3466 3406 3532 sotiosqne

1825 3567 2004 3622 hacin
2033 3565 2235 3620 visione
2282 3579 2560 3619 cernerem
2608 3563 2901 3616 dormitare
2931 3603 2944 3620 ,
3000 3560 3254 3614 continuo
3309 3571 3407 3610 ceu

1825 3658 1963 3713 lctus
2025 3646 2335 3724 exurgens,
2389 3653 2634 3708 undecim
2691 3652 3070 3706 dormientium
3121 3662 3406 3703 aureorum

1824 3755 2274 3811 tunnismalorum
2300 3751 2468 3804 libras
2498 3749 2614 3812 tuli,
2646 3761 2870 3816 meoque
2910 3746 2962 3799 in
3013 3743 3308 3810 marsnpio,
3354 3740 3408 3792 in

1826 3863 1932 3917 quo
1960 3863 2063 3901 una
2099 3854 2236 3909 erat,
2277 3842 2523 3912 apposui,
2552 3840 2804 3910 quatinus
2825 3837 2894 3892 ob
2926 3834 3410 3905 transgressionem

1827 3939 2085 4008 decalogi,
2115 3954 2181 3992 ne
2210 3937 2378 3991 solum
2412 3943 2588 3990 essent
2640 3933 2726 3997 ll,
2765 3945 2947 3984 verum
2994 3929 3058 3983 ad
3097 3926 3411 3981 memmium

1829 4033 2192 4103 apostolorum
2235 4044 2352 4083 mea
2387 4044 2490 4081 una
2545 4025 2782 4079 adhibita
2837 4028 3017 4076 essent
3068 4027 3122 4073 et
3173 4018 3284 4086 ipse
3323 4015 3409 4068 12.

1829 4125 1978 4180 Visio
2022 4126 2156 4189 ha‘c,
2213 4124 2507 4191 imperator
2559 4127 2802 4188 auguste,
2860 4117 3056 4168 bonum
3109 4111 3198 4175 sit,
3242 4122 3412 4175 usque

1828 4215 1988 4270 modo
2021 4230 2105 4267 me
2145 4228 2246 4266 non
2303 4209 2590 4270 deterruit,
2642 4206 2737 4261 sed
2782 4203 3005 4258 hilarem
3065 4197 3316 4254 reddidit.
3366 4194 3411 4250 Ο

1829 4309 2033 4363 utinam
2067 4305 2442 4374 interpretatio
2467 4302 2567 4355 alia
2602 4299 2826 4369 imperio
2885 4307 2974 4351 tuo
3027 4311 3134 4350 non
3181 4292 3409 4363 placeat.

1829 4398 1964 4452 Nam
1987 4407 2042 4451 et
2071 4413 2155 4452 me
2177 4399 2360 4468 μάντην
2406 4397 2492 4448 καί
2523 4393 2806 4466 ὀνιρὸπολον
2856 4389 3060 4443 mantin
3109 4387 3174 4440 ke
3228 4385 3413 4438 Oltit'o-

1758 4531 1808 4590 ι)
1831 4491 2013 4562 polon,
2041 4491 2091 4544 id
2121 4499 2203 4544 est
2238 4489 2475 4543 divinum
2531 4495 2584 4540 et
2631 4483 2824 4538 somnii
2876 4480 3208 4535 venditorem
3233 4518 3247 4541 ,
3299 4489 3418 4528 esse

1836 4585 2038 4654 liquido
2070 4591 2232 4652 patet.
2273 4601 2288 4631 ι
2343 4580 2439 4634 llis
2492 4578 2707 4641 auditis,
2765 4589 2958 4644 magno
2995 4581 3076 4626 est
3124 4571 3418 4636 imperator

1839 4675 2104 4729 cachinno
2144 4672 2604 4743 inflatus;_vcrum
2653 4665 2991 4736 prudentiam
3049 4659 3205 4728 hujus
3251 4664 3414 4723 atque

1839 4763 2255 4818 sollicitudinem
2280 4760 2398 4830 plus
2429 4754 2745 4821 admiratus,
2799 4754 3045 4824 protinus
3084 4747 3219 4803 inﬁt.
3259 4764 3276 4795 ι
3307 4745 3417 4796 An-

1841 4855 1996 4908 tehac
2027 4857 2085 4908 σέ
2106 4855 2221 4907 οὐτέ
2251 4850 2444 4922 prie-arm
2474 4851 2594 4904 οὐτε
2618 4845 2923 4922 ὁνιρὸπολον,
2963 4855 3021 4895 Se
3050 4839 3095 4870 ’⁵³
3126 4846 3214 4891 “le
3264 4849 3419 4886 ““m‘

1844 4947 1917 5000 tin
1947 4955 2037 5001 ute
2059 4943 2397 5013 oniropolon,
2431 4942 2481 4996 id
2508 4950 2589 4996 est
2612 4951 2663 4994 te
2711 4951 2886 5006 neque
2947 4933 3187 4986 divinum
3247 4938 3424 4990 neque
3490 5001 3508 5014 λ

1844 5038 2036 5092 sonmii
2072 5037 2407 5091 venditorem
2434 5027 2780 5093 esse,audivi.
2809 5027 2958 5079 Hanc
2983 5038 3115 5076 vero
3144 5031 3256 5073 rem
3279 5028 3426 5066 nunc

1843 5126 1915 5179 ita
1947 5137 2132 5196 aperte
2162 5124 2320 5187 dixti,
2355 5131 2411 5175 ut
2440 5120 2573 5174 nihil
2594 5114 2930 5174 circuitionis
2959 5128 3095 5168 usus
3115 5120 3282 5166 esses.
3318 5101 3431 5158 Sed

1456 5259 1616 5294 νΛΪὶΙ
1636 5261 1685 5294 ΔΤ
1721 5263 1739 5294 Ι
1765 5261 2096 5294 ιΤΡΤΙΠῪῐΤα
