4012 5340
566 318 669 375 799

1559 309 1977 369 murenam
2014 305 2497 366 CltEMONENSlS
2537 302 2845 363 EPISCOPI
2952 270 2957 276 ’
3729 298 3823 353 suo

566 430 691 502 quia
727 429 979 501 vigilandi
1013 427 1324 485 facultatem
1354 427 1470 483 sive
1492 427 1808 499 auspicandi
1861 425 2143 483 scientiam
2173 430 2226 491 Α
2250 440 2412 495 super
2448 423 2644 480 talibus
2672 421 2884 479 dixerat
2913 437 2927 475 :
2959 419 3063 487 Qui
3091 419 3200 474 odit
3243 418 3462 490 fratrem
3513 436 3691 486 suum,
3733 422 3822 475 ho-

564 525 764 580 habere
794 538 902 579 non
930 537 1138 595 posses,
1161 521 1265 576 nisi
1299 520 1484 577 divino
1511 520 1607 576 tibi
1635 528 1779 576 esset
1805 534 2029 575 munere
2053 517 2146 574 da-

565 626 703 681 tum,
727 630 821 672 seu
851 629 1039 671 verum
1077 614 1165 678 sit,
1191 621 1250 669 ut
1276 626 1581 684 speramus,
1636 611 1804 668 immo
1849 610 2141 675 credimus,

563 721 658 760 seu
682 704 899 771 falsum,
922 704 1136 769 κοιθώςὸ
1169 716 1461 769 Δουκιανος,
1504 704 1695 760 cathos
1713 718 1746 759 o
1772 702 2040 768 lukianos,
2090 701 2146 756 id

561 807 649 853 est
674 796 814 854 sicut
838 797 1111 854 Lucianus
1131 796 1201 854 de
1228 797 1464 869 quodam
1498 796 1648 863 dicit,
1701 796 1845 868 quod
1871 794 2146 852 dormiens

564 888 733 944 multa
761 890 1084 961 reppererit,
1108 897 1271 960 atque
1292 903 1323 943 a
1347 887 1486 960 gallo
1524 889 1762 945 exitatus
1808 887 1943 943 nihil
1991 886 2144 942 inve-

562 979 725 1045 nerit,
760 989 815 1036 tu
843 989 1021 1036 tamen
1046 979 1304 1050 quicquid
1329 978 1550 1046 videris,
1597 977 1854 1050 quicquid
1887 975 2141 1041 senseris,

560 1069 819 1141 quicquid
842 1071 1007 1128 etiam
1030 1070 1303 1126 inveneris
1332 1111 1348 1136 ,
1379 1078 1530 1126 tuum
1572 1068 1660 1125 sit.
1693 1088 1712 1121 ι
1777 1067 1871 1123 llis
1925 1067 2143 1133 auditis,

560 1172 761 1233 quanta
789 1163 970 1219 caeteri
997 1163 1108 1221 sint
1131 1161 1448 1219 confusione
1473 1160 1689 1234 repleti,
1718 1167 2027 1232 quantoque
2058 1159 2145 1216 hic

562 1253 634 1309 sit
662 1254 856 1324 gaudio
878 1255 1092 1325 plenus,
1112 1269 1301 1312 eorum
1324 1254 1555 1325 quisque
1579 1253 1633 1309 in
1658 1268 1719 1310 se
1737 1268 2001 1324 personas
2026 1268 2145 1309 sus-

560 1345 788 1417 cipiens,
820 1346 1256 1402 animadvertere
1281 1345 1497 1418 poterit.

621 1438 720 1493 13.
749 1438 1010 1496 Arnulfus
1060 1440 1270 1496 interea
1306 1442 1419 1513 (an.
1451 1439 1604 1513 892),
1643 1455 1834 1497 earum
1877 1456 1998 1511 quae
2045 1439 2145 1495 sub

559 1525 780 1585 arcturo
807 1538 936 1586 sunt
951 1530 1194 1602 gentium
1221 1544 1319 1586 rex
1339 1528 1690 1597 fortissimus,
1710 1545 1835 1586 cum
1862 1528 2145 1586 Centehal-

559 1617 686 1673 dum
707 1618 1124 1675 Maravanorum
1150 1621 1342 1677 ducem
1366 1661 1382 1689 ,
1422 1635 1584 1692 quem
1614 1634 1778 1692 supra
1822 1618 2146 1675 memoravi-

558 1729 698 1776 mus,
728 1713 830 1769 sibi
861 1712 1093 1769 viriliter
1130 1720 1520 1785 repugnantem
1551 1712 1825 1771 debellare
1874 1712 2142 1783 nequiret,

2247 514 2440 571 micida
2461 522 2570 580 est;
2595 522 2642 568 et
2672 513 2817 568 scitis
2853 511 2980 583 quia
3011 511 3180 565 omnis
3223 510 3486 565 homicida
3530 528 3639 566 non
3683 512 3825 566 habet

2247 604 2405 660 vitam
2448 612 2698 659 wternam
2736 602 2792 657 in
2834 617 2889 657 se
2919 608 3212 656 manentem
3233 598 3277 633 ⁸⁷
3303 600 3354 671 (1
3374 600 3539 667 Joan.
3567 599 3676 668 ιιι).
3727 599 3827 655 Sed

2245 698 2534 754 redeamus
2568 694 2636 752 ad
2668 709 2803 752 rem.
2847 693 3067 750 Devicto
3091 707 3327 764 namque
3362 691 3697 749 Centebaldo
3721 691 3825 746 lla—

2246 804 2569 846 ravanorum
2592 788 2730 846 duce
2751 788 2824 855 δθ,
2849 786 3129 854 Arnulfus,
3152 801 3286 857 pace
3310 785 3519 852 habita,
3547 800 3718 857 regno
3738 800 3826 855 po-

2246 882 2397 939 titur.
2425 879 2689 953 Hungarii
2712 879 2934 936 interim
2960 878 3249 935 observato
3278 876 3453 943 exitu,
3498 875 3828 946 contempla-

2245 978 2397 1049 tique
2423 976 2724 1049 regionem,
2753 974 3010 1032 cordibus
3032 973 3254 1038 malum,
3280 973 3425 1043 quod
3478 980 3604 1042 post
3626 971 3683 1026 in
3710 986 3829 1041 pro-

2244 1068 2428 1139 patulo
2460 1068 2674 1140 aparuit
2695 1066 2765 1134 δ’,
2794 1066 3247 1123 machinabantur
3281 1065 3396 1136 (an.
3420 1064 3577 1134 893).

2317 1159 2405 1214 l4.
2437 1159 2575 1214 Dum
2605 1159 2720 1214 haec
2763 1164 3017 1230 aguntur,
3063 1171 3158 1213 rex
3203 1155 3375 1212 Gallic
3427 1154 3692 1220 Karolns,
3746 1155 3833 1225 qui

2246 1249 2654 1322 cognominatus
2679 1257 2764 1306 est
2787 1247 2985 1304 Calvus
3018 1247 3153 1319 (59),
3184 1254 3505 1317 prtesentem
3554 1245 3833 1300 moriendo

2245 1361 2334 1400 an.
2358 1341 2485 1409 838,
2514 1342 2640 1397 Jan.
2672 1340 2791 1412 xui)
2821 1340 3050 1396 mutavit
3074 1340 3260 1394 vitam.
3305 1337 3405 1393 Cui
3437 1338 3569 1394 dum
3592 1336 3821 1399 viveret,

2246 1436 2454 1493 nobiles
2480 1436 2585 1491 duo
2607 1450 2674 1491 ex
2696 1434 2844 1490 Italia
2868 1439 3232 1505 praepotentes
3254 1432 3299 1466 '°
3326 1432 3605 1503 principes
3624 1432 3832 1486 servie-

2245 1530 2397 1596 bant,
2437 1542 2669 1600 quornm
2688 1526 2852 1583 Wido
2875 1527 3037 1593 alter,
3063 1525 3203 1582 alter
3234 1526 3411 1582 dictus
3435 1534 3521 1581 est
3567 1524 3836 1595 Berenga-

2246 1619 2382 1675 rius.
2410 1618 2476 1674 Hi
2507 1634 2641 1676 sane
2670 1627 2822 1674 tanto
2847 1625 2978 1675 sunt
3005 1617 3374 1673 amicitiarum
3418 1616 3628 1673 foedere
3675 1616 3836 1688 gluti-

2249 1713 2359 1767 nati
2385 1712 2452 1780 “,
2480 1720 2540 1767 ut
2565 1712 2669 1767 hoc
2704 1710 2808 1768 sibi
2833 1708 3187 1782 jurejurando
3227 1710 3639 1781 promitterent,
3697 1710 3836 1778 quod

559 1805 796 1876 depulsis
824 1804 928 1871 bis,
957 1820 1060 1877 pro
1084 1780 1293 1861 dolo-ri-
1305 1804 1685 1862 munitissimis
1714 1780 2141 1874 interpositioni-
2173 1780 2223 1843 Β
2247 1805 2292 1861 si
2319 1804 2430 1876 regi
2457 1803 2656 1858 Karolo
2689 1780 3010 1875 superstites
3039 1780 3243 1867 forent,
3261 1802 3489 1859 alterius
3509 1800 3655 1856 alter
3697 1801 3840 1857 ordi—

557 1895 681 1962 bus,
718 1912 857 1968 quas
890 1897 1055 1969 vulgo
1081 1896 1259 1954 clusas
1279 1896 1545 1953 nominari
1574 1895 1924 1968 praediximus
1949 1936 1965 1963 ,
1995 1894 2145 1950 Hun-

557 1989 831 2061 gariorum
858 1988 906 2022 “
930 1999 1170 2061 gentem,
1200 1989 1470 2061 cupidam,
1495 1990 1775 2057 audacem,
1806 1988 2143 2058 omnipoten—

558 2081 628 2136 tis
648 2080 742 2135 Dei
769 2081 1037 2152 igriaram,
1066 2080 1332 2137 scelerum
1351 2080 1599 2137 omnium
1629 2094 1736 2135 non
1758 2079 2006 2145 insciam,
2034 2092 2140 2133 ca!-

556 2169 641 2224 dis
660 2177 715 2225 et
738 2170 1050 2240 rapinarum
1096 2169 1434 2227 solummodo
1485 2169 1719 2236 avidam,
1780 2170 1835 2225 in
1879 2168 2141 2223 auxilium

555 2268 847 2326 convocat;
874 2259 922 2316 si
950 2268 1131 2315 tamen
1156 2260 1414 2315 auxilium
1442 2260 1551 2316 dici
1590 2268 1792 2331 potest,
1815 2259 1958 2330 quod
1980 2259 2141 2331 paulo

554 2357 697 2419 post,
730 2364 796 2405 eo
824 2351 1112 2417 moriente,
1146 2366 1270 2408 cum
1292 2353 1439 2423 genti
1485 2367 1616 2421 suae,
1669 2360 1782 2408 tum
1816 2353 2030 2410 creteris
2084 2352 2139 2408 in

555 2441 784 2499 meridie
846 2457 1149 2514 occasuque
1207 2442 1524 2515 degentibus
1564 2443 1872 2500 nationibus
1902 2486 1918 2512 ,
1976 2458 2141 2516 grave

554 2532 875 2601 periculum,
912 2532 1079 2590 immo
1118 2533 1344 2590 exitium
1374 2533 1495 2590 fuit.
1535 2535 1675 2604 Quid
1697 2535 1897 2605 igitur?
1943 2535 2140 2593 Cente-

556 2622 747 2680 baldns
776 2624 1032 2693 vincitur,
1061 2625 1397 2698 subiugatur,
1430 2626 1491 2682 fit
1512 2627 1860 2693 tributarius;
1912 2631 2005 2684 sed
2031 2643 2140 2684 non

554 2715 719 2771 solus.
750 2715 796 2774 Ο
815 2732 1000 2774 cecam
1032 2720 1290 2789 regnandi
1318 2720 1527 2776 Amulli
1566 2722 1709 2791 regis
1752 2721 2133 2791 cupiditatem!

554 2820 588 2861 o
618 2806 885 2863 infelicem
913 2825 1266 2882 amarumque
1288 2811 1461 2867 diem!
1494 2812 1667 2869 Unius
1706 2813 1972 2869 bomuntii
1997 2813 2140 2882 deje—

557 2897 666 2952 etio
694 2896 757 2953 tit
784 2899 949 2955 totius
971 2900 1201 2970 Europa:
1224 2902 1507 2957 contricio.
1536 2901 1683 2971 Quot
1709 2902 2030 2960 mulieribus
2054 2903 2138 2959 vi-

554 2986 840 3056 duitatem,
866 2990 1113 3060 patribus
1146 2991 1458 3060 orbitatem,
1507 2994 1807 3066 virginibus
1831 2995 2137 3066 curruptioc

555 3091 705 3144 nem,
746 3079 1118 3136 sacerdotibus
1156 3081 1475 3152 populisque
1501 3082 1597 3139 Dei
1619 3085 2008 3154 captivitatem,
2044 3100 2137 3142 ec-

554 3164 736 3222 clesiis
763 3165 1171 3235 desolationem,
1214 3171 1373 3227 terris
1413 3172 1843 3231 inhabitantibus
1889 3174 2137 3232 solitudi-

556 3269 682 3311 nem
707 3255 772 3323 “,
824 3272 954 3314 ceca
1010 3260 1239 3316 ambitio
1288 3263 1479 3332 paras!
1546 3262 1828 3333 Legistin‘,
1884 3265 2138 3333 obsecro,

554 3346 727 3415 ipsius
758 3349 1011 3408 Veritatis
1038 3351 1203 3407 verba
1227 3352 1468 3410 dicentis.
1511 3354 1653 3420 Quid
1674 3356 1883 3427 prodest
1918 3358 2137 3425 homini,

551 3435 598 3490 si
618 3446 784 3491 totum
814 3441 1064 3495 mundum
1089 3441 1342 3508 lucretur,
1367 3443 1541 3497 anime
1572 3459 1687 3499 vero
1708 3461 1820 3500 sua:
1859 3446 2141 3502 detrimen-

551 3536 665 3585 tum
687 3532 732 3566 “
759 3533 1026 3603 patiatur;
1049 3546 1140 3589 aut
1165 3552 1323 3607 quam
1366 3536 1509 3592 dabit
1557 3537 1712 3592 homo
1764 3540 2138 3595 cummutatio-

553 3636 669 3675 item
690 3637 784 3692 pro
804 3624 983 3679 anima
1004 3626 1140 3680 sua?
1163 3624 1377 3699 (Matth.
1402 3628 1539 3699 xvt.)
1570 3627 1724 3695 Quod
1748 3630 1795 3685 si
1819 3638 1872 3686 te
1914 3630 2025 3685 veri
2051 3629 2142 3699 ju-

554 3711 688 3767 dicis
708 3728 814 3769 non
845 3717 1036 3771 terruit
1058 3717 1343 3784 severitas,
1375 3718 1487 3790 ipsa
1510 3719 1700 3776 saltem
1729 3719 1964 3777 furorem
1988 3733 2137 3778 tuum

553 3800 907 3858 humanitatis
970 3814 1294 3877 temperaret
1352 3810 1732 3865 communitas.
1805 3810 1942 3866 Eras
1989 3812 2136 3867 enim

555 3890 699 3947 inter
722 3893 969 3951 homines
998 3898 1182 3965 homo,
1234 3899 1277 3953 si
1307 3900 1565 3971 dignitate
1596 3901 1869 3969 sublimis,
1912 3918 2020 3960 non
2058 3913 2138 3959 ta-

554 3996 679 4037 men
711 3993 904 4040 natura
933 3987 1233 4045 dissimilis.
1282 3989 1505 4047 Flebilis
1551 3993 1652 4048 hee
1704 3993 2138 4065 miserabilisqne

556 4073 812 4141 conditio,
840 4091 965 4131 cum
992 4077 1082 4134 illa
1116 4080 1414 4136 bestiarum
1445 4082 1774 4152 serpentium
1806 4098 1902 4139 seu
1945 4086 2136 4142 alitum

556 4180 755 4234 genera
784 4182 902 4238 qua:
944 4170 1319 4229 intollerabilis
1355 4174 1542 4232 feritas
1572 4190 1636 4230 ac
1666 4176 1846 4232 loetale
1892 4179 2041 4236 virus
2068 4180 2137 4237 ab

555 4255 864 4315 hominibus
890 4273 1139 4332 separata
1161 4279 1281 4322 esse
1316 4266 1466 4336 facit,
1489 4282 1549 4326 ut
1571 4283 1698 4329 sunt
1751 4275 2008 4341 basilisci,
2053 4291 2137 4331 re-

555 4351 664 4422 guli
692 4352 760 4419 “,
792 4351 877 4409 vel
908 4352 1258 4423 rinocerotes,
1289 4372 1384 4414 seu
1405 4360 1634 4432 ,gripes,
1668 4379 1787 4435 quae
1832 4366 1997 4422 etiam
2049 4383 2136 4423 as-

558 4451 715 4512 pectu
755 4445 872 4514 ipso
916 4446 1128 4503 cunctis
1162 4450 1454 4518 pernitiosa
1511 4466 1631 4510 esse
1673 4456 1943 4526 videntur,
1993 4459 2135 4515 inter

2245 1893 2451 1950 nationi
2474 1893 2748 1949 coniveret
2776 1891 2848 1959 “,
2868 1892 3077 1950 scilicet
3115 1901 3176 1949 ut
3201 1891 3365 1949 Wido
3405 1907 3574 1963 quam
3636 1891 3839 1947 Roma-

2244 2000 2372 2041 nam
2410 1985 2597 2041 dicunt
2630 1983 2919 2041 Franciam
2951 2024 2967 2051 ,
3018 1983 3378 2056 Berengarius
3404 1984 3685 2055 optineret
3740 1982 3841 2037 Ita-

2243 2075 2389 2132 liam.
2436 2076 2542 2133 Sed
2570 2091 2692 2133 cum
2735 2075 2988 2132 nonnulla
3037 2077 3148 2133 sint
3193 2076 3399 2133 incerta
3452 2085 3511 2132 et
3564 2075 3838 2131 instabili:

2243 2168 2606 2225 amicitiarum
2634 2184 2851 2241 genera,
2875 2164 3261 2240 quaz'dlversis
3314 2170 3493 2227 modis
3534 2170 3836 2227 humanum

2242 2275 2413 2335 genus
2457 2259 2761 2317 dilectionis
2820 2259 3080 2317 societate
3129 2268 3435 2328 conectunt,
3495 2269 3559 2315 ut
3577 2261 3836 2332 quosdam

2242 2352 2555 2424 praecedens
2580 2351 2982 2409 commendatio
3009 2350 3354 2424 postmodum
3406 2351 3675 2407 amicitiae
3716 2350 3839 2407 facit

2242 2444 2381 2500 inire
2400 2443 2739 2510 commertia,
2763 2443 2898 2501 alios
2918 2443 3309 2516 negociationis
3361 2458 3459 2499 seu
3500 2443 3718 2498 militia:
3761 2444 3837 2498 vel

2242 2534 2376 2591 artis
2397 2549 2462 2591 ac
2488 2534 2651 2592 studii
2688 2533 3003 2602 similitudo,
3034 2549 3155 2605 qum
3184 2534 3347 2589 etiam
3375 2574 3392 2600 ,
3441 2534 3588 2589 sicut
3644 2551 3717 2591 ex
3761 2535 3838 2589 di-

2244 2626 2440 2694 versis,
2464 2626 2550 2682 vel
2587 2626 2747 2692 lucri,
2789 2625 2873 2681 vel
2922 2625 3186 2691 libidinis,
3234 2624 3319 2681 vel
3367 2626 3835 2681 necessitudinum

2240 2716 2515 2775 variarum
2539 2717 2586 2754 ⁸³
2608 2717 2949 2773 satietatibus
2969 2716 3352 2788 adquiruntur,
3372 2717 3446 2771 ita
3464 2717 3837 2773 intercedente

2241 2807 2483 2880 qualibet
2504 2805 2725 2864 divortii
2744 2807 3031 2863 occasione
3050 2807 3335 2863 solvuntur
3361 2825 3374 2861 :
3400 2808 3503 2863 hoc
3534 2817 3721 2864 tamen
3740 2818 3834 2867 esu

2243 2899 2344 2954 hoc
2371 2898 2591 2969 inquam
2613 2896 2868 2953 amicitiae
2896 2911 3087 2966 genus,
3117 2896 3260 2968 quod
3286 2893 3471 2952 multis
3496 2897 3835 2969 experimen-

2244 2989 2314 3046 tis
2333 2998 2417 3045 est
2434 2988 2729 3058 saepissime
2759 2989 3192 3060 comprobatum,
3218 2987 3364 3044 nullo
3395 2988 3562 3044 modo
3609 3004 3710 3044 eos
3748 2989 3833 3059 qui

2244 3081 2600 3137 amicitiarum
2629 3079 2807 3136 fmdus
2854 3080 3245 3151 conjurationis
3306 3080 3477 3136 iniere
3520 3081 3831 3152 principio.

2244 3171 2574 3243 indiruptam
2596 3171 2834 3242 quivisse
2863 3186 3079 3227 servare
3097 3170 3466 3227 concordiam.
3533 3170 3686 3228 Sane
3725 3172 3834 3244 qui-

2242 3263 2364 3319 dem
2388 3261 2769 3318 callidissimus
2810 3261 2900 3316 ille
2930 3261 3169 3317 humano
3216 3262 3401 3334 generi
3450 3262 3734 3325 inimicus.
3782 3273 3834 3317 ut

2240 3353 2488 3410 homines
2512 3352 2959 3422 praevaricatores
2986 3354 3069 3410 sui
3098 3353 3264 3409 faciat
3305 3355 3665 3419 sacramenti,
3698 3354 3827 3409 cele-

2241 3448 2356 3504 rius
2393 3446 2740 3519 sagatiusque
2785 3446 2852 3501 ad
2883 3445 3295 3516 inrumpendum
3344 3446 3653 3501 amicitiam
3697 3446 3835 3501 labo-

2240 3546 2345 3594 rat.
2376 3538 2529 3607 Quod
2551 3538 2597 3595 si
2622 3553 2653 3594 a
2683 3538 2862 3611 minus
2882 3545 3032 3593 recte
3053 3537 3390 3609 sapientibus
3418 3537 3488 3593 de
3518 3552 3657 3594 vero
3707 3537 3835 3591 ami-

2240 3630 2495 3686 citiarum
2521 3643 2718 3701 genere
2730 3639 3150 3707 percontamur,
3202 3629 3683 3701 respondelimns,
3714 3644 3834 3685 con-

2240 3720 2481 3778 cordiam
2507 3734 2801 3790 veramque
2830 3719 3125 3774 amicitiam
3175 3721 3198 3753 δ
3222 3719 3325 3774 nisi
3357 3719 3505 3774 inter
3520 3721 3834 3776 emendatos

2241 3828 2420 3869 mores
2446 3811 2794 3883 ejusdemque
2815 3812 3032 3867 virtutis
3061 3819 3116 3867 ct
3169 3812 3426 3883 propositi
3451 3812 3498 3846 ⁸⁸
3523 3814 3676 3869 viros
3699 3822 3833 3869 stare

2241 3921 2350 3963 non
2385 3920 2563 3977 posse.

2313 3997 2401 4054 15.
2432 3997 2670 4069 Contigit
2698 3998 2900 4068 itaque,
2926 4007 3212 4067 utrumque
3233 4037 3249 4063 ,
3289 3995 3583 4053 Widonem
3628 3997 3834 4054 scilicet

2241 4098 2405 4163 atque
2426 4091 2832 4162 Berengarium,
2854 4090 3034 4146 Karoli
3061 4090 3204 4160 regis
3234 4088 3409 4145 funeri
3428 4090 3648 4146 deesse.
3675 4089 3834 4159 Cujus

2244 4193 2422 4240 tamen
2447 4182 2727 4239 interitum
2750 4181 2913 4239 Wido
2937 4190 2996 4237 ut
3019 4182 3245 4249 audivit,
3271 4182 3499 4238 Romam
3532 4182 3833 4253 profectus.

2240 4276 2445 4346 absque
2470 4274 2804 4331 Francorum
2853 4274 3081 4330 consilio
3135 4275 3299 4331 totius
3328 4272 3578 4330 Francia:
3630 4275 3837 4328 unctio-

2243 4382 2365 4422 nem
2396 4366 2639 4436 suscepit
2663 4365 2873 4436 imperii
2919 4364 3031 4436 (an.
3064 4364 3166 4421 887
3193 4382 3302 4429 ea...
3349 4364 3455 4421 888
3482 4364 3585 4432 in.)
3644 4362 3833 4417 Franci

2240 4458 2423 4528 itaque
2446 4456 2747 4524 Oddonem,
2784 4456 3038 4528 quoniam
3069 4455 3230 4511 Wido
3251 4455 3458 4518 aberat,
3486 4468 3679 4526 regem
3710 4469 3835 4510 con-

555 4547 676 4588 sese
702 4541 881 4590 tamen
902 4551 1003 4608 pro
1028 4538 1236 4609 origine
1268 4541 1435 4610 ipsius
1459 4542 1869 4620 alfectionisque
1910 4565 2136 4607 consor-
2167 4520 2216 4580 θ
2241 4548 2489 4604 stituunt.
2518 4546 2874 4619 Berengarius
2902 4561 3030 4602 vero
3055 4545 3303 4602 Widonis
3342 4545 3591 4611 consilio,
3646 4560 3834 4615 quem-

559 4623 635 4677 tio
660 4632 853 4694 pacata
882 4635 937 4681 et
964 4627 1180 4683 innoxia
1210 4644 1591 4703 perseverant;
1627 4637 1788 4694 homo
1834 4648 2038 4709 autem,
2069 4645 2137 4698 ad

555 4713 847 4785 imaginem
872 4717 1384 4792 similitudinemque
1413 4725 1508 4781 Dei
1541 4725 1823 4795 formatus,
1856 4730 1991 4803 legis
2041 4733 2135 4788 Dei

553 4806 825 4872 conscius,
858 4810 1087 4866 rationis
1114 4826 1312 4882 capax,
1329 4829 1434 4869 non
1470 4817 1645 4873 solum
1690 4822 1998 4890 proximum
2027 4839 2133 4879 non

552 4912 740 4955 amare
762 4898 938 4966 juvat,
970 4902 1062 4956 sed
1091 4912 1147 4958 et
1164 4904 1344 4962 odisse
1365 4906 1651 4978 plurimum
1693 4911 1887 4969 valeat.
1946 4914 2138 4971 Videa-

469 4984 479 4995 ‘
553 5001 675 5042 mus
697 4987 881 5056 igitur,
905 4990 1035 5060 quid
1064 4990 1357 5061 Iohannes,
1388 5012 1494 5051 non
1541 4999 1786 5068 quilibet,
1847 5003 1940 5058 sed
1986 5004 2136 5076 virgo

2241 4636 2531 4691 admodum
2570 4637 2621 4692 ei
2660 4634 3015 4705 jurejurando
3066 4636 3415 4706 promiserat,
3463 4636 3636 4691 Italici
3681 4635 3829 4706 regni

2241 4729 2479 4799 suscepit
2531 4729 2835 4799 imperium.
2896 4727 3057 4785 Wido
3106 4737 3289 4784 autem
3337 4728 3629 4786 Franciam
3699 4733 3831 4800 petit

2242 4821 2353 4892 (an.
2378 4820 2503 4887 888,
2525 4820 2653 4876 Jan.
2679 4820 2825 4892 xm).

2315 4910 2401 4965 l6.
2433 4910 2678 4983 Cumque
2697 4912 3139 4984 Burgundionum
3154 4927 3319 4983 regna
3344 4912 3638 4977 transiens,
3670 4911 3830 4967 Fran-

2244 5002 2382 5058 ciam
2408 5018 2567 5074 quam
2599 5004 2900 5060 Romanam
2922 5004 3109 5059 dicunt
3128 5004 3332 5075 ingredi
3356 5003 3538 5068 vellet,
3587 5003 3824 5058 Franco—
