4012 5340
177 97 261 153 SOI
1146 99 1693 161 ANTAPODOSEOS
1729 103 1909 159 LIBRI
1947 103 2098 159 SEX.
2139 138 2204 147 —
2241 104 2365 161 LIB.
2404 107 2442 161 I.

3325 111 3431 168 80?.

178 224 405 265 essenon
442 216 685 276 possent,
714 208 990 287 thloncm
1016 213 1223 267 cunctis
1274 215 1583 283 potentibus
1633 216 1739 271 clc-
1766 223 1811 279 Α
1844 219 1984 273 sicut
2009 219 2265 281 diximus.
2287 220 2455 275 altera
2480 236 2606 292 pars
2631 220 2851 277 alteram
2880 236 3075 279 nocere
3094 238 3198 279 non
3214 222 3427 295 posset;

179 308 373 371 gerunt.
401 299 592 353 Fertur
616 309 796 355 autem
823 302 925 356 hac
956 303 1240 357 occasione
1272 304 1510 360 Francos
1561 304 1745 361 Wido—

180 408 290 448 nem
349 405 526 459 regem
586 392 688 447 sibi
728 407 833 447 non
895 394 1275 464 adsumpsisse.
1322 394 1457 448 Nam
1503 396 1627 450 dum
1676 396 1743 450 ad

180 486 451 563 Mctcnscm
478 494 737 541 venturus
763 495 907 541 esset
952 485 1160 551 urbem,
1205 503 1325 557 quae
1372 490 1743 558 potentissima

182 580 227 633 in
247 592 403 647 regno
438 575 677 632 Lotharii
707 578 897 643 claret,
921 580 1184 649 prmmisit
1220 580 1521 651 dapiferum
1565 598 1741 648 suum,

181 670 259 739 qui
288 669 537 723 alimenta
589 669 666 725 illi
700 687 850 726 more
891 673 1039 742 regio
1104 682 1454 743 praepararet.
1492 674 1745 731 Metensis

182 775 295 813 vero
323 758 609 829 episcopus
632 760 743 831 (60)
782 762 909 816 dum
934 762 1137 817 cibaria
1166 764 1215 818 ei
1237 764 1405 818 multa
1450 766 1743 819 secundum

184 849 493 904 Francorum
517 851 962 907 consuetudinem
985 852 1344 919 ministraret,
1368 852 1672 923 hujusmodi
1714 870 1744 910 a

184 939 406 1009 dapifero
432 955 690 1011 responsa
718 943 955 1012 suscepit
987 962 998 996 :
1032 962 1047 995 ι
1086 944 1141 998 Si
1166 961 1361 1014 equum
1390 945 1580 1000 saltem
1613 947 1745 1001 mihi

184 1031 395 1095 dederis,
424 1031 620 1087 faciam
658 1042 717 1088 nt
754 1037 919 1090 tercia
950 1037 1159 1092 obsonii
1195 1038 1239 1069 ⁸⁸
1282 1039 1439 1108 hujus
1484 1048 1636 1109 parte
1676 1039 1747 1095 sit

187 1138 264 1176 rex
320 1122 475 1178 Wido
524 1134 831 1181 contentus.
870 1146 889 1179 ι
938 1128 1089 1194 Quod
1144 1130 1429 1200 episcopus
1476 1131 1742 1186 audiens:

190 1234 203 1262 ι
232 1212 334 1265 Non
361 1213 539 1278 decet,
564 1216 761 1286 inquit,
788 1217 950 1273 talem
978 1234 1141 1289 super
1163 1236 1261 1277 nos
1288 1237 1515 1293 regnare
1540 1238 1745 1294 regem,

186 1306 261 1373 qui
286 1309 461 1360 decem
496 1307 735 1379 dragmis
768 1309 873 1364 vile
906 1310 1005 1364 sibi
1052 1312 1336 1367 obsonium
1384 1324 1673 1384 praeparat.
1722 1334 1740 1367 ι

188 1396 360 1466 Sicque
399 1397 599 1453 factum
634 1408 801 1454 estut
847 1401 1129 1457 Widonem
1184 1404 1517 1469 desererent,
1570 1404 1747 1459 Oddo-

186 1505 289 1541 ncm
310 1498 482 1543 autem
507 1491 788 1562 eligerent.

1847 318 1904 363 et
1931 308 2311 379 Bagoariorum
2342 326 2481 365 unus
2511 313 2733 366 cottidie
2760 313 3064 383 agminibus
3094 317 3429 384 exprobrans

1847 398 2124 462 Italormn,
2157 399 2378 455 inbelles
2404 416 2495 456 eos
2524 412 2683 472 atque
2709 403 2983 472 equitandi
3015 404 3213 459 inscios
3240 405 3428 461 clami-

1848 492 2015 545 tabat.
2036 490 2115 545 Ad
2143 502 2487 561 augmentum
2516 496 2679 548 etiam
2712 496 2992 551 dedecoris
3023 511 3115 550 eos
3147 496 3286 551 inter
3307 512 3434 566 pro-

1847 580 1999 643 siliit,
2038 580 2356 651 hastamque
2387 584 2477 637 uni
2510 585 2575 638 de
2606 599 2765 638 manu
2794 586 3051 649 excussit,
3082 586 3267 655 sicque
3295 586 3432 641 lctus

1848 672 1901 726 in
1931 687 2149 725 suorum
2176 682 2352 726 castra
2380 675 2673 744 repedavit.
2710 674 2987 731 IIubaldus
3015 677 3179 747 igitur
3205 676 3434 732 Bonefao

1849 764 1908 817 tii
1940 773 2122 833 pater,
2161 766 2252 831 qui
2282 775 2405 836 post
2436 776 2677 838 tempore
2710 776 2895 824 nostro
2929 769 3339 824 Cameriuorum
3379 778 3435 823 et

1849 856 2245 927 Spoletinorum
2273 860 2451 913 extitit
2477 860 2739 923 marchio,
2766 868 2972 915 tantum
3003 861 3178 929 gentis
3206 875 3314 914 sure
3340 875 3435 913 eu-

1846 948 2000 1017 picns
2047 947 2281 1004 dedecus
2325 950 2622 1016 vindicare,
2671 952 2842 1021 clipeo
2885 960 3125 1020 accepto,
3177 951 3434 1021 praedicto

1850 1054 1969 1093 mox
1996 1038 2207 1093 obviam
2232 1038 2493 1111 Bagoario
2522 1042 2711 1095 tendit.
2737 1042 2783 1095 Is
2811 1051 2990 1096 autem
3018 1042 3271 1111 triumphi
3298 1056 3435 1111 prte-

1850 1128 1993 1182 teriti
2022 1144 2129 1183 non
2161 1129 2334 1184 solum
2368 1146 2471 1184 non
2505 1131 2809 1196 immemor,
2840 1131 2933 1186 sed
2964 1145 3031 1186 eo
3061 1131 3234 1187 factus
3263 1132 3434 1185 auda-

1849 1219 1955 1272 tior
1976 1235 2073 1274 ceu
2100 1234 2130 1273 e
2156 1220 2378 1275 victoria
2398 1220 2509 1288 jam
2533 1236 2780 1285 securus,
2803 1222 2949 1277 hunc
2973 1232 3159 1277 contra
3182 1231 3437 1293 properat

1848 1308 2019 1364 hetus.
2052 1310 2310 1380 Cepitque
2340 1311 2643 1365 vertibilem
2681 1326 2878 1381 equum
2916 1313 3074 1367 modo
3109 1313 3310 1380 impetu
3345 1326 3437 1365 ve-

1848 1400 2088 1456 hementi
2119 1401 2422 1466 dimittere,
2456 1401 2662 1455 strictis
2691 1401 2851 1455 modo
2878 1400 3103 1455 habenis
3132 1401 3431 1455 retrahere.

1850 1490 2176 1545 Memoratus
2201 1505 2331 1545 vero
2355 1490 2632 1547 Ilubaldus
2657 1501 2804 1546 recta
2831 1507 2889 1546 se
2916 1491 3056 1561 cepit
3082 1491 3250 1545 adire.
3273 1489 3435 1545 Cum—

247 1582 320 1634 Π.
360 1582 693 1639 Francorum
724 1586 889 1656 igitur
916 1602 1020 1642 non
1043 1602 1231 1658 parum
1260 1587 1422 1643 Wido
1464 1590 1747 1659 perturba—

1855 1598 1957 1651 que
1989 1582 2042 1635 in
2070 1598 2135 1636 eo
2164 1592 2339 1649 esset,
2369 1591 2428 1636 ut
2456 1582 2658 1637 mutuis
2693 1596 2814 1637 sese
2840 1582 3152 1637 vulneribus
3179 1580 3433 1652 figerent,

192 1678 261 1723 tus
306 1670 704 1740 legationibus,
774 1676 1045 1731 nonnullis
1106 1678 1273 1745 coepit
1334 1678 1749 1749 cogitationibus

188 1763 398 1827 :estuari,
431 1772 619 1818 tamex
639 1764 823 1821 Italico
854 1781 1018 1838 regno
1046 1768 1749 1839 Berengariojurejurando

189 1851 445 1918 promisso,
477 1870 641 1923 quam
668 1871 732 1910 ex
762 1856 1091 1912 Francorum
1118 1858 1439 1928 praesertim,
1474 1858 1613 1928 quod
1637 1873 1751 1928 pte-

190 1944 313 1998 nitus
337 1960 391 1999 se
416 1962 522 2000 non
557 1962 715 2017 posse
740 1949 1244 2019 sciverakadipisci.
1277 1949 1421 2005 Inter
1467 1958 1751 2019 utramque

190 2044 343 2089 autem
376 2037 514 2092 hanc
538 2040 938 2105 azstuationem,
970 2041 1228 2110 quoniam
1271 2040 1605 2094 Francorum
1656 2053 1749 2094 rex

191 2141 288 2180 esse
329 2129 585 2196 nequibat
616 2170 631 2192 ,
684 2129 933 2201 frangere
982 2134 1124 2201 quod
1182 2132 1506 2203 Berengario
1550 2132 1753 2186 fecerat

187 2215 527 2283 jusjurandum
554 2220 846 2283 deliberat;
874 2223 1205 2294 collectoque
1227 2233 1384 2294 prout
1407 2224 1578 2294 potuit
1599 2238 1751 2279 exer-

190 2307 610 2364 citu—traxerat
636 2327 767 2368 sane
804 2322 858 2368 et
890 2328 918 2366 a
953 2312 1176 2368 Francis
1219 2315 1485 2384 quandam
1517 2314 1749 2368 afﬁnita-

193 2395 247 2447 tis
267 2396 891 2470 lincam,-—Italiamque
921 2402 1129 2457 coneite
1168 2402 1468 2472 ingressus,
1498 2402 1750 2458 Camme-

193 2487 313 2542 rinos
363 2499 520 2559 atque
582 2492 888 2552 Sooletinos
939 2494 1264 2549 ﬁducialiter
1308 2505 1367 2549 ut
1420 2496 1752 2564 prOpinquos

190 2580 816 2654 a.lit,Berengariietiam
851 2587 1092 2656 partibus
1142 2586 1402 2653 faventes,
1456 2596 1513 2640 ut
1560 2588 1753 2643 infidos

193 2674 507 2736 pecuniarum
534 2676 711 2745 gratia
742 2678 1012 2748 adquirit;
1047 2678 1229 2748 itaque
1258 2678 1584 2749 Berengario
1637 2679 1750 2734 bel-

193 2760 281 2814 luui
306 2775 468 2831 parat.

248 2852 320 2905 18.
374 2854 550 2925 Copiis
602 2857 837 2927 denique
882 2870 1110 2930 utraque
1154 2878 1222 2916 ex
1267 2872 1422 2933 parte
1466 2863 1709 2918 collectis
1737 2903 1751 2927 ,

1853 1688 2003 1727 more
2032 1674 2190 1728 solito
2221 1673 2516 1744 Bagoarius
2540 1689 2680 1744 equo
2704 1674 2887 1729 versili
2919 1674 3096 1727 varios
3121 1672 3437 1743 perplexos-

1849 1781 1955 1834 que
1981 1780 2076 1835 per
2102 1764 2378 1819 anfractus
2413 1765 2554 1834 cepit
2584 1765 2906 1830 discurrere,
2945 1763 3198 1832 quatinus
3242 1762 3310 1817 iis
3352 1775 3439 1815 ar-

1850 1854 2119 1927 gumentis
2144 1852 2444 1908 I‘Iubaldum
2472 1864 2652 1924 posset
2674 1854 2942 1924 decipere.
2970 1852 3162 1907 Verum
3189 1866 3310 1905 cum
3338 1850 3441 1903 hac

1851 1958 1969 2002 arte
2014 1957 2164 2017 terga
2206 1955 2463 2013 verteret,
2500 1955 2560 2001 ut
2600 1962 2723 2002 mox
2772 1946 2984 2001 rediens
3027 1942 3329 1998 Huhaldum
3370 1956 3438 1996 ex

1853 2040 2081 2094 adverso
2118 2048 2457 2110 percuteret,
2503 2054 2675 2109 equus
2722 2040 2807 2093 cui
2854 2037 3127 2093 ilubaldus
3168 2035 3440 2090 insederat

1856 2131 2206 2185 vehementer
2273 2130 2577 2185 calcaribus
2622 2131 2887 2194 tunditur,
2924 2138 2979 2184 et
3020 2143 3118 2198 per
3158 2124 3438 2195 scapulas,

1854 2230 2146 2289 antequam
2188 2220 2385 2275 reverti
2426 2220 2721 2290 Bagoarius
2760 2227 2972 2290 posset,
3010 2218 3194 2272 lancea
3240 2214 3307 2269 ad
3344 2229 3440 2269 cor

1855 2325 2022 2379 usque
2050 2309 2374 2379 perforatur.
2405 2310 2683 2367 Ilubaldus
2713 2312 2877 2381 igitur
2904 2309 3057 2365 freno
3089 2306 3440 2378 Bagoaricum

1852 2402 2155 2471 percipiens
2200 2417 2436 2472 equum,
2484 2404 2661 2473 ipsum
2709 2403 2762 2456 in
2813 2402 2992 2457 medio
3039 2399 3239 2453 lluvioli
3290 2397 3442 2452 alveo

1853 2502 2072 2549 exutum
2104 2494 2374 2549 hominem
2406 2494 2727 2564 dereliquit;
2766 2494 2953 2563 sicque
2980 2506 3198 2547 suorum
3232 2488 3442 2559 injuriae

1856 2584 2031 2650 ultor,
2061 2585 2126 2639 de
2155 2586 2429 2654 triumpho
2458 2585 2524 2639 ad
2555 2600 2682 2639 suos
2712 2584 2855 2639 redit
2880 2583 3124 2639 hilarior.
3155 2580 3271 2636 Hoc
3310 2594 3441 2635 sane

1856 2674 2055 2729 factum
2086 2690 2193 2729 non
2227 2675 2552 2731 mediocrem
2591 2676 2871 2746 Bagoariis
2904 2682 3199 2736 terrorem,
3241 2670 3443 2726 Italicis

1857 2764 2132 2818 audatiam
2170 2764 2414 2819 contulit.
2446 2764 2583 2819 Inito
2609 2766 2805 2835 quippe
2820 2764 2866 2799 "
2892 2762 3154 2833 .Bagoarii
3192 2760 3440 2824 consilio,

1859 2857 2241 2927 nonnullisque
2270 2856 2631 2913 Centebaldus
2656 2872 2686 2911 a
2715 2856 2945 2913 Widone
2972 2854 3177 2925 argenti
3211 2853 3445 2923 acceptis

188 2942 314 3009 juxta
354 2944 569 3001 ﬂuvium
617 2948 887 3017 Triviam,
925 2955 1016 3022 qui
1055 2953 1293 3022 quinque
1330 2954 1603 3009 Placentia
1644 2955 1745 3008 mi-
1773 2950 1817 3014 C
1849 2950 2195 3019 ponderibus,
2224 2950 2278 3003 in
2305 2949 2524 3019 propria
2553 2950 2832 3005 remeavit.

191 3032 333 3088 liariis
368 3048 548 3103 extat,
590 3040 747 3094 civile
781 3052 1084 3111 prmparant
1114 3043 1333 3098 bellum.
1379 3044 1433 3098 In
1475 3060 1582 3115 quo
1625 3061 1747 3100 cum

190 3126 401 3192 partibus
440 3146 505 3186 ex
548 3132 800 3201 utrisque
860 3134 1117 3188 caderent
1158 3135 1336 3200 multi,
1391 3135 1748 3206 Berengarius

191 3214 341 3286 fugam
368 3222 535 3289 petiit,
573 3223 907 3293 triumphum
935 3224 1094 3279 Wido
1124 3225 1377 3280 obtinuit.

248 3309 324 3364 l9.
358 3310 462 3366 Nec
493 3329 669 3378 mora,
698 3315 886 3371 diebus
916 3316 1248 3386 interpositis
1274 3318 1479 3386 paucis,
1511 3318 1747 3371 multitu-

190 3399 293 3453 dine
325 3402 679 3469 Berengarius
707 3405 952 3469 collecta,
981 3408 1031 3460 in
1062 3406 1259 3461 Brixiae
1283 3407 1576 3462 latissimos
1604 3424 1750 3462 carn-

191 3420 293 3453 uute
325 3420 485 3459 nerea
529 3421 679 3460 artus
707 3420 952 3469 correcta,
981 3424 1031 3460 In
1062 3420 1259 3461 unum
1283 3420 1576 3462 latissimos
1604 3424 1750 3462 cam-

191 3501 269 3555 pos
283 3420 696 3548 Widonﬁicllum
725 3504 995 3565 preparat.
1016 3496 1114 3551 Ubi
1140 3511 1260 3551 cum
1280 3497 1514 3553 maxima
1537 3506 1750 3568 strages

191 3578 341 3647 fieret,
369 3582 488 3654 fuga
518 3600 641 3640 sese
666 3585 1024 3658 Berengarius
1049 3587 1320 3643 liberavit.

244 3671 323 3726 20.
355 3673 470 3730 Jam
508 3692 641 3733 vero
666 3678 1058 3748 Berengarius,
1095 3697 1217 3736 cum
1244 3681 1463 3737 Widoni
1493 3685 1750 3738 resistere

190 3761 435 3829 copiarum
465 3768 738 3834 paucitate
770 3768 1056 3838 nequiret,
1089 3770 1554 3839 potentissimum,
1588 3788 1748 3843 quem

191 3852 524 3924 praediximus,
569 3856 918 3913 Arnulfum”
960 3874 1139 3930 regem
1176 3861 1229 3916 in
1268 3862 1528 3917 auxilium
1573 3874 1746 3936 rogat,

194 3944 483 4007 promittens
521 3964 581 4004 se
616 3966 849 4021 suosque
884 3952 999 4022 ejus
1036 3955 1290 4021 potentiae
1333 3957 1661 4026 servituros,
1703 3960 1748 4014 si

119 4108 129 4125 '
192 4033 380 4092 virtutis
402 4054 511 4094 sua:
534 4043 883 4098 amminiculo
896 4042 1182 4099 Widonem
1201 4057 1480 4117 superaret
1504 4064 1749 4120 regnum-

190 4134 273 4187 que
296 4126 388 4181 sibi
416 4127 664 4185 Italicum
696 4133 1022 4187 vendicaret.
1051 4132 1220 4203 Hujus
1251 4137 1406 4203 plane
1438 4148 1599 4194 tanta:
1626 4156 1748 4210 pro-

190 4218 429 4276 missionis
469 4226 645 4295 gratia
684 4228 891 4283 accitus
932 4244 1025 4284 rex
1063 4230 1349 4297 Arnulfus,
1381 4230 1550 4285 tilium
1591 4248 1746 4286 suum

190 4306 561 4382 Centcbaldum,
597 4335 756 4388 quem
796 4336 861 4374 ex
904 4323 1203 4377 concubina
1250 4335 1530 4394 genuerat,
1572 4326 1749 4379 valido
1782 4303 1827 4361 ί)

190 4413 288 4453 cum
316 4409 549 4462 exercitu
591 4410 749 4481 hujus
779 4412 829 4467 in
860 4413 1116 4468 auxilium
1147 4415 1351 4486 dirigit,
1380 4426 1750 4487 veneruntque

191 4491 364 4577 pariter
389 4500 531 4553 omni
574 4502 676 4557 sub
723 4503 999 4561 celeritate
1033 4506 1269 4577 Papiam.
1308 4508 1466 4563 Wido
1502 4523 1632 4564 vero
1675 4510 1749 4563 ita

192 4576 425 4641 lluviolum
449 4593 539 4659 qui
556 4592 773 4663 Papiam
799 4611 905 4651 uno
925 4612 989 4652 ex
1013 4598 1181 4653 latere
1206 4600 1374 4667 alluit,
1392 4597 1750 4657 Vernavola"

194 4681 403 4767 neruiue,
447 4697 553 4741 tam
594 4691 815 4746 sudibus
844 4707 1004 4761 quam
1035 4694 1275 4748 exercitu
1312 4696 1581 4750 munierat
1617 4712 1749 4767 qua-

194 4765 315 4825 tinus
348 4774 508 4831 altera
551 4778 810 4847 alteram,
845 4784 959 4852 ipso
996 4784 1172 4840 medio
1222 4784 1586 4854 discurrente,
1619 4765 1745 4858 pars

1917 3042 2009 3096 22.
2048 3042 2215 3112 Igitur
2250 3041 2610 3112 Berengarius
2638 3042 2765 3096 dum
2796 3041 2887 3095 ubi
2922 3053 3179 3110 prospera
3207 3037 3311 3093 sibi
3340 3037 3440 3090 ad-

1851 3132 2055 3188 versari
2083 3132 2452 3202 prospiceret,
2485 3148 2607 3187 cum
2635 3130 2968 3187 Centebaldo
3004 3129 3212 3200 pariter
3235 3126 3442 3181 Arnnlfi

1854 3224 1996 3293 regis
2029 3224 2139 3277 adit
2169 3223 2487 3293 potentiam,
2514 3237 2677 3275 orans
2705 3237 2768 3277 ac
2796 3220 3079 3290 pollicens,
3107 3227 3168 3272 ut
3193 3218 3236 3271 si
3268 3218 3442 3286 ipsum

1850 3314 2149 3382 adjuvaret,
2181 3329 2240 3369 se
2268 3322 2546 3383 totamque
2576 3313 2782 3367 Italiam
2807 3353 2821 3378 ,
2851 3321 2912 3366 ut
2940 3321 3065 3366 ante
3092 3310 3441 3382 promiserat,

1849 3404 2045 3459 dicioni
2072 3419 2182 3459 suae
2210 3412 2557 3473 supponeret.
2582 3402 2765 3457 Tanta:
2798 3402 3062 3472 siquidem
3097 3410 3157 3455 ut
3186 3399 3445 3469 praedixi-

1850 3509 1969 3549 mus
1996 3493 2370 3563 promissionis
2399 3493 2573 3564 gratia
2602 3492 2834 3556 excitus,
2861 3492 3032 3562 (τομὶἰε
3061 3490 3301 3547 collectis
3330 3506 3439 3545 non

1849 3585 2110 3649 minimis,
2139 3584 2345 3639 Italiam
2371 3585 2483 3641 adit
2513 3586 2634 3657 (An.
2668 3585 2817 3656 894).
2845 3584 2942 3638 Cui
2975 3584 3347 3653 Berengarius.
3382 3592 3442 3636 ut.

1849 3676 2224 3747 promissionis
2261 3692 2373 3732 suae
2399 3676 2559 3732 ﬁdem
2588 3677 2775 3742 daret,
2805 3674 3144 3733 credulitatis
3173 3674 3444 3729 arrabone

1850 3766 2080 3836 clipeum
2109 3774 2305 3836 portat.

1916 3885 2004 3939 23.
2052 3883 2344 3953 Susceptus
2387 3886 2566 3956 itaque
2603 3900 2632 3939 a
2674 3884 3109 3952 Veronensibus,
3147 3884 3214 3938 ad
3254 3883 3441 3937 urbem

1848 3977 2213 4047 proﬁciscitur
2255 3978 2601 4049 Pergamum.
2655 3977 2755 4033 Ubi
2805 3979 2931 4033 dum
2978 3977 3290 4031 firmissima
3341 3974 3441 4028 loci

1850 4068 2149 4122 munitione
2180 4069 2368 4123 confisi
2389 4109 2403 4131 ,
2438 4069 2603 4124 immo
2633 4069 2863 4140 decepti,
2896 4069 3142 4123 homines
3169 4068 3216 4120 ei
3248 4081 3441 4121 occur-

1849 4172 1968 4211 rere
2011 4157 2233 4223 nollent,
2281 4167 2694 4213 castrametatus
2720 4160 2764 4190 ⁶⁰
2807 4159 3019 4223 eodem,"
3062 4157 3184 4211 belli
3230 4157 3445 4211 fortitu-

1852 4245 1976 4301 dine
2012 4247 2203 4302 urbem
2235 4247 2397 4316 cepit,
2424 4247 2652 4317 jugulat,
2689 4248 2921 4301 trueidat
2949 4246 3163 4317 (lam).
3196 4244 3446 4301 Civitatis

1853 4338 2015 4391 etiam
2038 4338 2314 4401 comitem,
2330 4338 2646 4391 Ambrosius
2668 4338 2903 4403 nomine,
2925 4352 3045 4391 cum
3070 4350 3219 4397 ense,
3243 4333 3440 4394 balteo,

1855 4427 2113 4491 armillis,
2158 4428 2458 4497 ceterisque
2493 4427 2899 4497 pretiosissimis
2929 4424 3284 4481 indumentis.
3319 4437 3442 4474 sus-

1849 4519 2008 4587 pendi
2064 4528 2189 4574 ante
2233 4527 2386 4588 porte
2428 4517 2652 4587 januam
2696 4518 2845 4573 fecit.
2889 4516 3041 4583 Quod
3085 4513 3196 4584 (61)
3242 4512 3443 4565 factum

1854 4610 2064 4665 caeteris
2088 4611 2339 4666 omnibus
2368 4612 2593 4667 urbibus
2623 4610 2939 4677 cunctisque
2970 4603 3303 4677 principibus
3336 4609 3445 4653 ter—

1856 4717 2032 4756 rorem
2064 4717 2290 4771 parvum
2320 4717 2426 4755 non
2458 4700 2668 4765 attulit;
2697 4700 3025 4771 quicumque
3051 4694 3155 4747 hoc
3178 4691 3447 4754 audierat,

1853 4804 2081 4862 utraque
2107 4794 2254 4848 auris
2280 4793 2396 4862 ejus
2424 4793 2705 4847 tinniebat.

1924 4883 2012 4936 24.
2041 4883 2468 4940 Mediolanenses
2495 4883 2606 4954 (62)
2633 4884 2794 4953 igitur
2819 4890 2982 4949 atque
3007 4876 3327 4932 Ticinenses
3348 4874 3454 4930 hac

1856 4976 1998 5029 fama
2036 4980 2307 5044 perterriti
2331 5019 2345 5042 ,
2379 4976 2495 5045 ejus
2534 4990 2637 5029 non
2668 4974 2813 5043 passi
2847 4982 2976 5027 sunt
3005 4969 3315 5039 praestolari
3353 4968 3455 5021 ad-

195 4870 367 4924 partem
392 4882 703 4939 oppugnare
732 4876 996 4943 nequiret.

251 4949 327 5007 2i.
364 4956 505 5013 Unus
536 4971 592 5015 et
624 4964 908 5033 vigesimus
946 4969 1060 5024 dies
1092 4967 1201 5037 jam
1246 4972 1563 5036 transierat,
1596 4988 1743 5043 cum,

1446 5128 1683 5186 VARl/E
1748 5131 2151 5189 LECTIONES.
2228 5174 2235 5175 κ

252 5223 289 5302 ξ’
312 5228 525 5310 Obsonat
584 5236 631 5287 1.
666 5232 717 5286 2.
753 5236 792 5265 ⁸⁷
825 5240 1166 5295 arnulfulfum
1201 5240 1250 5293 1.
1285 5241 1496 5297 duabus
1555 5241 1726 5300 lineis.

1887 5244 2236 5300 uernavolum
2285 5250 2316 5301 .‘i
2349 5263 2399 5299 a.
2436 5246 2466 5297 ὕ
2518 5244 2590 5295 a°.
2663 5242 2704 5272 δ’
2737 5239 2896 5310 quipe
2956 5241 3001 5293 1.

263 5236 289 5302 ξ’
312 5236 525 5302 Obsonat
584 5236 631 5287 1.
666 5236 717 5286 2.
753 5236 792 5265 ⁸⁷
825 5240 1166 5295 arnulfulfum
1201 5240 1250 5293 1.
1285 5241 1496 5297 duabus
1555 5241 1726 5300 lineis.

1887 5244 2236 5300 uernavolum
2285 5250 2316 5301 .‘i
2349 5263 2399 5299 a.
2436 5246 2466 5297 ὕ
2518 5244 2590 5295 a°.
2663 5242 2704 5272 δ’
2737 5239 2896 5302 quipe
2956 5241 3001 5293 1.
3078 5236 3123 5266 ⁸ο
3154 5249 3459 5294 castrame—

196 5298 297 5340 talis
330 5298 343 5340 1
