4012 5340
440 246 459 263 ,,
550 191 654 249 805

1537 184 1956 245 LlU'l‘PRANDl
1996 184 2481 248 CREMONENSIS
2516 186 2821 246 EPISCOPI

3721 182 3817 237 804

550 318 802 374 Ventum.
832 321 1018 364 verum
1047 305 1324 377 Dmmissa
1354 303 1651 375 ιεςθιίοηθ,
1681 302 1913 372 ἱυεεῖοηί
1940 317 2050 357 sum
2079 316 2137 357 se
2163 304 2217 365 Α
2309 305 2398 362 29.
2437 305 2611 361 Causa
2642 296 2824 359 autem
2859 299 3152 356 simultatis
3192 298 3333 355 inter
3371 296 3698 353 Formosum
3728 311 3817 365 pa-

552 404 1020 472 obtemperaturos
1051 398 1393 470 promittunt.
1424 397 1548 470 (An.
1575 396 1725 467 894.)
1755 394 2007 451 Ottonem
2036 395 2139 449 ita-

552 505 679 562 que,
707 488 978 544 Saxonum
1006 487 1436 559 potentissimum
1466 487 1677 550 ducem,
1699 484 1992 553 —hnjus“
2028 482 2138 553 glo-

551 583 838 640 riosissimi
868 590 1029 652 atque
1053 580 1390 636 invictissimi
1431 579 1571 647 regis
1600 577 1841 642 Ottonis,
1870 576 1961 646 qui
1995 591 2138 631 nunc

552 685 801 748 superest
840 685 894 733 et
915 673 1144 730 feliciter
1188 679 1399 742 regnat,
1430 671 1642 737 avus“,
1664 701 1731 711 —
1761 667 2138 724 Mediolanium

553 768 883 826 defensionis
912 767 1087 839 gratia
1113 765 1329 836 dirigit;
1358 770 1506 819 recta
1530 762 1645 833 ipse
1668 761 1916 818 Ticinum
1945 758 2134 814 tendit.

623 861 716 918 25.
754 859 919 916 Wido
946 858 1175 928 denique
1200 857 1361 927 hujus
1389 856 1646 926 impetum
1676 852 1877 909 ferre“
1908 866 2013 907 non
2039 865 2137 906 va-

552 951 691 1017 lens,
722 949 1069 1005 Camerinum
1092 946 1473 1018 Spoletumque
1493 958 1686 1000 versus
1707 941 1893 1013 fugere
1908 940 1953 972 “
1975 939 2135 1011 cepit.

553 1042 725 1111 Quem
759 1041 875 1098 sine
900 1040 1158 1096 dilatione
1185 1039 1386 1095 acriter
1418 1052 1513 1093 rex
1544 1034 1865 1105 insequitur,
1896 1033 2057 1089 urbes
2085 1040 2140 1087 et

553 1132 777 1190 castella
817 1133 998 1188 omnia
1025 1131 1128 1188 sibi
1158 1129 1467 1186 resistentia
1509 1128 1561 1182 vi
1599 1126 1893 1182 debellans.
1925 1122 2140 1177 Nullum

552 1227 820 1297 siquidem
842 1225 1018 1281 fuerat
1040 1236 1278 1280 castrum
1304 1231 1495 1278 natura
1517 1220 1682 1276 etiam
1709 1219 1823 1288 ipsa
1849 1215 2137 1280 munitum,

552 1320 699 1389 quod
736 1318 924 1374 virtuti
965 1316 1126 1386 hujus
1154 1316 1344 1372 saltem
1384 1313 1639 1369 resistere
1671 1310 1972 1365 moliretur.
2002 1307 2142 1375 Quid

553 1416 736 1463 autem
777 1407 973 1462 mirum
996 1447 1012 1472 ,
1040 1421 1163 1461 cum
1193 1406 1309 1476 ipsa
1338 1404 1619 1460 civitatum
1647 1400 1888 1456 omnium
1918 1398 2102 1469 regina
2122 1437 2137 1463 ,

553 1514 749 1568 magna
787 1497 996 1553 scilicet
1024 1497 1228 1560 Roma,
1267 1494 1428 1565 hujus
1464 1494 1722 1562 impetum
1764 1490 1907 1545 ferre
1949 1490 2138 1559 nequi-

554 1586 727 1641 verit?
760 1584 885 1656 (Αη.
923 1582 1073 1653 896.)
1104 1584 1393 1639 Enimvero
1432 1583 1558 1637 dum
1592 1596 1622 1635 a
1659 1580 1918 1635 Romanis
1958 1579 2138 1649 ingre-

2238 413 2361 468 pam
2404 405 2459 453 et
2492 395 2769 451 Romanos
2811 392 2928 447 haec
2969 390 3103 445 fuit:
3130 389 3375 445 Formosi
3416 388 3702 442 decessore
3733 386 3818 441 de-

2239 485 2458 552 functo,
2498 482 2720 554 Sergius
2756 480 2974 550 quidam
3003 479 3261 534 Romana:
3289 476 3539 532 ecclesiae
3573 474 3822 530 diaconus

2239 587 2394 643 erat,
2431 590 2589 646 quem
2630 575 2998 629 Romanorum
3037 585 3162 641 pars
3199 568 3444 639 quaedam
3489 579 3689 637 papam
3731 564 3821 619 sibi

2239 668 2495 738 elegerat.
2527 665 2781 734 Quaedam
2819 678 2950 719 vero
2985 677 3113 734 pars
3142 676 3246 715 non
3276 658 3460 714 infima
3489 656 3823 713 nominatum

2238 759 2576 822 Formosum,
2605 755 2920 813 Portuensis
2945 754 3182 809 civitatis
3206 752 3541 822 epise0pum,
3573 762 3676 818 pro
3704 761 3821 800 vera

2241 851 2498 921 religione
2527 849 2938 916 divinarumque
2969 843 3349 899 doctrinarum
3368 838 3603 895 scientia
3635 850 3820 906 papam

2240 942 2340 998 sibi
2383 941 2497 996 fieri
2538 938 2845 994 anhelabat.
2879 934 3012 990 Nam
3043 934 3167 988 dum
3202 932 3256 986 in
3286 946 3350 986 eo
3380 938 3565 995 esset,
3606 936 3668 981 ut
3708 926 3828 980 Ser-

2240 1033 2360 1103 gius
2381 1030 2746 1101 apostolorum
2770 1026 3004 1083 vicarius
3024 1022 3265 1080 orilinari
3288 1019 3586 1081 debuisset,
3609 1031 3699 1080 ea,
3722 1030 3830 1085 quae

2239 1125 2486 1182 Formosi
2513 1123 2727 1178 favebat
2753 1120 3019 1192 partibus,
3046 1133 3173 1189 pars
3208 1115 3458 1186 Sergium
3491 1128 3601 1167 nou
3629 1110 3825 1166 medio-

2242 1221 2319 1276 cri
2348 1234 2468 1275 cum
2501 1216 2731 1272 tumultu
2757 1225 2813 1270 et
2840 1214 3034 1284 injuria
3061 1214 3129 1269 ab
3156 1211 3311 1266 altari
3341 1208 3551 1279 expulit
3569 1207 3596 1273 ,'
3613 1215 3670 1261 et
3706 1209 3830 1261 l-‘or-

2243 1324 2453 1366 mosum
2485 1323 2678 1380 papam
2706 1307 3008 1363 constituit.

2313 1400 2401 1453 50.
2440 1398 2839 1467 Descenditque
2884 1395 3107 1467 Sergius
3150 1393 3203 1449 in
3240 1391 3527 1454 Tusciam,
3580 1386 3831 1458 quatinus

2243 1489 2553 1555 Adelberli,
2586 1486 2951 1559 potentissimi
2991 1484 3353 1547 marchionis,
3392 1480 3600 1535 auxilio
3621 1476 3835 1546 jnvare—

2247 1576 2541 1651 tur;’quod
2570 1588 2625 1635 et
2655 1578 2854 1634 factum
2877 1586 2978 1632 est.
3008 1574 3141 1630 Nam
3169 1574 3430 1628 Formoso
3460 1568 3745 1629 defuncto,
3767 1576 3835 1618 at»

539 1676 737 1758 rdiendi
771 1655 967 1730 urbem
998 1674 1124 1729 huic
1154 1674 1340 1729 ﬁdutia
1373 1682 1693 1743 negaretur,
1722 1680 2046 1728 convocatos
2076 1670 2142 1726 ad
2179 1663 2222 1722 Β
2251 1687 2355 1742 que
2380 1670 2605 1727 Arnulfo
2634 1671 2686 1724 in
2714 1669 2932 1739 propria
2964 1667 3222 1729 extincto,
3253 1664 3299 1719 is
3322 1662 3414 1732 qui
3442 1667 3572 1731 post
3596 1655 3838 1712 Formosi

555 1783 676 1825 sese
701 1768 899 1825 milites
925 1768 999 1824 ita
1024 1767 1277 1825 convenit
1306 1765 1519 1838 (April.)
1552 1786 1566 1819 :

1249 1859 1459 1916 Versus.

555 1953 646 2009 26.
689 1954 1015 2024 Magnanimi
1042 1968 1298 2025 proceres
1328 1962 1381 2009 ct
1407 1951 1539 2008 clari
1566 1951 1735 2007 Marte
1767 1950 2040 2016 secundo,

554 2045 720 2099 Arma
747 2045 942 2116 quibus
967 2045 1206 2099 studium
1234 2042 1380 2098 fulvo
1407 2043 1623 2098 radiare
1649 2042 1868 2098 metallo
1886 2083 1902 2108 ,

556 2134 857 2191 Romulidae
884 2134 1024 2190 sueti
1055 2133 1240 2188 vacuis
1268 2133 1413 2203 quod
1437 2133 1671 2187 condere
1698 2131 1949 2202 scriptis;

559 2226 768 2282 Sumite
798 2241 943 2281 nunc
971 2227 1207 2290 animos,
1239 2225 1395 2280 vobis
1420 2225 1571 2280 furor
1597 2238 1749 2278 arma
1775 2222 2075 2277 ministret!

557 2317 675 2373 Non
697 2317 984 2388 Pompeius
1011 2317 1180 2380 adest,
1209 2332 1316 2371 non
1341 2316 1514 2371 Julius
1540 2315 1631 2370 ille
1656 2316 1867 2380 beatus,

482 2453 489 2459 .
558 2410 661 2477 Qui
691 2418 908 2465 nostros
938 2410 1144 2464 domuit
1174 2424 1407 2480 proavos
1436 2422 1697 2464 mucrone
1727 2406 1968 2472 feroces;

556 2500 753 2556 lndolis
779 2499 939 2569 hujus
962 2499 1105 2556 enim
1137 2515 1381 2556 summos
1393 2500 1439 2532 "
1470 2498 1692 2555 deduxit
1718 2497 1787 2553 ad
1811 2496 1984 2567 Argos
2012 2494 2148 2565 (85),

557 2592 792 2648 Protulit
815 2592 870 2647 in
897 2591 1071 2648 lucem
1099 2608 1261 2662 quem
1292 2591 1404 2662 (64)
1436 2599 1621 2647 sancta
1650 2589 1925 2644 Britauica
1952 2598 2148 2644 mater.

559 2683 657 2743 llis
692 2691 833 2737 torta
860 2683 1103 2737 'studium
1133 2682 1361 2753 pingues
1387 2673 1607 2752 captare
1635 2680 1832 2735 siluros

561 2771 816 2828 Cannabe
838 2772 905 2838 ‘°,
928 2788 1036 2827 non
1057 2771 1258 2842 clipeos
1279 2772 1529 2828 manibus
1548 2780 1762 2842 gestare
1784 2770 2074 2826 micantes!

630 2865 723 2920 27.
761 2864 856 2920 His
885 2879 1043 2921 eroes
1075 2865 1235 2921 dictis
1271 2866 1481 2921 animos
1512 2864 1749 2931 accensi,
1780 2864 1945 2918 vitam
1978 2863 2152 2921 laudis

564 2957 824 3013 aviditate
863 2965 1272 3028 contempunnt.
1304 2950 1504 3027 Clipcis
1536 2956 1766 3024 denique
1803 2955 2150 3025 cratibusque

2252 1775 2442 1817 necem
2491 1759 2815 1816 constitutus
2857 1764 2941 1811 est
2986 1753 3294 1824 expellitur,
3332 1749 3673 1819 Sergiusque
3711 1756 3841 1813 papa

2250 1865 2348 1921 per
2374 1848 2723 1905 Adelbertum
2752 1844 3121 1901 constituitur.
3150 1842 3269 1909 Quo
3293 1839 3625 1901 constituto,
3658 1844 3721 1889 ut
3745 1850 3841 1887 nn-

2251 1945 2373 2016 pius
2399 1943 2878 2009 doctrinarumque
2907 1944 3217 1993 sanctarum
3247 1933 3492 2004 ignarus,
3520 1927 3843 1982 Formosum

2249 2014 2282 2091 e
2306 2034 2554 2107 sepulcro
2583 2030 2875 2088 extrahere
2901 2036 3065 2096 atque
3103 2025 3158 2080 in
3196 2022 3379 2080 sedem
3405 2017 3645 2075 Romani
3678 2014 3843 2085 ponti-

2251 2106 2449 2182 ficatus
2477 2119 2903 2180 sacerdotalibus
2932 2113 3269 2173 vestimentis
3297 2111 3547 2167 indutum
3575 2106 3839 2163 collocare

2252 2216 2529 2291 pimcepit.
2551 2212 2647 2269 Cui
2673 2219 2728 2265 et
2753 2210 2829 2264 ait
2857 2225 2871 2263 :
2906 2227 2924 2259 ι
2953 2205 3089 2262 Cum
3118 2200 3435 2259 Portuensis
3462 2212 3625 2255 esses
3648 2196 3842 2265 episco-

2259 2286 2378 2381 pus,
2421 2286 2517 2364 cur
2559 2303 2873 2360 ambitionis
2909 2299 3103 2370 spiritu
3139 2296 3442 2352 Romanam
3482 2286 3840 2346 universalem

2253 2398 2524 2469 usurpasti
2549 2394 2767 2469 sedem?
2788 2413 2806 2444 ι
2829 2391 2924 2447 llis
2941 2387 3191 2455 expletis,
3210 2383 3444 2440 sacratis
3472 2395 3605 2435 mox
3630 2386 3841 2431 exutum

2252 2464 2602 2548 vesti-mentis
2636 2486 2929 2557 digitisque
2977 2480 3149 2535 tribus
3192 2473 3455 2537 abscisis,
3508 2471 3567 2524 in
3615 2466 3842 2523 Tiberim

2247 2585 2456 2656 jactare
2487 2577 2765 2652 praecepit,
2796 2583 3130 2641 cunctosque
3158 2581 3295 2637 quos
3324 2564 3439 2633 ipse
3466 2559 3844 2617 ordinaverat,

2250 2644 2420 2747 gradu
2464 2644 2685 2743 proprio
2734 2665 3051 2737 depositos,
3098 2661 3296 2715 iterum
3342 2650 3647 2707 ordinavit.
3702 2644 3844 2746 Quod

2254 2735 2412 2837 quam
2452 2735 2593 2818 male
2631 2735 2821 2831 egerit,
2867 2763 3024 2825 pater
3067 2746 3428 2807 sanctissime.
3482 2742 3538 2796 in
3585 2740 3697 2795 hoc
3743 2735 3846 2789 auio

2254 2827 2592 2913 madvertere
2608 2827 2833 2922 poteris,
2854 2846 3109 2918 quoniam
3135 2849 3189 2915 et
3208 2838 3282 2904 hi,
3307 2836 3398 2908 qui
3420 2851 3450 2889 a
3466 2833 3633 2897 Juda,
3657 2827 3848 2885 domini

2254 2947 2427 3004 nostri
2460 2944 2587 3000 Jesu
2616 2940 2818 2999 Christi
2850 2937 3151 3008 proditore,
3191 2940 3319 2986 ante
3358 2925 3736 2999 proditionem
3772 2934 3847 2974 sa-

565 3048 886 3104 catervatim
911 3016 1108 3119 operti,
1141 3062 1324 3103 muros
1350 3016 1499 3103 adire
1524 3016 1888 3110 contendunt;
1918 3016 2151 3115 plurima
2181 3016 2227 3079 (ἶ
2258 3040 2423 3093 lutem
2463 3052 2559 3092 seu
2596 3032 3032 3089 benedictionem
3074 3022 3425 3095 apostolicam
3466 3020 3847 3113 perceperunt,

566 3141 730 3196 etiam
765 3139 1027 3195 bellorum
1064 3146 1392 3208 paraverant
1431 3137 1810 3201 instrumenta,
1848 3149 1971 3190 cum
2013 3134 2155 3188 inter

567 3228 854 3305 agendum,
877 3231 1073 3303 populo
1100 3231 1499 3296 considerante,
1530 3228 1796 3298 contingit
1821 3225 2152 3297 lepusculum

567 3325 806 3380 clamore
830 3324 946 3395 ejus
970 3323 1293 3379 exterritum
1322 3322 1512 3377 urbem
1539 3335 1729 3376 versus
1752 3318 1956 3390 fugere.
1982 3317 2154 3385 Quem

569 3416 698 3471 dum
728 3416 1023 3481 exercitus,
1052 3423 1113 3470 ut
1141 3414 1369 3481 adsolet,
1398 3411 1703 3469 vehementi
1731 3411 1930 3482 impetu
1961 3423 2156 3479 seque-

570 3516 743 3570 retur,
774 3505 1003 3561 Romani
1033 3513 1286 3576 putantes
1313 3519 1372 3569 se
1403 3501 1726 3574 impugnari,
1759 3501 1826 3556 de
1856 3515 2009 3554 muro
2037 3512 2157 3554 sese

568 3596 880 3668 projiciunt.
909 3596 1062 3663 Quod
1086 3595 1315 3666 populus
1337 3610 1586 3660 cernens,
1618 3591 1954 3664 sagmatibns
1985 3590 2158 3646 sellis—

571 3678 687 3760 que’
720 3690 916 3760 quibus
942 3689 1094 3757 equis
1117 3686 1430 3742 insederant
1446 3684 1600 3754 juxta
1625 3698 1841 3738 murum
1869 3680 2123 3751 projectis
2141 3721 2155 3746 ,

569 3798 669 3855 per
713 3797 900 3837 eorum
941 3795 1195 3836 acervum
1239 3794 1452 3833 murum
1492 3778 1809 3832 ascendunt.
1858 3774 1990 3830 Pars
2029 3788 2159 3829 vero

570 3875 755 3945 pepuli
784 3874 1034 3944 quedam,
1063 3880 1283 3941 accepta
1314 3886 1439 3925 mox
1468 3870 1618 3924 trabe
1644 3867 2032 3939 quinquaginta
2067 3882 2161 3936 pe-

574 3967 700 4021 dum
721 3980 945 4035 procera
970 3963 1325 4034 longitudine,
1342 3970 1550 4032 portam
1572 3960 1840 4029 quatiunt,
1858 3966 1911 4012 ct
1932 3956 2159 4011 Romam

576 4073 739 4128 quam
773 4055 1103 4111 Leonianam
1130 4054 1336 4117 dicunt,
1369 4052 1422 4105 in
1452 4065 1556 4121 qua
1593 4049 1735 4103 beati
1768 4047 1913 4102 Petri
1943 4056 2159 4116 aposto-

576 4147 751 4203 lorum
792 4146 1050 4216 principis
1090 4146 1399 4215 praetiosum
1450 4156 1646 4209 corpus
1687 4138 1939 4209 quiescit,
1976 4137 2028 4191 vi
2067 4153 2160 4192 ca-

577 4237 751 4307 piunt.
780 4236 961 4292 Ceteri
990 4250 1120 4291 vero
1159 4234 1251 4305 qui
1291 4242 1441 4288 trans
1469 4231 1708 4286 Tiberim
1745 4241 1934 4295 erant,
1968 4229 2071 4284 hoc
2097 4228 2164 4283 ti-
2204 4292 2207 4295 _

579 4345 734 4386 more
756 4328 1039 4400 compulsi,
1069 4326 1229 4397 hujus
1252 4324 1549 4381 dominatui
1579 4322 1717 4378 colla
1745 4321 2089 4378 submittunt.

647 4419 741 4476 28.
778 4418 893 4475 Hoc
916 4419 1028 4490 (65)
1056 4419 1110 4473 in
1136 4426 1378 4487 tempore
1400 4417 1690 4471 Formosus
1714 4428 1851 4485 papa
1878 4412 2168 4484 religiosis-

580 4513 751 4567 simus
788 4528 819 4565 a
856 4509 1118 4566 Romanis
1147 4510 1495 4564 vehementer
1523 4506 1899 4568 aﬂictabatur,
1928 4504 2083 4574 cujus
2113 4510 2168 4557 et

581 4602 800 4657 hortatu
845 4599 1072 4656 Romam
1122 4614 1216 4652 rex
1257 4597 1514 4652 Arnull'ns
1555 4596 1863 4651 advenerat.
1916 4593 1972 4647 lii
2014 4592 2169 4663 cujus

583 4692 861 4762 ingressu,
895 4688 1205 4745 ulciscendo
1240 4703 1391 4759 papa:
1426 4686 1711 4755 iniuriam,
1745 4684 1941 4739 multos
1968 4683 2167 4737 Roma-

584 4795 777 4834 norum
808 4779 1079 4850 principes
1107 4778 1320 4835 obviam
1363 4778 1464 4835 sibi
1501 4784 1858 4847 prOperantes
1900 4773 2170 4831 decollare

586 4871 859 4943 praecepit.

2255 3144 2317 3185 ea
2357 3135 2479 3199 post
2515 3123 2875 3196 proditionem
2910 3116 3228 3191 propriique
3258 3108 3506 3181 corporis
3545 3103 3851 3199 suspensio-

2253 3238 2377 3279 nem
2418 3194 2642 3275 minime
2680 3223 2807 3271 sunt
2843 3209 3067 3283 privati,
3103 3206 3208 3263 nisi
3246 3218 3383 3275 quos
3422 3197 3682 3270 improba
3719 3194 3850 3248 forte

2255 3313 2587 3370 dcfmdarunt
2613 3306 2834 3379 flagitia.
2872 3300 3187 3357 Benedictio
3221 3295 3486 3366 siquidem
3526 3305 3658 3361 qua:
3695 3287 3846 3379 minis

2256 3406 2383 3461 stris
2400 3401 2599 3459 Cliristi
2620 3375 2969 3470 impenditur,
2995 3407 3100 3447 non
3120 3405 3218 3461 per
3236 3403 3358 3444 eum
3383 3383 3474 3454 qui
3499 3381 3744 3441 videtur,
3760 3375 3847 3431 sed

2255 3496 2346 3567 qui
2371 3510 2475 3549 non
2505 3466 2736 3554 videtur,
2767 3485 3103 3542 sacerdotem
3131 3478 3451 3536 infunditur.
3478 3472 3679 3565 I‘ieque
3720 3466 3853 3521 enim

2257 3559 2349 3655 qui
2385 3583 2523 3654 rigat
2548 3589 2633 3636 est
2664 3576 2887 3648 aliquid,
2920 3588 3093 3644 neque
3119 3571 3210 3642 qui
3235 3569 3466 3640 plantat,
3498 3559 3620 3628 sed,
3663 3559 3757 3629 qui
3785 3559 3857 3611 in-

2258 3683 2591 3732 crementum
2620 3671 2733 3736 dat,
2759 3669 2900 3723 Deus
2928 3664 2982 3737 (Ι
3012 3662 3134 3718 Cor.
3160 3678 3245 3726 tu,
3274 3661 3349 3730 7).

2327 3767 2416 3821 51.
2454 3765 2680 3833 Quantae
2714 3768 2896 3815 autem
2926 3762 3070 3812 esset
3103 3748 3475 3813 auctoritatis,
3517 3752 3850 3815 quantaque

2260 3857 2538 3927 religionis
2564 3868 2701 3925 papa
2729 3850 3026 3909 Formosus
3067 3844 3253 3908 fuerit,
3285 3841 3412 3896 hinc
3441 3837 3709 3907 colligere
3737 3848 3854 3927 pos-

2261 3924 2480 4012 sunins,
2520 3924 2778 4014 quoniam
2829 3940 2955 3995 dum
3014 3952 3045 3991 a
3102 3931 3464 4005 piscatoribus
3512 3924 3859 3998 postmodum

2262 4045 2407 4094 esset
2462 4012 2715 4089 inventus
2770 4038 2935 4098 atque
2982 4026 3053 4080 ad
3100 4023 3246 4079 beati
3295 4018 3441 4074 Petri
3495 4012 3863 4087 apostolorum

2262 4126 2521 4199 principis
2557 4114 2842 4179 ecclesiam
2883 4118 3222 4185 deportatus,
3261 4119 3583 4166 sanctorum
3626 4101 3859 4173 quedam

2264 4186 2528 4289 imagines
2555 4216 2700 4270 hunc
2729 4212 2783 4267 iu
2805 4208 2978 4266 loculo
2995 4215 3228 4277 posrtuni
3244 4195 3637 4256 venerabiliter
3659 4194 3862 4249 salula-
3928 4186 3935 4195 ’

2269 4282 2415 4366 runt.
2460 4306 2574 4363 Hoc
2620 4316 2854 4374 namque
2887 4316 2918 4355 a
2948 4293 3374 4368 religiosissimis
3406 4289 3675 4344 Romanae
3718 4282 3864 4337 urbis

2273 4398 2406 4454 viris
2434 4409 2660 4468 pcrsepe
2683 4390 2882 4446 audivi.
2916 4386 3046 4452 Sed,
3077 4385 3160 4440 his
3186 4378 3478 4442 (immissis,
3509 4375 3581 4430 ad
3611 4368 3864 4428 narrandi

2273 4491 2518 4547 ordinem
2553 4487 2856 4542 redeamus.

2345 4581 2434 4636 5‘2.
2478 4579 2592 4633 Rex
2635 4574 2894 4631 Arnulfus
2943 4570 3196 4627 desiderii
3240 4566 3324 4623 sui
3368 4575 3595 4632 compos
3624 4557 3866 4617 effectus,

2277 4672 2528 4746 persequi
2559 4669 2844 4723 Widonem
2877 4665 2988 4737 (66)
3022 4678 3127 4718 non
3174 4659 3365 4723 desiit,
3414 4652 3811 4746 profectusque
3828 4644 3865 4675 "

2277 4765 2669 4826 Camerinum,
2734 4767 2972 4814 castrum
3034 4750 3297 4809 vocabulo
3367 4756 3423 4803 et
3484 4753 3682 4799 natura
3750 4739 3866 4793 Fir-

2275 4871 2423 4913 mum
2445 4854 2578 4925 (67),
2609 4852 2661 4905 in
2687 4864 2795 4920 quo
2817 4845 3064 4900 Widonis
3088 4857 3225 4897 uxor
3248 4846 3385 4903 erat,
3410 4834 3631 4891 obsedit
3651 4826 3863 4901 (Maio).

1904 5001 2135 5058 VARIIE
2177 4995 2466 5056 LECTION
2475 4994 2579 5049 ES.

662 5146 704 5176 δι
735 5145 892 5214 hujus
927 5148 978 5199 1.
1056 5147 1098 5177 ⁰²
1131 5155 1202 5199 ita
1237 5146 1285 5199 1.
1313 5145 1369 5198 2.
1447 5142 1491 5174 ⁸³
1517 5141 1632 5196 fere
1661 5141 1712 5193 1.
1790 5138 1834 5170 ⁸⁸
1864 5136 1988 5207 fuge
2016 5137 2067 5191 1.
2142 5135 2185 5166 ⁸⁸
2216 5148 2399 5190 sumes
2428 5132 2481 5187 1.
2557 5128 2600 5157 ⁶⁶
2631 5127 2715 5193 hic
2744 5138 2917 5179 versus
2949 5120 3089 5173 deest
3117 5118 3171 5172 2.
3249 5113 3291 5144 ⁸⁷
3319 5109 3704 5183 profectusque
3730 5106 3778 5158 1.

2113 5266 2322 5323 NOT/E
