4012 5340
201 86 301 140 805

198 197 358 255 Wido
388 209 572 272 autem
605 203 656 257 in
689 202 910 260 incertis
943 206 1098 262 latuit
1129 209 1279 266 locis.
1309 213 1475 284 Igitur
1504 217 1786 286 praefatum

197 303 460 360 castrum,
491 296 708 350 nomine
751 305 806 350 et
841 306 1033 352 natura
1065 299 1327 369 Firmum,
1369 306 1510 360 vallo
1554 309 1787 362 circurn-

198 387 610 462 dat11r,,omnia
663 388 928 444 bellorum
980 391 1373 461 instrumenta,
1429 400 1626 469 quibus
1672 401 1789 471 capi

195 478 387 546 possit,
424 488 688 548 parantur
727 479 792 534 “.
835 480 1079 552 Cumque
1118 485 1365 543 Widonis
1404 505 1541 544 uxor
1580 491 1790 561 magnis

197 569 435 637 undique
477 570 743 640 angustiis
786 584 1143 642 premeretur,
1171 585 1226 632 et
1267 581 1528 635 evadendi
1563 599 1685 653 spes
1714 583 1789 636 illi

197 659 526 715 omnimodis
575 672 888 732 negaretur,
931 681 1127 722 causas
1173 671 1366 726 mortis
1411 673 1570 742 regiae
1608 675 1790 743 vippe-

195 752 312 806 rina
340 753 487 822 cepit
513 753 804 810 calliditate
832 759 1142 827 evquirere.
1175 761 1419 817 Accitum
1460 781 1690 835 namque
1721 767 1788 821 ad

194 857 253 897 se
291 843 562 912 quendam
603 845 808 900 Arnulfi
849 850 992 920 regis
1040 849 1547 921 familiarissimum,
1582 859 1789 928 magnis

194 947 318 987 eum
372 935 691 992 muneribus
740 949 913 1010 rogat,
949 950 1006 994 ut
1051 957 1107 996 se
1155 943 1388 1015 adjuvet.
1419 947 1518 1014 Qui
1564 964 1684 1003 cum
1731 965 1788 1005 se

192 1039 301 1080 non
351 1026 510 1081 aliter
548 1044 708 1098 posse
753 1040 1065 1099 testaretur,
1115 1037 1217 1091 nisi
1265 1040 1538 1095 civitatem
1585 1043 1788 1098 domini

192 1121 274 1175 sui
301 1123 544 1178 traderet
568 1124 790 1192 dicioni,
822 1127 910 1182 illa
939 1129 1102 1184 etiam
1133 1140 1294 1201 atque
1323 1135 1485 1188 etiam
1510 1136 1626 1189 auri
1657 1152 1788 1206 pon-

191 1211 322 1266 dera
357 1229 466 1268 non
497 1216 669 1270 solum
703 1218 982 1288 pollicens,
1013 1237 1200 1276 verum
1242 1225 1404 1279 etiam
1449 1226 1503 1281 in
1546 1243 1785 1297 prmsen-

191 1302 393 1358 tiarum
427 1308 689 1372 tribuens,
720 1318 863 1377 orat,
898 1321 956 1365 ut
998 1314 1190 1382 poculo
1225 1317 1456 1386 quodam
1493 1318 1560 1373 ab
1585 1335 1646 1373 ea
1683 1320 1786 1376 sibi

190 1395 390 1450 collato
433 1397 711 1454 dominum
758 1417 915 1456 suum
967 1421 1147 1476 regem
1200 1417 1443 1478 potaret;
1486 1413 1628 1481 quod
1679 1428 1785 1468 non

190 1486 387 1541 mortis
428 1489 724 1556 periculum
769 1492 944 1559 daret,
977 1497 1069 1551 sed
1116 1499 1314 1554 mentis
1344 1500 1612 1556 feritatem
1645 1503 1784 1558 mul-

1192 97 1735 158 ANTAPODOSEOS
1770 103 1949 160 LIBRI
1992 105 2144 164 SEX.
2186 142 2255 150 ——
2294 112 2420 168 LIB.
2464 114 2502 169 I.

3371 132 3474 188 806

1821 226 1862 282 Α
1894 222 2097 277 Amulli
2122 229 2263 298 regis
2286 233 2631 300 praesentiam
2657 242 2905 291 tenuerat
2933 235 3022 294 alii
3057 241 3269 311 tradita,
3295 244 3470 318 fngiit,

1892 323 2052 382 atque
2083 315 2353 374 Veronam
2385 324 2622 391 percitus
2651 326 2817 380 venit.

1960 405 2047 460 55.
2090 407 2288 464 Omnes
2323 421 2523 467 extunc
2565 414 2846 472 ltalienses
2869 423 3154 476 Arnulfum
3185 423 3473 497 ﬂoccipen-

1891 497 2048 565 dere,
2091 502 2271 557 nichili
2319 505 2543 562 habere.
2589 506 2742 564 Unde
2785 526 2907 565 cum
2955 513 3200 571 Ticinum
3244 521 3470 585 veniret,

1892 603 1998 642 non
2031 592 2240 647 modica
2274 594 2430 650 horta
2472 607 2556 652 est
2600 599 2654 653 in
2691 600 2910 656 civitate
2955 603 3186 672 sedicio;
3218 616 3474 679 tantaque

1891 679 2013 734 istic
2053 684 2327 740 exercitus
2354 695 2566 758 strages
2594 688 2737 745 facta
2780 702 2885 758 est,
2911 701 2970 748 ut
3009 696 3182 765 cripte
3216 699 3472 766 civitatis,

1891 785 2025 840 quas
2052 774 2157 829 alio
2185 779 2400 834 nomine
2422 779 2637 836 cloacas
2665 783 2869 849 dicunt,
2898 785 3091 840 horum
3119 790 3474 846 cadaveribus

1890 863 2248 933 replerentur.
2295 869 2446 934 Quod
2483 870 2742 928 Arnulfus
2786 887 3034 941 cernens,
3084 879 3337 946 quoniam
3376 895 3476 950 per

1881 955 2158 1011 'V'eronam
2208 973 2315 1012 non
2363 962 2560 1029 potuit,
2589 978 2686 1033 per
2729 961 3046 1021 Hannibalis
3084 968 3264 1035 viam,
3311 985 3474 1039 quam

1888 1043 2124 1101 Bardum
2175 1047 2290 1119 (70)
2336 1050 2554 1117 dicunt,
2599 1062 2654 1108 et
2713 1065 2953 1112 montem
3012 1058 3152 1114 Iovis
3216 1059 3476 1128 repedare

1889 1137 2141 1208 disponit.
2173 1139 2418 1211 Cumque
2447 1143 2768 1215 Eporegiam
2796 1148 3150 1216 pervenisset,
3179 1149 3476 1204 Ansearius

1890 1232 2134 1286 marchio
2163 1232 2284 1289 istic
2314 1236 2522 1302 aderat,
2552 1237 2704 1306 cujus
2738 1248 2793 1293 et
2828 1241 3047 1295 hortatu
3077 1241 3270 1296 civitas
3303 1241 3477 1296 rebel-

1889 1324 2056 1380 labat.
2090 1325 2289 1380 Verum
2321 1329 2422 1383 hoc
2452 1329 2712 1386 Arnulfus
2735 1331 3091 1402 jurejurando
3128 1334 3472 1402 promiserat,

1889 1429 2165 1483 nunquam
2192 1431 2252 1472 se
2281 1431 2312 1470 a
2342 1417 2460 1474 loco
2489 1420 2678 1474 eodem
2715 1422 3102 1488 discessurum,
3130 1425 3305 1492 quoad
3341 1439 3476 1492 prae-

1890 1505 2079 1560 sentire
2123 1523 2232 1562 sua:
2281 1521 2672 1578 prieseutarent
2717 1513 3060 1569 Anscarium.
3107 1516 3155 1570 Is
3190 1526 3388 1581 autem,
3419 1526 3477 1571 ut

189 1585 359 1630 ceret.
413 1578 544 1646 Qua:
591 1582 789 1648 etiam,
839 1586 952 1640 suis
1000 1597 1057 1641 ut
1097 1589 1254 1644 fidem
1295 1592 1453 1648 dictis
1496 1598 1782 1665 praeberet,
1815 1571 1860 1630 Β
1889 1603 2007 1650 erat
2046 1596 2208 1652 homo
2257 1599 2414 1654 valde
2462 1601 2877 1671 formidolosus,
2924 1607 2973 1660 ei
3023 1606 3244 1662 omnino
3283 1606 3476 1662 similis

189 1677 316 1722 ante
359 1673 442 1724 sui
487 1672 656 1742 ipsius
685 1680 1027 1744 przesentiam
1059 1681 1160 1736 hoc
1190 1700 1354 1738 unum
1386 1701 1605 1742 suorum
1634 1698 1785 1758 potat

187 1772 504 1826 servorum;
539 1763 631 1831 qui
680 1765 842 1819 unius
882 1766 1030 1822 hora:
1073 1772 1246 1838 spatio
1277 1778 1584 1845 conspectui
1625 1777 1787 1848 hujus

187 1846 447 1915 adstans,
496 1868 660 1907 sanus
703 1855 985 1912 abscessit.
1031 1859 1230 1914 V’erum
1274 1864 1567 1920 veridicam
1609 1866 1786 1920 Maro-

186 1936 270 1991 nis
298 1937 436 2008 (68),
472 1940 716 2011 inquam,
753 1944 898 2000 illius
939 1950 1261 2004 sententiam
1303 1951 1356 2006 in
1394 1955 1629 2010 medium
1660 1971 1784 2026 pro-

187 2025 431 2082 feramus
462 2048 474 2082 :

275 2119 401 2169 Auri
427 2134 568 2173 sacra
588 2123 755 2188 fames,
773 2129 888 2189 quid
914 2141 1006 2180 non
1029 2131 1251 2182 mortalia
1273 2140 1467 2196 pectora
1480 2137 1653 2199 cogis?

188 2211 479 2281 Sumptum
512 2233 743 2288 namque
770 2219 952 2277 lmtale
982 2224 1233 2292 poculum
1261 2226 1488 2284 festinus
1517 2231 1627 2301 regi
1659 2210 1785 2302 pro1

185 2301 354 2370 pinat.
383 2303 504 2371 Quo
532 2319 756 2378 accepto
787 2318 934 2366 tanta
965 2314 1110 2369 hunc
1142 2318 1428 2373 confestim
1464 2323 1638 2377 somni
1660 2301 1782 2378 ivir-

190 2398 273 2446 tus
302 2393 533 2461 invasit,
563 2401 818 2467 quatinus
849 2403 1022 2460 tocius
1050 2409 1323 2465 exercitus
1362 2414 1618 2482 strepitus
1661 2429 1782 2470 eum

190 2473 367 2539 triduo
418 2487 676 2556 evigilare
725 2494 997 2562 nequiret.
1046 2496 1244 2554 Fertur
1290 2508 1493 2568 autem,
1529 2505 1783 2573 quoniam

188 2572 310 2628 dum
365 2575 669 2636 familiares
720 2583 864 2638 hunc
909 2588 1068 2641 modo
1117 2591 1380 2660 strepitu,
1432 2572 1591 2649 modo
1639 2605 1783 2652 tactu

186 2664 593 2738 inquietarent,
641 2676 842 2744 apertis
885 2678 1057 2734 oculis
1113 2681 1189 2734 nil
1240 2683 1478 2750 sentire,
1520 2686 1595 2739 nil
1638 2687 1783 2757 loqui

185 2775 340 2830 posse
371 2765 635 2833 perfecte.
661 2767 876 2826 Positus
904 2779 1082 2826 tamen
1112 2773 1166 2827 in
1195 2777 1394 2831 mentis
1419 2792 1613 2833 exessu
1645 2780 1780 2850 (69),

186 2857 456 2926 mugitum
503 2861 749 2926 reddere,
783 2879 890 2917 non
925 2865 1089 2919 verba
1121 2865 1302 2930 edere,
1334 2868 1635 2924 videbatur.
1665 2869 1779 2925 llu-

1887 1702 1995 1757 quo
2022 1689 2087 1744 de
2117 1689 2268 1747 Maro
2296 1691 2371 1745 ait
2396 1692 2506 1764 (71)
2540 1712 2551 1747 :

2009 1795 2376 1908 Iﬁzrgltgopum,
2402 1799 2566 1863 lingua
2589 1804 2784 1868 melior,
2807 1806 2900 1856 sed
2918 1807 3091 1869 frigida
3116 1805 3246 1858 bellc

2096 1875 2117 1906 ι
2208 1876 2254 1908 2.

2096 1875 2254 1922 ιιθτε,

1886 1961 1952 2017 de
1983 1961 2202 2019 castello
2230 1967 2384 2034 exiit,
2416 1967 2646 2037 etjuxta
2680 1985 2895 2024 murum
2942 1971 3176 2025 crvitatis
3203 1970 3257 2024 in
3285 1984 3471 2024 caver-

1885 2057 1970 2112 nis
2012 2068 2288 2128 petrarum
2331 2061 2507 2114 latuit.
2553 2060 2666 2117 lloc
2705 2071 2885 2117 autem
2928 2077 2994 2116 eo
3031 2061 3182 2126 fecit,
3212 2062 3472 2130 quatinus

1883 2146 2029 2203 licite
2045 2157 2266 2219 possent
2295 2151 2407 2220 regi
2436 2150 2662 2205 Arnulfo
2691 2150 3027 2216 satisfacere,
3057 2150 3381 2206 Ansearium
3410 2150 3462 2204 in

1884 2240 2018 2294 urbe
2046 2256 2154 2294 non
2185 2256 2324 2296 esse.
2359 2241 2546 2312 Itaque
2585 2241 2966 2312 jusjurandum
3009 2257 3104 2296 rex
3134 2242 3279 2297 istud
3315 2255 3470 2296 acce-

1884 2333 1982 2402 pit,
2009 2342 2172 2404 atque
2198 2334 2300 2388 iter
2323 2335 2466 2404 quod
2497 2342 2716 2404 ceperat
2747 2334 2902 2389 abiit.
3403 2391 3407 2396 ,

1956 2425 2046 2479 56.
2090 2425 2212 2497 (An.
2253 2426 2378 2492 899,
2418 2426 2544 2481 Dec.
2574 2427 2654 2496 8.)
2693 2425 3086 2495 l’rofectusque
3135 2425 3188 2480 in
3231 2425 3474 2495 propria.

1887 2514 2198 2584 turpissima
2227 2515 2532 2570 valetudine
2561 2515 2846 2585 expiravit.
2883 2514 3102 2568 Minutis
3129 2515 3326 2584 quippe
3349 2529 3468 2568 ver-

1884 2607 2063 2661 mibus
2105 2621 2242 2675 quos
2280 2607 2611 2677 pedunculos
2655 2608 2808 2662 aiunt
2855 2607 3206 2663 vehementer
3241 2607 3476 2670 allictus,

1884 2696 2134 2765 spiritum
2176 2697 2427 2752 reddidit.
2460 2698 2655 2752 Fertur
2689 2707 2896 2764 autem,
2933 2699 3072 2768 quod
3112 2697 3322 2769 prazfati
3352 2713 3476 2752 ver-

1884 2799 1999 2840 mes
2042 2786 2178 2841 adeo
2224 2787 2613 2854 scaturrirent,
2649 2796 2709 2841 ut
2755 2787 2917 2842 nullis
2958 2787 3291 2842 medicorum
3334 2786 3479 2841 curis

1885 2874 2054 2928 minui
2096 2882 2338 2943 possent.
2373 2874 2566 2930 Utrum
2610 2890 2741 2931 vero
2776 2891 2874 2947 pro
2906 2885 3016 2930 tam
3053 2875 3318 2930 immenso
3362 2888 3481 2929 sce-

181 2945 265 3016 jus
297 2951 506 3022 quippe
549 2953 628 3007 rei
661 2956 810 3011 accio
851 2958 1105 3026 repedare
1144 2974 1334 3016 omnes
1362 2956 1638 3033 c'ompulit,
1673 2980 1778 3019 non
1808 2935 1854 2999 ο
1885 2964 1994 3020 lere
2017 3006 2031 3030 ,
2082 2964 2487 3036 Ilungariorum
2543 2967 2751 3022 scilicet
2805 2967 3125 3032 emissione,
3182 2966 3479 3020 secundum

184 3053 452 3109 pugnare.

250 3131 341 3184 53.
389 3129 570 3189 Creuo
611 3145 813 3203 autem,
858 3139 1146 3194 Arnulfum
1183 3157 1364 3214 regem
1408 3145 1556 3214 justa
1606 3149 1781 3203 severi

178 3222 384 3290 judicis
435 3224 746 3294 hujusmodi
791 3239 996 3299 pestem
1046 3234 1340 3292 incurrisse
1386 3254 1636 3295 censura.
1681 3241 1782 3296 Se-

183 3318 372 3372 cundre
412 3318 555 3372 enim
586 3335 674 3376 res
705 3322 829 3376 dum
873 3324 1159 3394 imperium
1199 3327 1359 3398 hujus
1384 3331 1567 3386 ubiubi
1601 3335 1782 3403 magni

181 3404 468 3477 facerent,
502 3411 690 3466 virtuti
737 3429 848 3470 sua:
891 3425 1082 3472 cuncta
1124 3419 1346 3485 tribuit,
1390 3437 1496 3476 non
1541 3423 1779 3480 debitum

182 3499 555 3568 omnipotenti
596 3501 707 3557 Deo
744 3503 1007 3560 honorem
1051 3506 1302 3562 reddidit.
1339 3508 1660 3568 Sacerdotes
1690 3513 1785 3569 Dei

185 3588 353 3645 vincti
405 3592 780 3659 trahebantur,
823 3610 992 3652 sacras
1035 3598 1272 3668 virgines
1314 3601 1367 3655 vi
1406 3602 1785 3673 obprimcban-

185 3689 294 3746 tur,
344 3681 656 3754 conjugatae
702 3684 1064 3742 violabantur.
1112 3688 1296 3760 Neque
1348 3693 1492 3748 enim
1544 3697 1787 3752 ecclesia:

186 3769 631 3842 confugientibus
656 3784 907 3845 poterant
934 3792 1054 3833 esse
1077 3780 1310 3851 asylum.
1340 3783 1394 3837 In
1425 3785 1510 3840 his
1549 3802 1786 3857 namque

185 3857 474 3914 simbolam
520 3860 817 3930 faciebant,
861 3873 1047 3937 gestus
1078 3869 1270 3940 turpis,
1307 3884 1495 3929 cautus
1524 3875 1782 3944 ludicres,

185 3947 624 4008 dibachationes.
656 3954 761 4009 Sed
806 3964 860 4011 et
903 3957 1160 4016 mulieres
1196 3962 1386 4019 eodem
1430 3966 1662 4034 publice,
1687 3985 1786 4040 pro

183 4041 356 4108 nefas,
391 4047 883 4114 prostituebautur.

250 4134 342 4188 54.
386 4135 636 4206 Denique
676 4140 988 4197 redeuntem
1038 4159 1220 4216 regem
1262 4163 1455 4220 magna
1486 4167 1608 4208 cum
1639 4160 1783 4213 vale-

187 4224 375 4280 tudine
430 4226 719 4283 Arnulfum
773 4231 994 4300 palatim
1053 4250 1150 4292 rex
1208 4237 1370 4295 Wido
1417 4246 1776 4315 persequitur.

183 4314 433 4386 Cumque
472 4317 734 4375 Arnulfus
782 4321 1048 4380 Bardonis
1083 4336 1322 4383 montem
1370 4314 1775 4403 conscenderet,

183 4401 283 4458 hoc
311 4419 541 4461 suorum
569 4408 798 4465 consilio
821 4411 1084 4479 definivit,
1109 4417 1367 4486 quatinus
1392 4419 1777 4494 Berengarium

183 4492 386 4549 lumine
434 4497 694 4565 privaret,
733 4500 920 4570 sicque
964 4517 1185 4560 securus
1232 4507 1441 4564 Italiam
1484 4492 1776 4570 obtineret.

183 4585 554 4658 Cognatorum
602 4604 734 4646 vero
762 4592 1078 4665 Berengarii
1125 4614 1285 4666 unus,
1316 4604 1407 4672 qui
1461 4621 1565 4660 non
1613 4624 1778 4678 parva

184 4677 416 4733 Arnulfo
453 4680 560 4753 regi
604 4681 995 4740 familiaritatis
1033 4689 1208 4757 gratia
1257 4691 1561 4761 inherebat,
1587 4677 1774 4770 hujus-

183 4768 326 4820 modi
351 4771 648 4825 consilium
681 4782 741 4826 ut
769 4776 1007 4844 agnovit,
1041 4779 1246 4848 absque
1274 4797 1424 4838 mora
1451 4768 1779 4859 Berengario

182 4857 459 4926 patefecit.
493 4862 591 4928 Qui
650 4879 776 4918 mox
819 4873 882 4918 ut
933 4869 1129 4934 sensit,
1179 4871 1396 4930 lucerna
1443 4894 1607 4948 quam
1635 4857 1780 4938 vante

1885 3057 2207 3128 prophetam
2253 3057 2452 3127 duplici
2499 3058 2571 3111 sit
2617 3058 2956 3113 contricione
3007 3057 3258 3121 attritus,
3299 3071 3367 3110 an
3411 3070 3479 3109 ex

1885 3148 2124 3216 presenti
2173 3147 2437 3216 supplicio
2480 3155 2906 3216 consequeretur
2947 3147 3162 3201 veniam
3200 3147 3254 3198 in
3293 3145 3477 3198 luturo

1888 3237 2022 3308 (Jer.
2053 3254 2186 3302 xvu,
2220 3237 2332 3307 15),
2365 3239 2462 3293 soli
2508 3237 2654 3292 illius
2696 3237 2936 3293 scientiae
2973 3237 3332 3300 dimittamus,
3371 3249 3477 3303 quo

1888 3331 1953 3386 de
1979 3331 2268 3400 Apostolus
2293 3330 2426 3385 dicit
2460 3345 2474 3383 :
2510 3349 2527 3382 ‹
2561 3328 2740 3384 Nolite
2780 3339 2906 3384 ante
2955 3338 3171 3397 tempus
3210 3327 3475 3397 judicare,

1889 3421 2059 3476 donec
2090 3421 2270 3474 veniat
2303 3421 2586 3486 Dominus,
2616 3421 2708 3490 qui
2758 3428 2812 3474 et
2860 3417 3203 3473 inluminabit
3252 3416 3478 3470 abscon-

1889 3513 1999 3566 dita
2033 3512 2374 3566 tenebrarum
2422 3520 2476 3566 et
2516 3507 2886 3564 manifestabit
2925 3507 3151 3562 consilia
3197 3505 3474 3588 cortliulu;

1889 3612 1942 3659 et
1973 3612 2100 3657 tunc
2127 3602 2244 3656 laus
2271 3601 2374 3657 erit
2403 3601 2692 3670 unicuique
2722 3616 2752 3654 a
2783 3602 2894 3655 Deo
2926 3599 2974 3670 (I
3006 3598 3130 3652 Cor.
3161 3614 3234 3661 tv,
3267 3597 3344 3667 5).
3382 3614 3401 3647 ι

1958 3693 2052 3748 57.
2095 3693 2219 3763 (An.
2251 3693 2402 3764 896.)
2441 3692 2628 3747 Justus
2659 3692 2821 3761 igitur
2849 3691 2990 3746 Deus
3020 3689 3176 3746 uxori
3205 3686 3474 3751 Widonis,

1889 3801 2008 3856 quze
2048 3784 2174 3840 huic
2205 3792 2492 3855 paraverat
2531 3793 2786 3849 mortem,
2812 3791 2970 3853 parat
3005 3780 3284 3836 viduitatis
3324 3777 3475 3834 dolo-

1889 3894 2026 3934 rem.
2059 3879 2210 3933 Sicut
2237 3879 2380 3933 enim
2412 3876 2623 3948 praefati
2649 3891 2859 3941 sumus,
2887 3875 3012 3929 dum
3045 3874 3358 3928 redeuntem
3383 3870 3479 3924 Ar-

1888 3971 2099 4027 nulfum
2127 3972 2288 4027 Wido
2333 3987 2430 4026 rex
2475 3987 2506 4026 e
2552 3971 2779 4042 vestigio
2826 3978 3166 4040 sequeretur,
3201 3969 3346 4038 justa
3382 3964 3479 4018 llu-

1890 4065 2037 4118 vium
2076 4063 2363 4119 defunctus
2403 4071 2486 4118 est
2516 4063 2740 4117 Tarum.
2767 4060 2930 4131 Cujus
2959 4059 3166 4114 obitum
3207 4059 3477 4127 Berenga-

1890 4155 2003 4211 rius
2033 4163 2092 4210 ut
2117 4155 2344 4220 audivit,
2385 4140 2618 4210 festinus
2667 4153 2887 4224 Papiam
2935 4152 3101 4218 venit,
3144 4165 3477 4220 regnumque

1809 4252 1862 4345 Π
1887 4256 2138 4320 potenter
2165 4249 2395 4319 accepit.
2430 4246 2640 4328 Fideles
2666 4261 2796 4301 vero
2823 4245 3174 4345 fautoresque
3205 4242 3474 4340 Widonis,

1887 4340 2048 4396 veriti
2078 4354 2146 4394 ne
2171 4339 2240 4394 ab
2263 4340 2342 4394 eis
2371 4322 2595 4392 inlatam
2629 4335 2992 4405 Berengarius
3017 4333 3367 4389 ulcisceretur
3389 4331 3473 4383 in-

1881 4433 2102 4505 juriam,
2130 4441 2185 4487 et
2224 4432 2350 4502 quia
2383 4445 2594 4501 semper
2626 4429 2904 4484 Italienses
2933 4427 3160 4499 geminis
3193 4427 3271 4479 uti
3305 4424 3476 4478 domi-

1888 4519 1972 4580 nis
1998 4523 2210 4588 volunt,
2242 4522 2499 4594 quatinus
2526 4522 2757 4578 alterum
2787 4520 3010 4575 alterius
3042 4529 3250 4573 terrore
3279 4515 3475 4570 coher-

1860 4609 2066 4679 'ceant,
2095 4613 2346 4669 Widonis
2381 4613 2524 4684 regis
2563 4611 2802 4667 defuncti
2845 4611 3036 4675 filium,
3064 4607 3282 4661 nomine
3317 4605 3449 4658 Lam
3488 4647 3495 4684 ἶ

1885 4708 2120 4768 bertum,
2147 4707 2446 4777 elegantem
2464 4703 2741 4772 juvenem,
2766 4703 2946 4757 adhuc
2972 4693 3478 4792 eplunbttm-uimis-

1887 4811 1992 4866 que
2036 4795 2386 4859 bellicosum,
2418 4809 2598 4866 regem
2647 4793 3005 4848 constituunt.
3054 4785 3215 4852 Cepit
3255 4785 3484 4848 denique

1887 4888 2031 4941 hunc
2059 4888 2210 4946 adire
2237 4884 2487 4959 populus,
2518 4882 2900 4953 Bcrengarium
2936 4881 3212 4933 deserere.
3247 4875 3488 4937 Cumque

1544 5012 1776 5078 VARI/I4]
1815 5019 2221 5083 LECTIONES.

254 5115 298 5146 ⁸⁸
326 5123 552 5182 paratur
579 5121 626 5172 I.

252 5315 361 5340 IDO\
426 5315 512 5340 ιζ’--
573 5325 583 5340 '_
620 5337 630 5340 _
697 5318 767 5340 μορ
827 5320 886 5340 NQ

1709 5195 1923 5257 ΝΟΤᾸΞ
