4012 5340
513 206 616 263 807

1514 204 1933 263 LIUTPRANDI
1971 205 2454 267 CREMONENSIS
2493 210 2793 270 EPISCOPI

3682 224 3781 282 808

512 321 873 395 Bercngarius
899 319 1210 384 Lamherto,
1236 332 1431 389 magno
1457 334 1579 374 eum
1607 319 1849 375 exercitu
1878 320 2096 390 Papiam
2126 326 2174 384 Α
2205 331 2315 380 tum
2368 327 2583 399 ingenio
2634 329 2855 395 callens,
2900 332 2955 386 in
3000 331 3116 404 ipso
3143 348 3237 390 eos
3271 337 3447 393 noctis
3492 341 3785 398 ροηιῖρίηίο

514 415 779 478 tendenti,
814 413 1094 482 copiarum
1139 410 1411 481 paucitate
1438 409 1659 466 obviare
1697 411 1968 480 nequiret,
1996 410 2102 466 Vc-

513 521 706 561 ronam
753 505 946 576 petiit,
999 502 1229 572 isticque
1274 514 1499 557 securus
1552 500 1755 572 deguit.
1807 499 1924 557 Non
1980 511 2104 573 post

508 597 745 654 multum
774 611 903 653 vero
928 596 1192 666 temporis
1225 590 1548 651 Lambertus
1575 610 1670 650 rex
1701 611 1823 651 cum
1852 604 1995 650 esset
2021 596 2104 650 vir

511 704 756 756 severus,
782 689 1116 761 principibus
1152 690 1332 757 gravis
1361 696 1447 743 est
1476 688 1645 744 visus.
1676 687 1831 744 Unde
1866 698 1922 743 et
1959 689 2104 761 lega-

514 790 602 837 tos
636 781 907 840 Veronam
956 780 1232 851 dirigunt,
1274 780 1459 851 regem
1501 778 1891 850 Berengarinm
1936 780 2005 834 ad
2045 794 2105 835 se

513 876 725 942 venire,
748 874 1100 930 Lambertum
1132 887 1263 928 vero
1291 870 1561 943 expellere
1586 881 1793 943 petunt.

532 980 537 987 '
584 967 675 1023 ‘58.
718 964 1102 1037 Magimfredus
1132 971 1417 1035 prazterea,
1451 962 1716 1034 praedives
1745 961 2108 1019 Mediolanen-

514 1059 591 1114 sis
614 1057 768 1112 urbis
795 1071 1003 1120 comes,
1025 1055 1397 1126 quinquennio
1424 1053 1553 1109 huic
1576 1053 1797 1110 rebellis
1820 1054 2105 1121 extiterat;

413 1151 416 1154 ’
513 1150 607 1220 qui
650 1163 756 1204 non
788 1147 962 1202 solum
991 1148 1179 1203 urbem
1218 1147 1272 1203 in
1302 1160 1406 1218 qua
1437 1145 1656 1203 rebellis
1681 1154 1820 1211 erat,
1850 1144 2110 1203 Mediola-

516 1241 665 1295 nium
709 1239 940 1307 scilicet,
983 1238 1320 1306 defenderat,
1352 1255 1539 1295 verum
1579 1239 1743 1294 etiam
1777 1238 1958 1295 vicina
2002 1239 2108 1295 cir-

516 1346 860 1403 cumquaque
886 1332 1003 1387 loca
1030 1332 1322 1388 Lamberto
1355 1322 1645 1388 servientia
1678 1332 1839 1388 nimis
1865 1332 2109 1405 depopu-

517 1421 684 1477 labat.
730 1421 884 1489 Quod
925 1422 1125 1477 factum
1161 1437 1260 1477 rex
1305 1437 1409 1477 non
1440 1437 1631 1492 passus
1665 1431 1750 1478 est
1789 1422 1937 1477 abire
1972 1422 2111 1477 inul-

520 1520 631 1566 tum
665 1512 740 1578 ⁸⁸,
783 1512 1258 1583 psalmographum
1280 1511 1327 1543 ⁷³³
1355 1511 1485 1567 illud
1514 1527 1738 1583 persepe
1772 1512 2052 1567 ruminans
2092 1530 2106 1568 :

528 1624 549 1657 ς
594 1606 729 1660 Cum
789 1620 1050 1677 accepero
1105 1613 1349 1676 tempus,
1415 1619 1515 1676 ego
1563 1604 1806 1673 justitias
1856 1603 2112 1673 judicaho

2204 421 2478 491 opprimit,
2510 422 2845 478 dormientes
2873 421 3017 489 ferit,
3048 426 3342 483 oscitantes
3372 429 3610 500 jugulat.
3645 432 3784 487 Ven-

2207 519 2317 565 tum
2347 512 2577 583 denique
2619 513 2686 570 ad
2730 514 2874 585 ipsos
2899 526 3003 583 est,
3037 517 3129 587 qui
3161 517 3318 589 hujus
3347 495 3607 577 ductores
3630 538 3787 579 exer-

2205 601 2346 656 citus
2379 612 2554 657 erant.
2596 602 2840 674 Cumque
2886 605 2952 659 iis
2997 622 3101 661 non
3128 623 3193 663 ex
3236 608 3587 668 multitudine
3631 612 3787 676 alius,

2205 692 2298 748 sed
2327 708 2419 749 rex
2448 694 2561 766 ipse
2584 697 2832 765 praeclari
2872 695 3032 766 hujus
3077 697 3334 757 facinoris
3367 705 3599 759 nuntius
3626 716 3787 770 esset,

2207 797 2313 838 non
2341 783 2463 839 dico
2491 785 2786 857 pugnandi,
2832 802 3023 842 verum
3053 786 3285 859 fugiendi
3312 799 3490 847 terror
3534 794 3651 863 ipse
3675 795 3792 849 abs-

2208 877 2329 932 tulit
2372 877 2702 934 facultatem.
2746 879 2947 935 Verum
2995 881 3366 952 lldeprandus,
3412 884 3541 957 fuga
3591 885 3789 957 lapsus,

2205 969 2553 1026 Adelbertum
2585 970 2729 1027 intra
2760 971 3076 1027 animalium
3105 988 3343 1046 praesepe
3366 975 3680 1032 latitantem
3704 978 3795 1033 dc-

2207 1060 2444 1130 reliquit.
2485 1061 2588 1129 Qui
2629 1063 2755 1117 dum
2801 1074 3050 1135 repertus
3087 1077 3232 1122 esset
3274 1076 3438 1138 atque
3481 1077 3614 1124 ante
3655 1070 3791 1140 regis

2209 1152 2549 1222 prmsentiam
2576 1153 2794 1220 ductus,
2822 1170 2945 1210 eum
2976 1156 3098 1211 ilico
3130 1158 3203 1212 ita
3246 1160 3501 1214 convenit
3533 1179 3547 1214 :
3581 1179 3601 1213 ι
3638 1160 3796 1216 Sibil-

2208 1242 2319 1297 lino
2360 1242 2557 1313 spiritu
2592 1259 2816 1300 uxorem
2856 1255 3000 1301 tuam
3032 1247 3250 1304 Bertam
3288 1251 3651 1321 prophetasse
3681 1268 3793 1309 cre-

2209 1333 2406 1399 dimus,
2432 1349 2552 1404 qua:
2586 1343 2638 1389 te
2661 1334 2887 1391 scientia
2916 1351 3014 1391 sua
3045 1352 3226 1409 regem
3255 1347 3348 1395 aut
3372 1341 3589 1395 asinum
3615 1340 3790 1396 factu-

2210 1438 2326 1478 ram
2376 1425 2645 1494 promisit.
2702 1423 2897 1481 Verum
2947 1426 3072 1498 quia
3122 1444 3305 1500 regem
3342 1430 3537 1496 noluit,
3583 1439 3700 1497 aut,
3738 1440 3793 1485 ut

2211 1513 2395 1595 magis
2414 1514 2743 1571 credendum
2778 1522 2884 1582 est,
2924 1530 3031 1572 non
3062 1518 3256 1588 potuit,
3286 1519 3527 1584 asinum,
3557 1535 3631 1574 ne
3657 1535 3794 1575 men-

2212 1603 2430 1689 tiretur,
2460 1603 2657 1670 effecit,
2685 1604 2812 1660 dum
2843 1613 2895 1661 te
2924 1622 3047 1662 cum
3088 1607 3333 1664 Arcadiae
3370 1610 3706 1681 pecuaribus
3732 1613 3792 1665 ad

521 1697 698 1770 (Paul.
732 1713 913 1762 Lxxtv,
943 1698 1022 1769 5).
1061 1715 1079 1748 ι
1121 1696 1256 1751 Nam
1286 1703 1410 1766 post
1434 1695 1711 1766 paululum
1743 1694 1935 1766 capitis
1966 1696 2107 1751 hunc
2136 1685 2181 1745 Β
2209 1685 2448 1767 praesepe
2477 1696 2750 1753 declinare
2793 1698 2999 1769 coegit!
3038 1719 3055 1752 ι
3100 1698 3354 1756 Preterea
3396 1702 3504 1758 hoc
3535 1718 3667 1759 cum
3696 1704 3794 1759 isto

516 1787 758 1857 jusserat
789 1791 1048 1846 damnare
1074 1790 1362 1845 sententia.
1393 1787 1523 1857 Qum
1558 1804 1646 1844 res
1684 1796 1947 1844 terrorem
1978 1803 2111 1844 cun-

523 1880 628 1935 ctis
655 1879 997 1937 ltaliensibus
1026 1894 1134 1935 non
1164 1880 1451 1935 minimum
1481 1878 1692 1934 adtulit.

592 1969 682 2025 '59.
725 1969 849 2042 (An.
880 1969 1029 2042 898.)
1070 1968 1314 2041 Denique
1340 1971 1446 2026 hoc
1468 1971 1657 2025 eodem
1689 1980 1929 2040 tempore
1956 1968 2113 2025 Adel-

527 2060 737 2127 bertus,
764 2061 992 2116 illustris
1020 2060 1321 2116 Tuscorum
1353 2057 1617 2125 marebio,
1649 2069 1810 2130 atque
1836 2059 2111 2131 lldepran—

520 2151 654 2217 dus,
699 2159 1005 2221 praepotens
1051 2165 1266 2218 comes,
1316 2152 1441 2207 huic
1483 2150 1588 2206 nisi
1639 2158 1768 2206 sunt
1821 2149 2105 2208 rebellare.

521 2243 709 2299 Tanta:
752 2243 952 2315 quippe
994 2242 1321 2300 Adelbertus
1363 2254 1479 2300 erat
1523 2244 1815 2315 potentiae,
1863 2253 1924 2299 ut
1969 2245 2110 2300 inter

520 2353 710 2392 omnes
740 2337 906 2392 Italiae
928 2337 1203 2409 principes
1230 2337 1378 2393 solus
1408 2338 1522 2409 ipse
1557 2346 1915 2408 cognomento
1957 2336 2106 2393 dice-

520 2437 671 2485 retur
698 2429 877 2484 Dives.
907 2428 1049 2485 Huic
1074 2439 1192 2484 erat
1213 2446 1350 2485 uxor
1376 2431 1594 2485 nomine
1626 2428 1811 2494 Berta,
1841 2428 2103 2501 Hugonis,

519 2528 707 2574 nostro
749 2528 869 2590 post
915 2528 1157 2591 tempore
1194 2522 1358 2593 regis,
1392 2530 1600 2588 mater;
1652 2520 1808 2590 cujus
1849 2521 2107 2577 instinctu

521 2618 629 2663 tam
660 2608 868 2663 nefaria
894 2608 1179 2678 cepit-ipse
1207 2608 1477 2665 facinora.
1506 2608 1642 2665 Nam
1684 2610 1911 2666 collecto
1950 2625 2108 2666 exer-

519 2699 653 2764 citu,
677 2714 800 2753 cum
827 2698 1143 2770 lldepraudo
1175 2700 1374 2756 comite
1404 2710 1721 2757 constanter
1743 2699 1964 2772 Papiam
1996 2710 2108 2758 ten-

520 2790 650 2845 dere
678 2788 920 2846 festinat.

589 2883 680 2939 40.
716 2883 1037 2941 Lambertus
1065 2886 1272 2942 interea
1310 2901 1430 2955 rex,
1458 2886 1652 2941 harum
1671 2901 1851 2941 rerum
1878 2886 2100 2951 inscius,

522 2978 576 3033 in
609 2976 871 3047 Marinco,
902 2978 972 3035 40
1006 2977 1179 3035 ferme
1212 2978 1428 3035 milibus
1467 2978 1630 3048 Papia
1674 2980 1902 3045 distans,
1933 2992 2102 3033 vena—

2211 1790 2450 1845 nonnulli
2496 1792 2802 1862 capiuntur,
2844 1794 3178 1862 vinciuntur,
3229 1794 3452 1866 Papiam
3501 1797 3791 1861 ducuntur,

2210 1883 2453 1939 custodie
2480 1883 2879 1955 mancipantur.

2279 1973 2369 2028 42.
2413 1973 2507 2031 llis
2551 1974 2625 2029 ita
2673 1975 2874 2045 gestis,
2918 1991 3016 2032 rex
3063 1977 3256 2032 iterum
3297 1976 3629 2034 Lambertus
3665 1992 3791 2048 prae-

2208 2063 2320 2121 fato
2354 2068 2408 2122 in
2454 2066 2575 2122 loco
2619 2065 2861 2122 Marinco
2906 2067 3284 2124 venationibus
3323 2079 3628 2141 occupatur
3656 2067 3788 2140 (Oct.

2210 2154 2371 2228 Nov.)
2415 2157 2591 2227 quoad
2639 2156 2879 2211 omnium
2907 2157 3210 2228 principum
3256 2157 3508 2224 decreto,
3551 2158 3685 2228 quid
3714 2174 3792 2213 suo

2206 2260 2304 2315 per
2355 2246 2526 2316 captis
2573 2247 2840 2316 agendum
2886 2254 3081 2310 esset,
3138 2245 3554 2302 deliberaretur.
3609 2246 3717 2302 Sed
3760 2263 3791 2301 ο

2208 2335 2412 2390 utinam
2433 2334 2650 2390 venatio
2681 2335 2797 2390 hate
2818 2332 2963 2389 feras
2985 2375 2999 2399 ,
3026 2349 3129 2388 non
3157 2344 3376 2404 caperet
3403 2337 3600 2406 reges!
3638 2336 3791 2389 Aiunt

2208 2441 2360 2490 sane,
2388 2425 2551 2489 hunc,
2587 2425 2745 2490 dum,
2776 2424 2916 2480 sicut
2938 2424 3105 2480 moris
3124 2434 3228 2490 est,
3257 2440 3416 2496 apros
3445 2425 3622 2482 efreni
3649 2427 3790 2480 "se-

2207 2524 2448 2571 ctaretur
2473 2529 2633 2585 equo,
2649 2514 2908 2570 cecidisse
2938 2514 3241 2586 collumque
3263 2514 3511 2586 fregisse.
3535 2515 3790 2570 Verum"

2207 2606 2489 2662 assertioni
2509 2608 2634 2662 huic
2660 2606 2816 2662 [idem
2844 2607 3071 2678 prebere
3094 2624 3197 2663 non
3231 2609 3671 2664 absurdumesse
3698 2624 3790 2664 non

2207 2699 2346 2753 dico.
2378 2698 2468 2753 Est
2494 2700 2635 2753 enim
2666 2698 2768 2753 alia
2792 2698 2982 2754 mortis
3007 2697 3198 2768 hujus,
3222 2715 3341 2770 qua;
3364 2699 3496 2754 mihi
3527 2699 3792 2754 verisimi-

2204 2787 2309 2843 lior
2356 2789 2606 2855 videtur,
2645 2799 2809 2859 atque
2857 2789 3112 2846 omnibus
3158 2806 3189 2846 a
3234 2790 3447 2862 p0pnlis
3496 2800 3788 2851 narratur.

2206 2881 2453 2936 assertio.
2495 2879 2875 2952 Magiml‘redus
2926 2880 3339 2940 Mediolanensis
3373 2884 3525 2939 urbis
3580 2897 3793 2945 comes.

2206 2972 2359 3043 cujus
2417 2972 2579 3041 paulo
2640 2972 2901 3042 superius
2945 2972 3171 3028 fecimus
3236 2974 3571 3030 mentionem
3600 3014 3618 3040 ,
3681 2974 3794 3028 dum

522 3067 761 3124 tionibus
793 3077 1110 3140 occupatur.
1139 3068 1383 3139 Cumque
1420 3068 1632 3141 prtefati
1665 3068 1908 3124 marcbio
1933 3077 1987 3124 et
2015 3083 2107 3125 co-
2134 3063 2180 3125 C
2208 3079 2309 3134 pro
2342 3063 2546 3119 scelere
2589 3064 2641 3118 in
2689 3079 2800 3118 rem
2833 3064 3104 3134 publicam
3142 3074 3307 3135 atque
3344 3065 3399 3119 in
3438 3080 3631 3135 regem
3660 3078 3796 3120 eom-

454 3228 465 3233 _
520 3171 638 3214 mes
662 3171 784 3212 eum
826 3157 1090 3214 immenso
1125 3158 1220 3215 sed
1259 3158 1498 3214 invalido
1524 3157 1825 3214 Tuscorum
1866 3159 2112 3214 exercitu

522 3248 789 3304 Bardonis
822 3257 1063 3305 montem
1097 3249 1409 3316 transirent,
1440 3248 1734 3305 Lamberto
1778 3249 1894 3321 regi
1932 3249 2112 3305 medio

520 3341 577 3395 in
606 3355 827 3397 nemore
854 3342 1094 3409 venanti,
1126 3352 1185 3397 ut
1224 3356 1343 3398 sese
1369 3356 1459 3399 res
1487 3341 1775 3409 habuerat,
1806 3341 2107 3397 nuntiatur.

521 3431 573 3488 ls
600 3448 751 3500 vero,
781 3434 921 3490 sicut
943 3443 1061 3491 erat
1085 3432 1250 3490 animi
1274 3443 1533 3491 constans
1553 3434 1869 3505 viribusque
1896 3442 2109 3505 potens,

521 3539 652 3582 suos
690 3540 797 3581 non
826 3540 1023 3596 passus
1055 3534 1140 3583 est
1166 3526 1366 3582 milites
1395 3525 1715 3598 prestolari;
1745 3525 1839 3581 sed
1871 3525 2114 3581 collectis

521 3629 658 3686 quos
677 3629 863 3672 secum
888 3617 1178 3681 habuerat,
1201 3625 1421 3673 centum
1449 3614 1621 3672 ferme
1642 3615 1929 3683 militibus,
1951 3630 2112 3671 cursu

519 3708 731 3779 prepeti
755 3707 835 3763 eis
861 3707 1083 3763 obviare
1110 3705 1331 3763 festinat

589 3798 681 3854 41.
716 3797 944 3854 Iamiam
990 3797 1323 3855 Placentiam
1368 3807 1614 3867 venerat,
1641 3815 1765 3856 cum
1809 3800 1865 3855 hi
1894 3801 1937 3832 ⁷¹
1966 3800 2111 3870 justa

520 3889 741 3945 ﬂuvium
766 3888 1135 3946 Sesterionem
1162 3892 1229 3946 ad
1254 3892 1486 3964 burgum
1511 3892 1646 3965 (72),
1671 3892 1725 3947 in
1754 3906 1860 3962 quo
1884 3891 2112 3947 sanctis-

523 3980 650 4035 simi
675 3980 726 4013 "
766 3989 822 4037 et
855 3983 1095 4052 prtetiosi
1125 3983 1379 4054 martyris
1406 3982 1621 4037 Domini
1651 3997 1850 4053 corpus
1875 3979 2112 4053 positum

523 4078 839 4137 veneratur,
890 4080 1069 4127 castra
1125 4081 1362 4127 metasse
1412 4072 1752 4127 nuntiantur.
1801 4070 2115 4143 lgnorantes

522 4163 711 4232 itaque
769 4162 899 4234 quid
944 4172 1336 4234 superventura
1366 4178 1473 4220 nox
1509 4171 1750 4234 pareret,
1783 4162 2110 4219 temetolenti

521 4264 647 4326 post
676 4255 931 4311 nonnulla
960 4255 1169 4311 inutilia
1200 4255 1580 4328 tragodimata,
1617 4255 1673 4311 id
1696 4262 1782 4311 est
1809 4253 2112 4319 cautiones,

523 4361 716 4402 somno
744 4362 865 4402 sese
893 4348 1111 4412 dedere,
1139 4356 1401 4415 stertere;
1452 4360 1717 4402 nauseam
1743 4345 1833 4401 alii
1865 4353 2112 4417 sumptus

2216 3153 2383 3208 misso
2431 3153 2624 3222 capitis
2655 3151 2852 3221 juditio
2886 3153 3262 3218 damnaretur,
3307 3154 3530 3208 unicum
3592 3169 3797 3224 posscs-

2214 3244 2383 3300 sionis
2434 3259 2544 3300 sua:
2579 3244 2874 3310 vicarium,
2926 3243 3204 3315 llugonem
3236 3244 3437 3311 filium,
3491 3244 3796 3314 dereliquit.

2214 3333 2383 3403 Quem
2417 3336 2542 3392 dum
2572 3334 2894 3391 Lambertus
2940 3353 3033 3391 rex
3063 3352 3186 3392 cum
3219 3335 3393 3393 forma
3438 3336 3664 3408 egregia
3695 3345 3796 3388 tum

2214 3427 2498 3483 nonnullos
2526 3441 2785 3498 superare
2829 3428 3036 3483 videret
3080 3428 3335 3492 audatia,
3382 3426 3553 3480 animi
3585 3426 3672 3481 sui
3702 3440 3797 3479 non

2210 3532 2436 3586 parvum
2489 3531 2587 3588 pro
2634 3516 2803 3587 patris
2859 3525 3034 3570 morte
3087 3514 3328 3571 dolorem
3378 3514 3599 3571 collatis
3660 3514 3799 3568 nisus

2211 3617 2295 3664 est
2320 3608 2597 3664 beneflciis
2639 3607 2875 3663 mulcere
2919 3607 3354 3678 qnamplurimis.
3406 3604 3566 3661 Unde
3597 3616 3794 3661 etcum

2212 3708 2411 3770 praeter
2440 3706 2651 3756 ceteros
2677 3697 3062 3754 familiaritatis
3099 3697 3379 3769 privilegio
3419 3697 3670 3753 dederat.
3701 3694 3795 3749 Fa-

2214 3801 2359 3848 ctum
2406 3801 2490 3848 est
2537 3800 2750 3855 autem,
2780 3790 2908 3845 dum
2954 3790 3272 3845 Lambertus
3312 3805 3405 3844 rex
3436 3788 3722 3844 nominato
3749 3787 3794 3838 in

2214 3885 2331 3940 loco
2369 3882 2610 3940 Marinco
2636 3891 2926 3938 venaretur
2947 3883 3018 3948 ",
3040 3914 3111 3924 —
3131 3891 3217 3937 est
3242 3881 3384 3936 enim
3431 3880 3629 3937 eodem
3659 3878 3796 3935 mine

2214 3976 2598 4048 magnitudinis
2641 3983 2697 4029 et
2744 3975 3078 4030 amteuitatis
3122 3974 3277 4029 lucus
3322 3973 3461 4028 adeo
3501 3970 3799 4028 venationi-

2212 4069 2312 4123 bus
2355 4068 2733 4138 aptus—huc
2782 4065 3017 4137 illucque
3066 4066 3309 4131 cunctis,
3357 4073 3417 4119 ut
3466 4066 3644 4120 moris
3684 4073 3797 4125 est,

2213 4159 2642 4214 discurrentibus
2663 4199 2678 4225 ,
2709 4159 2812 4213 hoc
2838 4173 2961 4213 cum
2998 4172 3105 4212 uno
3145 4157 3352 4213 scilicet
3376 4155 3606 4227 Hugone
3635 4156 3798 4226 ipsum

2213 4247 2548 4304 solummodo
2602 4247 2654 4301 iu
2719 4261 2943 4302 nemore
3004 4247 3351 4302 remansisse.
3407 4245 3661 4315 Cumque
3716 4258 3800 4297 rex

2216 4356 2405 4411 aprum
2450 4341 2505 4395 in
2546 4341 2774 4395 transitu
2827 4338 3259 4411 praestolaretur,
3319 4339 3525 4409 diuque
3579 4320 3800 4394 m‘ultum

522 4441 941 4512 intemperantia
976 4439 1176 4497 facere.
1204 4440 1319 4497 Rex
1362 4438 1547 4512 igitur,
1585 4453 1708 4495 cum
1748 4437 1914 4493 animi
1955 4436 2108 4492 ferox
2139 4423 2187 4483 Ι)
2212 4442 2523 4489 remorante
2556 4432 2713 4502 longa
2745 4432 3124 4503 expectatione
3150 4431 3484 4499 lassaretur,
3528 4431 3803 4503 paululum

1821 4546 1905 4602 VA
1914 4545 2053 4602 “UE
2086 4543 2484 4601 LECTIONES.

597 4642 642 4675 θ’
671 4651 898 4697 multum
930 4642 981 4695 l.
1056 4642 1102 4674 ⁷ο
1132 4641 1608 4712 spalmographum
1643 4640 1693 4692 l.
1738 4638 1812 4712 ﬂ“
1841 4638 1874 4692 h
1918 4638 1969 4692 1.

527 4714 798 4795 sequentia
840 4728 1002 4795 usque
1052 4709 1249 4767 collum
1300 4709 1511 4795 .fregit',
1558 4709 1911 4795 itane/ferunt
1959 4721 1976 4758 :

2043 4637 2089 4669 τ’
2144 4636 2473 4691 sanctissimi
2508 4636 2556 4691 ‘I.

2043 4637 2089 4669 τ’
2144 4636 2473 4691 sanctissimi
2508 4636 2556 4691 ‘I.
2633 4636 2680 4668 "
2752 4638 2789 4692 ἰ.
2831 4654 2878 4692 ε.
2923 4636 3134 4692 effreni.
3208 4636 3256 4673 ’δ
3326 4636 3381 4690 3.
3429 4636 3520 4689 5a.
3565 4636 3659 4690 δι».
3701 4643 3801 4689 etc.

2031 4705 2226 4761 Verum
2275 4706 2402 4776 quia
2460 4707 2757 4761 secundum
2816 4708 2959 4763 beati
3005 4705 3106 4761 Job
3156 4706 3483 4763 sententiam
3542 4707 3806 4776 terminus

2633 4636 2680 4668 "
2752 4638 2789 4692 ἰ.
2831 4654 2878 4692 ε.
2923 4635 3134 4692 effreni.
3208 4636 3256 4673 ’δ
3326 4636 3381 4690 3.
3429 4635 3520 4689 5a.
3565 4635 3659 4690 3b.
3701 4643 3801 4689 etc.

522 4775 641 4851 ejus
686 4775 950 4852 praeteriri
1010 4797 1116 4837 non
1166 4781 1342 4852 potuit
1370 4775 1591 4852 ,‘illum
1643 4775 2483 4852 Do'minieumserrnonem_q_uo
2505 4776 2709 4852 dicitur
2740 4776 3306 4852 “inimici/{ominis
3370 4775 3645 4852 domestici
3687 4775 3803 4852 ejus

523 4845 748 4926 (:Midg.
791 4870 901 4926 vn,
953 4852 1026 4923 6)
1074 4845 1410 4926 adimplevit.
1464 4850 1598 4926 Nam
1655 4851 1782 4904 dum
1837 4848 2106 4926 quendam
2154 4845 2585 4926 Magimfridum,
2636 4846 2781 4926 illius
2811 4845 3148 4926 Magimfridi‘
3178 4847 3549 4926 praepotentis,
3579 4854 3644 4900 ut
3666 4845 3804 4926 dixi-

523 4916 668 4989 inus,
701 4916 1118 4980 Mediolauensis
1146 4916 1297 4977 urbis
1339 4922 1586 4985 comitis,
1617 4935 1779 4991 quem
1817 4916 1974 4991 paulo
2028 4916 2277 4991 superius
2331 4916 2764 4991 regia__ju_ssione
2819 4932 2918 4987 pro
2964 4916 3257 4991 rebellione
3288 4916 3565 4991 hominem
3604 4916 3806 4970 exsisse

524 4996 922 5055 assueruimus,
954 4993 1146 5056 tilium,
1192 4995 1434 5061 paternis
1480 4990 1756 5045 beneficiis

525 5072 766 5098 uoltu-nm
796 5063 943 5098 nnnic
992 5063 1263 5098 nhlivinnn
1334 5077 1423 5098 νην

1839 4985 2109 5054 enatum;
2134 4988 2300 5042 nimia
2337 4985 2738 5052 familiaritate,
2766 4985 2887 5042 cum
2924 5003 3024 5056 pro
3064 4986 3342 5041 fidelitatis
3392 4985 3669 5056 ﬁrmitate,
3696 4993 3804 5038 tum

1473 5062 1574 5098 eihi
1609 5074 1635 5098 ο
1672 5060 1896 5098 enm-aria
1941 5056 2033 5098 imi
2062 5056 2330 5098 minium
2362 5056 2417 5098 Kl
2446 5057 2657 5098 Γμιιίςςρι
2746 5055 2978 5098 nummis:
3029 5056 3335 5098 vnnntinnie
3385 5070 3567 5098 nullan,
3631 5055 3676 5098 si
3711 5066 3802 5098 ve—
