4012 5340
228 294 340 358 809

1218 306 1763 366 asraronossos
1797 309 1978 365 unm
2015 310 2170 368 sex.
2210 343 2279 354 —
2320 298 2448 371 un.
2490 317 2528 373 l.

3409 327 3517 384 810

230 428 381 511 sese
414 414 581 511 quieti
620 415 767 471 dedit
793 457 823 511 ,_
845 417 1040 511 vigilia}
1078 419 1388 511 custodiam
1440 420 1565 477 huic
1615 420 1784 479 inﬁdo
1808 464 1823 488 ,
1852 431 1901 491 Α
1927 425 2267 498 ρίθνίιίιιιθεη
2292 430 2421 486 illud
2447 434 2593 503 quod
2618 450 2710 489 rex
2742 443 2797 489 et
2822 437 3083 507 propheta
3110 439 3260 495 cauit
3284 457 3299 495 :
3321 459 3341 494 ε
3375 442 3517 511 Quo-

228 504 383 571 quasi
435 505 574 570 ﬁdo,
629 508 970 563 commitcns.
1016 507 1183 580 Igitur
1219 509 1533 567 absentibus
1578 514 1820 580 cunctis,

229 593 477 665 liugonis
531 611 686 651 meus
735 600 975 653 custodis
1008 640 1023 664 ,
1090 601 1257 655 immo
1310 602 1603 671 proditoris
1658 615 1822 674 atque

228 687 534 754 carnificis,
585 689 901 745 collatorum
953 691 1338 747 beneficiorum
1384 694 1672 750 immemor
1698 696 1817 767 plu-

224 779 402 844 rium,
450 781 621 851 patris
659 792 887 837 mortem
938 784 1117 840 animo
1165 785 1309 854 cepit
1353 787 1650 841 revolvere.
1704 787 1821 843 Non

219 871 595 926 consideravit
635 874 934 943 genitorem
975 889 1133 929 suum
1169 875 1373 945 justam
1408 876 1701 932 incurrisse
1733 892 1822 932 ne-

218 976 397 1026 cem;
456 962 836 1033 jusjurandum
875 1005 890 1031 ,
955 966 1065 1035 regi
1122 967 1267 1036 quod
1319 967 1559 1033 fecerat,
1618 967 1822 1023 violare

220 1069 330 1109 non
364 1057 586 1121 metuit;
632 1057 894 1112 vicarium
932 1073 991 1113 se
1032 1057 1214 1124 Iudae,
1257 1058 1461 1113 domini
1494 1062 1665 1116 nostri
1694 1060 1819 1117 Jcsu

215 1141 427 1198 Christi
473 1146 796 1214 proditoris,
851 1148 1110 1219 appellari
1159 1165 1264 1204 non
1320 1149 1648 1215 ernbuit;et
1677 1152 1818 1220 quod

214 1246 303 1290 est
333 1240 587 1305 gravius,
619 1241 1010 1311 sempiternum
1043 1242 1329 1313 suplicium
1362 1243 1665 1298 subiturum
1698 1260 1816 1300 sese

215 1342 325 1380 non
377 1328 593 1394 timuit;
648 1345 834 1385 verum
892 1333 1178 1387 conamine
1231 1342 1340 1387 toto
1389 1335 1619 1398 virium,
1674 1334 1815 1404 ligno

213 1431 327 1471 non
351 1420 565 1473 modico
586 1421 873 1477 dormienti
902 1424 1103 1477 collum
1131 1423 1307 1496 fregit.
1338 1425 1527 1480 Gladio
1548 1425 1595 1465 ’⁸
1619 1426 1814 1495 quippe

212 1504 384 1563 ferire
440 1511 654 1576 timuit,
684 1527 749 1566 ne
798 1514 1005 1583 peccati
1056 1516 1215 1585 hujus
1262 1525 1539 1570 auctorem
1574 1532 1661 1571 res
1690 1532 1812 1571 eum

212 1599 511 1655 manifesta
562 1605 834 1671 probaret.
870 1604 947 1659 Eo
995 1621 1229 1676 namque
1260 1623 1412 1662 mens
1447 1622 1699 1677 perversa
1735 1609 1809 1663 ita

208 1689 355 1757 egit,
410 1700 469 1744 ut
520 1707 625 1746 non
676 1694 837 1764 gladii
886 1696 1147 1763 cicatrix,
1205 1699 1297 1752 sed
1345 1698 1474 1769 ligni
1524 1698 1807 1754 manifesta

1928 518 2073 571 niam
2121 518 2373 575 laudatur
2417 534 2668 591 peccator
2716 525 2769 580 in
2802 526 3084 584 desideriis
3127 530 3325 588 anima:
3370 550 3514 601 suae,

1925 617 1978 663 et
2020 609 2203 679 iniqua
2244 626 2437 681 gerens
2477 614 2819 671 benedicitur
2857 615 3030 689 (Psal.
3063 635 3117 687 x,
3158 621 3237 693 3).
3276 642 3296 677 ι
3325 623 3433 681 Sed
3462 637 3517 681 et

1925 702 2071 757 aliud
2133 702 2327 760 fecisse
2383 707 2608 765 minime
2656 710 2830 780 potuit
2892 722 3117 782 propter
3161 715 3278 771 haec
3346 717 3516 789 ipsius

1926 794 2185 850 Veritatis
2233 797 2397 853 verba
2450 799 2681 855 dicentis
2714 817 2728 854 :
2762 818 2782 852 ‹
2827 799 3004 858 Nichil
3052 814 3337 873 apertum,
3370 810 3514 878 quod

1922 901 2029 942 non
2070 887 2372 955 reveletur,
2410 900 2467 947 et
2491 892 2762 949 occultum
2782 934 2797 960 ,
2826 896 2973 966 quod
3009 911 3117 953 non
3148 898 3201 953 in
3230 898 3509 968 publicum

1920 980 2101 1034 veniat
2148 978 2366 1051 (Matth.
2407 1000 2461 1049 x,
2506 984 2692 1057 26)..)

1989 1069 2079 1126 45.
2122 1071 2219 1128 His
2250 1074 2322 1128 ita
2362 1076 2557 1143 gestis,
2590 1093 2683 1132 rex
2722 1077 3081 1150 Berengarius
3122 1081 3373 1151 ampliori
3401 1083 3513 1151 pri—

1919 1164 2064 1219 stina
2110 1167 2373 1239 dignitate
2424 1170 2571 1241 regia
2619 1171 2947 1239 honoratur;
2996 1172 3322 1230 Adelbertus
3365 1189 3512 1230 mar-

1917 1258 2041 1314 chio
2075 1268 2128 1314 et
2168 1262 2334 1315 ceteri
2378 1262 2445 1316 ad
2493 1265 2708 1335 propria
2756 1266 3121 1322 destinantur.

1985 1351 2074 1406 44.
2116 1352 2277 1407 Juvat
2316 1363 2494 1409 autem
2524 1396 2538 1420 ,
2588 1366 2743 1426 pater
2781 1356 3067 1413 karissime
3092 1398 3106 1422 ,
3168 1359 3304 1414 tanti
3348 1358 3508 1427 hujus

1915 1442 2122 1498 obitum
2178 1446 2319 1515 regis
2349 1455 2404 1501 et
2428 1445 2672 1502 deﬂendo
2716 1449 2954 1503 scribere
3004 1459 3059 1504 et
3099 1450 3387 1505 scribendo
3412 1450 3508 1505 de~

1912 1534 2062 1592 flere.
2097 1536 2273 1591 Inerat
2320 1552 2554 1606 namque
2585 1537 2659 1591 illi
2707 1538 2932 1593 honesta
2976 1553 3186 1593 morum
3231 1538 3500 1609 probitas,

1912 1638 2098 1685 sancta
2136 1636 2191 1684 et
2239 1630 2583 1686 formidolosa
2630 1632 2922 1695 severitas,
2954 1640 3009 1687 et
3048 1647 3209 1701 quem
3248 1630 3504 1700 juventus

1910 1723 2141 1776 ornabat
2192 1721 2245 1775 in
2293 1736 2519 1791 corpore
2565 1721 2877 1791 splendida,
2918 1722 3114 1776 mentis
3154 1722 3381 1777 canities
3410 1722 3506 1775 de-

206 1782 425 1837 collisio
463 1824 478 1848 ,
537 1785 682 1841 hunc
734 1789 1165 1858 repperientibus
1214 1789 1375 1845 ﬁdem
1420 1790 1611 1845 darent
1673 1806 1811 1859 equo

1918 1820 2199 1867 coraverat
2254 1820 2463 1868 sancta.
2529 1812 2697 1868 Plane
2760 1813 2878 1882 plus
2930 1813 3044 1883 ipse
3096 1813 3173 1867 rei
3223 1812 3451 1883 publica:
3484 1853 3500 1878 ,

208 1871 510 1940 cecidisse,
544 1875 774 1945 collique
817 1877 1092 1934 fraccione
1122 1880 1394 1935 hominem
1422 1881 1672 1936 exivisse.
1706 1880 1808 1935 La-

208 1961 426 2031 tuitque
476 1979 572 2033 per
617 1982 787 2021 annos
838 1984 925 2023 res
977 1985 1140 2039 quam
1191 1969 1474 2038 plurimos.
1525 1968 1632 2025 Sed
1683 1970 1807 2023 dum

205 2070 471 2125 processu
520 2060 777 2129 temporis
830 2059 1188 2132 Bcrengarius
1240 2078 1366 2129 rex,
1418 2060 1564 2116 nullo
1593 2061 1694 2116 sibi
1727 2077 1807 2114 re-

206 2147 481 2215 sistente,
532 2166 759 2221 regnum
810 2154 1043 2209 viriliter
1097 2156 1403 2222 obtineret,
1460 2155 1575 2224 ipse
1628 2162 1810 2207 reatus

204 2244 453 2313 proprii,
505 2245 843 2302 sicutfuerat
889 2259 1112 2316 auctor,
1158 2249 1339 2304 extitit
1380 2249 1663 2319 proditor,
1710 2246 1809 2302 im-

1914 1919 2077 1974 quam
2130 1919 2217 1959 res
2258 1903 2472 1973 publica
2515 1904 2727 1959 decoris
2773 1903 2823 1959 ei
2877 1903 3199 1958 contulerat.
3253 1902 3406 1970 Quod
3454 1902 3501 1958 si

1913 2011 2021 2050 non
2074 1995 2179 2051 cita
2241 2010 2392 2051 mors
2442 1995 2587 2049 hunc
2633 2001 2879 2064 raperet,
2944 1994 2991 2049 is
3048 2002 3195 2050 esset
3249 1994 3342 2063 qui
3379 2001 3502 2064 post

1913 2088 2280 2143 Romanorum
2320 2087 2615 2156 potentiam
2680 2095 2852 2141 totum
2900 2084 3003 2141 sibi
3050 2086 3240 2142 orbem
3268 2084 3500 2140 viriliter

1913 2177 2242 2249 subjugaret.

1436 2425 1728 2469 EXPLICIT
1773 2425 1958 2468 ιιθειι
2002 2424 2259 2469 PRIMUS.

1088 2614 1488 2677 INCIPIUNT
1534 2615 1933 2678 CAPI'I‘ULA
1980 2615 2190 2676 LIBRI
2238 2614 2595 2678 SECUNDI.

204 2778 261 2831 1.
302 2775 383 2832 De
421 2789 489 2830 eo
511 2774 652 2845 quod
673 2785 796 2845 post
849 2784 1079 2832 mortem
1111 2776 1317 2831 Arnulﬁ
1349 2776 1638 2832 Hlodoicns
1661 2775 1800 2831 ﬁlius

280 2866 403 2935 ejus
423 2882 519 2921 rex
544 2866 910 2922 constituitur.

203 2959 262 3014 2.
306 2958 567 3030 Hungarii
605 2959 786 3012 audita
826 2975 958 3016 nece
1006 2961 1211 3015 Arnnlﬁ
1242 2960 1558 3032 Bagoariam
1581 2971 1792 3034 petunt.

202 3049 261 3102 ὅ.
302 3048 629 3103 llulodoicus
673 3048 872 3104 bellum
931 3048 1219 3122 Hungariis
1271 3060 1431 3122 parat
1469 3052 1624 3123 juxta
1693 3053 1793 3108 Le-

273 3155 556 3194 mannum.

200 3230 254 3283 4.
300 3230 563 3302 Hungarii
613 3230 805 3302 positis
848 3232 1058 3287 insidiis
1100 3230 1378 3287 llulodoici
1420 3232 1620 3289 milites
1674 3234 1794 3289 vin-
1823 3203 1868 3264 Ο

274 3330 428 3376 cunt.

201 3413 258 3467 5.
300 3413 538 3484 Fugiens
585 3414 911 3471 Ilulodoicus
952 3431 967 3469 :
1018 3415 1279 3488 Hungarii
1326 3418 1658 3475 Francorum
1700 3419 1798 3477 Sa-

291 3519 493 3558 xonum
527 3515 583 3559 et
608 3504 910 3561 Sucvorum
944 3516 1141 3563 terram
1176 3510 1577 3580 deprmdantur.

201 3595 255 3649 6.
298 3597 374 3651 De
396 3598 690 3653 rebellione
727 3598 1001 3656 Adelberti
1046 3602 1291 3667 comitis,
1325 3613 1379 3659 et
1410 3605 1645 3674 qualiter
1704 3607 1796 3662 de-

274 3687 507 3757 cipientc
539 3690 773 3745 llattone
805 3693 1218 3762 archiepiscopo
1243 3693 1317 3748 sit
1345 3694 1661 3750 decollatus.

196 3778 253 3829 7.
296 3776 678 3848 Exploratores
714 3784 947 3851 regressi
996 3785 1140 3852 quod
1168 3783 1457 3838 consilium
1510 3784 1776 3841 dederint.

200 3868 254 3923 8.
296 3869 476 3937 Quare
523 3871 785 3945 Hungarii
835 3876 1011 3930 territi
1070 3874 1138 3930 ab
1187 3874 1352 3930 Italiae
1402 3875 1645 3946 ingressu
1687 3877 1797 3931 sint

272 3966 497 4021 reversi.

200 4054 255 4108 9.
298 4054 547 4122 Qualiter
595 4056 858 4131 Hungarii
890 4070 1140 4131 reparato
1187 4061 1429 4118 exercitu
1472 4063 1714 4119 venerint
1742 4072 1796 4119 et

267 4149 441 4204 Italici
465 4150 545 4205 eis
570 4152 934 4207 occurrerint.

200 4240 288 4293 10.
330 4239 443 4295 Cur
471 4257 567 4296 rex
614 4242 972 4315 Berengarius
1002 4247 1070 4299 ad
1104 4244 1306 4300 bellum
1355 4261 1461 4301 non
1513 4247 1672 4313 ierit,
1711 4246 1793 4303 vel

276 4348 376 4388 cur
400 4332 642 4406 Ilungari
670 4335 831 4391 Italos
869 4336 1127 4408 fugerint.

203 4448 291 4502 11.
329 4447 621 4517 Fugientes
639 4453 834 4521 pagani
854 4453 1165 4510 christianis
1186 4470 1372 4525 pacem
1388 4466 1600 4526 petunt,
1630 4471 1791 4528 quam

273 4555 380 4595 non
422 4542 734 4612 adquirunt.

201 4648 291 4701 £2.
332 4650 409 4704 De
436 4651 684 4720 proludio
713 4670 934 4726 pugnaz,
970 4658 1022 4712 in
1066 4674 1172 4730 quo
1202 4661 1489 4717 vincerunt
1521 4663 1785 4736 llungarii

271 4750 559 4812 postquam
588 4743 863 4816 fugerunt.

203 4854 292 4909 13.
331 4856 409 4913 De
441 4874 505 4916 eo
554 4863 696 4932 quod
742 4874 961 4935 propter
992 4865 1315 4937 defatigatus
1348 4870 1395 4901 ⁷⁸
1432 4884 1601 4939 equos
1632 4888 1792 4942 super

273 4946 494 5004 fluvium
540 4952 794 5009 Brentam
820 4959 1016 5026 pagani
1054 4959 1381 5015 christianos
1419 4963 1791 5030 praestolaren-

274 5045 397 5104 tur,
430 5041 615 5111 eisque
673 5059 861 5113 pacem
917 5056 1222 5116 quaererent
1255 5049 1319 5114 τ’,
1352 5064 1513 5119 quam
1562 5067 1664 5106 non
1698 5055 1786 5109 de-

276 5130 494 5186 derunt.

278 5175 353 5185 νυ·
380 5175 429 5185 u-

1821 4554 1872 4613 D

1910 2775 1996 2830 15.
2037 2776 2313 2843 Quomodo
2360 2776 2619 2848 Hungarii
2669 2776 2858 2848 positis
2902 2777 3112 2834 insidiis
3146 2794 3307 2850 super
3348 2782 3490 2838 chri-

1976 2866 2183 2922 stianos
2210 2868 2422 2924 irruunt
2450 2868 2495 2901 ⁸ο
2520 2875 2577 2923 et
2606 2867 2845 2922 vincunt.

1906 2957 1993 3013 16.
2032 2958 2185 3026 Quod
2222 2959 2505 3015 victoriam
2537 2975 2644 3016 non
2676 2974 2774 3030 pro
2802 2975 2987 3015 eorum
3019 2959 3367 3027 fortitudine,
3400 2964 3496 3018 sed

1972 3064 2071 3119 pro
2106 3050 2520 3107 Christianorum
2551 3060 2776 3123 peccato
2807 3051 3113 3107 habuerint.

1902 3142 1990 3197 17.
2032 3142 2185 3210 Quod
2231 3157 2295 3199 eo
2340 3154 2581 3214 tempore
2632 3143 2961 3200 llulodoicus
3010 3160 3103 3200 rex
3153 3146 3488 3203 Francorum

1971 3233 2236 3298 moritur,
2275 3242 2329 3287 et
2374 3232 2697 3288 Chunradus
2726 3248 2825 3303 pro
2855 3248 2921 3289 eo
2946 3235 3229 3290 ordinatur

1898 3324 1984 3380 18.
2024 3323 2126 3392 Qui
2153 3325 2253 3380 sub
2282 3338 2347 3379 eo
2375 3325 2647 3396 principes
2675 3333 2831 3380 erant
2852 3365 2867 3390 ,
2900 3324 3040 3381 inter
3069 3341 3206 3395 quos
3240 3334 3295 3382 et
3321 3325 3488 3384 Hein-

1967 3414 2114 3468 ricus
2145 3412 2422 3470 Saxonum
2451 3417 2557 3470 dux
2580 3423 2715 3469 erat.

1899 3502 1985 3557 19.
2028 3502 2104 3558 De
2130 3518 2196 3559 eo
2220 3505 2363 3573 quod
2392 3504 2677 3560 Heinricus
2706 3511 2758 3560 e‘t
2786 3505 2966 3560 caeteri
2998 3505 3274 3575 principes
3305 3506 3487 3564 Chun-

1970 3598 2100 3655 rado
2128 3599 2509 3655 rebellaverint
2546 3599 2690 3669 regi,
2723 3608 2779 3654 et
2817 3599 2885 3653 ab
2909 3614 2973 3654 eo
3008 3600 3136 3655 victi
3169 3598 3401 3667 fuerint,
3432 3611 3486 3657 et

1967 3690 2095 3760 quia
2132 3690 2406 3746 Arnaldus
2436 3690 2487 3744 in
2517 3688 2846 3761 Hungariam
2874 3687 3073 3759 fugerit
3096 3688 3165 3742 ⁸⁸.

1894 3780 1984 3836 20.
2023 3780 2380 3837 Chuonradus
2426 3795 2521 3834 rex
2577 3780 2810 3836 moriens
2865 3780 3140 3851 principes
3184 3797 3375 3838 omnes
3421 3783 3489 3839 de

1966 3888 2097 3941 pace
2119 3914 2133 3937 ,
2164 3882 2219 3927 et
2246 3882 2306 3926 ut
2332 3872 2642 3927 Heinricuzn
2672 3886 2853 3940 regem
2878 3873 3247 3938 constituant,
3280 3860 3489 3930 exhor:

1969 3972 2144 4029 tatur,
2181 3963 2265 4017 cui
2291 3971 2347 4016 et
2370 3962 2567 4034 regalia
2594 3972 2909 4017 ornamenta
2936 3963 3272 4019 transmittit.

1894 4057 1985 4112 2i.
2025 4056 2349 4112 Chuonrado
2380 4070 2508 4126 rege
2538 4064 2781 4120 mortuo,
2812 4055 3086 4113 Arnaldus
3114 4058 3182 4113 ab
3209 4056 3486 4128 Hungaria

1967 4147 2108 4204 redit
2134 4157 2295 4216 atque
2321 4146 2575 4201 Ileinrico
2605 4146 2717 4217 regi
2751 4145 2949 4201 bellum
2979 4155 3156 4216 parat.

1895 4241 1987 4296 22.
2027 4238 2313 4295 Heinricus
2342 4238 2563 4293 Arualdi
2598 4238 2839 4291 animum
2866 4237 3288 4307 prudentissima
3326 4239 3477 4296 locu.

1966 4332 2112 4387 tione
2143 4331 2374 4398 mitigat.

1896 4424 1987 4479 25.
2027 4423 2298 4478 Arnaldus
2334 4437 2553 4477 suorum
2583 4420 2963 4476 exhortatione
2988 4421 3219 4476 militum
3245 4422 3483 4481 lleinrici

1972 4517 2031 4571 ﬁt
2060 4516 2214 4571 miles
2243 4515 2405 4586 regis.

1897 4608 1987 4663 24.
2026 4608 2220 4663 Audita
2266 4606 2526 4675 Hungarii
2574 4615 2748 4660 morte
2796 4604 3145 4672 Chuonradi,
3186 4605 3479 4661 Saxoniam

1967 4699 2357 4771 ingrediuntur.

1895 4792 1984 4846 25.
2027 4790 2141 4845 Rex
2188 4787 2476 4844 Heinricus
2511 4829 2525 4854 ,
2558 4803 2887 4858 quamquam
2936 4787 3182 4843 inﬁrmus
3210 4828 3225 4853 ,
3276 4786 3355 4841 eis
3397 4800 3476 4839 oc-

1968 4882 2159 4938 currit.

1897 4976 1987 5031 26.
2030 4973 2274 5042 Qualiter
2334 4971 2400 5025 ad
2450 4986 2681 5043 pugnam
2732 4984 2859 5025 suos
2910 4969 3245 5026 exhortatus
3289 4963 3359 5017 sit
3391 4962 3489 5013 mi-

1970 5072 2108 5126 lites.

1896 5167 1965 5186 ειη
2031 5167 2101 5186 n-
2135 5164 2273 5186 ιιι..-
2304 5170 2425 5186 conla-
2725 5159 2870 5186 ..Α-»2-
