4012 5340
528 294 656 352 φεμ
1554 273 1972 338 LlUTPRANDl
2010 274 2500 339 CREMONENSIS
2538 281 2845 343 EPISCOPI
3713 292 3809 348 si:

534 406 646 461 v29.
667 400 948 475 Hnngarii,
966 396 1257 457 sciscitatis
1268 393 1497 469 captivis
1511 394 1575 451 de
1587 394 1747 460 bello,
1763 392 2105 465 exploratore

2246 396 2325 451 55.
2370 398 2520 466 Quod
2573 399 2732 456 Greci
2802 415 2928 457 mox
2974 409 3033 456 ut
3080 402 3336 471 veniunt,
3388 413 3632 462 castrum
3674 408 3812 479 juxta

530 550 533 555 λ
627 494 867 549 mittunt.
2311 501 2544 547 montem
2576 494 2929 549 constituunt.

547 586 636 642 ⁵ο·
682 587 758 641 De
786 598 963 656 ρυειια
993 597 1113 637 cum
1146 578 1438 650 Hungariis
1464 577 1774 635 commissa.
2231 582 2319 637 54.
2358 582 2509 650 Quod
2540 599 2729 641 omnes
2763 585 2913 641 1³ωηί
2959 585 3065 641 sint
3111 586 3377 644 interfecti
3420 595 3478 645 et
3514 594 3702 660 capti,
3765 607 3813 650 ει

546 680 638 735 51.
680 680 757 734 De
783 673 1181 733 bonoconsilio
1212 670 1449 728 lleinrici
1476 669 1618 742 regis
1649 678 1705 725 et
1731 669 1951 725 victoria
1982 669 2129 740 ejus,
2301 676 2424 744 quia
2473 676 2570 730 visi
2633 685 2759 731 sunt
2802 676 2855 732 in
2899 675 3041 733 bello
3104 677 3297 735 Petrus
3359 688 3414 735 et
3466 680 3667 738 Paulus
3696 700 3816 755 apo-

619 781 674 828 et
702 772 792 827 ubi
814 771 884 826 sit
905 770 1019 840 ipsa
1046 768 1259 837 depicta
1290 764 1538 820 victoria.
2314 765 2440 820 stoli
2464 765 2705 836 gloriosi.

546 866 635 920 52.
680 864 754 920 De
800 862 1097 923 Hulodoico
1143 858 1411 933 quodam,
1458 872 1617 927 quem
1663 856 1831 913 Italici
1876 872 2039 929 super
2074 873 2132 914 se
2232 856 2319 911 55.
2357 857 2681 914 Adelbertus
2719 859 2914 915 Tuscie
2952 860 2999 893 5"
3046 861 3339 931 provinciae
3366 864 3611 918 marchio
3657 866 3820 921 mori-

618 969 846 1027 regnare
885 954 1133 1008 invitant.
2308 958 2412 1015 tur,
2489 947 2640 1015 cujus
2702 950 2843 1005 ﬁlius
2898 950 3056 1006 Wido
3114 967 3213 1021 pro
3259 967 3325 1006 eo
3372 954 3621 1023 ponitur;
3656 965 3824 1009 mater

543 1048 631 1102 55.
672 1046 824 1115 Quod
870 1044 1191 1100 Adelbertus
1239 1040 1483 1097 marchio
1537 1042 1640 1097 hoc
1692 1038 1936 1097 effecerit
1966 1081 1981 1105 ,
2034 1042 2125 1111 qui
2308 1057 2438 1097 vero
2460 1043 2577 1112 ejus
2610 1057 2639 1096 a
2669 1040 2998 1114 Berengario
3027 1044 3258 1113 capitur.

522 1172 527 1177 -
613 1154 779 1210 gener
806 1137 948 1208 regis
974 1134 1284 1205 Berengarii
1315 1141 1451 1187 erat.
2233 1134 2321 1190 56.
2362 1134 2513 1202 Quod
2557 1134 2604 1167 ⁸⁸
2673 1136 2932 1206 suspicati
2967 1144 3092 1191 sunt
3124 1135 3369 1191 homines
3414 1134 3640 1192 Bertam
3670 1136 3820 1192 AdeL

542 1232 633 1288 54.
674 1232 749 1286 De
798 1230 984 1285 eodem
1014 1226 1336 1291 Adelberto,
1386 1225 1478 1295 qui
1511 1224 1686 1295 primo
1718 1223 1821 1279 fuit
1865 1224 2040 1279 bonus
2075 1234 2128 1280 et
2314 1229 2469 1283 bcrto
2500 1227 2639 1283 ﬁlios
2668 1229 2960 1299 peperisse.

612 1321 1167 1395 postmodumfactus
1195 1329 1278 1375 est
1316 1319 1507 1374 malus.
2230 1320 2320 1375 57.
2363 1320 2437 1375 De
2480 1334 2544 1375 eo
2580 1323 2721 1390 quod
2757 1321 2909 1375 multi
2955 1320 3227 1391 principes
3272 1320 3431 1375 simul
3490 1337 3615 1377 cum
3663 1321 3817 1375 Lam-

543 1419 635 1474 55.
675 1418 827 1485 Quod
857 1415 1182 1471 Hulodoicus
1216 1413 1359 1485 regis
1390 1412 1699 1484 Berengarii
1732 1421 1939 1468 terrore
1976 1411 2130 1484 jura-
2306 1420 2459 1482 perto
2522 1412 2919 1468 Mediolanense
3006 1412 3415 1482 archiepiscopo
3494 1411 3819 1484 Berengario

615 1510 758 1565 verit
785 1517 851 1563 vet
886 1521 1135 1563 reversus
1174 1505 1266 1560 sit.
2318 1501 2657 1567 rebellarent,
2692 1511 2745 1557 et
2770 1518 2865 1557 cur
2897 1502 2997 1557 hoc
3030 1500 3289 1557 facerent.

549 1601 638 1655 56.
678 1599 829 1668 Quod
856 1598 1197 1661 Adelbertus,
1222 1595 1431 1651 Tusciae
1451 1594 1739 1666 provinciae
1769 1604 1960 1664 potens
1986 1611 2130 1650 mar-
2230 1589 2318 1646 58.
2363 1591 2437 1647 De
2468 1592 2663 1659 comite
2693 1592 2877 1661 palatii
2939 1601 3127 1663 capto,
3180 1602 3345 1664 atque
3389 1592 3689 1665 Lamperto
3719 1610 3817 1649 non

608 1695 733 1750 chio
765 1734 780 1758 ,
822 1692 1079 1748 instinctu
1142 1690 1316 1745 Berta:
1359 1689 1544 1743 uxoris
1600 1703 1696 1743 sue
1741 1687 2123 1758 Bercngarium
2308 1692 2576 1752 oportune
2611 1685 3011 1740 commendato.

605 1788 847 1851 deserit,
897 1793 953 1840 et
1023 1791 1242 1855 propter
1306 1780 1653 1836 Hulodoicum
1682 1819 1698 1845 .
1774 1788 1835 1833 ul
1894 1779 2078 1834 veniat
2107 1819 2121 1844 .
2154 1763 2198 1822 Β
2226 1785 2315 1841 59.
2358 1785 2509 1854 Quod
2549 1787 2781 1842 eundem
2826 1788 3184 1860 Berengarius
3230 1790 3545 1863 requisierit
3571 1831 3586 1856 ,
3619 1800 3674 1846 ct
3729 1806 3819 1845 cur

609 1880 794 1935 mittit.
2296 1895 2419 1934 eum
2452 1880 2656 1936 habere
2688 1896 2793 1937 non
2830 1884 3025 1952 possit.

543 1972 631 2027 57.
674 1969 1001 2027 Hulodoicus
1027 1968 1095 2023 ab
1115 1966 1455 2022 ltaliensibus
1492 1963 1814 2036 suscipitur,
1867 1969 1922 2017 et
1951 1961 2123 2017 Vero-

1041 1994 1455 2072 ξυ¹⁸ἶ¹¹¹⁵ξξῗ¹υυέ
2232 1994 2321 2050 60.
2365 1994 2440 2050 De
2496 1994 2728 2051 Rodulfo
2772 2012 2895 2068 rege
2945 1998 3427 2070 Burgundionum,
3481 1998 3576 2067 qui
3650 1996 3808 2053 ﬁliam

604 2078 730 2117 nam
764 2059 1123 2131 Berengarius
1170 2056 1360 2129 fugiit,
1424 2071 1454 2111 a
1515 2070 1622 2126 qua
1669 2063 1725 2110 et
1771 2052 2031 2124 expulsus
2092 2069 2122 2108 a

2291 2086 2443 2142 ducis
2508 2087 2804 2143 Brucliardi
2856 2088 2905 2120 ⁸⁸
2968 2100 3249 2162 acceperat
3299 2104 3566 2155 uxorem,
3633 2098 3693 2144 et
3743 2091 3809 2143 ab

608 2155 903 2257 "P_l°_d°_'°f’
936 2161 1046 2257 es";
1222 2255 1249 2257 α
1699 2244 1744 2257 Α,
1778 2235 2028 2257 Jun.“
2055 2234 2119 2257 AL
2291 2178 2489 2234 Italicis
2550 2178 2835 2246 invitatur,
2889 2188 2949 2236 ut
2992 2181 3060 2237 ad
3100 2155 3209 2238 'eos
3256 2182 3440 2237 veniat
3473 2190 3531 2236 et
3590 2195 3686 2236 rex
3732 2196 3816 2236 eo—

530 2244 619 2301 58.
660 2244 988 2301 Hulodoicus
1023 2241 1257 2298 Luccam
1288 2237 1650 2312 proﬁciscitur
1692 2244 1748 2292 et
1772 2235 2028 2293 decenter
2053 2234 2123 2290 ab
2293 2287 2415 2327 rum
2447 2271 2562 2326 ﬁat.

605 2336 896 2391 Adelberto
918 2333 1227 2403 suscipitur.

537 2428 627 2485 59.
669 2427 997 2483 Hulodoicus
1032 2426 1104 2482 ob
1126 2423 1403 2480 Adelberti
1447 2421 1743 2493 potentiam
1768 2420 1967 2476 invidia
2001 2428 2122 2476 tan-

596 2520 742 2593 gitur
766 2561 782 2587 ,
829 2519 897 2576 ob
920 2533 1083 2590 quam
1130 2518 1199 2572 ab
1242 2515 1361 2587 ejus
1396 2513 1653 2571 ﬁdelitate
1679 2510 2004 2568 Adelbertus
2040 2526 2121 2567 se-

602 2622 844 2683 paratur.

2219 2382 2307 2442 6i.
2352 2383 2595 2453 Qualiter
2642 2384 2934 2458 Hungarii,
2966 2386 3275 2460 Berengarii
3332 2385 3477 2459 regis
3530 2385 3721 2450 amici,
3752 2385 3814 2441 O-

2289 2473 2552 2530 delricum
2630 2475 2993 2541 occiderent,
3054 2476 3401 2533 Adelbertum
3463 2492 3600 2532 vero
3676 2479 3813 2548 regis

2303 2581 2561 2635 generum
2636 2577 2692 2622 et
2760 2565 3125 2624 Gislebertum
3208 2569 3459 2623 comitem
3524 2567 3683 2624 vivos
3732 2583 3815 2621 ca-

522 2666 627 2762 «l0.r
656 2704 953 2775 Descriptio
1014 2699 1341 2758 Veronensis
1413 2698 1651 2755 civitatis
1743 2704 1799 2753 et
1880 2695 2117 2752 ﬂuminis
2228 2666 2505 2775 “peram

578 2794 811 2849 Athesis
836 2768 889 2847 ἐι
922 2792 1101 2862 pomis
1128 2805 1289 2861 super
1316 2803 1460 2843 eum,
2218 2771 2305 2827 62.
2348 2770 2466 2838 Qua
2526 2771 2837 2827 callididate
2862 2772 3185 2828 Adelbertus
3227 2770 3469 2827 marchio
3512 2768 3811 2841 Hungarios

523 2886 613 2942 ll.
650 2884 801 2958 Quod
852 2860 1433 2943 Hulodoicuererone
1472 2880 1709 2948 degens,
1751 2894 1781 2933 a
1842 2878 2111 2949 Berenga-
2286 2862 2577 2958 (ξθίυείῖνῖῐν
2636 2873 2691 2917 ει
2756 2863 2845 2918 Vi“
2907 2865 3099 2934 Ρΐίὲῑξο
3134 2862 3204 2918 ab
3241 2862 3323 2917 eis
3359 2860 3677 2931 ΐθάεηιριυε
3725 2876 3811 2914 3‘1-

600 2956 685 3030 rio
731 2973 1004 3044 corruptis
1059 2971 1294 3027 civitatis
1327 2969 1640 3026 custodibus
1690 2968 1901 3040 capitur
1928 2978 1982 3024 et
2026 2969 2111 3024 lu-
2295 2956 2519 3026 fugerit-

593 3067 740 3123 mine
763 3067 1026 3138 privatur.

2246 3068 2302 3123 ὅ.
2346 3068 2419 3121 De
2456 3065 2756 3121 Gislcberto
2819 3075 2997 3137 capto,
3043 3064 3304 3136 ﬂagellato
3343 3072 3398 3118 et
3445 3072 3575 3118 ante
3629 3076 3803 3133 regem

596 3112 1026 3138 ,ην---η
2220 3112 2302 3123 η.
2346 3112 2418 3121 -.ν
2462 3112 2753 3121 ww--."
2822 3112 2878 3122 ν-.
2926 3112 2997 3134 .-,
3043 3112 3108 3119 --κ
3151 3112 3299 3119 ---η
3349 3112 3397 3118 --
3448 3112 3573 3118 η---
3630 3112 3801 3133 --τ-ρ

525 3158 615 3213 42.
661 3156 735 3213 De
794 3155 1081 3227 llungariis
1130 3155 1226 3225 qui
1272 3168 1338 3210 eo
1388 3159 1630 3223 tempore
1676 3150 1885 3206 Italiam
1940 3112 2180 3205 lania-C
2281 3157 2441 3213 ducto
2472 3198 2488 3223 ,
2570 3168 2729 3227 atque
2785 3159 2852 3213 ab
2884 3112 2953 3212 ἕο
3004 3112 3425 3212 ιηὶεέΐίαοτάἰιϐτ
3464 3154 3700 3209 dimisso
3757 3161 3807 3207 et

598 3251 749 3306 bant.
2281 3248 2567 3303 honorato.

524 3344 615 3397 45.
650 3342 728 3398 De
792 3340 1081 3398 Saracenis
1125 3340 1191 3396 de
1229 3339 1568 3404 Fraxeneto,
1597 3336 1687 3407 qui
1709 3342 1916 3406 partem
1940 3333 2107 3390 Italiae
2210 3361 2297 3416 δι’
2337 3361 2412 3415 De
2464 3359 2656 3416 eodem
2687 3359 2777 3430 qui
2824 3359 2889 3415 ad
2918 3358 3206 3416 Rodanum
3234 3372 3413 3429 regem
3446 3356 3582 3412 abiit
3604 3363 3661 3412 et
3685 3369 3803 3411 eum

588 3434 873 3489 vastabant
915 3441 971 3487 et
1028 3446 1197 3502 usque
1239 3431 1425 3501 Aquas
1465 3435 1846 3500 pervenerant.
2277 3451 2524 3505 adduxit.

516 3526 602 3584 41.
644 3524 721 3580 De
781 3522 1052 3579 Africanis
1110 3520 1440 3585 Saracenis,
1494 3518 1586 3589 qui
1623 3517 1906 3588 Appuliam
1934 3556 1949 3583 ,
1997 3516 2101 3571 Ca-

595 3615 817 3671 labriam
848 3654 863 3681 ,
928 3613 1294 3668 Beneventum
1355 3617 1754 3679 occupaverant
1780 3617 1835 3663 et
1862 3607 2103 3663 Garelia-

583 3722 714 3763 num
756 3716 992 3762 montem
1031 3719 1131 3775 pro
1185 3702 1484 3757 munitione
1519 3700 1808 3755 habebant.

515 3799 608 3858 ‘5.
650 3798 1082 3867 Qua'occasione
1124 3793 1380 3849 Saraceni
1420 3795 1486 3848 ab
1516 3791 1699 3846 Africa
1740 3791 1786 3830 ⁸³
1848 3790 2097 3846 exierint.

2249 3770 2301 3827 6.
2344 3770 2497 3838 Quod
2552 3770 2815 3827 Rodulfus
2838 3772 3120 3827 victoriam
3180 3785 3277 3840 per
3330 3767 3677 3824 Bonefatium
3716 3782 3797 3822 co-

2205 3565 2293 3621 65.
2370 3564 2452 3620 De
2472 3580 2646 3636 pugna
2668 3564 2811 3621 civili
2835 3565 2974 3621 inter
3002 3563 3385 3635 Berengarium
3412 3571 3466 3617 ct
3494 3557 3793 3616 Rodulfum

2278 3656 2527 3711 exhorta.

517 3890 601 3951 £6.
647 3862 798 3959 Quod
853 3888 1065 3943 Domini
1117 3888 1219 3942 hoc
1254 3886 1457 3942 factum
1498 3884 1567 3940 sit
1602 3882 1876 3938 voluntate
1902 3882 1970 3938 ob
2005 3896 2100 3936 no-

2278 3873 2500 3936 gnatum
2524 3878 2677 3919 suum
2705 3862 2957 3918 obtinuit.

548 3990 753 4039 stram
782 3979 1195 4035 correctionem.
2205 3973 2295 4029 67.
2338 3973 2600 4030 Rodulfus
2668 3988 2936 4030 consensu
2998 3974 3325 4029 ltaliensium
3397 3973 3453 4028 in
3548 3973 3792 4047 Burgun-

518 4072 608 4131 47.
653 4071 792 4139 Quia
840 4070 1077 4129 Johanes
1112 4070 1397 4127 Ravennas
1447 4085 1511 4126 eo
1570 4079 1809 4139 tempore
1838 4084 1973 4140 papa
1997 4070 2095 4124 ha-
2266 4065 2409 4120 diam
2438 4065 2595 4121 redit.

582 4163 807 4227 bebaiul‘
2197 4175 2284 4233 68.
2327 4176 2403 4233 De
2470 4175 2881 4233 Veronensibus
2937 4177 3029 4249 qui
3076 4177 3462 4250 Berengarium
3521 4178 3790 4235 consiliati

515 4256 598 4311 18.
641 4256 884 4324 Qualiter
942 4273 1038 4329 per
1074 4258 1411 4316 Theodoram
1454 4262 1796 4316 meretricem
1832 4274 1969 4333 papa
2025 4261 2096 4314 sit
2276 4275 2400 4321 sunt
2434 4266 2704 4323 occidere.

584 4347 913 4407 constitutus
947 4349 1013 4404 ⁸⁸.

505 4436 597 4496 ιθ.
645 4438 721 4499 De
756 4442 989 4512 quodam
1019 4439 1305 4506 Africano,
1345 4441 1437 4514 qui
1492 4442 1560 4497 ad
1590 4455 1783 4512 papam
1820 4440 1985 4507 venit,
2013 4440 2091 4496 ei-

575 4549 721 4605 que,
784 4536 1053 4605 quomodo
1111 4551 1232 4591 cum
1263 4534 1534 4595 Africanis
1595 4549 1836 4607 pugnare
1880 4544 2087 4606 posset,

574 4627 857 4682 consilium
894 4626 1061 4682 dedit.
1901 4647 1915 4660 ι

502 4718 592 4777 50.
638 4718 791 4792 Quod
828 4718 972 4775 idem
1020 4716 1309 4775 Africanus
1362 4717 1570 4773 insidiis
1638 4716 1829 4788 positis
1878 4724 2087 4773 ceteros

576 4808 861 4864 occiderit.

498 4902 589 4959 51.
633 4903 709 4959 De
761 4902 987 4960 consilio
1029 4901 1273 4961 Landnlﬁ
1300 4941 1318 4969 ,
1356 4900 1861 4957 Beneventanorum
1930 4899 2082 4971 prin-

2246 4881 2281 4935 ἰ.
2325 4882 2401 4935 De
2436 4879 2603 4950 regis'.
2634 4880 2891 4949 sanguine
2922 4896 3093 4951 usque
3138 4881 3190 4935 in
3221 4895 3463 4952 praesens
3496 4888 3711 4950 tempus
3735 4880 3782 4933 in

574 4996 728 5065 cipis.
2262 4972 2438 5043 lapide
2463 4982 2831 5043 permanente.

2211 4380 2298 4437 69.
2341 4381 2586 4438 Prudens
2646 4382 2789 4453 regis
2816 4382 3126 4455 Berengarii
3150 4382 3411 4439 allocucio
3439 4382 3486 4416 ⁸⁷
3519 4383 3591 4438 ad
3622 4382 3789 4438 Flam-

2122 4475 2170 4535 D
2265 4473 2498 4527 bertum.

2202 4582 2289 4637 70.
2334 4584 2408 4637 De
2437 4582 2587 4638 sciﬁ‘o
2615 4598 2780 4639 aureo
2816 4600 2845 4638 a
2899 4599 3023 4655 rege
3065 4584 3372 4640 Flamberto
3396 4585 3624 4641 tradito.

2204 4673 2294 4727 71.
2335 4673 2487 4739 Quod
2534 4672 2829 4729 Flamberti
2886 4676 3111 4732 consilio
3152 4676 3517 4745 Berengarius
3574 4691 3670 4739 rex
3722 4675 3786 4730 sit

2270 4765 2606 4821 interfectus.
