4012 5340
264 332 374 389 815

1236 322 1781 381 ANTAPODOSEOS
1821 318 1996 376 LIBRI
2035 320 2190 377 SEX.
2236 354 2298 364 -
2338 324 2467 379 LIB.
2510 324 2573 380 II.

3402 334 3403 337 “
3438 329 3542 383 8H

266 446 451 507 nime,
505 454 637 497 suus
680 436 849 510 ipsius
894 436 1033 491 filius
1086 435 1413 492 lIulodoicus
1457 452 1550 491 rex
1581 437 1789 491 cunctis
1838 451 1868 489 a
1901 440 1942 497 Α
1978 436 2209 506 indeque
2245 440 2420 493 oritur
2446 454 2622 510 pugna
2655 480 2668 503 ,
2714 438 2958 509 versique
2986 447 3133 512 terga
3166 456 3261 499 ceu
3287 444 3338 498 in
3370 444 3547 517 fugam

254 532 485 610 ipopulis
515 534 816 590 ordinatur.
851 532 1008 587 Tanti
1041 531 1273 601 denith
1316 547 1477 587 casus
1524 532 1625 585 viri
1661 532 1865 587 vicinos

252 596 576 700 ﬂIiungarios
599 670 612 693 ,
659 629 797 682 sicut
826 642 925 681 nec
953 627 1006 679 in
1051 635 1162 680 toto
1198 628 1329 679 orbe
1372 627 1661 697 degentes,
1696 626 1865 681 latere

256 701 372 775 ἰιοιι
391 720 585 790 potuit.
607 718 885 788 Siquidem
900 717 1009 771 ἰαιιὶ
1032 718 1143 772 dies
1164 715 1280 785 ejus
1298 718 1362 771 iis
1380 717 1476 771 fuit
1493 720 1638 772 omni
1660 718 1865 775 festivi-

254 823 378 869 tate
416 812 707 885 jucundior
736 852 749 875 ,
816 810 966 881 gazis
1016 811 1265 865 omnibus
1314 810 1674 880 praestantior.
1724 809 1862 877 Quid
1922 844 1923 847 η

264 904 455 976 igitur.

234 1028 237 1029 ν
330 995 389 1050 9..
431 995 615 1050 Primo
647 1009 880 1064 namque
906 993 1097 1048 mortis
1138 991 1296 1061 hujus
1333 992 1588 1062 gnatique
1615 992 1695 1047 sui
1721 993 1861 1047 ordi-

261 1091 505 1147 nationis
532 1105 699 1154 anno,
732 1104 1037 1159 permagno
1063 1090 1291 1145 collecto
1320 1091 1586 1155 exercitu,
1608 1090 1858 1145 Marava-

259 1197 457 1238 norum
480 1190 718 1253 gentem,
752 1198 822 1252 qu
838 1197 923 1235 am
944 1182 1161 1237 virtutis
1183 1197 1368 1237 eorum
1393 1182 1742 1238 amminiculo
1766 1198 1861 1237 rex

261 1274 534 1331 Arnulfus
594 1274 952 1340 subdiderat,
1014 1275 1114 1329 sibi
1184 1276 1510 1340 vendicant;
1572 1275 1859 1345 Bagoario—

259 1383 383 1421 rum
428 1368 601 1421 etiam
648 1366 783 1421 lines
830 1376 1129 1437 occupant;
1186 1376 1367 1421 castra
1418 1370 1672 1435 diruunt,
1718 1369 1861 1424 ecle-

257 1460 373 1513 sias
402 1459 529 1529 igne
558 1466 908 1521 consumunt,
940 1456 1433 1528 populosjugulant
1453 1498 1467 1521 ,
1499 1468 1555 1512 et
1584 1468 1643 1513 ut
1686 1459 1857 1530 magis

259 1548 549 1618 magisque
601 1549 913 1614 timeantur,
967 1547 1380 1603 interfectorum
1427 1563 1546 1605 sese
1595 1549 1857 1620 sanguine

254 1650 556 1803 Ροζῖῃὲξιη.
599 1732 748 1802 910.)
790 1732 1117 1788 Hulodoicus
1172 1733 1353 1802 itaque
1377 1748 1506 1797 rex,
1550 1732 1725 1803 gentis
1760 1748 1854 1787 sue

1966 529 2162 595 Turci,
2192 532 2416 586 directis
2447 533 2648 587 acriter
2688 532 2876 599 btelis,
2912 534 3071 589 idest
3099 536 3309 607 sagittis
3333 580 3345 603 ,
3378 540 3549 610 pluri-

1966 636 2083 677 mos
2111 630 2379 677 sternunt.

2654 693 2864 749 Versus.

1964 784 2205 841 Nubibus
2234 788 2577 858 omnipotens
2604 787 2956 845 Heloimcum
2988 793 3221 848 condere
3246 794 3425 864 phaabi

1924 958 1927 961 _
1963 875 2189 931 Lumina
2217 877 2539 934 chrisocomi
2571 882 2912 937 venerandus
2938 883 3143 953 ceperit
3172 886 3331 950 atris,

1964 966 2179 1023 Vertice
2199 984 2434 1039 cumth
2461 970 2617 1041 polus
2643 987 2857 1028 summo
2882 972 3139 1046 clangore
3168 978 3395 1049 remugit
3424 1019 3438 1039 ,

1962 1058 2195 1129 Fulgura
2221 1060 2411 1115 crebra
2440 1062 2629 1117 volant
2654 1063 2849 1119 throno
2871 1064 3107 1120 demissa
3138 1064 3404 1123 Tonantis

1960 1149 2117 1220 Ignea
2138 1170 2150 1204 :
2170 1168 2294 1207 mox
2320 1154 2611 1223 trepidant,
2629 1155 2720 1225 qui
2745 1156 2956 1226 nigrum
2974 1156 3025 1212 in
3047 1158 3272 1215 candida
3296 1170 3543 1226 vertunt,

1960 1245 2189 1301 Conscia
2215 1256 2327 1301 tum
2344 1256 2591 1303 metuunt
2617 1250 2884 1305 scelerum
2908 1250 3119 1307 sulcare
3142 1268 3363 1308 suorum

1960 1336 2207 1402 Pectora,
2234 1338 2394 1392 vulno
2420 1339 2469 1370 ”
2489 1339 2701 1409 pariter
2727 1342 2935 1397 ruitura
2959 1356 3194 1413 superno
3219 1362 3232 1399 :
3260 1374 3330 1385 ——-

1961 1428 2113 1485 Ilaud
2143 1445 2299 1486 secus
2320 1445 2351 1485 e
2377 1432 2562 1486 vacuis
2584 1432 2809 1487 volitant
2838 1448 3100 1490 concussa
3129 1437 3403 1506 pharetris

1960 1521 2198 1592 Spicula,
2223 1523 2543 1578 scinduntur
2567 1525 2753 1579 validm
2783 1525 2831 1557 ⁸³⁸
2860 1528 2984 1597 quis
3019 1536 3167 1605 terga
3188 1529 3392 1586 loricrc.

1958 1612 2210 1670 Concutit
2237 1616 2352 1686 ipsa
2387 1633 2549 1672 ruens
2581 1627 2794 1689 segetes
2818 1634 2945 1674 cum
2980 1620 3187 1689 grando
3215 1623 3469 1691 superba.

1958 1707 2046 1762 Fit
2071 1709 2316 1774 sonitus,
2342 1709 2671 1782 clangorque
2694 1711 2853 1767 simul
2884 1727 2981 1782 per
3014 1721 3153 1768 tecta
3187 1729 3437 1779 sonorus,

256 1797 740 1893 depopulationem
769 1824 1035 1893 lmjusque
1074 1797 1389 1895 intellegens
1434 1797 1845 1891 crudelitatem,

1959 1797 2050 1853 Sic
2079 1798 2243 1868 galea:
2273 1800 2479 1855 strictis
2505 1800 2737 1857 reboant
2762 1810 2891 1858 tunc
2916 1802 3137 1859 ensibus
3169 1804 3323 1870 ict:e,

254 1933 483 1973 suorum
513 1919 752 1973 omnium
784 1918 1002 1974 animos
1037 1920 1137 1973 hac
1164 1917 1455 1973 formidine
1494 1916 1801 1973 inflammat
1829 1959 1843 1984 ,

253 2018 319 2063 ut
343 2010 392 2064 si
418 2025 747 2079 quemquam
776 2010 916 2066 bello
940 2011 1130 2065 eodem
1148 2051 1162 2073 ,
1190 2011 1333 2081 quod
1370 2025 1500 2065 cum
1526 2010 1592 2064 iis
1622 2020 1846 2065 acturus

258 2110 430 2167 esset,
458 2101 649 2158 deesse
679 2102 1015 2173 contingeret
1039 2102 1233 2172 laqueo
1261 2101 1450 2171 procul
1485 2101 1647 2157 dubio
1675 2102 1844 2156 vitam

254 2188 461 2245 ﬁniret.
486 2192 904 2247 lnnumerabilis
926 2192 1159 2262 denique
1188 2191 1276 2246 illa
1308 2191 1485 2261 gentis
1511 2192 1560 2224 ⁸⁸
1612 2193 1847 2262 pessime

257 2281 550 2338 multitudo
596 2283 767 2353 capiis
812 2282 973 2353 hujus
1000 2283 1252 2337 maximis
1290 2282 1501 2337 obviam
1554 2297 1848 2353 properare
1898 2311 1919 2323 ν

250 2375 499 2431 festinat.
549 2373 659 2431 Nec
708 2376 893 2431 videas
940 2375 1219 2430 sitientem
1270 2374 1507 2429 animam
1566 2375 1847 2431 ardentius

252 2468 514 2523 haustum
555 2467 734 2523 laticis
772 2466 995 2537 gelidae,
1028 2481 1192 2536 quam
1234 2465 1403 2535 prazlii
1443 2466 1582 2519 diem
1632 2475 1846 2536 gentem

251 2558 397 2613 hanc
442 2558 715 2613 crudelem
760 2566 1044 2628 appetere;
1098 2572 1275 2627 neque
1322 2556 1467 2612 enim
1512 2557 1651 2612 hanc
1699 2557 1846 2613 aliud

250 2665 419 2720 quam
448 2650 740 2705 dimicasse
758 2648 932 2719 juvat.
990 2649 1058 2704 Ut
1103 2658 1284 2703 autem
1336 2663 1402 2702 ex
1428 2647 1600 2715 libro,
1647 2649 1738 2718 qui
1782 2651 1848 2704 de

247 2739 463 2811 origine
492 2740 652 2810 hujus
681 2738 994 2794 inscribitur
1024 2738 1136 2809 (75)
1172 2738 1335 2793 didici
1360 2777 1375 2803 ,
1404 2738 1597 2792 horum
1646 2746 1849 2796 matres

250 2844 377 2884 mox
402 2830 589 2900 pueris
616 2829 775 2885 editis
799 2829 942 2885 ferro
978 2828 1294 2884 acutissimo
1317 2828 1362 2869 ⁸ο
1396 2827 1591 2884 faciem
1619 2840 1803 2885 secant
1831 2873 1847 2899 ,

246 2920 461 2976 scilicet
498 2930 589 2988 ut,
620 2931 912 2993 antequam
942 2921 1099 2977 lactis
1142 2921 1479 2976 nutrimenta
1505 2923 1841 2994 percipiant,

250 3011 538 3066 vulnerum
587 3013 931 3067 tolerantiam
979 3013 1166 3068 subire
1208 3021 1493 3081 cogantur.
1538 3014 1678 3069 Dant
1723 3015 1849 3071 huic

249 3105 543 3159 assertioni
566 3106 726 3160 fidem
756 3105 975 3161 vulnera
994 3121 1120 3175 quae
1147 3120 1246 3175 pro
1269 3104 1641 3161 deficientium
1665 3107 1850 3164 dolore

1950 1888 2187 1960 Corpora
2216 1890 2405 1961 sicque
2433 1892 2635 1949 cadunt
2660 1893 2864 1949 mutuis
2889 1894 3138 1951 confossa
3174 1896 3407 1968 sagittis.

2018 1978 2138 2036 Jam
2178 1983 2461 2053 septimam
2509 1983 2847 2041 descendens
2886 1985 3125 2042 thbus
3179 1998 3545 2059 occupaverat

1947 2072 2160 2138 horam,
2187 2082 2241 2129 et
2266 2088 2495 2130 serenus
2544 2075 2723 2131 adhuc
2776 2076 3057 2133 Ilulodoici
3109 2078 3357 2149 partibus
3397 2078 3545 2136 Mars

1948 2163 2183 2231 favebat,
2210 2181 2336 2220 cum
2370 2165 2557 2233 Turci,
2585 2168 2727 2223 sicut
2766 2184 2875 2224 non
2934 2169 3194 2239 incallidi,
3240 2173 3432 2244 positis
3473 2190 3542 2230 ex

1948 2257 2177 2312 adverso
2205 2257 2436 2325 insidiis,
2486 2258 2667 2332 fugam
2697 2260 2978 2318 simulant.
3028 2263 3177 2332 Quos
3224 2266 3353 2321 dum
3398 2268 3547 2337 regis

1947 2348 2196 2419 populus,
2220 2350 2325 2405 doli
2351 2350 2594 2421 ignarus,
2619 2352 2820 2423 impetu
2842 2353 3175 2410 validissimo
3197 2367 3546 2428 sequeretur,

1947 2439 2096 2495 omni
2127 2440 2394 2510 prodeunt
2417 2455 2486 2497 ex
2534 2452 2691 2513 parte
2724 2443 2960 2511 insidiae,
2998 2452 3060 2499 et
3101 2445 3388 2515 quasivicti
3443 2446 3547 2516 ipsi

1949 2534 2187 2590 victores
2239 2535 2584 2591 interimunt.
2613 2535 2731 2592 Rex
2765 2537 2881 2607 ipse
2930 2551 2963 2593 e
3012 2538 3215 2594 victore
3241 2553 3304 2595 se
3342 2539 3547 2596 victum

1949 2641 2071 2683 esse
2102 2628 2362 2694 miratur;
2394 2627 2560 2699 (itque
2590 2627 2668 2682 illi
2694 2643 2801 2683 non
2828 2628 3080 2699 opinatus
3106 2629 3329 2700 gravior
3361 2644 3541 2685 casus.

1951 2718 2179 2774 Videres
2204 2718 2453 2788 equidem
2486 2717 2658 2773 saltus
2678 2757 2693 2784 ,
2722 2734 2882 2791 agros
2906 2759 2923 2784 ,
2954 2719 3156 2790 passim
3189 2719 3547 2776 cadaveribus

1950 2821 2171 2878 stratos,
2208 2813 2355 2867 rivos
2385 2820 2440 2867 et
2462 2810 2684 2867 flumina
2710 2812 2972 2884 sanguine
3012 2813 3283 2883 permixta
3314 2814 3541 2879 rubere;

1954 2912 2083 2960 tunc
2105 2904 2350 2959 hinnitus
2375 2904 2597 2973 equum,
2620 2902 2953 2973 clangorque
2982 2903 3255 2968 tubarum,
3276 2902 3547 2972 fugientes

1949 2996 2117 3051 etiam
2146 3006 2310 3065 atque
2333 2995 2498 3050 etiam
2532 3001 2759 3062 terrere,
2784 3003 3173 3067 persequentes
3210 2995 3384 3067 magis
3426 3010 3544 3052 ma-

1952 3088 2143 3158 gisque
2173 3087 2400 3143 hortari.

249 3198 581 3268 propinqum
609 3198 655 3230 ⁹⁶
679 3199 922 3254 vivorum
955 3198 1273 3267 corporibus
1325 3196 1661 3268 inﬂiguntur.
1696 3198 1837 3253 San—
1874 3175 1920 3239 δ
2024 3178 2076 3233 5-
2117 3177 2382 3248 Ηυηείιτίὶ
2411 3188 2676 3249 Waller“
2701 3186 2979 3252 θοηὶβοίθδ
3001 3186 3049 3221 ’⁸
3072 3180 3156 3235 ευί
3180 3179 3378 3245 “rem:
3403 3180 3548 3236 ουδ’

247 3291 578 3359 guinemque
595 3291 637 3323 ⁹¹
668 3297 829 3359 prout
850 3287 987 3345 ἄθεοι
1011 3291 1098 3344 καὶ
1122 3288 1334 3348 ἁσεϐοῖς
1352 3284 1464 3344 ἄντι
1485 3295 1585 3344 τῶν
1609 3287 1848 3367 δακρύων

250 3380 398 3434 athei
433 3379 501 3433 ke
546 3380 722 3433 asevis
745 3380 857 3433 anti
900 3390 991 3434 ton
1018 3379 1240 3434 dacrion
1264 3418 1279 3443 ,
1310 3377 1364 3432 id
1393 3387 1477 3432 est
1502 3378 1621 3434 sine
1657 3380 1765 3433 Deo
1796 3387 1850 3434 et

248 3469 401 3539 impii
430 3486 528 3540 pro
556 3470 817 3537 lacrimis,
847 3470 1094 3525 fundunt.
1125 3466 1361 3537 Jamjam
1386 3483 1483 3523 rex
1506 3468 1837 3525 Hulodoicus

240 3561 478 3616 collecta
507 3560 847 3617 multitudine
869 3563 1166 3633 Augustam
1195 3569 1455 3626 venerat,
1496 3576 1618 3631 quas
1641 3570 1725 3616 est
1767 3564 1821 3617 in

245 3648 552 3707 Suevorum
575 3692 589 3717 ,
620 3652 1035 3723 Bagoariorum,
1095 3667 1191 3707 seu
1228 3650 1572 3706 orientalium
1610 3652 1847 3708 Franco-

257 3758 382 3797 rum
413 3742 650 3798 conﬁnio
682 3744 875 3798 civitas
900 3783 917 3809 ,
963 3759 1086 3798 cum
1125 3744 1397 3812 insperata
1417 3783 1431 3809 ,
1461 3742 1631 3812 magis
1658 3752 1837 3797 autem

260 3850 373 3890 non
400 3844 589 3905 optata
621 3875 637 3901 ,
671 3834 851 3906 gentis
894 3835 1055 3905 hujus
1093 3837 1376 3890 nuntiatur
1419 3835 1688 3891 vicinitas.
1740 3836 1838 3891 Se-

244 3925 438 3992 quenti
467 3925 630 3996 igitur
651 3927 739 3981 die
758 3941 916 3982 secus
941 3925 1201 3981 Lemanni
1218 3926 1329 3997 (74)
1343 3923 1578 3979 fluminis
1596 3939 1839 3995 campos,

253 4013 452 4069 Martio
474 4016 629 4086 operi
656 4017 957 4088 capacitatc
979 4017 1061 4073 sui
1083 4026 1258 4088 aptos,
1288 4026 1531 4087 utraeque
1553 4017 1698 4073 acies
1711 4033 1841 4073 con-

248 4118 470 4161 venere.

320 4232 378 4279 4.
416 4223 580 4282 Prius
604 4229 787 4300 itaque
815 4247 881 4287 ac

369 4335 541 4395 Titonl
564 4355 792 4393 croceum
814 4342 1063 4406 linqueret
1094 4344 1283 4394 Aurora
1307 4340 1469 4392 cubile
1485 4337 1616 4407 (75),

243 4471 647 4541 Hungariorum
690 4483 844 4542 gens,
877 4468 1026 4525 necis
1051 4469 1243 4523 sitiens
1267 4510 1282 4534 ,
1311 4469 1433 4524 belli
1474 4469 1651 4535 avida,
1696 4470 1797 4525 hos
1825 4511 1840 4534 ,

1956 3270 2255 3326 stianorutn
2281 3272 2384 3327 hac
2411 3280 2522 3326 tam
2550 3274 2797 3328 inmensa
2822 3273 2869 3305 "
2892 3286 3025 3328 nece
3043 3273 3282 3343 propriae
3310 3288 3417 3328 non
3453 3287 3545 3327 sa-

1953 3364 2206 3421 tisfecere
2222 3367 2530 3436 .nequiciae;
2562 3366 2656 3422 sed
2680 3366 2885 3423 rabiem
2909 3376 2967 3421 ut
2988 3366 3229 3437 perfidiae
3256 3367 3545 3433 satiarent,

1950 3456 2375 3528 Bagoariorum,
2441 3457 2783 3524 Suevorum,
2839 3458 3213 3524 Francorum,
3266 3460 3545 3517 Saxonum

1950 3549 2133 3602 omnia
2161 3547 2507 3619 deﬂagrando
2532 3563 2697 3618 regna
2736 3558 3079 3617 percurrunt.
3113 3548 3224 3604 Nec
3254 3549 3544 3621 quisquam

1949 3648 2089 3704 erat,
2119 3641 2210 3710 qui
2248 3640 2442 3695 horum
2468 3638 2839 3711 praesentiam,
2868 3639 2971 3693 nisi
3004 3638 3189 3695 labore
3238 3655 3345 3695 non
3376 3655 3544 3711 parvo

1949 3738 2211 3785 naturave
2265 3730 2647 3785 munitissimis
2702 3728 3107 3800 praestolaretur
3152 3728 3205 3785 in
3264 3729 3417 3794 locis,
3466 3730 3544 3786 fa-

1947 3829 2179 3891 ctusque
2214 3826 2297 3875 est
2340 3834 2438 3891 per
2492 3818 2780 3876 nonnullos
2814 3818 3043 3891 populus
3086 3819 3178 3876 hic
3224 3819 3543 3876 tributarius

1949 3929 2141 3970 annos.
2528 3960 2531 3965 λ

2020 4007 2072 4062 6.
2113 4010 2160 4044 ³⁷
2189 4006 2360 4077 llujus
2384 4015 2628 4078 tempore
2651 4006 2974 4063 Adelbertus
2997 4006 3238 4077 quidam,
3270 4021 3375 4062 non
3412 4008 3534 4079 qui-

1948 4102 2081 4159 libet
2104 4102 2198 4157 sed
2226 4115 2456 4172 magnus
2479 4100 2570 4155 ille
2614 4101 2801 4165 heros,
2842 4100 3172 4157 simultatem
3207 4115 3314 4157 non
3365 4103 3543 4159 modi-

1949 4210 2069 4251 cam
2101 4196 2155 4250 in
2178 4194 2400 4251 castello
2426 4194 2473 4238 θ’
2508 4194 2772 4252 vocabulo
2804 4194 3137 4266 Bavemberg
3189 4204 3381 4250 contra
3422 4211 3540 4251 rem

1950 4287 2217 4360 publicam
2239 4286 2536 4349 exercebat
2577 4286 2690 4358 (an.
2719 4285 2868 4358 906).
2898 4284 3043 4357 Sepe
3083 4287 3285 4342 etenim
3313 4302 3408 4342 rex
3432 4286 3541 4342 Ilu-

1950 4380 2192 4436 lodoicus
2218 4379 2560 4452 congregatis
2605 4379 2860 4434 omnibus
2907 4392 3070 4448 super
3111 4392 3236 4433 eum
3283 4378 3538 4433 irruerat.

1949 4473 2048 4529 Cui
2078 4472 2386 4527 nominatus
2431 4471 2592 4526 heros
2623 4485 2730 4525 non
2760 4468 2915 4537 juxta
2944 4468 3245 4535 castellum,
3272 4478 3330 4523 ut
3358 4480 3389 4523 a
3428 4469 3543 4537 ple»

240 4566 497 4623 videlicet
536 4564 893 4627 christianos,
959 4563 1135 4618 adhuc
1195 4562 1453 4632 opprimit
1498 4563 1833 4628 oscitantes;
1867 4551 1915 4609 Ῑ)
1942 4563 2128 4633 risque
2178 4560 2412 4626 assolet,
2472 4560 2566 4616 sed
2618 4558 2807 4631 procul
2864 4575 2893 4615 a
2942 4558 3243 4615 munitione
3269 4568 3545 4628 praeparat

240 4656 531 4713 nonnullos
556 4668 792 4724 namque
820 4652 1027 4723 spicula
1062 4653 1210 4723 prius
1232 4667 1393 4723 quam
1421 4654 1689 4709 clamores
1715 4654 1827 4709 evi-

245 4750 519 4821 gilarunt,
548 4747 687 4802 alios
718 4759 848 4801 vero
878 4744 1146 4800 cubilibus
1187 4744 1466 4803 confossos
1488 4760 1662 4815 neque
1690 4753 1828 4800 stre-

242 4840 384 4910 pitus
408 4854 586 4909 neque
607 4837 831 4891 vulnera
854 4836 1135 4890 exitarunt
1155 4836 1236 4901 ⁹¹;
1284 4836 1447 4890 citius
1468 4835 1613 4890 enim
1667 4837 1735 4891 ab
1763 4836 1828 4890 iis

248 4930 468 5001 spiritus
504 4927 754 4993 recessit,
784 4934 946 5002 atque
987 4940 1228 4982 somnus.
1261 4924 1453 4981 Gravis
1483 4924 1667 4996 itaque
1703 4926 1830 4981 hinc

1106 5141 1134 5150 Α
1512 5142 1540 5150 -

1938 4654 2160 4709 bellum.
2211 4651 2379 4725 Regis
2424 4652 2625 4707 etenim
2676 4651 2876 4706 milites
2928 4649 3243 4725 priusquam
3298 4660 3357 4702 re
3413 4648 3529 4717 ipsa

1936 4743 2096 4815 hujus
2119 4743 2395 4798 audatiam
2419 4742 2773 4805 mirarentur.
2798 4755 2976 4814 regem
2999 4748 3306 4809 praeeuntes
3333 4753 3530 4808 pugna:

1936 4835 2183 4905 proludio
2218 4835 2363 4889 hunc
2394 4842 2547 4888 extra
2578 4842 2819 4890 castrum
2872 4831 3075 4886 illicere
3114 4839 3284 4901 atque
3314 4826 3529 4881 interti-

1938 4940 2065 4982 cere
2095 4925 2430 4997 cogitabant.
2480 4922 2804 4982 Adelbertus
2852 4922 3035 4990 itaque
3058 4916 3300 4988 proludii
3343 4914 3541 4982 hujus.

1582 5036 1770 5092 ARIZE
1810 5037 2213 5095 LECTIONES.

2912 5134 3015 5150 .I“
3200 5146 3209 5150 -
3364 5145 3426 5150 7a..
3462 5148 3469 5149 κ
3522 5137 3538 5150 ι
