4012 5340
484 296 588 353 815

1477 287 1892 348 LIUTPRANDI
1930 281 2412 343 CREMONENSIS
2451 280 2755 339 EPISCOPI

3617 283 3746 339 ῖ⁴816

484 407 629 464 mut
680 421 786 462 non
828 406 1000 462 solum
1049 419 1272 476 gnarus,
1303 419 1495 459 verum
1553 404 1715 459 etiam
1763 402 2060 465 debriatus,
2094 405 2141 464 Α
2175 412 2270 469 ges
2300 395 2530 461 dederit,
2556 410 2691 466 quas
2721 395 2874 449 nobis
2921 395 3107 449 turbas
3144 393 3334 464 egerit,
3367 401 3500 463 quot
3541 395 3751 465 rapina-

483 500 696 555 obviam
726 498 813 554 his
847 492 954 553 tam
998 497 1154 568 longe
1181 506 1417 551 a-castro
1464 502 1830 566 processerat,
1859 503 1918 548 ut
1959 510 2066 549 non

485 594 631 648 hunc
653 591 853 646 milites
879 605 1117 657 eousque
1163 605 1229 645 ex
1278 589 1602 644 adversariis
1633 603 1752 644 esse
1779 603 2071 658 cognosce-

483 695 628 752 rent,
660 685 836 756 quoad
883 700 1072 739 eorum
1126 682 1430 738 cervicibus
1475 683 1630 737 istius
1670 697 1857 737 mucro
1910 681 2070 736 czedis

482 781 760 854 inpaciens
809 781 1094 835 deseviret.
1151 779 1319 850 Igitur
1363 793 1487 835 cum
1557 778 1837 848 septennio
1899 777 2071 832 ferme

480 873 807 929 Adelbertus
834 874 994 927 heros
1039 871 1384 927 rebellionem
1425 870 1730 941 hujusmodi
1767 881 2066 935 exerceret,

481 966 662 1020 sciens
685 965 1014 1020 Hulodoicus
1047 966 1205 1020 istius
1236 965 1452 1020 audatie
1496 965 1866 1020 fortitudinem
1895 965 2068 1019 haud-

481 1071 753 1126 quaquam
785 1070 843 1110 se
891 1056 995 1110 nisi
1027 1056 1478 1127 tergiversatione
1507 1059 1739 1125 quadam
1780 1071 1941 1126 posse
1979 1056 2070 1112 dc-

449 1181 454 1188 ›
478 1139 721 1213 vincere,
747 1147 1035 1203 Hattonem
1064 1149 1384 1219 Magontiuae
1413 1149 1557 1205 sedis
1581 1149 2065 1220 archiepiscopum,

484 1239 613 1309 quid
637 1239 738 1295 sibi
767 1255 933 1310 super
962 1240 1065 1295 hac
1094 1255 1152 1294 re
1205 1240 1508 1294 faciendum
1563 1248 1727 1304 esset,
1775 1240 2065 1294 consuluit.

483 1331 608 1397 Qui,
641 1339 700 1385 ut
725 1340 843 1385 erat
873 1331 1112 1385 versutie
1141 1331 1346 1400 pollens
1384 1349 1398 1384 :
1437 1351 1453 1383 α
1485 1330 1702 1396 Desine,
1733 1331 1840 1396 ait;
1875 1346 1974 1400 ego
2019 1340 2070 1386 te

485 1438 737 1480 securum
766 1424 833 1479 iis
881 1424 1336 1480 sollicitudinibus
1376 1425 1618 1478 reddam.
1672 1425 1803 1496 Ego,
1855 1434 1913 1480 ut
1959 1435 2069 1481 tete

481 1517 755 1582 adveniat,
784 1518 1116 1588 providebo;
1151 1529 1227 1583 tu,
1256 1533 1324 1572 ne
1356 1519 1559 1582 redeat,
1597 1528 1804 1573 curato.
1839 1539 1856 1570 ›
1908 1519 2068 1574 Hatto

480 1609 663 1679 itaque
697 1609 862 1663 animi
912 1609 1259 1676 confidentia,
1295 1625 1398 1680 qua
1438 1610 1724 1664 nonnullas
1755 1626 1841 1665 res
1871 1626 1935 1665 ex
1985 1613 2068 1664 in-

479 1700 720 1756 fortunio
764 1703 1030 1757 secundas
1082 1701 1358 1768 effecerat,
1410 1703 1700 1770 animatus,
1740 1702 2069 1774 Bavemherg

479 1793 635 1863 quasi
668 1793 1018 1848 Adelbertum
1053 1793 1186 1848 adiit
1240 1810 1642 1865 compassurus.
1697 1793 1792 1849 Cui
1845 1802 1898 1850 et
1943 1795 2019 1848 ait
2051 1807 2141 1866 γη

487 1901 506 1935 ι
548 1883 606 1938 Si
637 1893 692 1939 et
719 1899 826 1939 non
857 1885 1016 1939 aliam
1054 1885 1216 1939 vitam
1245 1897 1441 1956 praeter
1485 1887 1776 1941 instantem
1828 1896 2066 1956 putares,

483 1981 666 2028 tamen
722 1972 920 2041 injuste
966 1973 1197 2037 faceres,
1242 1975 1384 2046 quod
1433 1976 1652 2030 domino
1706 1984 1799 2031 tuo
1854 1977 2071 2032 rebellis

481 2063 763 2128 existeres,
792 2067 1091 2136 praisertim
1117 2083 1238 2122 cum
1264 2075 1317 2123 et
1345 2069 1487 2138 quod
1511 2069 1648 2140 agis,
1678 2068 1843 2124 facias
1868 2072 2068 2138 gratis;

481 2169 547 2210 eo
577 2154 722 2210 enim
755 2172 863 2226 quo
894 2156 1180 2214 ferocitate
1211 2160 1377 2214 animi
1420 2160 1658 2216 vinceris
1707 2161 1842 2233 (76),
1897 2177 2072 2231 quan-

483 2253 597 2299 tum
627 2246 696 2300 ab
727 2249 997 2313 omnibus,
1029 2250 1297 2320 przecipue
1323 2266 1355 2305 a
1386 2266 1512 2323 rege
1541 2252 1801 2324 diligaris,
1835 2267 1940 2307 non
1992 2254 2097 2307 in»

484 2337 714 2409 tellegis.
743 2338 1059 2395 Consulenti
1099 2342 1284 2412 itaque
1331 2343 1463 2397 mihi
1495 2342 1653 2398 fidem
1685 2341 1943 2411 admitte;
1965 2343 2075 2414 jus-

477 2429 768 2498 jurandum
827 2433 1044 2502 accipe,
1077 2449 1184 2503 quo
1231 2434 1348 2489 sine
1396 2435 1563 2489 animi
1611 2434 1963 2490 vacillatione
2005 2428 2073 2490 de

486 2521 712 2576 castello
755 2522 904 2578 exire
957 2523 1139 2579 valeas
1169 2532 1224 2580 et
1268 2525 1466 2581 redire.
1525 2526 1582 2580 Si
1633 2526 1921 2582 sacerdotii
1968 2527 2073 2582 mei

487 2613 940 2681 promiSsionihus
975 2615 1196 2670 minime
1225 2617 1424 2683 credis,
1446 2614 1759 2686 iuramento
1785 2618 1976 2672 saltem
2008 2634 2075 2673 ne

485 2700 718 2770 diﬁldas,
747 2705 1002 2775 quoniam
1045 2717 1105 2761 ut
1149 2715 1200 2763 te
1231 2707 1436 2763 salvum
1461 2718 1514 2764 et
1541 2709 1864 2765 incolumem
1897 2711 1962 2766 de
1986 2726 2076 2766 ca-

489 2793 648 2850 stello
677 2795 778 2851 hoc
824 2797 1090 2860 eduxere,
1144 2797 1217 2852 ita
1269 2807 1323 2852 et
1375 2800 1638 2854 reducere
1683 2801 2006 2871 procurabo.
2050 2821 2068 2853 ι

451 2915 456 2921 η
488 2883 814 2939 Adelbertus
837 2885 999 2956 igitur
1026 2886 1328 2955 lmjusmodi
1354 2889 1510 2944 melle
1533 2889 1864 2946 dulcioribus
1886 2892 2077 2963 elogiis

491 2971 782 3039 delibutus,
817 2974 982 3030 immo
1006 2977 1285 3047 deceptus,
1325 2977 1702 3047 jusjurandum
1746 2981 1814 3035 ab
1843 2981 2076 3038 Hattone

489 3069 720 3138 accepit,
757 3085 1005 3141 eumque,
1032 3082 1092 3127 ut
1123 3087 1302 3128 secum
1332 3075 1643 3144 pranderet,
1668 3075 1912 3145 protinus
1943 3077 2077 3132 invi-

2169 505 2288 545 rum
2337 497 2393 544 et
2441 487 2814 542 incendiorum
2857 486 3150 541 intortunia
3193 486 3349 541 nobis
3383 485 3651 554 intulerit,
3700 503 3753 542 re

2169 581 2283 650 ipsa
2313 580 2491 650 potius
2520 594 2681 648 quam
2713 579 2858 632 fama
2886 578 3165 634 deferente
3188 580 3556 649 percepimus.
3609 578 3758 635 Unt’a

2169 681 2226 725 et
2260 671 2586 726 sententiam
2619 679 2878 734 vestram,
2903 685 3000 739 pro
3030 671 3131 725 hoc
3162 678 3270 724 tam
3317 669 3585 740 prmclaro
3629 668 3756 724 faci«

2169 777 2304 817 nere
2349 763 2481 832 quid
2529 763 3047 832 recompensationis
3093 762 3563 832 iuprt‘csentiarum
3618 764 3759 816 acci-

2170 855 2303 925 piat,
2332 863 2702 926 expectamus.
2737 875 2754 907 ι
2791 855 2892 922 Qui
2920 855 3159 910 omnium
3187 855 3427 921 decreto,
3460 855 3756 909 secundum

2168 947 2469 1016 priscorum
2499 946 2744 1002 instituta
2777 961 2986 1018 regum,
3011 943 3309 1015 majestatis
3335 961 3460 1001 reus
3485 945 3754 1014 adjudicao

2173 1047 2279 1104 lus,
2303 1038 2479 1109 capite
2509 1047 2815 1094 truncatur.
2846 1038 3047 1094 Verum
3079 1040 3204 1094 dum
3250 1041 3466 1094 vinctus
3517 1039 3748 1094 trahere

2173 1139 2260 1187 tur
2293 1132 2361 1186 ad
2387 1140 2638 1198 mortem,
2668 1131 2955 1187 Hattonem
2983 1132 3212 1186 intuitus
3237 1149 3251 1185 :
3286 1150 3307 1181 ‹
3338 1131 3596 1201 Perjurii,
3621 1131 3758 1195 infit,

2172 1239 2299 1278 reus
2331 1225 2461 1289 eris,
2503 1223 2547 1277 si
2581 1230 2779 1278 memet
2806 1238 2994 1277 necem
3020 1225 3296 1278 incurrere
3327 1223 3391 1253 ¹⁰¹
3425 1222 3585 1276 sinis.
3619 1241 3642 1274 ι
3665 1221 3759 1276 Cui

2170 1313 2332 1370 Hatto
2367 1315 2432 1346 ¹⁰²
2464 1333 2477 1368 :
2511 1332 2528 1365 ι
2561 1313 2765 1368 Sanum
2794 1321 2867 1380 te,
2897 1314 3094 1383 inquit,
3124 1329 3154 1368 e
3203 1322 3384 1368 castro
3415 1313 3760 1373 educturum.

2173 1407 2244 1460 ita
2275 1415 2328 1460 et
2359 1406 2709 1460 reducturum
2735 1406 2994 1475 promisi;
3018 1405 3160 1475 quod
3191 1419 3275 1459 me
3305 1413 3436 1460 tunc
3459 1404 3764 1474 complesse

2171 1498 2433 1562 intellexi,
2459 1501 2672 1554 cum‘te
2693 1513 2723 1553 e
2749 1499 2974 1553 castello
2995 1499 3271 1563 eductum,
3304 1497 3515 1551 salvum
3541 1506 3596 1550 et
3622 1497 3767 1551 inco.

2171 1592 2368 1647 lumem
2399 1591 2465 1623 "3
2499 1607 2660 1661 quam
2690 1607 2814 1645 mox
2839 1592 2890 1645 in
2917 1592 3197 1646 castellum
3223 1591 3432 1644 reduxi.
3469 1610 3487 1642 ι
3526 1589 3669 1644 Tum
3709 1607 3763 1644 se

2172 1682 2312 1736 istuc
2358 1681 2642 1736 advenisse
2678 1680 2866 1735 dolens
2907 1691 2962 1736 et
3005 1680 3258 1735 llattonis
3291 1679 3362 1710 ¹⁰⁶
3395 1679 3584 1734 dolum
3620 1679 3768 1733 tarde

2173 1772 2506 1831 intellexisse
2539 1772 2842 1841 suspirans,
2874 1783 2983 1824 tam
3027 1772 3225 1826 invitus
3271 1770 3662 1840 spieulatorcm
3687 1784 3768 1824 se-

2170 1865 2380 1934 quitur,
2408 1879 2568 1933 quam
2597 1849 2829 1918 libenter
2856 1864 3086 1927 viveret,
3115 1863 3158 1916 si
3196 1863 3405 1916 liceret.

2244 1955 2296 2010 7.
2341 1954 2536 2010 Paucis
2582 1955 2747 2025 igitur
2795 1955 3128 2024 interpositis
3168 1954 3347 2018 annis,
3403 1969 3531 2009 cum
3590 1952 3770 2008 nullus

2171 2053 2338 2112 esset,
2381 2046 2471 2116 qui
2519 2046 2570 2099 in
2617 2045 2869 2100 orientali
2927 2045 3218 2101 australive
3268 2045 3424 2116 plaga
3470 2045 3770 2116 Hungariis

2173 2139 2455 2194 resisteret
2479 2169 2551 2178 ——
2583 2155 2706 2193 nam
2729 2138 3104 2209 Bulgariorum
3135 2148 3348 2210 gentem
3371 2148 3538 2208 atque
3566 2139 3768 2195 Greco—

2175 2243 2294 2281 rum
2327 2227 2670 2282 tributariam
2700 2226 2944 2282 fecerant
2968 2258 3038 2270 -
3069 2242 3136 2282 ne
3155 2229 3286 2298 quid
3314 2230 3662 2298 inexpertum
3688 2229 3767 2284 his

2173 2327 2336 2383 esset,
2369 2333 2488 2387 quae
2510 2317 2613 2373 sub
2641 2319 2941 2374 meridiano
2970 2329 3130 2390 atque
3159 2321 3482 2376 occidentali
3507 2321 3768 2392 degerent

2173 2409 2389 2466 climate
2439 2411 2618 2466 visere
2661 2421 2917 2481 satagunt
2971 2414 3237 2470 nationes.
3285 2414 3539 2468 lnmenso
3587 2413 3770 2482 itaque

2175 2501 2669 2572 inuumerabilique
2717 2503 2943 2559 collecto
2995 2506 3257 2572 exercitu,
3289 2506 3548 2561 miseram
3581 2514 3772 2575 petunt

2173 2592 2402 2648 Italiam.
2437 2585 2681 2664 Cumque
2705 2594 2858 2664 juxta
2889 2594 3110 2651 fluvium
3137 2596 3393 2653 Brentam
3427 2597 3629 2652 deﬁxis
3652 2606 3768 2651 leno

2178 2683 2406 2751 toriolis,
2435 2684 2602 2740 immo
2632 2686 2974 2752 centonibus,
3011 2688 3188 2743 triduo
3224 2688 3668 2758 exploratoribus
3693 2687 3771 2740 di-

2177 2776 2363 2842 rectis,
2394 2784 2552 2830 terrze
2581 2774 2745 2830 situm
2787 2777 3071 2848 gentisque
3115 2777 3518 2832 multitudinem
3548 2793 3651 2832 seu
3686 2792 3770 2833 ra.

2177 2866 2391 2920 ritatem
2439 2865 2854 2921 conciderarent
2903 2864 3070 2937 (78),
3126 2868 3510 2937 repedantibus
3562 2867 3771 2930 nuntiis

2179 2955 2484 3025 lmjusmodi
2540 2971 2798 3027 responsa
2854 2958 3154 3028 suscipiunt
3199 2975 3213 3012 :
3276 2977 3295 3010 ι
3352 2957 3621 3013 Planities
3674 2958 3772 3012 hcc

2181 3047 2455 3104 nonnullis
2483 3047 2641 3118 plena
2689 3048 3007 3116 colonobus,
3054 3065 3182 3114 uno,
3209 3058 3270 3104 ut
3311 3050 3561 3115 cernitis,
3595 3065 3666 3104 ex
3697 3048 3773 3102 la-

457 3137 645 3216 ~tavit.
699 3160 860 3218 Hatto
901 3137 1034 3218 vero
1082 3137 1575 3236 tergaversationis,
1607 3137 1769 3238 quam
1821 3185 2075 3227 exercere
2103 3160 2146 3222 C
2180 3145 2312 3238 ίθνθ,
2350 3138 2647 3238 Ψ⁰“,¹ίι)¹¹³,
2677 3139 2993 3238 ῗδρθῗτίωίδ
3038 3149 3200 3238 ‘3‘?“
3250 3137 3544 3204 fertilibus’
3603 3138 3772 3238 allii")

488 3261 613 3323 post
661 3255 940 3332 paululum
988 3269 1230 3327 ceperat,
1279 3275 1386 3315 non
1438 3261 1733 3327 inmemor,
1779 3261 1968 3317 eodem
2015 3278 2075 3319 se

489 3346 904 3417 haudquaquam
933 3363 1258 3417 pransurum
1287 3349 1614 3406 omnimodis
1645 3352 1940 3408 interdixit.
1968 3351 2077 3408 Nec

490 3451 666 3504 mora,
696 3435 861 3492 Hatto
891 3437 958 3493 de
1006 3439 1229 3496 castello
1264 3443 1560 3510 egreditur.
1605 3443 1769 3515 Cujus
1797 3445 2074 3500 dexteram

489 3526 813 3584 Adelbertus
834 3538 1042 3596 tenens,
1070 3546 1192 3587 mox
1215 3546 1338 3586 eum
1369 3535 1732 3604 prosequitur.
1757 3535 1927 3602 Quem
1953 3551 2074 3591 cum

489 3627 645 3671 extra
678 3619 961 3674 castellum
992 3619 1157 3676 Hatto
1183 3623 1523 3692 conspiceret
1549 3642 1562 3678 :
1603 3642 1622 3674 ‹
1654 3625 1906 3690 Paenitet,
1936 3626 2073 3692 infit,

490 3722 598 3774 me,
627 3708 789 3765 heros
813 3711 1050 3782 egregie,
1081 3713 1222 3782 quod
1247 3715 1540 3769 secundum
1569 3723 1716 3768 tuum
1745 3716 2074 3781 consultum,

465 3801 792 3868 praesertim
839 3817 964 3856 cum
1007 3803 1324 3875 perlongum
1369 3805 1474 3861 iter
1521 3806 1832 3874 immineat,
1879 3823 2078 3877 corpus

492 3891 673 3948 edulio
717 3893 896 3963 aliquo
942 3909 1048 3949 non
1102 3895 1405 3952 refecerim.
1461 3914 1480 3948 ι
1537 3896 1796 3968 Ignorans
1845 3899 2076 3970 denique

477 3981 841 4050 Adelberlus,
871 3985 1130 4055 Quantum
1162 3986 1486 4042 incommodi
1532 3978 1863 4059 quantumve
1910 3991 2080 4047 infor-

496 4075 632 4130 tunii
665 4077 782 4132 tunc
804 4078 1074 4132 sententia
1103 4079 1298 4135 habeat
1325 4097 1338 4133 :
1377 4099 1394 4132 ι
1430 4080 1810 4150 Revertamur,
1857 4084 1953 4147 ait,
1985 4084 2076 4139 do-

496 4164 642 4220 mine
667 4165 761 4231 mi,
809 4176 865 4222 et
913 4182 981 4222 ne
1028 4167 1221 4239 jejunii
1251 4170 1297 4202 ⁹⁹
1348 4173 1714 4228 maceratione
1757 4190 1952 4244 corpus
2003 4185 2080 4230 ta-

495 4257 703 4324 bescat,
753 4257 874 4311 cibo
913 4259 1104 4314 saltem
1135 4261 1407 4332 paululum
1451 4272 1714 4320 recreato.
1753 4284 1772 4317 »
1806 4266 2077 4322 Conivens

475 4347 686 4418 .itaque
711 4347 828 4419 ejus
850 4350 1211 4418 peticionibus
1235 4352 1418 4420 Hatto,
1447 4370 1544 4426 per
1561 4369 1723 4426 quam
1746 4371 1867 4412 eum
1890 4358 2078 4413 eduxit

500 4439 593 4507 ⁸⁸⁸,
639 4441 919 4510 repedavit
960 4451 1015 4498 et
1067 4445 1330 4503 reducens
1381 4448 1602 4504 dextera
1663 4459 1871 4505 tenens.
1920 4449 2073 4504 llaud

499 4545 674 4598 mora,
699 4529 854 4587 cibus
879 4533 1131 4602 sumitur,
1159 4544 1320 4607 atque
1363 4539 1431 4594 ab
1471 4539 1551 4595 eis
1581 4539 1669 4596 die
1697 4543 1884 4598 eadem
1909 4557 2082 4613 usque

499 4627 568 4681 ad
595 4641 777 4698 regem
826 4638 1167 4700 properatur.
1213 4632 1432 4688 Clamor
1462 4634 1515 4689 in
1560 4635 1756 4691 castris
1793 4637 1985 4702 oritur,
2021 4638 2081 4693 fit

487 4717 767 4772 tumultus
786 4733 894 4773 non
918 4721 1178 4785 modicus.
1209 4725 1464 4792 quoniam
1506 4725 1722 4794 quidem
1761 4727 2081 4784 Adelbertus

487 4821 685 4878 regem
713 4808 997 4864 advenisse
1021 4812 1132 4882 (77)
1157 4814 1452 4869 nuntiatur.
1487 4815 1600 4872 Rex
1633 4825 1892 4887 praeterea
1923 4817 2081 4887 hujus

502 4898 574 4953 ob
596 4899 886 4955 adventum
915 4917 1020 4955 non
1050 4919 1238 4972 parum
1263 4906 1617 4975 exhilaratus,
1646 4925 1897 4981 proceres
1928 4914 1991 4967 ad
2024 4931 2081 4970 se

2178 3230 2315 3284 mari
2344 3229 2580 3301 cingitur
2621 3229 2934 3296 Adriatico;
2977 3231 3139 3301 opida
3175 3245 3306 3287 vero
3331 3247 3453 3286 cum
3483 3231 3769 3292 nonnulla,

2177 3337 2302 3376 cum
2341 3320 2722 3376 munitissima.
2781 3321 2849 3376 Et
2892 3322 3070 3392 gentis
3118 3337 3446 3392 quamquam
3491 3321 3770 3391 ignoretur

2178 3411 2500 3466 inbecillitas
2527 3419 2621 3465 aut
2650 3410 2932 3479 fortitudo,
2961 3414 3204 3467 inmensa
3227 3423 3406 3467 tamen
3433 3413 3770 3481 conspicitur

2177 3503 2480 3558 multitudo.
2540 3501 2726 3573 Neque
2753 3505 2900 3559 enim
2932 3513 3040 3558 tam
3089 3506 3259 3574 copiis
3300 3504 3496 3574 paucis
3546 3503 3767 3574 aggredi

2176 3591 2320 3646 hanc
2346 3593 2649 3647 hortamur.
2679 3592 2878 3648 Verum
2908 3611 3031 3650 cum
3059 3596 3318 3650 nonnulle
3367 3597 3477 3650 sint
3511 3611 3602 3650 res
3650 3612 3768 3664 quae

2178 3697 2277 3736 nos
2299 3696 2539 3751 pugnare
2561 3684 2903 3754 compellant,
2933 3686 3236 3757 triumphus
3263 3687 3474 3742 scilicet
3495 3697 3768 3751 assuetus,

2177 3773 2345 3827 animi
2372 3772 2662 3840 fortitudo,
2699 3778 2970 3846 pugnandi
3003 3777 3256 3844 scientia,
3285 3793 3419 3848 opes
3464 3779 3771 3848 praesertim

2179 3881 2406 3936 quarum
2467 3867 2736 3923 desiderio
2779 3867 3094 3939 fatigamur,
3139 3886 3260 3940 quae
3311 3871 3400 3925 hic
3458 3877 3540 3925 tot
3567 3871 3768 3932 insunt,

2177 3966 2312 4028 quot
2334 3965 2444 4012 toto
2467 3956 2519 4011 in
2544 3958 2677 4012 orbe
2703 3974 2804 4014 nec
2824 3960 3059 4016 vidimus
3078 3976 3177 4017 nec
3191 3961 3374 4016 videre
3395 3962 3767 4030 speravimus;

2177 4048 2335 4101 nobis
2381 4055 2560 4120 tamen
2611 4038 2881 4104 consultis.
2911 4081 2980 4092 -—
3007 4068 3180 4122 neque
3221 4037 3365 4108 enim
3405 4052 3630 4124 longum
3681 4070 3768 4108 ar-

2179 4137 2414 4193 duumve
2439 4140 2716 4195 remeandi
2745 4140 2847 4196 iter
2874 4151 2988 4207 est,
3017 4145 3157 4212 quod
3189 4143 3375 4198 decem
3404 4153 3589 4213 potest
3628 4154 3684 4198 et
3710 4158 3772 4197 eo

2181 4227 2362 4282 minus
2391 4227 2583 4283 diebus
2629 4229 2814 4300 perlici
2846 4263 2917 4271 —
2946 4241 3303 4296 revertemur,
3330 4245 3561 4286 venturo
3589 4235 3771 4303 quati-

2181 4331 2282 4372 nus
2304 4331 2430 4371 vere
2477 4319 2731 4373 omnibus
2776 4321 2954 4390 gentis
2978 4329 3176 4376 nostrae
3198 4320 3437 4376 collectis
3461 4319 3772 4377 fortissimis

2181 4407 2488 4473 redeamus,
2522 4410 2701 4480 sitque
2730 4412 2816 4468 his
2844 4429 2966 4469 cum
3007 4415 3061 4469 in
3102 4412 3417 4470 fdrtitudine
3448 4423 3561 4470 turn
3589 4428 3773 4476 nosrer

2111 4520 2158 4578 ι)
2184 4498 2238 4552 ἰη
2263 4499 2608 4555 multitudine
2641 4511 2834 4558 terror.
2868 4522 2886 4555 ι

2253 4587 2306 4643 8.
2346 4587 2455 4645 Nec
2485 4606 2660 4659 mora,
2683 4593 2769 4648 his
2801 4595 3022 4661 auditis,
3063 4597 3138 4655 ad,
3153 4597 3369 4668 propria
3399 4606 3772 4663 revertuntur,

2185 4689 2463 4751 totamque
2491 4684 2688 4740 hiemis
2713 4689 3062 4757 asperitatem
3105 4690 3158 4744 in
3206 4690 3538 4746 fabricandis
3581 4692 3769 4755 armis,

2184 4770 2237 4825 in
2265 4773 2524 4828 acuendis
2554 4775 2797 4844 spiculis,
2846 4779 2898 4832 in
2929 4780 3495 4849 docendisjuvenibus
3517 4781 3646 4836 belli
3675 4797 3770 4835 no-

2184 4861 2393 4927 ticiam,
2423 4863 2648 4920 ducunt.

2257 4933 2310 4986 9.
2341 4932 2431 4988 Sol
2457 4937 2684 4991 necdum
2724 4939 2894 4994 Piscis
2913 4941 2979 4974 ¹⁰⁵
3005 4943 3219 4994 sianum
3265 4933 3544 4994 deserens.
3570 4944 3770 4994 Arietis

3799 4524 3808 4562 i
