4012 5340
286 269 392 326 817

1245 251 1791 310 ΑΝΤΑΡΟΒΟΞΕΟΞ
1828 251 2007 306 LL!“
2049 253 2203 310 SEX.
2244 283 2315 295 κ·-
2349 255 2476 312 LlB.
2513 257 2576 313 ﬂ.

3475 265 3581 322 8l8

289 394 503 444 mnam,
533 376 925 433 munitissimas
953 384 1334 446 pertranseunt
1379 375 1655 440 civitates,
1697 382 1751 429 et
1792 373 1884 428 Ti-
1910 383 1959 440 Α
1988 382 2073 428 est
2125 374 2534 444 responsionem
2568 415 2582 439 ,
2635 373 2919 430 remittunt
2964 395 2975 430 :
3034 395 3053 429 ι
3103 376 3159 433 Si
3211 378 3577 440 contraditum

287 474 495 537 cinum,
542 487 662 542 quae
713 486 855 525 nunc
888 469 994 524 alio
1022 469 1393 524 excellentiori
1449 468 1616 538 Papia
1665 475 1881 521 netatur

284 564 582 628 vocabu‘o,
635 564 796 618 nullis
844 563 1224 617 resistentibus
1281 561 1521 616 veniunt.
1571 559 1684 614 Rex
1718 559 1882 630 igitur

284 653 654 725 Berengarius
710 661 816 707 tam
870 652 1192 722 przrclarum
1245 665 1550 720 novumque
1575 649 1881 704 facinus—

285 745 522 798 antebac
542 745 687 798 enim
720 758 896 812 neque
923 757 1115 796 nomen
1150 742 1326 812 gentis
1357 740 1513 810 hujus
1539 741 1785 794 audierat
1813 766 1880 780 --

285 837 423 891 satis
462 837 647 891 mirari
685 852 790 890 non
827 835 1021 907 potuit.
1053 834 1308 889 Italorum
1342 835 1524 904 igitur,
1555 833 1878 899 Tuscorum,

285 930 631 994 Volscorum,
672 929 1106 991 Cameriuorum,
1150 927 1573 998 Spoletinorum,
1615 925 1878 996 quosdam

283 1021 465 1086 libris,
501 1023 638 1078 alios
665 1023 870 1077 nuntiis
905 1022 1152 1086 directis,
1180 1037 1368 1076 omnes
1398 1030 1574 1075 tamen
1609 1021 1659 1074 in
1711 1035 1875 1074 unum

279 1120 473 1173 venire
499 1120 775 1190 przccepit,
810 1119 1095 1190 factusque
1123 1127 1208 1174 est
1237 1119 1513 1174 exercitus
1542 1114 1702 1186 triplo
1730 1114 1878 1169 Hun-

281 1210 563 1281 gariorum
593 1211 839 1265 validior.

353 1301 443 1356 10.
478 1301 724 1373 Cumque
753 1303 855 1357 sibi
911 1318 1005 1357 rex
1033 1302 1393 1372 Berengarius
1423 1310 1502 1356 tot
1547 1301 1738 1356 adesse
1786 1315 1878 1356 co-

276 1393 398 1461 pias
440 1403 722 1458 cerneret,
773 1395 1039 1464 superbiae
1093 1395 1287 1464 spiritu
1337 1394 1553 1449 inﬂatus
1599 1395 1876 1462 magisque

279 1483 616 1552 triumphum
655 1484 719 1539 de
750 1484 997 1539 hostibus
1036 1485 1367 1539 multitudini
1409 1498 1520 1539 sua:
1549 1498 1714 1552 quam
1765 1482 1876 1537 Deo

280 1573 546 1641 tribuens,
575 1574 722 1630 solus
751 1575 866 1646 ipse
892 1592 1014 1630 cum
1049 1576 1235 1648 paucis
1269 1576 1501 1646 quodam
1557 1575 1610 1629 in
1657 1573 1875 1644 opidulo

277 1665 502 1736 degens,
555 1667 819 1736 voluptati
851 1681 1068 1737 operam
1102 1667 1284 1721 dabat.
1329 1665 1469 1732 Quid
1497 1665 1706 1737 igitur?
1729 1665 1872 1720 Tan-

1989 463 2165 527 nobis,
2196 465 2497 534 pra'sertim
2521 480 2551 519 a
2577 466 2894 522 contraditis
2914 465 3139 538 jamque
3166 471 3394 528 canibus
3426 490 3576 530 mor-

1987 557 2125 621 tuis,
2174 573 2370 614 munus
2432 557 2833 628 reciperemus,
2885 559 3169 633 fmdusque
3229 563 3448 635 aliquod
3494 567 3584 622 in-

1987 649 2207 705 iremus.
2243 669 2265 702 ι

2107 738 2311 790 Insanos
2333 741 2493 803 capite
2517 753 2612 790 non
2637 752 2782 791 sanus
2797 740 2988 802 iuraret
3012 744 3240 796 Orestes!

2053 827 2286 884 M..Hac
2317 829 2482 901 igitur
2526 829 2746 902 Ungarii
2771 832 3038 903 legatione
3075 836 3369 906 desperati,
3414 839 3576 896 colle-

1982 920 2085 976 ctis
2129 921 2182 976 in
2231 937 2395 976 unum
2430 921 2764 990 fortissimis,
2811 926 2901 980 tali
2943 942 3062 983 sese
3107 937 3294 984 mutuo
3325 946 3575 989 sermone

1981 1012 2266 1067 solantur:
2306 1031 2324 1063 ι
2365 1012 2424 1068 Si
2456 1015 2577 1081 hac,
2629 1030 2749 1085 quae
2793 1016 3259 1088 inprazsentiarum
3306 1021 3572 1090 cernitur,

1982 1101 2101 1157 luce
2130 1104 2363 1178 perdita,
2397 1104 2563 1159 nichil
2588 1117 2673 1160 est
2700 1108 2842 1176 quod
2882 1109 3120 1164 deterius
3145 1113 3416 1180 proveniri
3451 1129 3575 1183 pos-

1980 1193 2053 1247 sit
2084 1193 2418 1260 hominibus,
2465 1203 2520 1250 et
2558 1196 2685 1265 quia
2723 1196 2874 1253 locus
2904 1200 3062 1268 prazci
3089 1201 3290 1267 nullus,
3333 1202 3571 1274 fugiendi

1980 1299 2104 1354 spes
2131 1285 2311 1341 omnis
2338 1285 2542 1351 ablata,
2589 1287 2728 1343 colla
2762 1281 3265 1348 summittere'mori
3297 1304 3400 1361 est,
3443 1296 3574 1366 quid

1979 1375 2275 1431 verendum
2315 1377 2471 1431 nobis
2515 1386 2622 1444 est,
2681 1379 2785 1434 tela
2830 1381 2972 1436 inter
3012 1383 3126 1452 ipsa
3172 1400 3350 1451 ruere,
3399 1397 3572 1442 morte

1982 1474 2210 1520 mortem
2239 1465 2487 1522 inferre?
2511 1466 2782 1538 Numquid
2810 1485 2916 1525 non
2945 1470 3196 1538 fortunas,
3228 1485 3282 1529 et
3325 1491 3431 1530 non
3464 1477 3571 1531 im-

1978 1556 2259 1612 becillitati
2307 1572 2466 1614 casus
2531 1560 2870 1630 deputandus
2919 1572 3005 1618 est
3059 1565 3283 1620 noster?
3333 1565 3571 1625 Viriliter

1979 1648 2123 1702 enim
2171 1649 2459 1719 pugnando
2499 1653 2846 1720 occumbere,
2887 1670 2995 1710 non
3041 1665 3123 1711 est
3157 1658 3318 1724 mori,
3365 1660 3460 1715 sed
3493 1661 3573 1716 vi-

278 1764 389 1810 tam
415 1773 538 1812 mox
565 1766 623 1811 ut
644 1757 903 1828 Hungarii
927 1757 1275 1828 contemplati
1302 1769 1425 1813 sunt
1451 1757 1869 1821 multitudinem,

1981 1755 2125 1795 vere.
2151 1741 2302 1796 lianc
2333 1741 2532 1798 famam
2577 1753 2805 1813 tantam,
2837 1748 2978 1804 hanc
3016 1751 3374 1826 κλιρονομιίαν,
3403 1752 3568 1810 cliro-

275 1848 466 1903 animo
522 1850 896 1915 consternati,
948 1849 1076 1919 quid
1126 1849 1370 1904 facerent
1413 1849 1716 1905 deliberare
1763 1864 1868 1903 non

275 1951 549 2011 poterant.
580 1942 821 1997 Przcliari
849 1944 1088 2012 pcenitus
1115 1942 1502 2006 formidabant,
1534 1942 1719 2014 fugere
1748 1958 1867 1996 om-

276 2035 409 2089 nino
441 2034 760 2103 nequibant.
797 2035 993 2090 Verum
1021 2035 1161 2088 inter
1188 2042 1471 2104 utramque
1506 2034 1645 2088 hanc
1677 2042 1872 2089 zestua-

277 2123 481 2177 tionem
526 2123 712 2194 fugere
762 2124 932 2195 magis
983 2139 1144 2194 quam
1190 2123 1424 2194 praeliari
1469 2124 1649 2194 juvat;
1684 2138 1869 2192 perse-

275 2216 680 2288 quentibusque
709 2217 1045 2282 christianis,
1077 2217 1322 2272 Adduam
1349 2215 1569 2271 ﬂuvium
1615 2216 1870 2281 natando,

275 2308 350 2364 ita
383 2318 443 2363 ut
466 2311 632 2364 nimia
663 2309 1012 2368 festinatione
1035 2308 1254 2382 plurimi
1280 2309 1423 2364 necti
1463 2309 1876 2379 submergeren-

277 2409 386 2467 tur,
422 2410 832 2471 pertranseunt.

349 2494 437 2547 11.
484 2493 748 2565 Hungarii
780 2495 1038 2566 denique,
1074 2496 1304 2552 consilio
1329 2511 1434 2550 non
1461 2495 1602 2552 malo
1625 2502 1873 2568 accepto,

275 2583 634 2640 internuntiis
682 2586 1017 2643 christianos
1067 2596 1296 2658 rogant,
1354 2588 1636 2657 quatinus,
1690 2588 1872 2660 praeda

271 2675 422 2727 omni
475 2689 597 2729 cum
648 2675 800 2730 lucro
857 2677 1088 2742 reddita,
1143 2677 1245 2746 ipsi
1294 2676 1595 2732 incolumes
1626 2691 1873 2732 remeare

273 2775 517 2833 possent.
552 2765 726 2833 Quam
751 2767 1074 2837 peticionem
1107 2767 1391 2824 christiani
1440 2767 1681 2824 funditus
1721 2769 1872 2824 abdi-

195 2887 205 2894 -
271 2864 488 2922 cantes,
523 2857 628 2921 his,
660 2873 758 2928 pro
780 2857 934 2914 dolor
966 2860 978 2912 !
1032 2859 1381 2927 insultabant,
1428 2861 1714 2930 potiusque
1755 2860 1872 2916 vin-

273 2947 398 3001 cula
435 2949 557 3016 quis
590 2947 848 3020 Hungarii
883 2950 1236 3016 vincirentur,
1267 2966 1428 3020 quam
1479 2966 1629 3006 arma
1674 2951 1869 3021 quibus

274 3046 626 3101 necarentur,
677 3038 991 3109 exquirunt.
1025 3039 1270 3109 Cumque
1304 3041 1497 3111 pagani
1538 3040 1867 3096 christiano-

273 3141 394 3179 rum
423 3127 635 3182 animos
667 3127 771 3182 hoc
798 3136 954 3198 pacto
978 3129 1213 3185 mulcere
1239 3133 1544 3200 nequirent,
1583 3140 1735 3186 vetus
1763 3131 1866 3186 rati
1895 3153 1938 3214 ο

278 3214 473 3270 melius
496 3216 804 3283 consilium,
832 3227 986 3287 cepta
1020 3233 1138 3274 sese
1165 3219 1400 3275 liberare
1436 3229 1688 3291 satagunt
1717 3220 1863 3292 fuga,

273 3304 464 3375 sicque
516 3304 772 3377 fugiendo
808 3308 864 3362 in
917 3308 1256 3365 Veronenses
1292 3309 1590 3365 latissimos
1645 3325 1868 3381 campos

274 3397 618 3465 perveniunt.

347 3489 434 3543 12.
467 3490 900 3546 Christianorum
941 3491 1101 3562 primi
1155 3493 1350 3546 horum
1397 3490 1507 3561 jam
1541 3491 1867 3548 novissimos

277 3582 629 3648 insecuntur;
661 3582 828 3652 ﬁtque
857 3585 1048 3638 eodem
1081 3599 1270 3654 pugna:
1304 3582 1628 3653 proludium,
1665 3583 1716 3636 in
1761 3599 1869 3653 quo

275 3673 563 3729 victoriam
593 3675 833 3731 habuere
882 3676 1098 3744 pagani.
1148 3673 1419 3729 Validiore
1467 3689 1595 3729 vero
1650 3675 1868 3745 propin-

278 3777 482 3836 quante
512 3768 783 3836 exercitu,
805 3767 943 3840 fug-.e
975 3784 1080 3823 non
1115 3769 1484 3833 immemores,
1520 3777 1734 3838 ceptum
1767 3768 1869 3822 iter

275 3873 627 3930 percurrunt.

345 3953 436 4006 15.
483 3953 867 4022 Venerunlque
920 3953 1249 4008 cbristicolae
1307 3967 1430 4008 cum
1487 3951 1868 4006 idololatribus

274 4043 481 4112 pariter
520 4044 673 4113 juxta
725 4043 947 4098 ﬂuvium
981 4043 1050 4084 ¹⁰ο
1083 4043 1370 4108 Brentam;
1401 4044 1526 4114 equi
1579 4044 1724 4097 enim
1782 4043 1867 4096 nii-

275 4133 444 4186 mium
498 4132 779 4204 defatigati
827 4135 891 4166 ¹⁰⁷
945 4133 1181 4205 fugiendi
1239 4134 1448 4204 copiam
1500 4134 1769 4203 negabant
1801 4135 1867 4165 ¹⁰⁸

273 4224 588 4296 llungariis.
622 4225 794 4280 Simul
847 4227 1009 4298 igitur
1053 4239 1294 4296 utraeque
1346 4225 1492 4281 acies
1543 4241 1867 4292 convenere,

274 4323 566 4377 memorati
597 4322 971 4379 tantummodo
1009 4321 1158 4377 ﬂuvii
1201 4321 1355 4378 alveo
1402 4331 1686 4392 separatae.
1716 4322 1868 4377 llun-

273 4412 410 4482 garii
447 4413 683 4482 denique
731 4414 900 4468 nimio
935 4424 1142 4469 terrore
1172 4414 1370 4479 coacti,
1401 4428 1616 4468 omnem
1656 4414 1868 4483 suppel-

1979 1834 2220 1900 nomian,
2277 1835 2330 1889 id
2381 1845 2463 1891 est
2509 1837 2891 1906 hereditatem,
2925 1849 3038 1898 uta
3081 1844 3326 1913 patribus
3367 1848 3582 1904 nostris-

1974 1928 2304 1996 accepimus,
2321 1929 2522 1984 nostris
2544 1930 2706 1986 etiam
2738 1931 3106 2002 relinquamus
3125 1937 3435 1995 heredibus.
3465 1939 3568 1997 No-

1974 2017 2058 2071 bis
2081 2018 2360 2084 debemus,
2388 2020 2542 2077 nobis
2585 2022 2775 2077 saltem
2807 2025 3031 2082 credere
3064 2031 3324 2099 expertis,
3356 2033 3449 2102 qui
3474 2047 3571 2088 co-

1975 2109 2184 2177 piarum
2216 2111 2491 2180 paucitate
2523 2127 2910 2186 nonnunquam
2946 2118 3212 2188 plurimos
3255 2125 3566 2180 stravimus.

1973 2199 2226 2257 lnvalidae
2259 2203 2432 2275 plebis
2459 2221 2591 2262 sane
2617 2211 2964 2281 congregatio
2998 2212 3228 2282 plurima
3266 2216 3332 2270 ad
3380 2219 3576 2274 cedem

1973 2302 2058 2348 est
2105 2303 2314 2351 tantum
2368 2299 2634 2369 exposita.
2682 2301 2790 2356 Sed
2835 2310 2892 2357 et
2935 2303 3077 2360 Mars
3127 2304 3402 2378 fingentem
3450 2309 3563 2381 (79)

1974 2386 2270 2455 saepissime
2317 2390 2592 2458 perhimit,
2649 2392 2994 2449 dimicantem
3049 2396 3264 2453 fortiter
3306 2403 3564 2474 protegit.

1974 2477 2041 2534 Hi
2078 2481 2222 2536 enim
2265 2484 2358 2552 qui
2404 2486 2559 2541 nobis
2603 2486 3030 2558 supplicantibus
3070 2506 3178 2547 non
3211 2493 3566 2562 miserentur,

1975 2567 2249 2644 ignorant,
2279 2589 2452 2644 neque
2478 2585 2657 2632 mente
2695 2581 3017 2649 percipiunt,
3047 2583 3173 2652 quia
3200 2585 3418 2642 vincere
3452 2590 3566 2660 qui.-

1974 2665 2097 2720 dem
2122 2667 2320 2722 bonum
2347 2674 2451 2733 est,
2486 2669 2870 2738 supervincere
2894 2672 3056 2728 nimis
3083 2674 3425 2733 invidiosum.
3467 2700 3487 2732 ι

2045 2757 2132 2812 15.
2162 2759 2274 2814 Hac
2297 2761 2478 2832 itaque
2507 2774 2577 2818 ex
2605 2761 2889 2818 horatione
2913 2773 3207 2836 utcumque
3239 2768 3449 2825 animos
3473 2785 3564 2826 re-

1971 2851 2163 2916 creati,
2194 2860 2303 2907 tres
2329 2854 2382 2908 in
2409 2865 2593 2926 partes
2639 2852 2864 2914 insidias
2891 2867 3114 2926 ponunt,
3154 2870 3304 2917 recta
3335 2863 3436 2932 ipsi
3459 2862 3563 2919 ﬂu-

1971 2942 2116 2996 vium
2150 2947 2480 3002 transeundo
2511 2948 2692 3005 hostes
2739 2952 2793 3006 in
2836 2949 3045 3008 modios
3078 2961 3261 3008 ruunt.
3293 2954 3566 3012 Christia-

1973 3049 2166 3090 norum
2195 3037 2338 3091 enim
2373 3038 2589 3108 plurimi
2624 3041 2780 3114 longa
2813 3054 3034 3115 propter
3075 3049 3437 3110 internuntios
3463 3069 3566 3110 ex-

1971 3129 2302 3196 spectatione
2350 3130 2582 3204 fatigati,
2631 3151 2728 3205 per
2755 3147 2955 3208 castra,
2989 3149 3045 3195 ut
3088 3142 3209 3198 cibo
3250 3159 3564 3202 recrearet:-

1973 3225 2081 3283 tur,
2129 3219 2558 3289 descenderant;
2610 3243 2746 3296 quos
2793 3238 2939 3284 tanta
2991 3230 3250 3302 Hungarii
3283 3235 3563 3291 celeritate

1969 3306 2349 3377 confoderant,
2397 3321 2456 3366 ut
2502 3314 2552 3367 in
2596 3315 2718 3384 gula
2765 3318 2944 3373 cibum
2986 3323 3366 3393 transﬁgerent
3419 3326 3560 3392 aliis,

1970 3397 2290 3467 quibusdam
2319 3400 2472 3470 equis
2502 3400 2680 3474 fugam
2709 3417 2970 3478 negarent
3004 3410 3218 3477 ablatis,
3243 3428 3414 3483 eoque
3440 3415 3564 3471 illos

1969 3485 2141 3542 levius
2165 3489 2563 3560 perhimcbant,
2603 3509 2710 3564 quo
2749 3497 2868 3552 sine
2925 3501 3079 3570 equis
3125 3517 3219 3559 eos
3265 3520 3386 3566 esse
3427 3523 3561 3564 con-

1969 3593 2276 3651 spexeraut.
2307 3586 2388 3640 Ad
2421 3600 2766 3658 augmentum
2799 3594 3032 3665 denique
3068 3599 3382 3669 perditionis
3411 3603 3563 3659 chri—

1969 3673 2268 3728 stianornm
2298 3692 2402 3730 non
2433 3693 2599 3747 parva
2631 3682 2772 3738 inter
2808 3699 2902 3741 eos
2931 3696 3050 3741 erat
3072 3689 3360 3746 discordia.
3408 3692 3558 3749 Non-

1969 3764 2100 3819 nulli
2133 3765 2292 3835 plane
2321 3767 2613 3841 Hungariis
2653 3789 2758 3829 non
2794 3776 2963 3831 solum
2995 3794 3227 3851 pugnam
3266 3799 3372 3837 non
3423 3783 3563 3840 infe-

1971 3863 2181 3928 rebant,
2215 3865 2322 3920 scd'
2342 3874 2402 3920 ut
2439 3869 2668 3937 proximi
2719 3872 2971 3928 caderent
3000 3875 3362 3944 anhelabant;
3396 3887 3562 3950 atque

1970 3954 2035 4009 ad
2063 3955 2164 4010 hoc
2187 3960 2429 4026 perversi
2465 3959 2562 4028 ipsi
2592 3975 2844 4030 perverse
2870 3963 3129 4032 fecerant,
3152 3970 3406 4037 quatinus
3430 3972 3580 4043 dun;

1969 4044 2198 4113 proximi
2230 4048 2504 4116 caderent,
2543 4053 2640 4105 soli
2672 4053 2770 4123 ipsi
2803 4057 2956 4124 quasi
2996 4056 3217 4114 liberius
3246 4072 3556 4130 regnarent.

1969 4136 2225 4204 Quidum
2261 4141 2634 4209 proximorum
2673 4147 3088 4204 necessitatibus
3134 4151 3420 4207 subvenire
3465 4169 3558 4209 ne~

1969 4227 2188 4298 glegunt
2254 4243 2550 4301 eorumque
2597 4249 2781 4289 necem
2837 4235 3083 4308 diligunt,
3132 4240 3232 4309 ipsi
3283 4244 3557 4312 propriam

1968 4317 2273 4374 incurrunt.
2306 4321 2538 4392 Fugiunt
2570 4323 2751 4394 itaque
2777 4327 3082 4395 christiani,
3120 4331 3438 4403 seviuntque
3465 4344 3557 4404 pa;

1970 4413 2113 4484 gani,
2145 4420 2201 4467 et
2228 4413 2318 4482 qui
2353 4415 2502 4483 prius
2537 4417 2838 4486 supplicare
2879 4422 3194 4478 muneribus
3241 4423 3555 4493 nequibant,

275 4501 513 4559 lectilem
538 4547 553 4571 ,
601 4506 845 4575 captivos
864 4547 879 4572 ,
927 4521 1078 4560 arma
1131 4507 1312 4562 omnia
1331 4547 1345 4572 ,
1399 4521 1570 4577 equos
1590 4547 1604 4572 ,
1648 4507 1873 4577 singulis
1901 4508 1950 4567 Ι)
1975 4506 2398 4576 supplicantibus
2422 4511 2760 4576 postmodum
2776 4525 3000 4580 parcere
3027 4513 3095 4545 ¹⁰⁹
3122 4515 3449 4570 nesciebant.
3475 4515 3558 4570 ln~

278 4602 486 4648 tantum
538 4597 860 4665 quibuscum
915 4612 1157 4652 remeare
1201 4597 1420 4667 pesscnt
1460 4597 1706 4662 retentis,
1734 4597 1863 4652 dare

277 4686 631 4755 promittunt;
667 4685 767 4740 hoc
817 4696 1078 4755 praeterea
1115 4688 1166 4741 in
1202 4667 1405 4742 honore
1435 4702 1549 4742 sua:
1589 4689 1864 4758 petitionis

282 4774 604 4848 atljungunt,
632 4784 692 4830 ut
725 4776 770 4830 si
800 4779 907 4832 vita
959 4787 1168 4832 tantum
1204 4779 1401 4833 comite
1435 4779 1572 4833 datis
1612 4780 1865 4833 omnibus

284 4868 399 4924 illos
457 4885 705 4925 remeare
757 4872 1152 4940 permitterent,
1205 4886 1263 4926 se
1311 4887 1603 4941 numquam
1635 4871 1865 4940 amplius

285 4955 485 5012 Italiam
517 4960 884 5031 ingressuros,
921 4961 1043 5016 filiis
1083 4961 1195 5016 suis
1236 4961 1512 5018 obsidibus
1545 4963 1701 5026 datis,
1743 4978 1865 5035 pro-

285 5049 578 5114 mitterent.
617 5049 815 5105 Vcrum
841 5052 982 5107 heu!
1035 5053 1316 5108 christiani
1357 5053 1628 5122 superbia}
1660 5063 1867 5110 tumore

289 5142 486 5186 tlonpnti
543 5144 713 5186 minis
738 5159 973 5186 naonnnc
1020 5161 1116 5186 ρμιι
1144 5145 1246 5186 inm
1281 5148 1454 5186 υἷι-διας
1519 5145 1833 5186 ἰηειὶιηιηιιη-

1975 4597 2214 4652 terfectis
2250 4598 2480 4668 denique
2505 4600 2810 4672 fugatisque
2837 4605 3167 4672 christianis,
3197 4608 3374 4662 omnia
3405 4607 3555 4662 ilun-

1973 4687 2108 4756 garii
2154 4688 2304 4758 regni
2340 4688 2456 4744 loca
2503 4692 2781 4748 saeviendo.
2815 4706 3163 4764 percurrunt.
3214 4696 3396 4762 Neque
3441 4712 3561 4756 erat

1974 4782 2064 4852 qui
2096 4797 2283 4837 eorum
2315 4785 2656 4852 praesentiam
2686 4785 2787 4841 nisi
2827 4787 3206 4844 munitissimis
3253 4788 3390 4842 forte
3417 4803 3568 4858 pra:-

1974 4873 2285 4930 stolareturi
2313 4875 2365 4929 in
2407 4876 2561 4932 locis.
2612 4877 2826 4932 Illorum
2869 4892 3000 4934 sane
3040 4878 3181 4936 adeo
3211 4892 3584 4951 prmvaiuerat

1974 4966 2184 5030 virtus,
2240 4967 2498 5038 quatinus
2537 4983 2724 5023 eorum
2756 4982 2888 5036 pars
2939 4967 3180 5037 quedam
3230 4965 3593 5039 Bagoariam,

1977 5055 2250 5125 Sueviam,
2288 5057 2598 5125 Franciam,
2631 5058 2952 5126 Saxdbiam,
2994 5061 3237 5128 quedam
3263 5069 3392 5112 νεεΓο
3421 5053 3612 5131 ἀερθ-

1977 5149 2252 5186 ηιιιιιινοιηο
2281 5149 2488 5186 [lolium
