4012 5340
513 276 618 334 819
1493 283 1920 343 ‘LHJTPRANDI
1959 286 2093 343 CRE

2187 286 2440 345 >NENSIS
2477 287 2782 346 EPISCOPI
3670 285 3771 342 δίο

508 410 672 452 verus
700 396 911 453 Domini
938 385 1138 466 sermo,
1169 408 1313 454 terra
1351 400 1594 471 (minque
1621 401 1944 469 durabilior,
1975 418 2092 456 mu-
2120 409 2166 466 Α
2196 417 2386 457 exoro.
2421 421 2439 454 ι
2467 404 2636 471 Quam
2656 401 2954 471 iussionem
2978 397 3246 463 interitus,
3269 405 3324 453 et
3344 397 3623 454 interitum
3648 412 3770 453 mox

508 489 610 542 tari
659 503 764 544 non
813 501 1022 561 poterat
1048 533 1063 556 ,
1108 493 1557 562 quemadmodum
1605 509 1701 563 per
1744 494 2082 565 llyeremiam
2189 505 2271 547 est
2295 493 2634 550 obmdientia
2653 503 2958 564 prosecuta.
2995 493 3111 562 Ipso
3143 505 3374 560 namque
3415 495 3648 545 mortem
3672 489 3768 544 ob-

505 579 825 652 prophetam
869 581 1120 639 omnibus
1169 583 1475 638 nationibus
1526 584 1577 638 in
1618 599 1847 654 persona
1896 585 2086 640 domus
2188 599 2372 653 eunte,
2419 589 2703 643 memorati
2755 587 3030 658 principes
3058 601 3317 642 coronam
3343 593 3651 653 cunctaque
3694 597 3759 638 re

502 669 668 726 Israel
695 671 1054 726 comminatur
1081 671 1305 728 dicens:
1339 691 1357 724 ι
1390 673 1527 728 Ecce
1571 689 1670 746 ego
1697 675 1960 730 adducam
1991 689 2083 730 su-
2186 677 2322 744 galia
2374 679 2685 734 indumenta
2725 678 2976 733 Heinrico
3014 677 3135 733 duci
3179 675 3556 740 contulerunt;
3611 683 3767 744 atque

499 777 598 831 per
644 777 742 818 vos
790 771 1003 832 gentem
1055 765 1119 818 de
1169 763 1482 835 longinquo,
1522 773 1735 834 gentem
1785 768 2080 830 robustam,
2188 780 2246 824 ut
2294 785 2389 824 rex
2439 769 2798 824 Chuonradus
2842 768 3076 834 dixerat,
3129 777 3320 822 cuncta
3375 782 3472 837 per
3520 765 3766 821 ordinem

498 861 711 922 gentem
745 853 1044 923 antiquam,
1072 863 1288 925 gentem
1317 854 1472 925 cujus
1497 854 1794 923 ‘ignorabis
1822 854 2078 926 linguam.
2183 871 2526 916 enarrarunt.
2559 861 2658 928 Qui
2685 860 2846 930 regia:
2867 858 3142 930 dignitatis
3173 858 3384 913 culmen
3414 866 3468 912 et
3498 857 3653 928 prius
3677 855 3752 912 hu

495 955 594 996 nec
652 941 930 1012 intelleges
959 943 1087 1012 quid
1129 943 1403 1014 loquatur.
1453 943 1714 998 Pharetra
1758 943 1876 1014 ejus
1925 945 2080 1014 quasi
2183 953 2386 1009 militer
2412 953 2724 1019 declinavit,
2755 968 2819 1008 ac
2848 953 3007 1023 paulo
3045 961 3162 1021 post
3191 967 3295 1006 non
3326 951 3615 1007 ambitiose
3657 965 3766 1006 sus

491 1031 799 1103 sepulcrum
827 1045 1039 1105 patens,
1069 1037 1306 1092 universi
1337 1037 1526 1103 fortes,
1562 1044 1616 1092 et
1644 1038 1890 1094 comedet
1927 1053 2080 1108 sege-
2180 1045 2339 1115 cepit.
2358 1044 2560 1100 Verum
2579 1046 2680 1100 nisi
2705 1045 2902 1116 pallida
2927 1059 3092 1112 mors,
3115 1060 3235 1114 qua:
3258 1059 3560 1114 pauperum
3583 1043 3763 1098 tabero

494 1135 572 1178 tes
604 1133 744 1191 tuas,
797 1135 850 1180 et
900 1141 1094 1196 panem
1123 1135 1273 1182 tuum
1305 1127 1616 1195 devorabit;
1667 1127 1806 1184 ﬁlios
1858 1135 1978 1182 tuos
2020 1137 2077 1183 et
2177 1149 2277 1190 nas
2316 1149 2610 1206 regumque
2638 1145 2816 1191 turres
2843 1150 2998 1205 aequo
3021 1134 3199 1206 pulsat
3226 1135 3360 1205 pede
3390 1133 3524 1205 (8t),
3552 1132 3744 1190 Chuon

489 1213 630 1269 “"35
676 1223 802 1270 "135'
819 1217 1084 1283 εοῐηθάθῑ,
1127 1232 1342 1290 gregem
1385 1226 1575 1285 illum;
1598 1227 1653 1275 et
1692 1228 1938 1274 armenta
1985 1227 2072 1274 tua
2178 1225 2366 1281 radum
2398 1241 2580 1297 regem
2619 1235 2725 1282 tam
2762 1226 3019 1282 citissime
3063 1235 3300 1297 raperet,
3329 1225 3376 1280 is
3411 1233 3582 1292 esset,
3612 1223 3765 1294 cujus

497 1305 764 1371 comedet,
807 1306 1019 1362 vineam
1057 1315 1204 1362 tuam
1229 1315 1284 1362 et
1327 1307 1487 1363 ﬁcum
1517 1317 1696 1374 tuam;
1742 1319 1798 1364 et
1824 1315 2073 1365 conteret
2175 1330 2368 1372 nomen
2399 1317 2584 1372 multis
2611 1317 2794 1372 mundi
2821 1317 3132 1373 nationibus
3159 1318 3477 1387 imperaret.

486 1399 652 1454 urbes
709 1399 944 1455 nmnitas
984 1408 1126 1466 tuas,
1154 1400 1208 1455 in
1246 1399 1442 1472 quibus
1489 1409 1544 1455 tu
1591 1401 1760 1458 habes
1802 1402 2078 1470 ﬁdutiam,
2242 1406 2330 1461 21.
2363 1405 2478 1462 Hoc
2507 1407 2698 1464 eodem
2737 1416 2980 1479 tempore
3027 1407 3294 1464 Arnaldus
3338 1423 3462 1462 cum
3507 1421 3685 1462 uxore
3711 1414 3763 1463 et

483 1490 680 1560 gladio.
741 1491 1108 1548 Veruntamen
1160 1492 1212 1546 in
1267 1492 1456 1548 diebus
1505 1492 1632 1561 illis,
1683 1493 1760 1548 ait
1817 1493 2069 1549 dominus
2171 1494 2296 1551 ﬁliis
2322 1494 2593 1567 Hungaria
2623 1497 2859 1562 rediens,
2898 1497 3250 1552 honoriﬁcea
3285 1497 3571 1568 Bogoariis
3598 1505 3763 1568 atque

481 1584 646 1648 Deus,
683 1599 789 1640 non
833 1582 1017 1639 l-‘atiam
1071 1597 1168 1640 vos
1208 1583 1261 1638 in
1313 1583 1780 1640 consummatione
1829 1583 1964 1655 (-Jer.
2009 1600 2064 1651 v,
2171 1585 2236 1640 ab
2265 1586 2616 1642 orientalibus
2644 1587 2938 1657 suscipitur
2959 1586 3560 1658 Francis.Nequeenim
3588 1587 3762 1643 solum

481 1673 688 1745 1547).
727 1695 744 1727 ι
1271 1711 1273 1713 ι
2166 1677 2591 1747 suscipitur,.sed
2613 1686 2670 1732 ut
2696 1693 2791 1733 rex
2815 1677 2928 1743 ﬁat,
2947 1678 3094 1733 abiis
3119 1678 3465 1734 vehementer
3484 1680 3758 1734 hortatur.

552 1764 638 1818 17.
670 1763 783 1820 Hac
812 1765 974 1836 igitur
1007 1767 1196 1823 eadem
1237 1775 1560 1839 tempestate
1603 1765 1928 1823 Hulodoicus
1964 1782 2056 1822 rex
2087 1767 2132 1828 B
2163 1765 2276 1821 Rex
2299 1764 2586 1822 lleinricus
2608 1781 2730 1822 cum
2752 1766 3126 1838 obtemperare
3151 1769 3263 1824 suis
3285 1783 3472 1822 omnes
3496 1767 3760 1837 iussioni-

478 1856 711 1910 n:oritur
740 1857 852 1925 (an.
880 1858 1006 1924 911,
1055 1857 1193 1914 Nov.
1231 1859 1307 1931 8).
1363 1859 1684 1916 Chunradus
1727 1858 2060 1916 Francorum
2161 1855 2280 1920 bus,
2305 1855 2600 1912 Arnaldum
2631 1857 2966 1912 solummodo
2988 1859 3241 1914 resistere
3263 1866 3530 1922 cerneret,
3557 1873 3758 1929 perva-

475 1961 543 2000 ex
576 1962 771 2015 genere
799 1948 1079 2016 oriundus,
1112 1949 1194 2004 vir
1217 1958 1472 2006 strenuus
1498 1949 1866 2022 bellorumque
1904 1965 2062 2007 cxer-
2161 1945 2269 2003 lido
2288 1947 2512 2004 collecto
2532 1949 2796 2017 exercitu,
2822 1949 3134 2019 Bagoariam
3160 1950 3350 2004 tendit.
3375 1950 3531 2016 Quod
3560 1950 3758 2004 Arnal-

477 2025 610 2090 ei-tio
639 2037 704 2069 ¹¹⁰
731 2038 936 2104 doctus,
967 2053 1057 2094 rex
1095 2039 1304 2094 cunctis
1329 2054 1358 2093 a
1391 2039 1602 2110 populis
1630 2040 1930 2095 ordinatur.
2161 2036 2260 2093 dus
2277 2038 2573 2104 utaudivit,
2595 2037 2832 2110 ejusnon
2855 2054 3045 2108 passus
3063 2048 3146 2094 est
3166 2040 3216 2094 in
3244 2039 3500 2112 Bagoaria
3525 2047 3756 2109 prtestoo

546 2129 637 2184 18.
679 2127 791 2183 Sub
839 2143 947 2198 quo
987 2129 1344 2200 potentissimi
1391 2131 1665 2201 principes
1701 2130 1971 2186 Arnaldus
2002 2131 2056 2186 in
2157 2127 2258 2184 lari
2295 2129 2625 2194 adventum;
2656 2146 2841 2186 verum
2885 2131 3144 2197 collectis,
3193 2132 3390 2202 quibus
3427 2128 3623 2198 valuit,
3653 2147 3751 2188 co-

471 2221 762 2292 Bagoaria,
792 2221 1136 2278 Bruchardus
1183 2222 1236 2277 in
1268 2221 1484 2290 Suevia,
1527 2222 1832 2278 Everardus
1875 2237 2057 2278 comes
2156 2219 2280 2290 piis,
2337 2220 2465 2276 huic
2507 2221 2721 2276 obviam
2762 2222 2828 2254 ¹¹¹
2867 2229 3118 2292 properat
3162 2222 3274 2292 (an.
3319 2222 3466 2295 9‘21).
3515 2221 3756 2293 Cuperat

468 2314 878 2383 potentissimus
907 2315 959 2370 in
990 2314 1243 2381 Francia,
1269 2313 1606 2371 Giselbertus
1635 2316 1739 2370 dux
1774 2314 1826 2370 in
1857 2315 2056 2372 Lotha-
2153 2326 2285 2367 sane
2306 2320 2362 2367 et
2390 2313 2502 2383 ipse
2529 2329 2623 2369 rex
2664 2313 2801 2369 ﬁeri.
2825 2312 3066 2384 Cumque
3099 2313 3151 2368 in
3175 2329 3239 2369 eo
3264 2325 3423 2378 esset,
3451 2324 3511 2368 ut
3545 2315 3752 2370 bellum

469 2402 666 2472 ringia,
720 2413 895 2459 erant.
944 2403 1090 2471 Quos
1137 2405 1280 2461 inter
1326 2404 1633 2470 lieinricus,
1683 2404 1954 2461 Saxonum
1999 2416 2055 2461 et
2152 2401 2357 2472 pariter
2382 2401 2520 2456 inire
2547 2402 2825 2469 deberent,
2859 2403 3002 2457 sicut
3043 2402 3128 2457 vir
3171 2405 3386 2474 sapiens
3432 2412 3488 2458 et
3536 2403 3635 2458 Dei
3687 2404 3749 2459 ti»-

465 2491 847 2566 Turingiorum
872 2505 1174 2567 praepotens
1208 2497 1336 2562 dux,
1359 2496 1618 2556 clarebat.
2153 2509 2309 2550 mens
2337 2508 2432 2550 rex
2463 2493 2751 2551 Heinricus
2777 2495 3020 2566 cogitans
3051 2509 3117 2550 ex
3147 2506 3374 2562 utraque
3402 2505 3559 2565 parte
3596 2496 3744 2551 inre-

538 2586 626 2641 19.
659 2585 908 2644 Secundo
935 2587 1124 2660 itaque
1151 2590 1300 2660 regni
1333 2590 1490 2662 hujus
1519 2592 1878 2662 susceptionis
1906 2608 2049 2649 anno
2148 2585 2457 2656 cuperabile
2477 2601 2632 2655 posse
2649 2587 2900 2642 damnum
2921 2587 3168 2643 accidere
3188 2587 3424 2641 Arnaldo
3448 2587 3539 2653 “’,
3562 2588 3746 2656 quati-

464 2675 617 2748 (915)
642 2679 924 2734 memorati
945 2680 1384 2750 principeshuic,
1416 2683 1710 2751 praesertim
1742 2683 2059 2750 lieinricus,
2148 2691 2251 2732 nus
2272 2692 2394 2732 cum
2417 2677 2534 2733 solo
2555 2678 2700 2734 solus
2725 2677 2995 2748 loquatur,
3020 2678 3320 2733 denuntiat.
3343 2676 3549 2733 Putans
3580 2678 3748 2749 igitur

465 2770 699 2826 rebelles
732 2769 1042 2826 extiterant.
1092 2771 1239 2839 Quos
1283 2772 1640 2829 Chuonradus
1689 2789 1784 2830 rex
1820 2783 1925 2830 tam
1953 2791 2043 2830 sa-

2160 2765 2432 2834 Arnaldus,
2479 2783 2587 2840 quo
2633 2767 2892 2840 singulari
2948 2783 3005 2824 se
3042 2769 3242 2823 acciret
3287 2771 3630 2834 certamine,
3677 2770 3744 2824 ad

462 2861 683 2930 pientiae
711 2859 896 2931 vigore
923 2876 1102 2931 'quam
1151 2861 1499 2918 fortitudinis.
1523 2865 1715 2920 robore
1769 2866 2045 2935 superavit
2144 2859 2452 2914 condictum
2477 2859 2650 2915 locum
2674 2859 2819 2915 solus
2847 2860 2976 2916 hora
3005 2870 3206 2916 statuta
3231 2861 3497 2931 pervenit.

458 2967 726 3022 suamque
761 2951 827 3007 ad
873 2951 1186 3008 ﬁdelitatem
1231 2953 1498 3024 perduxit.
1545 2952 1815 3010 Arnaldus
1858 2964 2040 3010 autem
2213 2947 2302 3002 22.
2328 2947 2497 3015 Quem
2523 2948 2623 3004 sibi
2652 2948 2865 3004 obViam
2894 2958 3274 3020 properantem
3315 2964 3411 3006 rex
3451 2949 3743 3007 Heinricns

457 3039 577 3110 ejus
607 3041 773 3097 nimio
816 3050 1026 3097 terrore
1069 3051 1315 3110 coactus,
1353 3057 1473 3098 cum
1501 3058 1672 3099 uxore
1710 3052 1765 3098 et
1802 3043 1927 3099 ﬁliis
1971 3045 2038 3099 ad
2088 3109 2110 3110 ί
2145 3037 2239 3092 tali
2267 3046 2351 3093 est
2373 3053 2624 3093 sermone
2649 3039 2976 3109 adgressus:

459 3109 765 3202 llungarios
793 3130 930 3204 fugit
959 3131 1071 3202 (an.
1097 3133 1246 3206 917),
1287 3132 1578 3205 deguitque
1618 3135 1832 3203 eodem,
1864 3136 2038 3208 quoad
2069 3109 2115 3174 ο
2215 3128 2405 3184 lnsana
2432 3128 2642 3183 Domini
2667 3127 2833 3198 iussis
2858 3128 2987 3200 quid
3019 3137 3198 3184 mente
3235 3128 3444 3185 resistis
3465 3131 3490 3183 ?

459 3221 642 3280 vitalis
668 3235 802 3276 aura
828 3221 1136 3278 Chuonradi
1169 3224 1312 3294 regis
1343 3234 1561 3282 rexerat
1586 3235 1771 3282 artus..
2096 3221 2104 3230 ”
2289 3219 2441 3286 Ουοά
2467 3219 2693 3290 ροριιιυε
2731 3234 2911 3292 regem
2939 3236 3025 3275 me
3053 3220 3202 3291 ευρῑι
3237 3235 3378 3288 esse.
3409 3222 3579 3288 SCiaS.

526 3312 618 3369 20.
650 3312 892 3385 Septimo
937 3315 1169 3388 denique
1217 3317 1368 3389 regni
1422 3319 1504 3375 sui
1551 3336 1693 3377 anno
1743 3323 2058 3378 vocationis.
2214 3307 2444 3378 Ῑωρθτῖο
2467 3307 2690 3376 Christi.
2719 3324 2827 3378 (1υο
2851 3319 3067 3365 consul
3105 3311 3357 3366 maellina
3395 3311 3585 3366 mundi
3608 3329 3636 3378 ἶ

455 3419 571 3460 sua:
617 3405 688 3460 ad
726 3404 893 3461 Deum
948 3415 1159 3479 tempus
1199 3409 1415 3480 agnovit
1469 3409 1580 3482 (an,
1618 3411 1744 3478 918,
1767 3411 1892 3467 nec,
1923 3413 2038 3485 23).
2287 3399 2545 3455 Tartarus
2568 3399 2712 3455 hunc
2737 3402 2947 3467 metuit,
2980 3402 3125 3458 hunc
3149 3401 3404 3473 Flegeton
3437 3403 3662 3467 timuit;

455 3495 700 3568 Cumque
723 3496 847 3569 (80).
861 3505 1190 3556 memoratos
1231 3500 1508 3571 principes
1533 3515 1592 3557 se
1616 3502 1766 3558 adire
1797 3501 2039 3570 fecisset,

2213 3487 2456 3544 Conterit
2483 3490 2570 3546 hic
2599 3488 2800 3545 nitidos
2836 3506 2990 3562 reges
3017 3492 3325 3562 dudumque
3350 3493 3668 3548 tremendos

456 3587 708 3644 lleinrico
753 3587 1091 3644 solummodo
1135 3604 1244 3646 non
1291 3600 1577 3661 praesente,
1620 3591 1695 3648 ita
1745 3595 2036 3650 convenit:

1909 3595 2036 3650 ,ηίιτ
2285 3577 2664 3650 Sublimesque
2693 3580 2912 3648 volens;
2941 3583 3098 3653 erigit
3127 3584 3214 3638 hic
3244 3584 3493 3650 miseros,

461 3695 480 3730 ‹
511 3675 588 3730 Ex
617 3679 960 3748 corruptione
1001 3678 1072 3736 ad
1107 3679 1589 3753 incorruptionem,
1619 3699 1684 3739 ex
1715 3684 2040 3740 mortalitate

2211 3666 2327 3735 Quo
2359 3669 2580 3728 meritas
2605 3670 2816 3727 Domini
2855 3672 3040 3728 laudes
3072 3689 3169 3744 per
3189 3675 3366 3730 secula
3389 3675 3625 3730 solvant;

455 3769 523 3824 ad
570 3769 1032 3826 immortalitatem
1066 3773 1366 3828 vocationis
1391 3788 1525 3829 mea:
1566 3782 1796 3844 tempus,
1829 3783 1887 3830 ut
1920 3790 2039 3830 cer-
2282 3759 2457 3826 Τυηθι
2488 3762 2739 3832 Superbe,
2784 3778 2928 3830 ι’θυεν
2960 3765 3183 3836 Perﬁde.
3211 3767 3365 3832 dure.
3389 3767 3569 3834 ferox.

453 3857 606 3924 uitis,
634 3868 830 3931 praesto
858 3870 968 3927 est;
1020 3863 1175 3932 proin
1221 3877 1409 3933 pacem
1445 3879 1540 3920 vos
1585 3866 2037 3937 concordiamque

1858 3881 2038 3937 "nque
2211 3852 2430 3908 Invidiae
2449 3854 2684 3909 stimulis
2706 3870 2940 3926 sevaque
2966 3859 3215 3927 cupidine
3246 3869 3442 3927 tactus,

453 3952 649 4005 sectari
679 3951 845 4006 etiam
889 3961 1053 4022 atque
1095 3952 1258 4008 etiam
1295 3969 1446 4025 rogo.
1493 3953 1577 4010 Me
1616 3955 1891 4012 hominem
1936 3971 2036 4012 ex-
2280 3941 2516 4013 (30"!)0"a
2546 3945 2917 4000 ειπῖδῑίοοΙυιη
2948 3949 3175 4017 Perdere
3202 3950 3359 4006 valde
3387 3952 3554 4008 SiliS?

453 4050 636 4107 eunte,
686 4042 832 4098 nulla
877 4057 972 4099 vos
1015 4044 1275 4115 regnandi
1313 4047 1614 4116 cupiditas,
1653 4047 1795 4102 nulla
1849 4049 2037 4119 presi-

1963 4049 2053 4106 si;
2211 4035 2266 4089 Si
2297 4049 2473 4106 regem
2505 4036 2734 4106 p0pu|us
2773 4046 2992 4106 cuperet
3017 4055 3326 4109 pra'ponere
3358 4051 3546 4109 temet,

454 4130 615 4189 tlendi
660 4133 883 4188 ambitio
932 4132 1247 4190 inﬂammet.
1301 4136 1636 4204 Heiuricum,
1667 4137 1938 4196 Saxonum
1981 4151 2036 4198 et

2280 4128 2532 4184 Protinus
2561 4129 2607 4183 is
2629 4144 2826 4196 essem,
2854 4131 2946 4201 qui
2977 4133 3148 4203 magis
3176 4134 3276 4188 hoc
3303 4133 3371 4166 ¹¹⁸
3390 4146 3635 4206 cuperet.

453 4219 832 4291 Turingiorum
873 4224 1060 4278 ducem
1087 4227 1588 4295 prudentissimum,
1627 4244 1804 4301 regem
1831 4231 2032 4303 eligite,

2139 4219 2249 4276 lloc
2289 4220 2452 4290 igitur
2497 4221 2829 4292 quadrifario
2867 4224 3076 4278 dicendi
3106 4241 3319 4294 genere,
3364 4228 3586 4296 copioso
3613 4229 3723 4285 sci-

454 4310 730 4367 dominum
752 4312 1082 4370 constituite.
1123 4314 1174 4371 Is
1197 4317 1341 4372 enim
1362 4327 1445 4374 est
1479 4329 1533 4374 et
1555 4320 1779 4376 scientia
1805 4322 2037 4392 pollens,
2136 4309 2284 4376 Ῑίεεῑ»
2319 4310 2490 4376 hic“.
2534 4310 2680 4366 SiCCO
2705 4319 2760 4364 ει
2786 4309 3005 4376 ﬂorido,
3049 4328 3142 4368 1·Θί
3183 4312 3486 4382 “anticus.
3520 4326 3581 4371 ιιι
3605 4327 3723 4373 eral

453 4410 509 4456 et
551 4399 714 4469 justte
756 4406 1058 4461 severitatis
1109 4421 1337 4465 censure
1381 4410 1715 4468 habundans.
1762 4433 1781 4467 ι
1818 4415 1914 4472 llis
1958 4417 2029 4474 ita

2139 4399 2302 4458 animi
2333 4399 2588 4470 prudens,
2635 4397 2854 4455 Arualdi
2902 4400 3142 4457 animum
3192 4403 3453 4469 mulcens,
3483 4407 3552 4461 ad
3594 4422 3723 4464 suos

451 4489 700 4559 prolatis,
727 4495 996 4565 propriam
1020 4511 1274 4553 coronam
1303 4515 1408 4554 non
1435 4517 1588 4569 auro,
1617 4520 1725 4576 quo
1752 4521 1910 4578 pene
1940 4525 2031 4566 cu-
2058 4465 2110 4526 θ
2135 4490 2315 4546 redii“

444 4586 768 4677 juscumque
793 4587 995 4651 ordinis
1029 4589 1285 4665 principis
1324 4591 1543 4661 pollent,
1575 4609 1765 4651 verum
1801 4600 2030 4668 gemmis
2199 4600 2290 4656 25.
2320 4600 2588 4658 Arnaldus
2613 4616 2766 4670 vero,
2791 4618 2912 4658 cum
2939 4604 3051 4659 suis
3079 4603 3194 4660 lnec
3213 4606 3392 4660 omnia
3419 4607 3725 4677 retulisset,

450 4676 912 4744 praeciosissimis,
963 4695 1070 4742 non
1119 4681 1293 4748 solum
1343 4685 1558 4754 inquam
1607 4698 1878 4756 ornatam,
1933 4694 2028 4749 sed
2131 4693 2435 4762 liujusmodi
2466 4694 2533 4749 ab
2555 4693 2635 4749 eis
2665 4695 2868 4750 audivit
2894 4697 3202 4772 ἀπὸκρισήν,
3231 4699 3526 4767 apocrisin,
3554 4700 3716 4756 idest

450 4775 745 4833 gravatam,
778 4779 1047 4839 sceptrum
1097 4773 1270 4835 etiam
1300 4785 1601 4846 cunctaque
1644 4781 1841 4851 regalia
1874 4784 2028 4838 indu-
2131 4784 2535 4854 responsionem
2555 4803 2572 4839 :
2594 4803 2612 4836 ι
2634 4783 3264 4856 Sapientisillius,immo
3280 4789 3559 4858 sapientiae
3575 4806 3718 4846 veras

451 4865 653 4950 attenta,
682 4858 749 4950 in?
784 4861 1230 4950 mediumvenire
1277 4868 1550 4938 prtecepit,
1579 4884 1643 4924 ac
1683 4881 1841 4941 prout
1865 4874 2030 4930 valuit
2129 4877 2474 4938 sententiam,
2503 4891 2620 4946 quae
2643 4875 2718 4929 ait
2742 4891 2758 4930 :
2793 4875 2898 4930 Per
2919 4894 2997 4931 me
3022 4894 3160 4948 reges
3189 4889 3426 4950 regnant,
3457 4881 3711 4949 principes

445 4945 751 4994 lminsmmli
781 4951 937 4996 verba
961 4949 1144 4998 alludit
1172 4971 1184 4998 ξ
1223 4971 1242 4998 α
1275 4953 1534 5002 Heredem
1564 4959 1830 5004 rpoimmm
1853 4962 2026 5006 digni.

2125 4970 2379 5006 inulas-nn!
2422 4979 2468 5006 ΔΙ
2493 4967 2768 5006 nrulInnlnc
2801 4970 3054 5006 e'nch'ls'nnl
3083 4971 3362 5006 dor-ornans!
3387 4969 3548 5006 [Dn-nn
3591 4986 3682 5006 ινηι
