4012 5340
238 202 341 261 ﬁl

245 408 409 479 hujus
428 407 689 464 electione
714 406 874 463 totius
892 404 1068 476 populi
1086 415 1265 475 posset
1290 418 1408 459 esse
1434 404 1645 456 animus
1666 414 1833 464 unus,»

242 503 291 559 si
335 518 365 556 a
413 501 679 557 Trinitate
726 514 953 562 summa,
1005 514 1125 567 qua:
1179 497 1318 551 Deus
1366 510 1502 549 unus
1557 502 1659 557 est,
1707 502 1831 547 ante

244 591 435 646 mundi
484 590 923 646 constitutionem
956 602 1059 642 non
1109 594 1254 642 esset
1294 584 1514 640 electus.
1560 582 1617 637 Si
1661 581 1833 636 bonus

244 680 434 747 fuerit,
466 681 766 751 diligendus
793 678 915 744 erit,
946 678 1195 747 Deusqne
1234 676 1286 730 in
1333 689 1397 729 eo
1424 672 1759 736 laudandus;
1788 668 1833 725 si

246 787 381 826 vero
442 771 636 834 malus,
683 769 1045 840 equanimitcr
1097 766 1424 822 tolerandus.
1478 763 1829 817 Subditorum

246 877 488 932 namque
537 860 854 932 plerumque
896 859 1112 929 exigunt
1154 856 1369 922 merito,
1409 854 1662 925 quatinus
1705 866 1836 907 non—

247 967 549 1023 numquam
580 966 610 1005 a
638 950 874 1020 praelatis
901 955 1213 1020 graventur,
1264 962 1369 1001 non
1418 953 1690 1015 regantur.
1743 939 1838 997 E-

249 1060 420 1116 quum
463 1054 641 1098 autem
681 1043 994 1114 justumqne
1036 1040 1193 1096 nobis
1227 1039 1459 1103 videtur,
1489 1046 1602 1091 uta
1630 1033 1841 1090 caneris

250 1150 361 1191 non
393 1134 739 1200 dissentiens,
785 1132 931 1188 hunc
978 1146 1159 1203 regem
1187 1130 1432 1202 eligeres,
1464 1130 1576 1199 ipse
1604 1140 1735 1181 vero
1765 1133 1840 1191 te,

252 1237 314 1284 ut
350 1235 460 1282 tam
493 1227 821 1281 fortunatum
864 1234 920 1281 et
962 1224 1296 1295 praedivitcm
1326 1222 1499 1276 virum
1547 1221 1648 1276 hoc
1684 1227 1843 1290 pacto

253 1323 466 1386 hearet,
497 1320 771 1389 animique
808 1320 887 1374 tui
914 1316 1152 1374 furorem
1177 1315 1457 1380 mulceret,
1482 1322 1541 1368 ut
1580 1312 1721 1385 quod
1753 1311 1845 1366 de-

254 1427 504 1469 cessores
542 1428 647 1468 non
694 1412 935 1468 habuere
972 1410 1072 1477 tui,
1103 1409 1200 1464 tibi
1240 1406 1592 1471 concedatur,
1639 1403 1849 1460 scilicet

256 1504 519 1575 quatinus
548 1503 710 1559 totius
748 1500 1021 1573 Bagoarite
1043 1499 1328 1572 pontiﬁces
1369 1508 1495 1553 tunc
1533 1493 1847 1565 subjaceant

258 1594 484 1660 dicioni,
518 1603 714 1663 tneque
738 1593 819 1647 sit
855 1591 1126 1663 potestati,
1156 1604 1263 1645 uno
1301 1586 1575 1653 defuncto,
1618 1584 1845 1640 alterum

265 1684 555 1741 ordinare.
585 1704 603 1738 ι
624 1684 894 1740 Conivens
916 1683 1078 1753 igitur
1091 1679 1361 1736 Arnaldus
1384 1692 1604 1734 suorum
1633 1677 1735 1732 hoc
1761 1690 1852 1744 op-
1882 1666 1929 1727 Β

261 1778 399 1833 timo
426 1778 675 1847 bonoque
704 1776 951 1843 consilio,
981 1773 1217 1830 lleinrici
1247 1772 1390 1844 regis
1417 1770 1573 1827 miles
1595 1768 1844 1833 eﬁicitur,

262 1878 320 1925 et
350 1869 419 1924 ab
446 1884 533 1936 eo,
564 1869 747 1936 utjam
777 1869 977 1924 dictum
1004 1873 1110 1933 est,
1134 1865 1408 1922 concessis
1440 1864 1605 1921 totius
1642 1863 1848 1935 Bagoa-

264 1960 362 2015 τίω
399 1958 745 2033 pontiﬁcibus
783 1960 1101 2014 honoratur.
1406 1998 1411 2003 .

336 2051 429 2106 Ἃ.
470 2050 574 2106 Per
602 2051 743 2105 idem
775 2060 986 2122 tempus
1010 2049 1136 2104 dum
1158 2047 1463 2104 Chnonradi
1492 2046 1635 2118 regis
1683 2044 1851 2101 inter-

274 2145 414 2199 itum
453 2154 617 2213 atque
646 2142 879 2198 Heinrici
931 2144 985 2197 in
1020 2158 1239 2213 regnum
1267 2140 1665 2197 successionem
1694 2138 1849 2194 audi-

275 2241 400 2291 rent
439 2232 699 2301 llungarii
726 2233 850 2302 (an.
875 2231 1042 2302 91.9),
1075 2230 1166 2285 tali
1204 2246 1324 2287 sese
1353 2237 1477 2285 sunt
1527 2238 1713 2283 mutuo
1738 2240 1853 2283 ser-

272 2339 431 2379 mone
460 2324 697 2395 adgressi
732 2323 797 2355 “'
819 2342 831 2377 :
856 2342 872 2373 ι
895 2323 1009 2377 Rex
1036 2322 1176 2378 forte
1196 2336 1365 2377 novus
1391 2320 1544 2377 novis
1560 2320 1631 2374 uti
1649 2318 1857 2389 legibus

273 2415 444 2487 cupit.
468 2414 649 2486 Copiis
682 2415 844 2485 igitur
872 2413 1115 2469 collectis
1144 2429 1249 2471 non
1298 2412 1555 2476 minimis,
1595 2408 1856 2466 ascenda-

276 2526 428 2579 mns;
474 2519 905 2581 scrutemurque,
960 2509 1139 2566 debita
1196 2518 1378 2564 utrum
1420 2522 1512 2562 rex
1574 2505 1858 2561 Heinricus

276 2605 408 2662 velit
447 2606 643 2661 tributa
670 2604 997 2675 persolvere.
1035 2603 1187 2672 Quod
1211 2604 1255 2659 si
1294 2616 1421 2668 non,
1454 2610 1513 2657 ut
1563 2600 1857 2663 credimus,

1191 187 1729 251 ANTAPODOSEOS
1770 185 1945 240 LIBRI
1986 188 2139 245 SEX.
2183 223 2254 235 -—-
2288 192 2412 249 LIB.
2454 193 2514 250 ll.

240 316 373 372 εἰοηὲ
393 315 587 371 resistit
611 313 785 387 (Rom.
814 312 952 383 xm),
978 311 1096 383 quis
1130 309 1594 383 ambigitheque
1608 309 1748 365 enim
1775 308 1826 361 in
1858 311 1903 370 Α
1930 308 2032 375 Qui
2059 310 2271 365 sibimet
2294 319 2462 365 totum

3394 190 3515 250 8%

2749 308 3026 365 Straverat
3049 308 3233 366 Orbem
3258 311 3320 342 ³⁸⁸
3343 328 3358 377 ς
3384 338 3395 367 _-

2759 407 2941 462 Victor
2978 407 3175 477 ubique

2749 498 2996 560 Subdidit
3025 500 3094 539 ¹¹¹
3120 514 3330 565 omnes,
3362 549 3369 555 .

2756 592 2957 661 Gessit,
2986 596 3055 651 ob
3088 595 3192 651 hoc
3214 597 3359 666 quod

2762 685 2894 741 Esse
2914 686 3122 743 salutis.

2762 774 2955 832 Nescia
2986 777 3189 833 Christi

2766 866 2977 923 Gaudet
3001 868 3054 923 in
3077 884 3311 925 omnem.

2765 958 2970 1015 Ducere
2993 959 3217 1016 ferrum.

2766 1048 2910 1105 Heus
2938 1066 3111 1123 mage,
3141 1053 3282 1122 quod
3308 1067 3461 1108 nune

2765 1139 2911 1193 Colla
2943 1141 3169 1197 tributo!

2766 1229 2912 1287 More
2945 1234 3086 1289 virili
3114 1236 3125 1288 !

2780 1321 2950 1393 Vique
2977 1324 3168 1380 ferire!

2779 1413 2976 1471 Sancta
3008 1418 3261 1488 cupidos,-

1950 1501 2059 1560 llec
2098 1501 2303 1575 Stigias
2339 1502 2408 1535 ¹¹³
2435 1502 2674 1560 referant
2776 1504 2997 1562 Munera
3029 1508 3095 1561 ad
3134 1509 3327 1575 undas,

1952 1593 2019 1651 Et
2045 1594 2250 1652 calidos
2275 1605 2561 1653 numerent
2774 1595 2899 1669 Igne
2925 1597 3180 1653 trientes!

1933 405 2109 476 Fugiit
2140 407 2227 462 hic
2248 408 2421 462 vietus

1933 497 2085 564 Quod
2114 498 2214 553 sibi
2245 513 2341 555 nos
2372 499 2583 555 rediens

1933 589 1990 645 ld
2017 590 2232 646 Domini
2265 591 2438 661 pietas

1935 682 2235 754 Participes
2275 684 2443 740 voluit

1937 769 2091 827 Nunc
2118 773 2257 827 mala
2282 774 2579 829 Turcorum

1938 861 2104 929 Gens,
2134 864 2353 919 inimica
2386 865 2516 931 Deo,

1940 953 2161 1009 Eclesite
2193 956 2448 1026 populum

1942 1044 2048 1101 Pro
2072 1045 2245 1111 dolor,
2288 1046 2504 1113 heroes,
2528 1098 2531 1099 ν

1944 1136 2185 1192 Subdere
2209 1145 2392 1193 nostra
2417 1137 2605 1194 volunt

1946 1225 2155 1284 Sumite
2178 1242 2321 1284 nunc
2348 1228 2556 1284 animos

1947 1317 2182 1373 Membra
2220 1333 2407 1375 secare
2427 1334 2633 1389 prmcor

1949 1410 2034 1468 Sit
2060 1411 2212 1467 furor
2246 1413 2380 1468 heus
2402 1414 2618 1477 ardens,

2018 1773 2108 1829 2'7.
2147 1772 2367 1830 Talibus
2397 1773 2578 1845 itaque
2594 1788 2688 1831 rex
2711 1774 3177 1833 exhortationibus
3203 1777 3269 1833 ad
3294 1784 3525 1850 pugnam

1948 1879 2169 1921 suorum
2193 1865 2413 1922 accendi
2441 1866 2651 1923 animos
2671 1866 2876 1932 videns,
2904 1867 3107 1939 indicto
3135 1869 3342 1923 cunctis
3367 1868 3530 1923 silen-

1951 1957 2047 2024 tio,
2108 1956 2223 2011 haec
2252 1957 2446 2011 iterum
2486 1956 2650 2012 divini
2687 1972 2909 2014 munere
2955 1957 3189 2015 ﬂaminis
3229 1968 3403 2015 tactus
3434 1960 3533 2015 ad-

1946 2045 2118 2118 jecit:
2158 2062 2176 2098 ι
2204 2044 2514 2101 Priscorum
2562 2044 2707 2101 facta
2741 2062 2949 2118 regum,
2980 2060 3290 2105 sanctorum
3333 2051 3534 2119 scripta

1953 2134 2173 2191 Patrum
2205 2133 2382 2201 nobis,
2403 2135 2529 2205 quid
2554 2149 2715 2207 agere
2748 2136 3058 2205 debeamus,
3088 2138 3382 2195 insinuant.
3418 2139 3534 2195 Non

1953 2226 2098 2282 enim
2139 2235 2223 2283 est
2265 2227 2376 2284 Deo
2431 2226 2645 2284 difﬁcile
2707 2230 2893 2299 paucis
2942 2230 3125 2302 plures
3168 2242 3437 2299 sternere,
3490 2235 3537 2287 si

1957 2325 2153 2409 tamen
2178 2316 2371 2372 horum
2405 2318 2496 2389 qui
2543 2318 2598 2374 id
2634 2334 2795 2409 agere
2818 2321 3060 2391 cupiunt,
3090 2321 3237 2409 ﬁdes
3269 2331 3537 2387 meretur;

1958 2406 2108 2472 ﬁdes,
2140 2407 2382 2478 inquam,
2406 2422 2512 2463 non
2549 2407 2902 2479 professionis
2938 2418 3169 2478 tantum,
3197 2406 3292 2467 sed
3335 2412 3538 2481 operis,

1959 2513 2067 2556 non
2102 2497 2439 2556 solummodo
2482 2500 2619 2567 oris,
2654 2510 2738 2556 set
2787 2501 2951 2557 etiam
2990 2502 3188 2558 cordis.
3238 2501 3546 2559 Voveamus

1962 2590 2166 2662 itaque,
2213 2606 2278 2647 ac
2321 2592 2616 2647 secundum
2660 2591 3006 2649 Psalmistam
3054 2603 3177 2650 vota
3231 2597 3541 2662 reddamus,

279 2696 497 2767 regibus
523 2696 770 2751 dissentit
810 2711 838 2750 a
867 2695 1085 2762 ceteris,
1124 2708 1348 2764 regnum
1379 2690 1496 2762 ejus
1530 2691 1662 2748 cede
1697 2700 1861 2761 atque
1961 2695 2085 2751 θεον
2140 2680 2385 2750 inquam.
2435 2694 2536 2751 €30
2580 2681 2752 2753 prius,
2805 2683 2898 2753 qui
2934 2682 3193 2755 dignitate
3250 2686 3433 2741 videor
3487 2697 3545 2740 et

280 2786 542 2843 inmensis
555 2786 905 2857 depopuletur
926 2785 993 2817 ¹¹⁶
1022 2783 1304 2840 incendiis.
1321 2782 1437 2838 Non
1454 2781 1860 2852 Bagoariorum,

1962 2770 2151 2828 ordine
2180 2770 2403 2841 primus.
2440 2769 2744 2827 Simoniaca
2785 2772 2993 2829 heresis
3038 2773 3147 2829 Deo
3178 2774 3373 2841 invisa,
3426 2783 3480 2830 et
3511 2790 3542 2829 a

282 2877 377 2935 sed
408 2877 706 2941 Saxonum,
734 2876 826 2932 ubi
853 2892 945 2932 rex
974 2876 1091 2947 ipse
1137 2884 1239 2941 est,
1266 2873 1443 2945 primo
1473 2872 1609 2929 ﬁnes
1630 2885 1863 2945 oqcupe-
1964 2862 2276 2920 beatissimo
2328 2862 2695 2933 apostolorum
2751 2863 2993 2935 principe
3055 2862 3217 2920 Petro
3268 2866 3542 2929 damnata,

282 2986 443 3035 mus;
486 2978 565 3035 ut,
606 2968 649 3025 si
682 2968 838 3034 forte,
869 2967 1010 3038 quod
1045 2983 1151 3023 non
1181 2981 1482 3037 speramus,
1534 2977 1865 3037 congregare

1968 2969 2087 3026 qua:
2118 2970 2149 3009 a
2182 2953 2561 3010 decessoribus
2589 2955 2790 3011 nostris
2817 2956 3081 3012 hactenus
3102 2964 3186 3010 est
3221 2964 3422 3011 temere
3447 2971 3543 3010 cu-

282 3014 582 3115 exereitum
632 3058 784 3125 velit,
813 3014 988 3129 neque
1039 3059 1104 3114 de
1155 3014 1525 3128 Ldtharingia,
1576 3014 1767 3127 neque:
1801 3014 1938 3110 dec
1970 3047 2190 3115 stodita,
2238 3047 2413 3103 modis
2438 3047 2689 3105 omnibus
2730 3062 2759 3102 a
2801 3055 2988 3105 nostro
3008 3047 3265 3120 sitregno
3302 3048 3546 3119 expulsa.

284 3149 538 3217 Francia,
568 3163 743 3219 neque
776 3149 843 3205 de
888 3148 1107 3214 Suevia,
1145 3163 1320 3217 neque
1375 3147 1442 3203 de
1492 3146 1776 3217 Bagoaria,
1818 3146 1869 3201 ei

285 3250 502 3297 mature
529 3253 817 3295 occurrere
848 3239 912 3272 ¹¹⁷
945 3239 1132 3309 possit.
1167 3237 1271 3294 Sed
1295 3247 1351 3295 et
1378 3239 1651 3294 Saxonum
1675 3251 1741 3294 ac
1764 3235 1871 3292 Tu-

287 3331 589 3402 ringiorum
612 3330 681 3362 ¹¹⁸
704 3338 847 3387 terra
866 3328 1025 3384 facile
1054 3328 1427 3400 depopulatur,
1459 3342 1578 3397 qua:
1596 3342 1696 3383 nec
1722 3341 1875 3382 mon-

291 3420 437 3477 tibus
500 3419 684 3489 adjuta
765 3433 867 3476 nec
936 3417 1264 3475 ﬁrmissimis
1325 3416 1537 3489 oppidis
1603 3423 1686 3474 est
1750 3430 1872 3470 mu-

291 3512 425 3567 nita.
466 3530 487 3565 ι

359 3605 454 3661 25.
497 3604 615 3660 Rex
641 3602 926 3661 Heinricus
962 3603 1281 3676 gravissima
1334 3602 1642 3659 valetudine
1674 3601 1878 3659 detinev

296 3706 384 3751 tur
416 3697 541 3768 (an.
566 3696 729 3766 953),
758 3705 814 3751 et
843 3695 1240 3766 Hungariorum
1263 3694 1312 3750 ei
1345 3695 1608 3750 adventus
1634 3693 1877 3764 proxime

298 3788 602 3843 nuntiatur.
650 3786 759 3842 Vix
789 3787 1055 3843 ﬁnetenus
1084 3787 1381 3843 nuntiantis
1402 3787 1469 3819 ¹¹⁹
1500 3787 1663 3842 verba
1696 3786 1879 3841 audie-

299 3888 403 3946 rat,
435 3894 559 3933 cum
598 3877 818 3933 directis
862 3893 958 3950 per
1002 3878 1296 3933 Saxoniam
1342 3875 1565 3941 nuntiis,
1590 3884 1713 3946 post
1742 3889 1876 3946 qua-

302 3971 539 4027 triduum
611 3978 875 4041 quotquot
936 3976 1148 4039 poterat
1212 3967 1429 4039 capitali
1494 3965 1762 4023 sententia
1822 3979 1881 4021 se

301 4062 451 4118 adire
472 4060 834 4117 commendat;
862 4058 1201 4115 Validissimo
1227 4058 1391 4130 igitur
1411 4072 1508 4127 per
1536 4056 1881 4127 quatriduum

302 4160 627 4224 congregato
654 4151 918 4217 exercitu,
942 4180 1008 4192 ——
1048 4159 1134 4206 est
1171 4151 1315 4206 enim
1366 4148 1640 4206 Saxonum
1668 4163 1786 4205 mos
1815 4149 1881 4182 “°

304 4242 607 4298 laudandus
635 4251 798 4314 atque
846 4242 1214 4310 immitandus,
1248 4242 1503 4313 quatinus
1537 4257 1737 4297 annum
1764 4253 1887 4313 post

1972 3140 2232 3198 Conectet
2272 3142 2501 3199 invicem
2548 3142 2772 3200 unitatis
2824 3143 3045 3213 caritas,
3086 3142 3131 3199 si
3167 3159 3303 3214 quos
3351 3143 3551 3200 diaboli

1973 3231 2157 3288 divisit
2183 3231 2470 3288 calliditas.
2492 3251 2513 3288 ο

2042 3321 2133 3379 28.
2176 3320 2289 3379 Rex
2318 3323 2573 3380 nonnulla
2608 3324 2694 3382 his
2725 3326 2921 3384 similia
2957 3327 3139 3384 dicere
3158 3336 3400 3398 cuperat,
3430 3342 3555 3385 cum

1976 3413 2182 3484 volipes
2228 3415 2448 3471 nuntius
2495 3414 2799 3487 Hungarios
2834 3419 2887 3474 in
2918 3418 3251 3491 Meresburg,
3287 3421 3430 3490 quod
3467 3427 3556 3475 est
3640 3420 3643 3423 ’

1977 3507 2033 3563 in
2056 3506 2356 3576 Saxonum,
2396 3509 2777 3579 Turingiorum
2822 3511 2911 3579 ⁸³⁸,
2945 3519 3000 3568 et
3033 3510 3348 3568 Sclavorum
3379 3511 3553 3568 conﬁ-

1978 3600 2070 3655 nio
2114 3607 2376 3667 castrum,
2416 3613 2538 3656 esse
2580 3598 2888 3656 nuntiabat.
2932 3602 3219 3673 Adjecerat
3244 3598 3431 3671 etiam,
3460 3617 3554 3660 eos

1980 3705 2087 3747 non
2114 3690 2380 3747 modicam
2403 3691 2748 3762 parvulorum
2777 3706 2843 3748 ac
2865 3693 3149 3748 mulierum
3188 3693 3387 3750 habere
3413 3709 3552 3765 prte-

1914 3824 1933 3846 .
1982 3787 2127 3848 dam,
2152 3784 2389 3839 virorum
2414 3800 2542 3841 vero
2565 3786 2865 3841 inmensam
2895 3784 3088 3843 fecisse
3114 3795 3349 3859 stragem
3375 3805 3391 3855 ;
3421 3803 3554 3844 con-

1982 3877 2233 3932 dixerant
2262 3878 2404 3933 enim
2456 3894 2486 3933 a
2509 3878 2720 3934 decimo
2750 3887 2805 3934 et
2830 3879 3081 3948 deinceps
3115 3895 3257 3935 anno
3285 3881 3557 3938 neminem

1984 3982 2043 4024 se
2070 3971 2413 4040 superstitem
2444 3971 2748 4037 relicturos,
2773 3972 3025 4041 quatinus
3040 3986 3136 4042 per
3155 3971 3259 4028 hoc
3291 3980 3559 4030 terrorem

1986 4075 2091 4115 non
2123 4074 2347 4129 parvum
2385 4059 2689 4116 Saxonibus
2733 4061 3069 4117 adhiberent.
3126 4062 3241 4117 Rex
3294 4063 3474 4134 igitur,
3504 4072 3564 4119 ut

1986 4160 2104 4207 erat
2146 4151 2311 4206 animi
2362 4161 2640 4218 constans,
2694 4152 2890 4208 talibus
2935 4167 3039 4210 non
3069 4162 3335 4221 terretur;
3377 4170 3564 4209 verum

1990 4244 2162 4314 magis
2190 4244 2487 4315 magisque,
2525 4253 2583 4298 ut
2610 4258 2707 4314 pro
2728 4243 2902 4314 patria
2928 4256 3172 4314 pugnare
3192 4260 3255 4301 ac
3282 4245 3567 4302 laudabili-

308 4350 473 4392 unum
538 4343 699 4406 atque
765 4334 1141 4391 duodecimum
1194 4335 1401 4390 nemini
1458 4335 1686 4391 militum
1745 4335 1885 4391 bello
1916 4342 2074 4433 Dter
2098 4334 2329 4389 debeant
2357 4333 2692 4399 occumbere,
2730 4333 3066 4389 exhortatur.

308 4427 496 4488 deesse
541 4426 820 4499 contingat
842 4456 916 4467 -—
939 4426 1051 4481 etsi.
1082 4426 1330 4495 corporis
1355 4424 1624 4480 invalidus
1657 4425 1880 4491 viribus,

2061 4424 2152 4480 29.
2196 4425 2416 4481 Vinctos
2460 4425 2666 4479 interea
2720 4424 3001 4495 Hungarii,
3038 4425 3082 4480 si
3139 4426 3420 4496 inpugnari
3476 4426 3566 4481 de-

310 4521 507 4574 mentis
536 4527 714 4573 tamen
752 4517 935 4587 vigore
981 4517 1269 4582 animatus,
1301 4522 1462 4584 prout
1487 4516 1655 4571 valuit
1675 4529 1886 4584 :equum
1993 4514 2174 4582 beant,
2209 4516 2579 4571 sciscitantur.
2606 4513 2847 4586 Cumque
2872 4516 2940 4571 ab
2976 4515 3058 4572 his
3087 4531 3193 4571 non
3232 4516 3388 4571 aliter
3412 4531 3570 4586 posse

313 4608 1091 4679 conscendit,ratqnecollectis
1113 4608 1164 4663 in
1183 4622 1345 4663 unum
1369 4607 1559 4677 c0piis,
1586 4605 1887 4676 huiusmodi
1996 4604 2110 4661 ﬁeri
2161 4613 2469 4671 testaretur,
2515 4606 2946 4676 exploratoribus
2985 4606 3197 4662 dilectis
3245 4606 3337 4670 η’,
3375 4607 3420 4660 si
3469 4607 3613 4662 hoc~

314 4718 407 4761 eas
436 4702 617 4758 verbis
655 4701 722 4755 ad
745 4699 1012 4771 pugnandi
1041 4700 1243 4761 rabiem
1280 4698 1501 4753 exitavit
1536 4698 1648 4769 (8-2)
1682 4717 1695 4753 :
1996 4708 2182 4749 verum
2219 4707 2340 4751 esse
2371 4703 2572 4764 posset,
2601 4698 2911 4766 exquirunt.
2944 4694 3181 4752 Profecti
3216 4695 3445 4763 denique
3479 4710 3571 4750 ex-

384 4792 476 4849 26.
516 4791 709 4849 lnclita
746 4790 1019 4846 Saxonum
1110 4788 1220 4845 Ceu
1248 4787 1333 4842 leo
1364 4786 1616 4843 frendens
1997 4785 2322 4856 ploratores,
2349 4785 2660 4843 Hcinricum
2688 4802 2869 4860 regem
2897 4787 3145 4841 inmenso
3185 4802 3312 4846 cum
3338 4786 3585 4840 exercitu

320 4884 461 4947 Bella
490 4900 588 4956 per
619 4885 900 4940 innumera
1113 4878 1258 4934 Gens
1283 4887 1403 4934 erat
1428 4877 1577 4933 olim.
1990 4876 2143 4946 juxta
2165 4879 2444 4951 praefatum
2472 4877 2727 4949 oppidum
2776 4876 3083 4945 Meresburg
3127 4871 3568 4941 contemplantur

325 4976 542 5034 Restitit
579 4977 699 5032 haec
724 4971 920 5029 Karolo
1115 4970 1255 5025 Ense
1284 4977 1549 5033 cruento,
2000 4970 2241 5043 Denique
2268 4974 2356 5031 vix
2386 4971 2451 5026 ad
2480 4983 2604 5025 suos
2627 4976 2882 5039 poterant
2921 4968 3262 5039 reppedare,
3310 4964 3602 5025 adventun.
3634 4992 3637 4995 λ

1635 5102 1870 5161 VARUE
1911 5102 2315 5169 LECTIONES.

390 5236 455 5271 ιιι
487 5227 765 5301 adgressci
800 5225 853 5278 l.
928 5225 996 5301 “f
1031 5214 1541 5301 μερορορυιιρέυξομι.
1618 5214 1699 5301 ‘1"
1724 5228 1984 5301 occure‘re
2013 5215 2081 5301 1.Δ
2146 5218 2212 5301 ξω
2252 5212 2702 5301 ωάιείθιιυξξηξ.
2757 5212 2866 5301 ,ιιι
2883 5207 3151 5301 nuntiati:
3188 5221 3218 5301 ς

331 5306 392 5335 ιιι
433 5279 901 5340 ,οῆζῆῗὶιῖὅᾙᾎικηηε
940 5279 1134 5340 civitas
1169 5279 1257 5340 est-
1287 5285 1489 5340 difﬁcili
1534 5284 1703 5340 capite
1754 5287 1842 5340 40.
1895 5285 2105 5340 desunt.
2141 5288 2324 5340 lacuna
2367 5279 2513 5340 ηἷιιια
2564 5279 2804 5337 indicata
2836 5279 2888 5332 5.

1113 4878 1258 4934 Gens
1283 4887 1403 4934 erat
1428 4877 1577 4933 olim.

1115 4970 1255 5025 Ense
1284 4977 1549 5033 cruento,

3236 5259 3249 5274 ,
3329 5203 3547 5274 ﬂ‘l‘tttox
3577 5207 3630 5261 ι.

2994 5276 3060 5308 ιη
3105 5270 3392 5340 Subdidit
3433 5270 3486 5325 t.
3564 5274 3640 5309 ιιι
