4012 5340
504 290 610 358 m

1511 298 1928 356 LlUTPRANDI
1963 296 2446 356 CREMONENSIS
2484 294 2791 352 EPISCOPI

3655 277 3763 347 πε

507 417 777 476 exercitus
824 413 1108 480 nuntiare;
1156 425 1329 483 neque
1376 412 1518 467 enim
1569 412 1652 468 his
1699 410 1876 467 fuerat
1923 411 2079 478 alius,
2110 416 2158 475 Α
2186 409 2299 465 rius
2351 408 2460 475 ille,
2509 407 2660 478 cuius
2709 404 3053 462 inmensitate
3107 404 3405 478 tyrannidis
3453 411 3568 459 tota
3618 408 3761 461 nunc

505 524 693 565 verum
727 522 821 562 rex
848 507 981 576 ipse,
1010 503 1132 560 belli
1154 503 1391 558 nuntius.

575 598 667 653 30.
708 596 861 652 Haud
904 609 1074 660 mora,
1105 592 1304 649 bellum
1332 591 1602 662 incipitur,
1629 600 1788 662 atque
1829 608 1896 648 ex
1936 592 2081 647 chri-

507 687 807 742 stianorum
838 694 993 756 parte
1017 693 1204 739 sancta
1218 698 1281 737 ac
1300 682 1564 758 mirabilis
1576 697 1679 737 vox
1695 687 1847 759 Κύριε
1863 681 2079 749 illum»,

504 778 659 852 Ityrie
682 777 909 841 eleison,
937 787 1003 831 ex
1029 788 1215 831 eorum
1242 788 1372 830 vero
1400 774 1572 845 turpis
1603 782 1658 829 et
1678 774 1941 831 diabolica
1967 776 2079 843 hui,

504 869 622 933 hui,
647 867 961 938 frequenter
987 866 1223 921 auditur.
1448 937 1457 944 _

573 959 666 1015 51.
706 958 940 1014 Dederat
969 971 1064 1012 rex
1090 955 1376 1011 Heinricus
1404 955 1521 1011 suis
1546 963 1670 1010 ante
1708 954 1830 1012 belli
1861 954 2084 1011 inchoa-

504 1049 710 1106 tionem
761 1046 1068 1118 huiusmodi
1120 1046 1337 1117 sapiens
1378 1060 1443 1101 ac
1485 1044 1701 1101 salubre
1762 1045 2078 1101 consilium:

510 1160 530 1195 ι
564 1141 700 1198 Cum
744 1141 813 1197 ad
864 1140 1052 1196 Martis
1096 1139 1301 1194 iudium
1358 1138 1425 1174 ¹²⁶
1455 1138 1708 1209 ceperitis
1763 1152 2078 1209 properare,

502 1249 667 1291 nemo
692 1234 890 1293 solium
929 1231 1200 1293 velotiori,
1248 1232 1575 1300 quamquam
1605 1229 1816 1294 habeat,
1858 1236 2083 1299 temptet

504 1338 645 1394 equo
671 1323 881 1395 praeire.
928 1323 1131 1378 Verum
1156 1321 1342 1390 clipeis
1382 1320 1702 1376 altrinsecus
1744 1321 1939 1389 operti,
1966 1320 2085 1391 pri-

500 1429 623 1471 mos
649 1430 813 1486 super
856 1423 1008 1470 scuta
1051 1414 1368 1483 sagittarum
1396 1413 1537 1468 ictus
1583 1414 1843 1485 recipite;
1889 1413 2081 1469 deinde

502 1522 664 1563 cursu
693 1506 918 1579 rappido
950 1507 1260 1577 impetuque
1297 1506 1363 1538 ¹²⁷
1397 1506 1872 1561 vehementissimo
1918 1520 2081 1576 super

501 1614 598 1655 eos
626 1599 840 1664 irruite,
865 1599 1118 1668 quatinus
1145 1614 1253 1654 non
1292 1598 1449 1668 prius
1472 1598 1623 1653 vobis
1647 1600 1889 1654 secundo
1914 1597 2080 1668 sagit-

502 1698 680 1745 tarum
715 1689 926 1760 possint
955 1688 1093 1744 ictus
1120 1685 1394 1753 emittere,
1423 1688 1599 1757 quoad
1639 1696 1946 1743 vestrorum
1973 1683 2078 1740 sibi
2128 1750 2129 1753 η

2184 501 2330 574 luget
2355 500 2522 566 Italia,
2546 499 2807 571 cujusque
2829 497 3097 555 lenocinio
3128 514 3159 553 a
3180 498 3612 568 quibuscumque
3636 511 3758 567 gen-

2187 593 2331 649 tibus
2356 593 2698 663 perhimitur,
2729 606 2834 646 non
2858 593 3097 662 juvatur.
3129 589 3235 646 Sed
3263 600 3323 645 ut
3342 591 3410 645 ad
3434 605 3552 645 rem
3578 589 3766 645 redea-

2186 697 2327 747 mus,
2349 683 2482 739 satis
2511 698 2652 737 nunc
2678 682 2881 737 dixisse
2901 679 3148 735 suliiciat.
3276 742 3285 751 _

2254 774 2344 830 34.
2375 774 2628 829 Preterea
2659 775 2800 829 idem
2842 773 3188 838 Adelbertus,
3218 774 3360 844 quod
3399 773 3560 828 bonis
3590 774 3767 828 omni-

2181 867 2281 921 bus
2308 866 2607 923 cavendum
2651 872 2751 929 est,
2802 864 3118 935 nequissimi
3149 864 3315 919 moris
3360 863 3431 896 ⁸³⁸
3456 863 3582 918 fuit.
3630 861 3760 917 Nam

2182 960 2307 1013 dum
2350 958 2594 1014 fervente
2639 958 2900 1029 sanguine
2942 957 3234 1028 iuvenilem
3282 957 3507 1011 duceret
3571 954 3769 1019 vitam,

2183 1049 2333 1104 mirae
2362 1049 2713 1104 humanitatis
2763 1049 3021 1119 mirasque
3048 1046 3115 1079 ¹³¹
3138 1048 3445 1103 sanctitatis
3475 1046 3605 1113 fuit,
3630 1046 3765 1101 adeo
3852 1037 3857 1041 ’

2180 1158 2311 1198 sane
2338 1152 2395 1198 ut
2434 1142 2479 1199 si
2529 1145 2577 1198 ei
2598 1159 2627 1197 a
2674 1143 2962 1199 venatione
2997 1143 3238 1198 redeunti
3268 1157 3473 1212 pauper
3508 1154 3763 1196 occurre.

2181 1234 2367 1301 ret‘”,
2391 1233 2639 1303 aliudque
2659 1233 2707 1288 ei
2728 1233 2937 1289 deesset
2954 1233 3096 1303 quod
3114 1232 3187 1287 illi
3203 1239 3463 1303 praestare
3491 1230 3761 1299 nequiret,

2180 1340 2347 1381 cornu
2376 1326 2640 1397 protinus,
2671 1325 2816 1395 quod
2844 1323 2961 1394 eius
2986 1323 3124 1379 collo
3154 1322 3331 1378 tibulis
3357 1323 3537 1377 aureis
3570 1323 3764 1391 depen-

2180 1415 2359 1481 debat,
2416 1415 2534 1470 sine
2576 1414 2840 1469 dilatione
2892 1410 3252 1477 concederet,
3303 1423 3638 1479 rursumque
3694 1408 3762 1462 ah

2180 1505 2387 1570 eodem,
2441 1504 2629 1574 quanti
2662 1503 3034 1569 estimabatur,
3088 1502 3420 1573 adquireret.
3460 1499 3600 1554 Tam
3632 1499 3764 1553 dira

2179 1606 2356 1653 autem
2393 1596 2734 1669 postmodum
2780 1597 2955 1653 factus
3010 1604 3093 1652 est
3125 1596 3302 1662 famas,
3344 1603 3405 1650 ut
3450 1592 3763 1663 hujusmodi

2178 1703 2306 1743 vera
2352 1689 2419 1743 de
2458 1702 2521 1744 eo
2553 1696 2659 1742 tam
2690 1702 2722 1742 a
2761 1685 3052 1755 majoribus
3080 1701 3239 1756 quam
3272 1702 3318 1739 .a
3365 1684 3555 1755 pueris
3580 1682 3764 1739 cantio

499 1794 778 1836 armorum
827 1779 1062 1834 sentiant
1119 1777 1345 1833 vulnera
1398 1777 1727 1847 pervenisse.
1750 1796 1768 1828 ι
1831 1776 2074 1831 Saxones
2102 1784 2147 1843 Β
2175 1778 2462 1834 diceretur.
2493 1779 2559 1833 Et
2577 1778 2703 1850 quia
2730 1778 2977 1833 sonorius
2998 1786 3099 1843 est,
3124 1775 3295 1832 Grece
3319 1774 3449 1829 illud
3470 1773 3761 1829 dicamusi

500 1869 669 1941 igitur
716 1867 1101 1925 admonitionis
1146 1868 1305 1938 hujus
1349 1867 1720 1923 saluberrima:
1750 1882 1855 1923 non
1909 1868 2082 1923 inme-

502 1975 706 2027 mores,
763 1961 1013 2016 ordinata
1058 1961 1339 2030 aequaliter
1385 1960 1501 2016 acie
1549 1968 1792 2023 currunt,
1834 1974 1933 2015 nec
1996 1967 2083 2015 est

499 2055 594 2127 qui
626 2055 880 2112 velociori
934 2055 1222 2111 tardiorem
1269 2064 1509 2121 transeat
1553 2072 1724 2127 equo;
1764 2072 1949 2113 verum
1986 2056 2083 2113 cli-

498 2143 641 2216 peis,
664 2152 727 2200 ut
752 2160 845 2201 rex
874 2145 1104 2210 dixerat,
1123 2145 1445 2202 altrinsecus
1464 2147 1729 2218 cooperti,
1757 2148 2077 2218 sagittarum

497 2249 660 2306 super
688 2234 889 2306 clipeos
919 2236 1188 2307 recipiunt
1236 2237 1373 2295 ictus
1428 2236 1728 2304 innocuos;
1780 2238 1993 2304 deinde,
2021 2244 2082 2294 ut.

496 2325 583 2380 vir
614 2327 1064 2397 prudentissimus
1088 2329 1326 2396 dixerat,
1350 2343 1512 2399 super
1540 2330 1644 2384 hos
1672 2345 1830 2385 cursu
1856 2330 2078 2400 praepeti

495 2417 739 2483 veniunt,
771 2418 905 2479 adeo
931 2427 989 2473 ut
1023 2433 1209 2474 eorum
1235 2420 1387 2489 prius
1416 2420 1524 2475 vita
1554 2435 1675 2475 cum
1705 2420 1906 2492 gemitu
1930 2419 2080 2492 fuge-

492 2514 603 2573 ret,
634 2521 794 2577 quam
824 2509 1059 2563 secundo
1085 2507 1388 2578 iaculorum
1439 2509 1667 2565 fulmina
1708 2512 2071 2566 mitterentur.

496 2592 692 2664 Fitque
718 2595 882 2650 divini
932 2598 1176 2653 muneris
1208 2598 1433 2668 pietate,
1464 2606 1523 2652 ut
1551 2599 1730 2670 potius
1758 2601 1856 2655 hos
1893 2598 2076 2670 fugere

495 2694 660 2753 quam
690 2686 923 2755 prtcliari
948 2685 1119 2755 iuvet.
1161 2688 1325 2744 Velox
1353 2697 1479 2745 tunc
1510 2692 1729 2761 sonipes
1755 2693 1907 2762 piger
1938 2706 2075 2762 que-

494 2775 637 2831 ritur
664 2776 808 2849 (85);
854 2777 1141 2834 faleraruiu
1178 2790 1436 2849 praeterea
1475 2781 1642 2836 decor
1693 2797 2077 2852 armorumque

494 2865 673 2922 honor
716 2883 825 2924 non
850 2867 1136 2940 Iqugariis
1163 2872 1363 2937 tutelae,
1407 2873 1500 2927 sed
1544 2874 1732 2928 honeri
1760 2883 1935 2931 erant.
1966 2875 2077 2930 Ab-

491 2956 653 3026 iectis
689 2959 888 3030 quippe
938 2952 1192 3027 arcubus,
1242 2963 1482 3019 dimissis
1527 2965 1769 3034 spiculis,
1818 2965 2077 3023 faleribus

494 3049 683 3119 etiam,
738 3066 844 3121 quo
891 3054 1193 3123 expeditius
1249 3055 1372 3124 equi
1431 3039 1735 3122 currerent,
1796 3057 2074 3128 proiectis,

494 3137 637 3211 fugat
681 3139 1016 3198 solummodo
1071 3158 1289 3216 cperam
1324 3145 1543 3203 dabant.
1588 3146 1787 3204 Verum
1834 3150 2075 3220 omnipo-
2102 3130 2146 3192 C

496 3238 620 3286 lens
645 3230 810 3299 Deus,
861 3234 954 3305 qui
993 3236 1262 3307 pugnandi
1308 3238 1390 3293 eis
1424 3239 1697 3295 audatiam
1743 3241 1963 3307 tulerat,
1992 3240 2083 3296 [ιι-ι

495 3319 674 3389 giendi
714 3321 879 3377 etiam
912 3325 1121 3395 c0piam
1167 3328 1388 3382 omnino
1425 3329 1675 3401 negabat.
1705 3330 1870 3387 Caesis
1915 3332 2076 3403 igitur

494 3407 803 3482 fugatisque
858 3413 1170 3486 Hungariis,
1235 3417 1480 3474 inmensa
1533 3422 1867 3492 captivorum
1919 3428 2091 3481 turba~

496 3500 827 3571 dissolvitur,
858 3515 1021 3577 atque
1043 3509 1095 3563 iu
1120 3507 1304 3565 letitiae
1325 3521 1542 3567 cantum
1572 3529 1672 3570 vox
1704 3517 1934 3586 gemitus
1958 3532 2076 3587 per-

496 3600 758 3649 mutatur.
805 3595 958 3652 Ilunc
1004 3613 1134 3654 vero
1186 3601 1519 3671 triumphum
1560 3612 1669 3659 tam
1716 3606 1870 3661 laude
1911 3622 2071 3676 quam

493 3685 763 3740 memoria
806 3685 1048 3757 dignum,
1108 3691 1174 3745 ad
1231 3690 1543 3764 Meresburg
1568 3710 1663 3749 rex
1708 3696 1761 3750 in
1806 3686 2071 3768 superiori

494 3777 754 3834 cenaculo
778 3777 969 3836 domus
1000 3797 1094 3852 per
1121 3788 1453 3861 ζονραφιῖαν,
1493 3788 1844 3859 zographian,
1891 3790 1944 3844 id
1989 3795 2072 3845 est

496 3865 797 3935 picturam,
819 3880 1010 3926 notare
1039 3876 1318 3945 prmeepit,
1356 3878 1488 3933 adeo
1518 3887 1585 3937 ut,
1622 3893 1736 3935 rem
1768 3894 1950 3936 veram
1977 3896 2074 3955 po.-

497 3956 618 4023 tius.
635 3973 797 4028 quam
832 3963 1175 4021 verisimilem
1200 3967 1406 4023 videas.

566 4047 656 4103 ‘52.
697 4050 834 4106 Dum
886 4053 1001 4110 haec
1045 4066 1299 4127 aguntur,
1349 4058 1627 4116 Italienses
1671 4075 1845 4132 poene
1886 4078 2073 4119 omnes

495 4134 850 4227 Hulodoicum
893 4145 1191 4211 quendam,
1227 4147 1668 4220 Burgundionum
1700 4155 1957 4225 sanguine
1980 4171 2074 4227 ge-

496 4226 691 4295 nitum,
746 4232 950 4288 nuntiis
1005 4234 1225 4293 directis
1263 4238 1514 4306 invitant,
1576 4252 1636 4296 ut
1681 4256 1776 4299 eos
1820 4226 2070 4301 adveniat

500 4319 591 4388 “‘,
649 4335 977 4395 regnumque
1025 4326 1352 4403 Berengario
1407 4332 1618 4389 auferat
1670 4335 1879 4406 sibique
1928 4339 2071 4394 obti-

493 4420 642 4468 neat.

564 4501 655 4557 35.
695 4502 865 4575 liuius
897 4521 1024 4564 vero
1069 4517 1174 4565 tam
1217 4514 1397 4584 turpis
1416 4514 1649 4571 sceleris
1681 4527 1874 4574 auctor
1903 4518 2067 4574 Adel-

492 4593 682 4651 bertus
708 4595 984 4669 Eporegire
1009 4599 1245 4659 civitatis
1284 4605 1526 4661 marchio
1558 4616 1695 4671 erat,
1725 4609 1808 4663 cui
1844 4617 1899 4664 et
1930 4610 2068 4665 idem

498 4688 853 4760 Berengarius
882 4690 1046 4745 filiam
1098 4709 1275 4761 suam,
1306 4699 1526 4754 nomine
1561 4698 1785 4767 Cislatn,
1818 4703 2069 4774 coniugio

495 4779 772 4849 copularat
800 4782 901 4847 m;
941 4798 1007 4837 ex
1033 4799 1143 4854 qua
1175 4795 1230 4841 et
1250 4788 1420 4842 tilium
1444 4800 1724 4860 genuerat,
1748 4793 1833 4848 cui
1874 4796 1957 4849 avi
1982 4795 2066 4850 sui

500 4871 823 4928 vocabulum
848 4874 1089 4931 dederat.
1120 4876 1226 4934 Iste
1265 4889 1369 4946 est,
1405 4880 1781 4949 inquatn,iste
1799 4883 2070 4956 Berenga-

2177 1872 2482 1951 Δδελϐέρτος
2509 1872 2579 1904 ³³³
2621 1871 2762 1945 item;
2801 1875 3034 1942 κονρτής,
3061 1869 3427 1946 μακροσπάθης
3444 1906 3461 1931 ,
3488 1863 3766 1940 γοννδόπιυ

2178 1987 2313 2029 anc,
2347 1981 2366 2015 ι
2400 1963 2718 2019 Adelbertos
2746 1961 2916 2018 comis
2941 1962 3129 2025 curtis,
3171 1957 3587 2029 macrospathis,
3629 1969 3764 2025 gun-

2179 2055 2442 2127 dopistis;
2488 2074 2506 2106 ι
2549 2069 2655 2124 quo
2677 2051 3010 2124 significatur
3031 2057 3087 2106 et
3112 2050 3330 2115 dicitur,
3363 2047 3523 2117 longo
3550 2042 3763 2100 eum“

2180 2146 2256 2201 uti
2278 2160 2410 2201 ense
2433 2153 2487 2200 et
2518 2143 2736 2199 minima
2769 2141 2892 2198 fide.

2246 2238 2335 2294 35.
2381 2236 2551 2308 liuius
2597 2236 2827 2307 denique
2874 2236 3210 2303 aliorumque
3245 2231 3625 2288 nonnullorum
3652 2230 3762 2286 Ita-

2178 2328 2426 2385 Iiensium
2489 2326 2706 2382 hortatu
2761 2325 3018 2396 praefatus
3079 2322 3402 2378 llulodoicus
3441 2323 3496 2376 in
3548 2320 3759 2375 Italiam

2177 2420 2345 2474 venit.
2410 2416 2509 2475 Cui
2544 2418 2683 2473 mox
2715 2416 3090 2485 Berengarius,
3128 2427 3188 2470 ιιι
3230 2415 3501 2487 cognovit,
3541 2411 3762 2467 obviam

2179 2508 2367 2564 tendit.
2404 2506 2648 2578 Cumque
2673 2505 3000 2561 Hulodoicus
3027 2505 3350 2576 Berengario
3394 2503 3500 2559 sibi
3542 2502 3761 2556 obviam

2178 2598 2414 2654 venienti
2450 2610 2673 2669 magnas
2722 2598 2913 2653 adesse
2951 2596 3169 2667 copias.
3217 2595 3322 2650 sibi
3353 2609 3482 2650 vero
3509 2600 3764 2649 cerneret

2176 2703 2396 2758 parvas,
2425 2676 2775 2760 iureiurando
2799 2688 2849 2745 ei
2878 2689 2982 2744 hoc
3030 2696 3239 2744 terrore
3283 2687 3599 2757 compulsus
3639 2699 3762 2755 pret»

2178 2780 2348 2847 misit,
2378 2788 2436 2834 ut
2463 2780 2508 2834 si
2550 2794 2610 2835 se
2638 2787 2767 2834 tunc
2792 2779 3110 2845 dimitteret,
3149 2777 3418 2847 aliquibus
3443 2776 3763 2848 promissio-~

2176 2873 2335 2929 nibus
2363 2873 2570 2928 accitus
2607 2871 2835 2943 amplius
2881 2872 2933 2926 in
2959 2871 3166 2926 Italiam
3191 2887 3295 2927 non
3321 2871 3551 2925 veniret.
3598 2869 3764 2926 Fece-

2178 2972 2263 3018 rat
2287 2976 2519 3033 namque
2543 2963 2644 3018 sibi
2673 2961 3032 3034 Berengarius
3054 2960 3297 3031 plurimis
3322 2960 3553 3016 conlatis
3574 2976 3762 3017 mune-

2178 3053 2327 3109 ribus
2386 3053 2774 3120 Adelbertum,
2825 3049 3151 3107 Tusscorum
3210 3051 3762 3123 praepotentissimurn

2178 3144 2569 3211 ntarchionem,
2619 3146 2719 3201 sibi
2751 3143 2905 3199 valde
2935 3142 3173 3211 fidelem,
3227 3155 3392 3217 atque
3429 3145 3554 3200 ideo
3598 3141 3762 3197 ﬂutas

2177 3234 2362 3303 doicus
2388 3243 2499 3294 tatu
2526 3233 2681 3290 facile
2708 3244 2791 3291 est
2810 3236 3086 3306 expulsus.

2245 3326 2334 3381 56.
2368 3325 2573 3382 Modica
2623 3342 2752 3383 vero
2794 3329 3050 3398 temporis
3091 3340 3402 3384 transcursa
3457 3328 3761 3397 intercape-

2176 3419 2321 3486 dine,
2368 3435 2463 3474 rex
2510 3419 2871 3492 Berengariu's
2910 3422 3188 3478 nominato
3232 3421 3528 3479 Adelberto
3576 3420 3759 3491 gravis

2174 3519 2257 3567 est
2283 3511 2451 3567 visus.
2504 3510 2600 3566 Cui
2634 3512 2712 3567 rei
2738 3512 2898 3567 Berta
2940 3513 3135 3585 coniux
3180 3527 3301 3578 sua,
3348 3514 3491 3583 regis
3520 3511 3761 3582 Ilugonis

2175 3602 2266 3672 qui
2294 3612 2484 3657 nostro
2521 3610 2644 3672 post
2689 3610 2930 3673 tempore
2975 3603 3031 3658 in
3079 3602 3228 3658 Italia
3271 3603 3522 3673 regnavit
3561 3611 3758 3665 mater,

2175 3707 2282 3746 non
2310 3693 2518 3748 modice
2567 3692 2807 3749 fomitem
2837 3694 3199 3749 ministrabat.
3237 3692 3392 3751 Unde
3438 3692 3645 3748 factum
3677 3701 3758 3748 est

2175 3789 2250 3847 ut,
2277 3783 2522 3839 consulto
2546 3785 2735 3839 eodem
2772 3782 3064 3839 Adelberto
3093 3784 3424 3850 marchione,
3453 3785 3628 3840 ceteri
3660 3784 3757 3839 lta-

2173 3873 2369 3930 lienses
2403 3874 2678 3944 principes
2714 3885 2936 3946 propter
2983 3874 3231 3930 eumdem
3283 3875 3670 3942 Hulodoicum,
3702 3886 3759 3931 ut

2173 3969 2481 4036 adveniret,
2510 3972 2957 4026 transmitterent.
3012 3970 3115 4039 Qui
3146 3972 3443 4041 cupiditate
3473 3970 3763 4042 regnandi,

2165 4061 2520 4132 iurisiurandi
2548 4063 2769 4130 oblitus,
2795 4064 3036 4119 concitus
3065 4065 3117 4119 in
3141 4064 3344 4119 Italiam
3372 4066 3541 4120 venit.

2242 4153 2332 4208 37.
2360 4153 2559 4209 Videns
2591 4154 2772 4225 itaque
2813 4154 3192 4227 Berengarius,
3240 4155 3385 4225 quod
3424 4154 3755 4213 Ilulodoicus

2178 4252 2284 4298 tam
2313 4244 2382 4298 ab
2404 4243 2733 4300 ltaliensium
2760 4260 2919 4316 quam
2955 4264 2983 4301 a
3012 4247 3311 4302 Tuscorum
3356 4249 3757 4319 sussciperetul'

2173 4334 2523 4408 principibus,
2548 4335 2819 4391 Veronam
2840 4335 3112 4407 profectus
3142 4346 3241 4390 est.
3276 4335 3609 4393 Hulodoicus
3628 4352 3757 4393 vero

2174 4440 2298 4480 eum
2344 4441 2466 4480 cum
2496 4424 2833 4481 Italiensibus
2880 4425 3126 4495 persequi
3178 4433 3284 4480 non
3316 4425 3601 4490 desistens,
3654 4425 3757 4482 Ve-

2180 4533 2311 4574 rona
2336 4518 2406 4551 ²³⁸
2443 4517 2592 4572 illum
2631 4519 2791 4573 etiam
2817 4518 3041 4590 expulit,
3096 4525 3372 4587 totumque
3395 4517 3498 4574 sibi
3528 4533 3755 4590 regnum

2180 4612 2405 4668 viriliter
2431 4611 2754 4683 subiugavit.

2244 4704 2331 4761 58.
2365 4703 2461 4761 His
2492 4703 2564 4758 ita
2590 4706 2776 4775 gestis,
2809 4703 3006 4758 bonum
3036 4701 3332 4759 Hulodoico
3358 4712 3445 4759 est
3466 4704 3668 4769 visum,
3699 4714 3755 4759 ut

2177 4797 2317 4851 sicut
2355 4795 2706 4850 circumcirca
2733 4795 2940 4849 videret
2966 4794 3034 4826 ¹³⁶
3062 4794 3291 4862 Italiam,
3318 4795 3528 4852 videret
3554 4804 3611 4851 et
3648 4794 3755 4850 Tu“-

2176 4885 2365 4940 sciam.
2395 4884 2595 4940 Exiens
2618 4884 2847 4955 denique
2861 4884 3043 4956 Papia,
3071 4883 3511 4955 proficisciturm
3528 4883 3750 4952 Lucam,

1806 5038 2038 5095 vuum
2080 5020 2484 5096 LECTIONES.

565 5158 636 5191 ¹¹⁶
669 5159 976 5220 proludium
1006 5163 1060 5219 5.
1092 5165 1125 5220 5
1155 5181 1206 5219 τι.
1239 5167 1273 5220 5
1297 5171 1370 5220 a'.
1451 5168 1525 5201 ¹³τ
1545 5169 1852 5220 imnetr’mue
1878 5170 1931 5220 l.

2005 5172 2075 5206 ⁸³⁸
2097 5170 2361 5220 atlueniad
2386 5187 2522 5220 corr.
2558 5171 2810 5220 adueniat
2836 5174 2884 5220 I.

2964 5174 3029 5206 ¹²⁹
3053 5175 3333 5220 nnmnnain
3357 5175 3667 5220 vimuim-5:-
3697 5177 3710 5220 ‘.
3731 5215 3744 5220 _
