4012 5340
181 263 269 338 825

1106 267 1650 329 ANTAPODOSEOS
1691 268 1865 322 LIBRI
1904 268 2058 325 SEX.
2096 301 2168 311 —
2203 271 2330 326 LIB.
2372 271 2431 328 IL

3299 276 3406 332 826

183 389 258 442 ubi
285 387 528 441 decenter
561 385 805 454 miroque
828 393 1088 455 apparatu
1116 384 1184 439 ab
1225 383 1513 438 Adelherto
1553 381 1729 436 susci—
1763 391 1804 445 Α
1836 383 2018 437 datum
2042 400 2145 438 non
2174 385 2423 440 occidere
2453 385 2642 454 potuit,
2673 386 2766 442 sed
2794 386 2859 418 ”°
2892 387 3096 442 noluit?
3124 407 3140 440 ι
3178 387 3271 442 llis
3303 403 3416 443 ser.

180 479 322 549 pitur.

238 569 318 624 59.
344 566 582 636 Cumque
604 565 1010 632 llulodoicusjn
1035 563 1195 620 domo
1223 561 1493 617 Adclberti
1528 568 1604 614 tot
1631 559 1732 614 mi-

182 661 315 714 litum
342 657 607 728 elegantes
631 658 820 711 adesse
836 655 1020 725 copias
1042 661 1313 717 cerneret,
1349 661 1550 704 tantam
1571 649 1734 702 etiam

181 751 471 821 dignitatem
505 758 690 818 totque
721 747 974 817 inpensas
1001 744 1069 777 ³³³
1114 744 1471 815 prospiceret,
1525 740 1738 794 invidia:

183 841 282 895 zelo
307 848 480 894 tactus
505 839 617 895 suis
655 837 958 907 clangulum
989 836 1099 908 (84)
1133 834 1285 888 inﬁt:
1342 850 1360 883 ι
1398 830 1495 885 llic
1522 846 1619 886 rex
1642 845 1740 898 po-

184 935 274 987 tius
297 947 450 1002 quam
467 931 708 985 marchio
737 938 954 1000 poterat
972 928 1264 998 appellari;
1296 925 1441 980 nullo
1459 924 1654 994 quippe
1671 921 1738 954 "'

184 1025 296 1078 mihi
318 1023 556 1085 inferior,
591 1022 691 1076 nisi
720 1023 938 1077 nomine
961 1019 1298 1076 solummodo
1319 1024 1422 1072 est.
1454 1035 1473 1068 ι
1510 1014 1626 1082 Que
1655 1028 1741 1069 res

183 1115 507 1170 Adelbertnm
538 1115 708 1169 latere
738 1129 843 1168 non
877 1113 1072 1182 potuit.
1119 1109 1271 1178 Quod
1296 1109 1485 1171 Berta,
1533 1117 1592 1160 ut
1623 1113 1742 1161 erat

184 1206 355 1262 mulier
405 1222 510 1260 non
563 1204 834 1268 incallida,
890 1203 1136 1266 audiens,
1190 1216 1294 1254 non
1345 1198 1519 1252 solum
1562 1196 1739 1249 virum

184 1312 317 1350 sunm
349 1297 413 1350 ab
441 1295 556 1363 ejus
602 1294 856 1349 ﬁdelitate
883 1292 1142 1346 ammovit
1167 1330 1183 1356 ,
1214 1303 1400 1343 verum
1431 1287 1595 1341 etiam
1639 1299 1744 1339 ca:-

188 1396 312 1439 teros
346 1384 510 1439 Italia:
540 1386 813 1455 principes
863 1383 913 1438 ei
967 1380 1210 1437 inﬁdeles
1239 1377 1436 1434 eﬁ‘ecit.
1481 1377 1632 1433 Unde
1660 1374 1741 1428 fa-

185 1489 310 1532 ctum
339 1486 442 1542 est,
472 1485 532 1530 ut
555 1478 680 1530 dum
714 1475 909 1530 Tuscia
943 1474 1157 1529 rediens
1195 1472 1464 1526 Veronam
1494 1473 1744 1538 pergeret

186 1569 278 1639 (an.
307 1567 446 1636 905),
467 1566 794 1636 degeretque
822 1565 1010 1620 eodem
1037 1561 1200 1617 nichil
1221 1562 1459 1616 hesitans
1475 1558 1745 1628 nichilque

185 1656 290 1710 mali
334 1657 637 1727 suspicans,
688 1655 1052 1725 Berengarius
1095 1655 1220 1708 dato
1256 1652 1448 1722 prtetio
1496 1649 1746 1705 custodes

1837 474 2088 529 monibus
2119 475 2269 530 miles
2300 475 2602 540 inclinatus,
2635 477 2811 532 locum
2841 480 3099 545 ostendit,
3153 481 3218 534 ad
3256 492 3416 548 quem

1838 563 2153 635 confugerat
2173 564 2523 623 Ilulodoicus.
2554 567 2652 635 Qui
2678 583 2866 640 captus
2886 581 2939 624 et
2960 581 3084 624 ante
3106 568 3418 640 Bcrengarii

1837 658 2180 728 praesentiam
2239 659 2473 724 ductus,
2525 660 2830 730 hujusmodi
2881 677 3003 716 eum
3061 661 3419 732 Bcrengarius

1839 750 2179 804 sermonibus
2234 750 2531 821 increpavit
2572 771 2584 806 :
2639 771 2657 804 ι
2702 751 2990 823 Quousque
3039 753 3151 824 (85)
3204 754 3420 808 tandem

1840 841 2083 905 abutere,
2115 839 2426 907 llulodoice,
2467 843 2726 913 patientia
2755 854 2938 898 nostra
2960 844 2985 896 ?
3036 843 3172 897 Num
3199 842 3420 897 inﬁtiari

1838 943 2016 1002 potes,
2044 942 2097 987 te
2127 933 2218 987 illo
2250 942 2488 1004 tempore
2524 935 2657 990 meis
2690 935 2976 1004 praesidiis,
3005 949 3120 988 mea
3147 933 3422 1004 diligentia

1839 1025 2258 1080 circumclusum
2286 1026 2310 1079 ?
2343 1043 2685 1082 commovere
2714 1028 2875 1082 etiam
2909 1037 2959 1083 te
2988 1035 3176 1084 contra
3207 1042 3424 1082 menon

1841 1114 2119 1184 potuisse?
2150 1129 2342 1185 meque
2364 1115 2734 1172 misericordia
2765 1118 3100 1179 inclinatum,
3131 1133 3250 1187 qua:
3275 1116 3422 1170 nulla

1843 1205 1937 1258 tibi
1965 1204 2279 1282 debebatt‘n',
2323 1215 2374 1259 te
2404 1207 2714 1262 dimisisse?
2741 1206 3061 1271 Sensistine,
3098 1207 3342 1276 inquam,
3375 1217 3426 1260 te

1841 1294 2062 1364 perjurii
2096 1295 2296 1352 institis
2341 1297 2448 1367 (86)
2480 1313 2598 1352 esse
2627 1298 2904 1352 vinctum?
2931 1297 3272 1353 Conﬁrmasti
3298 1311 3427 1351 sane

1845 1389 1972 1443 mihi
1994 1431 2008 1452 ,
2042 1399 2092 1443 te
2125 1390 2298 1460 ipsum
2328 1407 2624 1462 numquam
2676 1392 2884 1446 Italiam
2914 1394 3304 1464 ingressurum.
3338 1389 3430 1443 νί-

1847 1488 1953 1534 tarn
1989 1480 2080 1534 tibi
2111 1481 2252 1536 sicut
2280 1481 2357 1544 ei,
2404 1483 2494 1552 qui
2525 1491 2632 1538 tete
2675 1484 2804 1537 mihi
2851 1484 3109 1554 prodidit,
3168 1483 3431 1552 promise.-

1846 1588 1995 1638 ram,
2025 1573 2302 1640 concedo;
2342 1574 2528 1631 oculos
2564 1591 2688 1630 vero
2715 1576 2808 1654 tibi
2859 1574 3072 1630 auferre
3118 1591 3222 1628 non
3255 1573 3430 1630 solum

1839 1663 2023 1736 jubeo,
2072 1667 2164 1721 sed
2187 1667 2446 1737 compello
2490 1667 2578 1721 Μ.
2614 1687 2632 1720 ι
2675 1667 2770 1722 llis
2812 1666 3058 1738 expletis,
3107 1666 3433 1734 llulodoicus

186 1748 393 1803 civitatis
439 1750 764 1819 corruperit,
796 1749 1144 1818 collectisque
1171 1749 1302 1803 viris
1326 1745 1743 1834 fortissimisuin

1861 1755 2053 1810 lumine
2082 1759 2346 1825 privatur,
2379 1766 2433 1812 et
2459 1758 2819 1828 Berengarius
2845 1773 3012 1828 regno
3037 1757 3261 1826 potitur.

187 1841 285 1910 ipso
340 1842 515 1896 noctis
567 1843 861 1898 conticiuio
911 1843 1188 1898 civitatem
1250 1842 1528 1912 ingressus
1583 1838 1748 1893 fuerit

189 1933 346 2002 (tut).

242 2025 320 2079 40.
347 2024 570 2079 Fluvius
627 2024 871 2090 Athesis,
898 2026 1041 2080 sicut
1090 2023 1306 2080 Tiberis
1338 2023 1586 2086 Romam,
1631 2037 1744 2075 me-

185 2115 305 2168 diam
329 2116 605 2170 civitatem
635 2115 902 2170 Veronam
937 2115 1226 2187 percurrit.
1262 2113 1437 2185 Super
1478 2130 1636 2184 quem
1668 2113 1748 2166 in-

187 2225 298 2278 gens
319 2224 658 2264 marmoreus
704 2210 826 2263 miri
856 2209 1038 2278 operis
1068 2211 1330 2278 miraeqne-
1364 2206 1750 2278 magnitudinis

188 2316 302 2369 pons
349 2309 425 2355 est
454 2299 781 2355 fabricatus.
837 2300 881 2355 A
920 2301 1037 2355 leva
1079 2311 1258 2354 autem
1297 2311 1448 2370 parte
1493 2297 1747 2363 (luminis,

188 2406 290 2460 qua:
307 2399 384 2444 est
417 2391 734 2461 aquilonem
780 2407 968 2446 versus
995 2393 1190 2463 posita,
1222 2391 1416 2446 civitas
1440 2400 1522 2444 est
1550 2387 1749 2443 diﬁicili

191 2481 436 2552 arduoque
469 2481 611 2537 colle
640 2483 866 2546 munita,
904 2483 1040 2538 adeo
1068 2492 1128 2537 ut
1171 2483 1214 2536 si
1248 2498 1308 2535 ea
1338 2497 1465 2551 pars
1492 2481 1748 2543 civitatis,

193 2589 330 2642 quam
357 2584 691 2630 memoratus
722 2573 915 2629 ﬂuvius
944 2575 1220 2629 dexteram
1253 2574 1437 2638 alluit,
1487 2574 1554 2628 ab
1584 2571 1754 2627 hosti-

192 2665 276 2720 bus
296 2668 555 2735 capiatur,
605 2681 667 2720 ea
710 2676 889 2720 tamen
931 2667 1164 2721 viriliter
1204 2666 1376 2736 possit
1421 2662 1660 2717 defendi.
1695 2660 1751 2714 In

195 2756 330 2826 hujus
374 2774 502 2813 vero
559 2757 716 2813 collis
768 2757 1079 2813 summitate
1132 2757 1376 2826 przeciosi
1436 2756 1616 2826 operis
1670 2761 1755 2808 est

191 2847 370 2902 :eclesia
396 2848 689 2913 fabricata,
731 2850 782 2902 in
813 2849 1018 2903 honore
1043 2848 1335 2902 beatissimi
1363 2846 1504 2900 Petri
1535 2855 1754 2916 aposto-

193 2937 341 2994 lorum
371 2941 638 3012 principis
681 2947 1020 3000 consecrata,
1078 2939 1169 2992 ubi
1201 2948 1255 2991 et
1285 2945 1505 3007 propter
1530 2935 1755 2990 melesize

193 3034 535 3090 amoenitatem
597 3033 810 3109 locique
863 3032 1219 3087 munitionem
1264 3029 1599 3084 Hulodoieus
1642 3043 1758 3081 ma-

193 3124 352 3180 nebat.

247 3215 326 3269 41.
351 3216 712 3288 Berengarius
754 3215 1008 3285 denique,
1044 3225 1102 3268 ut
1124 3211 1330 3285 praelati
1359 3229 1564 3278 sumus,
1596 3222 1759 3266 noctu

193 3306 444 3362 civitatem
485 3308 788 3376 ingressus,
822 3307 960 3362 clam
993 3305 1295 3360 Hulodoico
1323 3305 1436 3359 suis
1457 3320 1580 3358 cum
1613 3303 1756 3358 mili-

194 3399 315 3452 tibus
356 3408 572 3468 pontcm
627 3398 1020 3467 pertransiens,
1063 3396 1114 3450 in
1164 3396 1280 3464 ipso
1331 3410 1529 3448 aurore
1571 3408 1762 3464 crepu-

192 3489 322 3546 scalo
364 3493 506 3546 hunc
531 3506 707 3560 usque
735 3490 972 3545 advenit.
1029 3489 1130 3556 Qui
1159 3490 1396 3544 clamore
1423 3486 1763 3557 strepituque

194 3582 397 3637 militum
439 3586 706 3648 exitatus,
739 3571 1152 3652 sciscitatusque
1192 3582 1319 3652 quid
1365 3591 1528 3644 esset,
1574 3580 1625 3634 in
1661 3595 1764 3633 :cc-

194 3675 393 3731 elesiam
426 3678 612 3748 fugiit,
668 3676 954 3746 nullusque
1006 3690 1151 3741 eum,
1203 3684 1401 3744 praeter
1447 3671 1761 3740 Berengarii

196 3766 399 3822 militem
435 3784 643 3833 unum,
696 3768 783 3822 ubi
816 3775 982 3832 esset,
1014 3767 1253 3835 agnovit.
1303 3766 1405 3834 Qui
1452 3765 1764 3820 misericor—

197 3858 270 3912 dia
293 3868 492 3925 motus,
539 3858 714 3913 noluit
738 3859 882 3912 hunc
906 3857 1157 3928 prodere,
1187 3857 1282 3911 sed
1311 3855 1510 3910 celare.
1544 3854 1766 3908 Timeas

195 3961 308 4002 vero
333 3948 526 4014 isdem,
560 3963 632 4002 ne
661 3947 728 4002 ab
760 3947 882 4001 aliis
915 3955 1161 4016 repertus
1202 3944 1524 4015 proderetur
1551 3941 1766 4008 vitaque

195 4039 517 4105 multaretur,
571 4039 962 4108 Berengarium
1025 4038 1140 4091 adit
1185 4036 1297 4107 (an.
1333 4035 1482 4101 905),
1534 4047 1767 4102 eumque

196 4130 256 4185 ita
283 4133 574 4188 convenit:
616 4150 636 4182 ι
674 4130 938 4197 Quoniam
989 4129 1204 4198 quidem
1237 4127 1368 4181 tanti
1422 4136 1473 4180 te
1505 4123 1644 4178 Deus
1676 4123 1772 4175 ha-

197 4222 315 4288 buit,
339 4233 395 4278 ut
433 4235 590 4278 tuum
625 4222 873 4292 preprias
917 4220 969 4273 in
1010 4234 1202 4273 manus
1249 4218 1483 4272 traderet
1533 4216 1767 4280 hostem,

199 4313 344 4370 debes
373 4325 426 4371 et
469 4324 528 4370 tu
559 4314 680 4384 ejus
707 4315 932 4377 monita,
985 4314 1149 4367 immo
1181 4320 1470 4382 prmcepta,
1505 4309 1770 4379 magnifa—

197 4419 324 4460 cere.
353 4405 532 4477 lnquit
560 4405 738 4459 enim:
772 4404 948 4458 Estote
974 4404 1352 4467 misericordes,
1383 4404 1517 4455 sicut
1539 4411 1585 4455 et
1609 4401 1770 4456 Pater

197 4507 342 4550 vester
366 4499 666 4552 misericors
693 4507 789 4550 est.
829 4496 1006 4551 Nolite
1050 4495 1316 4567 judicare,
1353 4506 1399 4549 et
1429 4512 1531 4549 non
1555 4495 1768 4564 judica-

200 4586 400 4654 bimini;
437 4590 604 4642 nolite
653 4589 1057 4658 condempuare,
1113 4598 1160 4642 et
1212 4605 1314 4641 non
1363 4587 1768 4657 condempnabi-

201 4675 310 4729 mini
334 4676 482 4748 (Luc.
507 4695 584 4743 vi,
615 4678 728 4747 '56).
763 4698 781 4730 ι
811 4679 1076 4732 lnlellexit
1101 4679 1282 4746 itaque
1311 4676 1688 4745 Berengarins,
1713 4686 1770 4731 ut

200 4765 273 4820 vir
300 4784 397 4822 non
451 4769 765 4834 incallidus,
797 4770 960 4833 hunc,
1010 4785 1115 4838 quo
1165 4771 1278 4838 ipse
1329 4769 1544 4832 lateret,
1599 4770 1770 4823 scium

202 4869 323 4918 esse,
356 4873 593 4928 emnque
625 4859 929 4929 sophystica
965 4858 1065 4912 hac
1113 4856 1467 4926 responsione
1516 4857 1766 4926 decepit:

208 4964 223 4996 ι
253 4946 482 5005 Putasne
532 4966 646 5010 me,
689 4951 904 5012 insulse,
947 4964 1109 5018 quem
1135 4948 1394 5003 Dominus
1425 4949 1648 5002 tradidit
1677 4950 1772 5002 ho—

207 5039 408 5106 minem,
445 5043 616 5096 immo
646 5056 847 5110 regem,
904 5041 1039 5095 velle
1083 5040 1370 5095 occidere?
1422 5038 1690 5109 Numquid
1719 5049 1774 5094 et

208 5121 356 5185 David
382 5141 608 5187 sanctus
657 5147 828 5201 regem
861 5131 1114 5188 Sahulem
1142 5147 1170 5185 a
1205 5130 1314 5186 Deo
1340 5132 1440 5186 sibi
1486 5130 1536 5183 in
1583 5147 1774 5186 manus

1799 4447 1847 4506 D

1916 1850 2008 1904 49..
2042 1849 2435 1919 llungariorum
2469 1848 2676 1903 interea
2713 1849 2914 1913 rabies,
2952 1849 3077 1917 quia
3108 1863 3205 1917 per
3258 1847 3432 1903 Saxo-

1849 1957 1966 2007 nes,
2001 1942 2038 1995 F
2047 1956 2260 2006 raucos,
2313 1939 2540 2005 Suevos,
2573 1939 2867 2010 Bagoarios
2899 1940 3213 2008 nequibant,
3265 1948 3435 1994 totam

1849 2048 1946 2103 per
1992 2031 2199 2085 italiam
2251 2029 2411 2084 nullis
2466 2028 2845 2083 resistentibus
2906 2028 3182 2081 dilatatur.
3236 2026 3436 2082 Verum

1848 2123 1974 2193 quia
2005 2121 2360 2190 Berengarius
2388 2119 2614 2172 lirmiter
2641 2133 2767 2174 suos
2793 2118 2988 2197 milites
3025 2116 3205 2172 ﬁdeles
3229 2117 3430 2177 habere

1851 2231 1955 2269 non
1984 2223 2221 2285 poterat,
2251 2213 2456 2268 amicos
2489 2212 2589 2267 sibi
2628 2211 2930 2283 llungarios
2959 2227 3065 2265 non
3094 2208 3437 2264 mediocriter

1850 2308 2071 2364 fecerat.

1919 2398 2009 2452 45.
2041 2396 2144 2452 Sed
2167 2406 2220 2451 et
2249 2394 2535 2459 Saraceni,
2582 2393 2694 2463 qui,
2727 2392 2869 2447 sicut
2913 2391 3048 2452 dixi,
3073 2390 3438 2444 Fraxenetum

1853 2488 2272 2551 inhabitabant,
2341 2495 2460 2555 post
2527 2483 2942 2538 labefactionem
3015 2478 3436 2536 Provincialium

1852 2580 2110 2651 quasdam
2152 2593 2392 2634 summas
2422 2576 2584 2631 ltali;e
2608 2584 2791 2644 partes
2819 2575 2920 2629 sibi
2952 2573 3158 2627 vicinas
3197 2587 3303 2626 non
3329 2586 3441 2626 me.-

1853 2671 2113 2725 diocriter
2165 2667 2479 2730 laniabant;
2531 2665 2664 2720 adeo
2699 2673 2778 2729 ut,
2811 2663 3150 2733 depopulatis
3193 2661 3441 2733 plurimis

1855 2761 2099 2825 urbibus,
2147 2761 2329 2828 Aquas
2357 2758 2466 2829 (87)
2528 2756 2797 2822 venirent,
2848 2769 2970 2824 quae
3019 2762 3102 2807 est
3153 2752 3345 2806 civitas
3373 2750 3442 2804 40

1855 2853 2024 2908 ferme
2055 2849 2301 2905 miliariis
2326 2848 2490 2918 Papia
2513 2847 2723 2902 distans
2750 2845 2838 2898 m.
2874 2829 3191 2911 Quae-etiam
3220 2853 3440 2913 propter

1857 2946 2095 2999 thermas
2122 2941 2262 2995 miro
2292 2941 2344 2994 in
2380 2948 2718 3010 tetragonum
2767 2938 2925 2990 modo
2953 2936 3019 2990 ad
3052 2935 3343 2988 lavandum
3373 2933 3444 2987 ibi

1859 3035 2186 3090 constitutas
2215 3032 2538 3087 vocabulum
2590 3029 2814 3098 hujusce
2862 3029 3057 3084 sortita
3087 3037 3190 3082 est.
3241 3026 3447 3080 Tantus

1861 3128 2004 3182 enim
2041 3125 2202 3180 timor
2234 3124 2506 3177 invaserat
2531 3122 2832 3185 universos,
2866 3128 2926 3174 ut
2972 3119 3148 3173 nullus
3176 3126 3321 3172 esset
3352 3116 3446 3185 qui

1862 3218 2056 3273 horum
2086 3214 2431 3285 praasentiam
2472 3212 2574 3268 nisi
2609 3212 2750 3267 forte
2796 3209 3082 3266 tutissimis
3111 3208 3448 3278 praestolare-

1863 3321 1951 3364 tur
1978 3311 2030 3363 in
2064 3309 2216 3364 locis.

1862 3471 1865 3473 _
1931 3398 2020 3452 44.
2056 3399 2254 3452 Eodem
2306 3404 2546 3465 tempore
2594 3392 2869 3448 Saraceni
2905 3393 2973 3446 ab
3002 3389 3184 3444 Africa
3241 3388 3447 3442 ratibus

1862 3498 2147 3552 exeuntes,
2193 3486 2517 3546 Calabriam,
2564 3483 2874 3554 Appuliam,
2915 3481 3304 3543 Beneventum,
3340 3477 3451 3531 Ro-

1864 3598 2147 3637 manorum
2191 3581 2352 3657 etiam
2399 3592 2559 3649 pcene
2584 3593 2774 3633 omnes
2809 3577 3058 3630 civitates
3105 3574 3176 3628 ita
3217 3586 3448 3639 occupa-

1864 3683 2077 3738 verunt,
2107 3683 2164 3728 ut
2191 3686 2626 3740 unamquamque
2654 3669 2926 3723 civitatem
2955 3668 3187 3720 mediam
3221 3663 3450 3719 Romani

1864 3765 2193 3828 obtinerent,
2231 3761 2462 3817 mediam
2494 3761 2756 3815 Africani.
2806 3759 2862 3812 In
2891 3766 3076 3813 monte
3121 3755 3316 3826 quippe
3344 3753 3451 3808 Ga-

1868 3853 2074 3909 reliano
2109 3851 2462 3907 munitionem
2490 3849 2913 3912 constituerant,
2970 3847 3023 3901 in
3072 3861 3179 3916 quo
3227 3859 3451 3913 uxores,

1867 3946 2117 4016 parvulos
2152 3945 2416 4014 captivos,
2469 3958 2793 4012 omnemque
2839 3939 3262 4012 suppellectilem
3318 3939 3453 3994 satis

1871 4045 1982 4090 tuto
2005 4034 2312 4090 servabant.
2364 4033 2535 4088 Nemo
2558 4033 2722 4087 etiam
2745 4033 2813 4087 ab
2843 4046 3060 4096 occasu,
3108 4029 3222 4084 sive
3267 4028 3334 4082 ab
3364 4042 3454 4082 ar-

1869 4136 2046 4186 cturo,
2078 4125 2340 4179 orationis
2381 4124 2554 4193 gratia
2598 4124 2662 4178 ad
2707 4122 3155 4177 beatissimorum
3185 4118 3456 4189 apostolo-

1873 4233 1988 4271 rum
2024 4215 2208 4269 limina
2241 4214 2468 4269 Romam
2501 4214 2730 4268 transire
2757 4219 2992 4282 poterat,
3027 4211 3114 4280 qui
3140 4211 3207 4264 ab
3253 4209 3336 4268 his
3361 4219 3454 4262 aut

1873 4325 1978 4362 non
2007 4316 2323 4377 caperetur,
2375 4315 2465 4360 aut
2504 4322 2606 4360 non
2643 4304 2854 4358 modico
2882 4304 3007 4358 dato
3039 4302 3234 4372 prazcio
3267 4300 3452 4354 dimit-

1875 4408 2100 4454 teretur.
2142 4399 2398 4465 Quamvis
2429 4398 2572 4452 enim
2600 4396 2798 4449 misera
2838 4394 2988 4448 Italia
3026 4395 3208 4448 multis
3235 4392 3453 4459 llunga-

1876 4492 2074 4548 riorum
2128 4499 2182 4545 et
2220 4506 2284 4545 ex
2325 4488 2626 4543 Fraxeneto
2658 4487 2725 4518 M
2763 4486 3160 4540 Saracenorum
3212 4482 3470 4537 cladibus

1875 4593 2212 4658 premeretur
2233 4624 2248 4650 ,
2303 4582 2463 4637 nullis
2486 4592 2688 4637 'tamen
2720 4580 2880 4634 furiis
2907 4587 3000 4633 aut
3026 4577 3266 4648 pestibus
3316 4571 3462 4626 sicut

1876 4681 1944 4735 ab
1964 4679 2232 4746 Africzinis
2254 4675 2579 4746 agitabatur.

1949 4769 2039 4823 45.
2086 4768 2282 4822 Fertur
2337 4775 2518 4820 autem
2563 4765 2665 4819 hac
2707 4763 2995 4819 occasione
3025 4759 3090 4811 ab
3134 4757 3320 4812 Africa
3360 4759 3466 4806 ex.-

1879 4861 2064 4924 ivisse,
2083 4857 2465 4928 atqueltaliam
2485 4856 2823 4910 adventasse.
2851 4852 3215 4915 Leone-atque
3237 4844 3465 4898 Alexan-

1880 4952 1978 5005 dro
2033 4946 2449 5019 imperatoribus
2499 4945 2743 5012 angustis
2791 4942 3066 4995 hominem
3122 4932 3472 5000 exeuntibus,

1879 5040 2171 5102 Romanos,
2228 5046 2288 5091 ut
2334 5035 2496 5089 latius
2527 5033 2722 5088 dicturi
2776 5046 2987 5094 sumus,
3029 5042 3154 5082 cum
3198 5028 3471 5098 Constans-

1884 5133 2014 5196 lino,
2060 5130 2151 5201 qui
2197 5143 2339 5182 nunc
2365 5141 2534 5194 usque
2577 5129 2843 5193 superest,
2902 5119 3100 5175 Leonis
3131 5110 3490 5189 imperatoris

1499 5245 1732 5300 vanus
1772 5226 2180 5300 LECTIONES.
