4012 5340
565 359 668 418 827

1552 363 1972 420 LIUTPRANDI
2011 365 2495 429 CREMONENSIS
2532 369 2839 431 EPISCOPI

3714 358 3815 419 επ

568 474 701 538 ﬁlio,
758 471 1408 546 Constantinopolitanum
1461 477 1684 547 regebat
1715 478 2018 549 imperium.
2082 480 2220 542 EtA
2251 485 2622 540 monarchiam
2676 485 2978 540 obtinebat.
3027 482 3156 551 Quae
3207 481 3340 538 duas
3389 477 3580 536 habuit
3628 487 3819 544 natas,

566 565 709 620 sicut
761 564 878 620 ﬁeri
929 564 1156 630 adsolet,
1195 567 1393 638 primo,
1441 584 1548 638 quo
1595 568 1868 627 Romanos
1911 573 2148 642 suscepit

568 655 883 725 imperium,
935 670 1113 721 anno,
1170 657 1439 713 nonnulla;
1485 659 1534 714 ei
1573 668 1796 728 gentes,
1847 663 2146 731 pratsertim

568 749 892 811 ἂνατολικαί,
926 748 1215 817 anatolike,
1263 750 1367 805 hoc
1404 760 1487 806 est
1522 749 1832 819 orientales,
1863 754 1993 808 nisa
2023 763 2150 809 sunt

569 839 858 894 rebellare.
886 839 1109 894 Factum
1140 848 1221 895 est
1245 849 1448 907 autem,
1484 841 1607 897 dum
1631 843 1921 912 imperator
1943 846 2150 901 exerci-

569 937 684 982 tmn
714 930 779 983 ad
806 931 1188 1000 expugnandas
1215 945 1308 986 eas
1335 933 1743 1000 transmitteret,
1783 934 2066 1005 Appuliam
2097 945 2152 992 et

569 1017 897 1083 Calabriam,
933 1018 1087 1074 binas
1107 1021 1353 1091 regiones
1383 1037 1500 1091 qua:
1527 1023 1576 1078 ei
1603 1033 1728 1080 tunc
1757 1025 2011 1096 temporis
2035 1042 2150 1082 ser-

569 1109 818 1176 viebant,
870 1109 996 1166 huic
1029 1109 1098 1142 ¹³δ
1159 1112 1464 1168 rebellasse.
1537 1113 1780 1184 Cumque
1835 1116 2147 1186 imperator,

570 1201 824 1257 maximis
865 1202 1129 1257 orientem
1160 1217 1348 1258 versus
1395 1204 1565 1276 cepiis
1594 1205 1835 1273 directis,
1877 1209 2150 1266 exercitus

571 1290 680 1346 huc
730 1289 1132 1346 multitudinem
1165 1278 1470 1349 destinare
1522 1309 1629 1349 non
1682 1305 1888 1366 posset,
1944 1299 2152 1371 rogavit

567 1382 769 1452 primo,
795 1390 856 1436 ut
885 1381 954 1436 ad
983 1382 1064 1438 sui
1100 1382 1410 1439 ﬁdelitatem
1456 1386 1740 1456 pristinam
1778 1396 1968 1460 sponte
2021 1391 2147 1447 red—

571 1472 736 1528 irent.
773 1471 873 1540 Qui
913 1487 1035 1528 cum
1082 1483 1418 1543 recusarent,
1452 1485 1615 1548 atque
1658 1479 1763 1534 hoc
1807 1495 1866 1536 se
1911 1475 2150 1540 facturos

571 1565 799 1621 minime
825 1565 1086 1630 dicerent,
1119 1567 1186 1622 ad
1219 1566 1532 1624 Africanum
1554 1559 2007 1642 mox'imperator
2034 1589 2150 1630 sus-

573 1666 771 1708 eensus
814 1654 997 1726 dirigit
1048 1670 1230 1726 regem
1262 1695 1278 1724 ,
1330 1672 1453 1714 eum
1506 1659 1696 1729 praetio
1745 1677 1940 1732 rogans
1987 1672 2045 1718 ut
2091 1679 2150 1721 se

571 1743 808 1812 adjuvet,
841 1745 1160 1817 virtutisque
1179 1747 1296 1816 ejus
1319 1749 1520 1806 auxilio
1551 1751 1833 1820 Appuliam
1859 1754 1958 1808 sibi
1987 1763 2150 1825 atque

2251 573 2530 630 Marotiam
2555 584 2717 644 atque
2747 575 3101 640 Theodoram,
3137 573 3237 630 sibi
3264 587 3367 628 non
3394 571 3569 628 solum
3595 585 3822 640 coequa-

2249 663 2328 720 les
2355 680 2543 720 verum
2575 666 2738 720 etiam
2789 665 3004 721 veneris
3049 664 3310 721 exercitio
3340 663 3406 695 "‘7
3437 662 3818 734 promptiores.

2250 754 2452 811 Harum
2483 755 2705 812 Marotia
2738 773 2804 812 ex
2831 772 2968 828 papa
2996 754 3205 825 Sergio,
3228 751 3383 821 cujus
3403 768 3568 824 supra
3598 753 3823 807 fecimus

2250 847 2605 913 mentionem,
2630 847 2916 914 Joannem,
2946 849 3035 918 qui
3075 857 3199 918 post
3240 845 3464 900 Joannis
3493 844 3832 898 Ravennatis

2250 937 2454 992 obitum
2487 937 2742 993 Romanae
2765 939 3006 994 tecclesie
3041 938 3273 993 obtinuit
3303 935 3649 1006 dignitatern,
3672 931 3829 989 nefa-

2251 1027 2334 1082 rio
2362 1027 2546 1095 genuit
2577 1026 2875 1093 adulterio;
2932 1042 2998 1084 ex
3026 1027 3275 1082 Alberico
3300 1034 3481 1080 autem
3515 1023 3835 1078 marchione

2250 1114 2578 1181 Albericum,
2609 1115 2700 1186 qui
2752 1124 2940 1171 nostro
2990 1124 3110 1186 post
3150 1125 3393 1185 tempore
3420 1112 3666 1182 ejusdem
3715 1109 3827 1164 Ro—

2251 1217 2409 1258 mane
2459 1203 2610 1259 urbis
2655 1205 3018 1275 principatum
3069 1204 3172 1260 sibi
3221 1207 3523 1274 usurpavit.
3553 1201 3661 1256 Per
3687 1201 3827 1254 idem

2252 1301 2466 1365 tempus
2494 1294 2806 1351 Ravennate
2849 1295 3011 1360 sedis,
3047 1295 3314 1350 secundus
3341 1295 3434 1365 qui
3476 1302 3600 1363 post
3626 1291 3830 1346 Roma-

2253 1399 2383 1440 num
2424 1386 2744 1441 arehiereau
2782 1385 3255 1458 archiprzesulatus
3281 1385 3610 1447 habebatur,
3637 1382 3831 1437 Petrus

2252 1475 2625 1546 pontiﬁcatum
2676 1477 2915 1548 regebat.
2951 1477 3052 1546 Qui
3103 1477 3228 1532 dum
3260 1474 3612 1546 subjectionis
3663 1470 3830 1528 oiﬁtio

2253 1566 2444 1622 debitae
2487 1565 2600 1635 jam
2643 1569 2984 1624 nominatum
3030 1565 3293 1624 Joannem
3343 1581 3557 1638 papam,
3595 1565 3693 1634 qui
3722 1578 3832 1618 sua:

2253 1655 2498 1711 minister
2525 1655 2766 1713 ecclesia:
2803 1665 2930 1712 tunc
2959 1657 3216 1728 temporis
3246 1657 3568 1718 habebatur,
3596 1654 3828 1709 Romam

2257 1746 2438 1815 sepius
2459 1753 2514 1800 et
2548 1745 2741 1801 iterum
2780 1747 2977 1803 domno
3015 1747 3271 1818 dirigeret
3300 1745 3619 1818 apostolico,
3653 1743 3830 1798 Theo-

572 1830 876 1890 Calabriam
900 1834 1115 1890 subdat.
1162 1835 1278 1892 Hae
1302 1837 1569 1908 legatione
1614 1856 1706 1896 rex
1733 1840 2024 1899 Africanus
2061 1860 2146 1902 ac

2254 1837 2405 1903 dora,
2439 1846 2499 1892 ut
2528 1845 2756 1893 testatus
2783 1854 2903 1894 sum
2934 1838 3024 1906 Μ,
3073 1839 3328 1894 meretrix
3361 1839 3494 1894 satis
3540 1836 3830 1908 impuden-

571 1925 714 1980 citus
741 1967 756 1992 ,
804 1927 1228 1984 innumerabiles
1276 1930 1484 1985 ratibus
1528 1931 1713 2002 copias
1762 1932 1816 1987 in
1847 1933 2149 1990 Calabriam

568 2019 962 2090 Appuliamque
985 2020 1202 2087 direxit,
1226 2021 1487 2092 binasque
1514 2023 1613 2077 has
1642 2023 1888 2095 regiones
1915 2027 2148 2097 impera-

571 2111 706 2166 toris
731 2109 1026 2166 dominatui
1055 2113 1427 2181 potentissime
1461 2113 1712 2170 subdidit.
1747 2115 1851 2171 Sed
1879 2118 2004 2172 dum
2025 2134 2153 2188 pro-

568 2217 727 2277 cessu
746 2204 1002 2273 temporis
1015 2205 1114 2259 has
1140 2205 1387 2276 regiones
1411 2205 1765 2276 dimitterent,
1781 2207 2006 2262 Romam
2029 2223 2150 2264 ver-

567 2309 662 2352 sus
723 2295 897 2351 aciem
960 2297 1316 2367 giraverunt,
1390 2309 1736 2370 montemque
1801 2300 2146 2357 Garelianum

568 2385 802 2441 maxima
844 2401 944 2457 pro
976 2387 1200 2442 tuitione
1227 2388 1328 2444 sibi
1357 2389 1802 2456 vendieaverunt,
1844 2390 2149 2462 multasque

568 2476 963 2533 munitissimas
994 2479 1243 2534 civitates
1272 2479 1602 2535 debellantes
1627 2481 1986 2551 vi‘ceperunt.

634 2567 725 2622 46.
756 2567 1016 2623 Dominus
1041 2584 1169 2624 vero
1219 2580 1404 2626 noster
1437 2569 1595 2626 Jesus
1620 2570 1889 2639 Christus,
1924 2581 2146 2628 comter-

566 2675 670 2715 nus
717 2667 772 2715 et
818 2661 1295 2717 consubstantialis
1341 2661 1490 2719 Patri
1549 2671 1848 2735 sanctoque
1898 2665 2144 2736 Spiritui,

567 2750 723 2821 cujus
774 2752 1146 2807 misericordia
1193 2753 1350 2823 plena
1401 2763 1485 2809 est
1541 2764 1708 2822 terra,
1736 2756 1832 2826 qui
1875 2757 2146 2814 neminem

569 2841 850 2897 hominum
897 2841 1010 2897 vult
1047 2843 1244 2912 perire,
1289 2844 1383 2899 sed
1430 2859 1619 2901 omnes
1654 2846 1833 2902 salvos
1855 2846 1973 2901 ﬁeri
1999 2856 2053 2901 et
2079 2846 2146 2903 ad

571 2931 904 3000 agnitionem
953 2932 1198 2987 veritatis
1221 2933 1427 2997 venire,
1471 2949 1540 2988 ne
1580 2943 1788 3005 pereat,
1824 2937 1964 3004 quod
2001 2935 2148 2992 SOlllS

566 3017 713 3074 Deus
766 3027 908 3074 ante
939 3020 1124 3074 mundi
1169 3021 1610 3076 constitutionem
1664 3023 1932 3092 prazvidit,
1984 3034 2147 3096 atque

566 3119 695 3182 post
718 3125 935 3167 omnem
957 3124 1284 3179 creaturam,
1302 3113 1453 3183 quasi
1470 3114 1748 3170 dominum
1772 3115 1972 3172 ceteris
1992 3125 2148 3172 uten-

2259 1927 2488 1995 tisSima,
2521 1929 2745 1985 veneris‘
2772 1929 2954 1986 calore
3005 1945 3290 1996 succensa,
3345 1931 3399 1985 in
3449 1927 3610 1999 hujus
3643 1927 3828 1998 spetiei

2254 2019 2503 2076 decorem
2535 2021 2887 2076 vehementer
2901 2022 3106 2078 exarsit
3124 2020 3216 2088 ιδ’,
3240 2036 3407 2091 seque
3437 2022 3581 2074 hunc
3600 2016 3829 2074 scortari

2252 2109 2426 2166 solum
2481 2126 2588 2166 non
2637 2111 2829 2179 voluit,
2870 2127 3057 2168 verum
3109 2119 3230 2184 post
3277 2113 3440 2166 etiam
3485 2120 3650 2180 atque
3669 2107 3828 2164 etiam

2252 2201 2532 2272 compulit.
2579 2201 2691 2258 Hec
2719 2203 2846 2258 dum
2893 2203 3216 2273 inpudenter
3243 2210 3498 2272 aguntur,
3530 2199 3827 2255 Bononien-

2251 2293 2328 2348 sis
2353 2291 2578 2348 ecclesiae
2602 2293 2886 2364 episcopus
2907 2293 3156 2359 moritur,
3178 2300 3233 2347 et
3269 2291 3545 2347 Johannes
3579 2290 3688 2344 iste
3717 2287 3828 2343 loco

2251 2384 2367 2456 ejus
2392 2383 2628 2456 eligitur.
2668 2383 2834 2440 Paulo
2868 2393 2991 2454 post
3043 2383 3153 2456 (88)
3179 2393 3306 2440 ante
3334 2382 3495 2447 huius
3525 2382 3674 2438 diem
3707 2396 3824 2436 con-

2249 2473 2571 2528 secrationis
2617 2473 2924 2528 nominatus
2965 2473 3248 2530 Ravennas
3283 2473 3638 2543 archipraesul
3680 2486 3820 2526 mor—

2250 2577 2359 2623 tem
2408 2566 2564 2634 obiit,
2599 2565 2884 2636 locumque
2933 2564 3048 2634 ejus
3077 2563 3352 2622 Juliannes
3397 2565 3505 2630 hic,
3539 2563 3824 2619 Theodore

2249 2660 2526 2727 instinctu,
2557 2659 2724 2730 priori
2753 2659 3092 2714 Bononiense
3118 2658 3332 2714 deserta
3352 2657 3595 2722 ecclesia,
3663 2653 3826 2709 ambi-

2251 2751 2410 2808 tionis
2465 2751 2654 2823 spiritu
2692 2739 2925 2816 inﬁatus,
2982 2758 3171 2805 contra
3224 2756 3540 2804 sanctorum
3579 2747 3826 2801 instituta

2247 2851 2462 2916 patrum
2516 2841 2620 2896 sibi
2660 2841 2958 2910 usurpavit.
3011 2839 3240 2895 Romam
3282 2837 3484 2908 quippe
3512 2836 3824 2899 adveniens,

2249 2949 2370 2991 mox
2407 2933 2734 2987 Ravennates
2784 2931 2995 2988 eclesiaa
3042 2929 3324 2986 ordinatur
3357 2927 3675 2998 episcopus.
3718 2925 3825 2981 Mo-

2247 3029 2367 3084 dica
2399 3043 2528 3083 vero
2564 3025 2820 3097 temporis
2877 3022 3311 3094 intercapedine,
3344 3020 3456 3075 Deo
3489 3027 3749 3083 vocante,
3777 3026 3826 3073 et

2247 3121 2343 3190 qui
2387 3135 2510 3176 eum
2562 3119 2758 3191 injuste
2803 3117 3158 3174 ordinaverat
3201 3129 3339 3186 papa
3391 3111 3687 3169 defunctus
3729 3120 3825 3174 est,

571 3213 680 3260 tem
705 3218 772 3259 ac
798 3203 1184 3269 dominantem,
1231 3205 1436 3259 creavit
1462 3205 1755 3270 hominem,
1799 3221 2068 3278 quemque
2088 3209 2143 3264 in
2171 3196 2216 3259 C
2247 3209 2543 3266 Theodora:
2587 3218 2767 3264 autem
2807 3207 3026 3280 glycerii
3077 3205 3188 3276 (89)
3239 3219 3393 3260 mens
3446 3217 3829 3275 perversam:

571 3293 734 3349 ﬁnem
759 3293 1017 3363 temporis
1037 3309 1136 3364 per
1154 3294 1432 3365 sanguinis
1449 3294 1532 3349 sui
1554 3294 1868 3352 eﬁ‘u‘sionem
1891 3296 1974 3329 “"
1987 3313 2146 3354 verus

571 3385 735 3442 homo
782 3400 1048 3455 verusque
1079 3385 1242 3452 Deus,
1273 3401 1379 3441 non
1423 3388 1529 3442 duo
1577 3389 1674 3442 sed
1703 3403 1862 3456 unus,
1894 3389 2144 3459 redemit,

566 3478 635 3532 ad
664 3492 904 3532 amorem
929 3477 1010 3537 sui
1035 3477 1372 3548 propriaque
1404 3478 1580 3549 patrie
1609 3478 1950 3535 dilectionem
1979 3497 2144 3552 quos-

569 3563 696 3620 dam
745 3564 1027 3621 beneﬁeiis
1065 3564 1280 3633 invitat,
1343 3567 1646 3623 terroribus
1681 3569 1814 3624 alios
1833 3571 2144 3641 compellit,

565 3669 674 3711 non
698 3669 805 3725 quo
834 3654 961 3722 sibi,
990 3655 1081 3726 qui
1131 3671 1232 3712 nec
1270 3666 1618 3728 augmentum
1650 3659 1890 3714 bonitate
1936 3669 2142 3727 nostra,

567 3757 629 3803 ut
676 3749 939 3818 propheta
989 3756 1220 3804 testatur
1275 3750 1460 3805 dicens
1509 3767 1522 3803 :
1574 3751 1824 3821 quoniam
1890 3752 2143 3807 bonorum

567 3855 802 3893 meorum
852 3857 956 3894 non
1001 3857 1116 3912 eges
1164 3839 1337 3912 (Psat.
1379 3858 1471 3906 xv,
1501 3842 1582 3914 2),
1613 3859 1714 3898 nec
1759 3843 2142 3900 detrimentum

569 3929 776 3984 malitia
821 3945 1036 3987 sumere
1065 3931 1134 3964 ιδ·
1164 3933 1355 4003 possit,
1391 3933 1488 3988 sed
1530 3943 1585 3988 ut
1616 3935 1771 3990 nobis
1801 3937 1990 4006 prosit.
2025 3937 2144 3992 Pla-

569 4021 684 4075 cuit
714 4021 898 4091 itaque
927 4021 998 4088 ei,
1029 4023 1152 4092 quia
1212 4023 1491 4078 beneﬁciis
1518 4024 1809 4091 noluimus,
1839 4026 2142 4095 bujusmodi

572 4126 671 4167 nos
700 4111 768 4166 ad
821 4121 1033 4184 tempus
1064 4113 1335 4182 castigare
1381 4115 1704 4171 terroribus.
1748 4115 1853 4172 Sed
1882 4134 1950 4173 ne
1981 4117 2144 4173 Sara-

565 4201 687 4257 ceni
719 4200 919 4256 diutius
962 4201 1284 4258 insultarent
1310 4213 1365 4259 et
1411 4205 1654 4260 dicerent
1686 4222 1700 4259 :
1736 4204 1838 4260 Ubi
1881 4217 1956 4261 est
1996 4207 2140 4264 Deus

569 4309 748 4348 eorum
768 4293 794 4346 Ρ
820 4295 1088 4348 convertit
1115 4295 1256 4350 Deus
1285 4295 1447 4350 corda
1491 4296 1887 4363 Christicolum,
1919 4301 2051 4354 adeo
2084 4309 2143 4355 ut

567 4385 800 4456 amplior
826 4385 894 4442 iis
918 4385 1191 4458 pugnandi
1239 4402 1402 4459 quam
1430 4385 1674 4460 fugiendi
1704 4389 1852 4461 prius
1873 4399 2020 4446 esset
2047 4407 2141 4447 cu-

565 4475 717 4546 pido.
737 4533 743 4541 ,η

2247 3300 2439 3358 amasii
2469 3299 2552 3355 sui
2581 3299 2934 3355 ducentorum
2992 3296 3352 3352 miliariorum
3383 3292 3823 3362 interpositione,

2246 3391 2444 3463 quibus
2471 3389 2730 3444 Ravenna
2757 3393 3131 3457 sequestratur
3157 3385 3346 3447 Rema,
3379 3382 3674 3437 rarissimo
3701 3396 3826 3436 con-

2244 3483 2431 3540 cubitu
2481 3481 2772 3553 potiretur,
2817 3479 3092 3534 Ravenate
3140 3477 3284 3532 hunc
3322 3473 3825 3547 archiprzesulatum

2244 3573 2423 3644 coegit
2448 3573 2718 3635 deserere,
2750 3569 3185 3637 Romanumque,
3217 3580 3314 3637 pro
3343 3563 3520 3630 nefas,
3550 3578 3824 3618 summum

2247 3661 2586 3733 pontiﬁcium
2608 3673 2898 3729 usurpare.
2922 3657 3037 3714 Hoc
3075 3657 3240 3729 igitur
3268 3663 3583 3711 sanctorum
3613 3665 3825 3725 aposto-

2245 3751 2417 3808 lorum
2474 3751 2655 3806 taliter
2678 3749 2882 3804 vicario
2913 3749 3232 3813 constituto,
3274 3745 3452 3811 Poeni,
3477 3754 3535 3800 ut
3566 3744 3824 3817 przefatns

2243 3840 2386 3908 Sum,
2419 3843 2787 3898 Beneventum
2819 3839 3200 3910 Romanasque
3221 3837 3385 3894 urbes
3410 3836 3619 3892 misere
3651 3837 3728 3928 ης
3756 3835 3824 3890 la-

2244 3932 2466 3988 niabant
2487 3931 2598 4002 (an.
2629 3929 2755 3995 9M,
2791 3926 2967 4000 Apr.).

2312 4027 2404 4083 49.
2440 4024 2652 4081 Accidit
2681 4025 3008 4089 ul“interea,
3037 4021 3326 4077 Poenorum
3373 4018 3650 4089 quendam
3667 4018 3822 4089 juve-

2243 4135 2366 4177 nem
2395 4119 2607 4191 injuriis
2651 4117 2992 4174 lacesscitum
3035 4115 3234 4170 Poenos
3274 4112 3529 4167 deserere
3571 4109 3823 4179 huncque

2243 4214 2505 4272 Joannem
2534 4227 2728 4286 papam
2774 4212 3047 4275 advenire,
3076 4224 3241 4280 seque
3268 4207 3451 4264 divino
3481 4214 3688 4261 tactum
3719 4205 3825 4275 spi-

2245 4307 2456 4363 ramine
2502 4321 2696 4377 papam
2731 4306 2801 4360 ita
2833 4304 3196 4360 convenisse;
3239 4321 3257 4353 ι
3299 4299 3569 4357 Sacerdos
3609 4313 3821 4366 magne,

2243 4400 2287 4456 si
2315 4414 2553 4468 saperes,
2592 4397 2845 4470 p0pulum
2895 4406 3205 4466 terramque
3243 4394 3336 4449 tibi
3364 4392 3673 4461 snbjectam
3705 4389 3823 4444 Pc-

2244 4507 2344 4547 nos
2371 4500 2481 4546 tam
2535 4491 2776 4562 graviter
2804 4489 3010 4544 laniare
3060 4503 3166 4543 non
3224 4487 3451 4542 sineres.
3477 4485 3634 4554 Elige
3661 4485 3824 4551 igitur

634 4569 727 4625 47.
760 4569 876 4637 Quo
901 4577 1146 4640 tempore
1195 4571 1516 4626 venerandae
1548 4569 1806 4626 Romanae
1828 4571 1973 4628 sedis
1995 4587 2142 4628 sum-
2167 4554 2221 4615 Ῐ)
2247 4583 2472 4654 juvenes
2525 4554 2691 4637 nimia
2739 4581 2892 4651 quasi
2945 4579 3244 4634 mobilitate
3290 4576 3582 4646 volipedes.
3619 4575 3712 4644 qui
3745 4589 3824 4629 me

567 4674 716 4714 mum
765 4658 1004 4715 Joannes
1033 4659 1322 4714 Ravennas
1350 4658 1724 4728 pontiﬁcatum
1772 4662 2010 4717 tenebat.
2046 4661 2146 4718 Hie

565 4757 749 4804 autem
777 4756 888 4803 tam
924 4747 1132 4803 nefario
1162 4746 1368 4803 scelere
1413 4759 1603 4805 contra
1629 4748 1718 4819 jus
1750 4748 1940 4822 fasque
1964 4753 2144 4823 ponti.

562 4839 672 4896 ﬁcii
695 4838 910 4894 culmen
941 4839 1013 4893 ita
1045 4837 1295 4892 obtinuit.

634 4927 726 4985 ιδ.
763 4927 1047 4984 Theodora
1092 4939 1329 4983 scortum
1372 4926 1656 4998 inpudens,
1707 4929 1867 5000 hujus
1902 4931 2138 4988 Alberici

565 5017 659 5088 qui
713 5033 887 5088 nuper
925 5018 1196 5074 hominem
1226 5017 1360 5073 exiit
1405 5018 1547 5085 avia,
1591 5021 1734 5090 quod
1779 5022 1923 5077 dictu
1974 5024 2138 5080 etiam

565 5109 902 5167 fedissimum
961 5117 1067 5177 est,
1121 5108 1366 5166 Romane
1411 5109 1645 5167 civitatis
1700 5128 1807 5168 non
1856 5114 2138 5171 inviriliter

2253 4675 2675 4744 imperatorem,..
2704 4671 3414 4744 pra-.ceptorem,dominum
3459 4669 3825 4738 equanimiter

2249 4764 2490 4821 audiant.
2521 4762 2722 4819 llorum
2772 4761 3041 4817 neminem
3096 4761 3296 4832 aliquid
3339 4768 3544 4830 praeter,
3583 4758 3826 4828 singulas

2247 4869 2463 4927 parmas
2515 4853 2859 4922 singulosque
2898 4851 3036 4923 pilos
3086 4864 3350 4920 ensesque
3417 4847 3706 4919 singulos,
3763 4861 3824 4899 ac

2244 4946 2524 5016 simplices
2550 4953 2728 5001 vestes
2756 4959 2878 5000 cum
2911 4942 3206 5015 exiguitate
3225 4940 3435 4998 obsonii
3460 4939 3667 4994 habere
3693 4953 3820 5009 per-

2243 5046 2419 5182 mg:
2435 5054 2727 5194 Sexaginta
2751 5123 2981 5193 denique
3009 5120 3310 5192 hujusmodi
3338 5120 3578 5175 inventis
3605 5117 3819 5187 sibique

1843 5269 2077 5328 VARUE
2110 5271 2512 5330 LECTIONES.
