4012 5340
143 345 245 401 829

1092 354 1633 413 ANTAPODOSEOS
1673 358 1848 412 LIBRI
1886 358 2035 413 SEX.
2075 390 2142 401 —
2179 360 2301 414 LIB.
2340 360 2399 414 ll.

3291 371 3396 427 830

142 456 381 521 traditis,
415 457 589 515 Penus
615 471 803 517 contra
832 476 1102 534 properat,
1131 467 1392 541 latuitque
1424 490 1581 530 secus
1610 492 1708 529 au-
1737 479 1787 536 Α
1815 476 1966 531 cibus
2012 480 2293 543 meruisse,
2349 480 2600 548 quatinus
2650 478 2800 536 Potui
2824 542 2835 552 _
2863 482 3132 555 fugerent,
3189 495 3242 541 et
3291 489 3393 557 ipsi

138 557 351 618 gustas,
395 565 501 618 qua
553 550 844 609 Ptenorum
875 558 976 611 iter
1010 569 1148 627 erat,
1180 562 1315 617 vias.
1339 562 1581 635 Cumque
1609 570 1720 625 cir-

137 641 417 696 cumcirca
452 643 636 713 sepius
666 654 722 701 et
769 648 961 703 iterum
996 648 1148 705 PtBltl
1191 652 1573 723 depopulantes
1600 660 1721 714 red-

147 732 312 795 irent,
367 733 622 804 clangore
667 752 788 791 cum
836 742 1073 796 maximo
1121 759 1186 799 ex
1216 746 1509 814 iuiprovisu
1557 761 1719 823 atque

140 821 424 891 inSperato
459 826 512 879 lii
544 840 608 880 ex
650 827 859 884 insidiis
906 833 1243 900 prosilientes
1271 836 1357 901 ³⁵⁸,
1388 854 1481 894 eos
1528 821 1719 897 leviter

136 911 513 969 trucidabant.
550 917 768 973 Clamor
785 935 851 974 ex
897 936 1011 987 ore,
1043 924 1289 995 ictusque
1315 929 1472 983 simul
1502 946 1533 985 a
1556 948 1716 988 manu

137 1018 549 1072 processerant.
574 1008 759 1080 Neque
799 1014 941 1066 enim
986 1014 1161 1081 Pmni,
1198 1020 1287 1087 qui
1330 1021 1525 1090 quidve
1551 1032 1714 1091 esset,

134 1097 294 1164 prius
328 1100 470 1154 scire
511 1110 780 1171 poterant,
827 1119 988 1175 quam
1020 1108 1246 1164 istorum
1283 1112 1486 1182 spicula
1524 1114 1714 1171 ltorum

130 1189 464 1255 corporibus
516 1191 847 1248 iubererent.
902 1193 1012 1251 Hac
1061 1199 1294 1268 denique
1326 1200 1482 1267 fama
1509 1204 1717 1275 hocque

129 1277 402 1331 exercitio
457 1280 695 1334 nonnulli
738 1281 1103 1341 Romanorum
1157 1289 1314 1342 acciti
1343 1289 1403 1363 [ἱ.
1436 1308 1481 1345 e.
1514 1307 1713 1361 provo-

126 1365 288 1437 cati],
338 1368 584 1437 plurimis
623 1370 820 1427 Pierios
850 1374 901 1428 in
940 1374 1074 1432 locis
1098 1388 1538 1449 prostraverant;
1565 1383 1716 1439 calli-

125 1457 312 1527 doque
345 1460 448 1515 hoc
474 1460 714 1518 Africani
760 1465 986 1521 consilio
1013 1468 1216 1533 adtriti,
1247 1472 1496 1528 civitates
1542 1475 1716 1545 posui-

137 1560 229 1605 tus
252 1561 417 1621 rupto
446 1552 652 1609 fcedere
675 1556 1015 1626 deserebant,
1060 1561 1342 1633 solumque
1370 1564 1714 1624 Garelianum

125 1654 373 1699 montem
404 1646 504 1701 sibi
529 1663 628 1718 pro
653 1650 952 1707 munitione
986 1653 1315 1725 delegerant.

194 1735 289 1790 51.
316 1736 526 1793 Joanne
550 1740 755 1811 itaque,
779 1752 838 1796 ut
864 1743 1069 1813 prwfati
1100 1762 1306 1815 sumus,
1338 1764 1473 1821 papa
1513 1754 1713 1809 consti-

1821 566 2101 622 victoriam
2138 569 2466 625 obtinerent.

1888 657 1977 713 55.
2010 658 2121 713 Hoc
2152 660 2204 713 in
2231 669 2472 731 tempore
2515 661 2837 719 Adelbertus
2873 662 3171 720 Tuscorum
3202 674 3393 737 potens

1819 751 2059 807 marcbio
2090 752 2339 819 moritur,
2401 753 2653 825 ﬁliusque
2678 754 2798 824 eius
2824 755 2985 812 Wido
3010 772 3040 811 a
3064 757 3392 829 Berengario

1818 852 1942 908 rege
1974 840 2214 895 marcliio
2261 841 2429 910 patris
2474 842 2591 898 loco
2618 846 2985 900 constituitur.
3016 846 3177 901 Berta
3210 857 3391 904 autem

1818 947 1953 986 uxor
1976 932 2092 1001 ejus
2114 950 2235 988 cum
2278 933 2509 992 Widone
2554 937 2663 992 ﬁlio
2692 948 2811 1007 post
2841 941 3019 994 mariti
3046 940 3251 994 obitum
3283 956 3390 997 non

1816 1025 2043 1079 mitioris
2068 1024 2207 1081 facta
2234 1036 2316 1083 est
2350 1043 2511 1097 quam
2537 1030 2623 1083 vir
2653 1046 2784 1085 suus
2806 1033 3080 1100 potentiae.
3105 1030 3234 1098 Quae
3265 1048 3388 1087 cum

1816 1113 2108 1170 calliditate
2159 1116 2246 1180 ⁸⁸⁸,
2296 1118 2630 1183 muneribus,
2670 1128 2781 1174 tum
2842 1121 3088 1192 bymenei
3131 1121 3391 1176 exercitio

1816 1202 2008 1270 dulcis,
2032 1206 2320 1261 nonnullos
2341 1208 2443 1262 sibi
2463 1209 2644 1265 lideles
2668 1210 2941 1265 effecerat.
2967 1212 3118 1267 Unde
3143 1213 3389 1283 contigit,

1814 1302 1875 1348 ut
1924 1294 2051 1350 dum
2104 1297 2262 1367 paulo
2311 1308 2483 1367 posta
2517 1299 2842 1371 Berengario
2888 1302 3047 1357 simul
3104 1317 3228 1357 eum
3278 1302 3390 1359 ﬁlio

1815 1399 2101 1456 caperetur
2125 1397 2180 1443 et
2209 1388 2425 1446 Mantue
2453 1392 2699 1446 custodie
2728 1402 3022 1459 teneretur,
3051 1409 3177 1449 suos
3208 1402 3390 1449 tamen
3414 1446 3417 1447 ν

1815 1478 2061 1534 civitates
2084 1489 2138 1535 et
2176 1482 2398 1537 castella
2436 1483 2617 1537 omnia
2658 1485 2768 1554 regi
2794 1484 3120 1555 Berengario
3168 1485 3390 1540 minime

1816 1569 2134 1636 reddidisse,
2169 1574 2262 1627 sed
2321 1572 2550 1629 ﬁrmiter
2597 1576 2855 1640 tenuisse,
2886 1591 3114 1645 eamque
3152 1586 3391 1647 postmo-

1815 1662 1940 1717 dum
1973 1664 2038 1718 de
2064 1664 2305 1719 custodia
2329 1666 2487 1721 simul
2517 1683 2637 1722 cum
2667 1668 2775 1723 ﬁlio
2802 1668 3081 1724 liberasse.

1882 1754 1972 1809 56.
2000 1753 2140 1817 Haec,
2169 1765 2229 1809 ut
2257 1772 2446 1811 rumor
2466 1768 2569 1824 est,
2597 1768 2708 1814 tres
2734 1773 2800 1814 ex
2830 1760 2949 1814 viro
2974 1775 3071 1815 suo
3102 1768 3387 1829 genuerat,

125 1834 266 1889 tuto,
300 1823 595 1883 Landolfus
640 1830 881 1899 quidam,
931 1834 1016 1887 vir
1046 1844 1300 1893 strenuus
1329 1839 1707 1912 bellorumque
1739 1857 1786 1917 Β
1816 1845 2101 1903 Widonem
2140 1864 2299 1918 quem
2340 1850 2686 1919 praediximus
2709 1892 2723 1917 ,
2783 1860 2945 1921 atque
2997 1823 3344 1906 Lambertum
3369 1890 3386 1916 ,

126 1916 404 1970 exercitio
431 1918 641 1985 doctus,
688 1920 1190 1981 Beneventanorum
1236 1937 1291 1983 et
1334 1930 1709 2000 Capuanorum

122 2007 373 2061 omnium
417 2009 669 2081 princeps
719 2012 981 2069 clarebat.
1012 2016 1193 2072 Poenis
1212 2019 1378 2089 igitur
1398 2030 1599 2076 statum
1633 2024 1709 2078 rei

121 2095 360 2165 publica:
388 2114 493 2153 non
522 2102 869 2158 mediocriter
902 2104 1369 2176 labefactautibus,
1393 2111 1710 2168 Landolfum

122 2187 269 2241 hunc
286 2189 587 2260 principem
608 2195 903 2265 egregium,
919 2198 1046 2266 quid
1060 2214 1223 2268 super
1238 2215 1293 2256 re
1309 2202 1710 2272 hujusscemodi

118 2292 288 2346 quam
320 2280 562 2336 Africani
585 2294 765 2353 agunt,
804 2285 1083 2345 Joltannes
1104 2292 1338 2347 consulit
1361 2308 1518 2364 papa.
1557 2295 1710 2363 Quod

120 2368 382 2438 princeps
430 2380 489 2424 ut
541 2374 764 2437 audivit,
808 2390 1001 2446 papam
1065 2395 1163 2450 per
1210 2380 1574 2439 internuntios
1632 2385 1706 2439 ita

118 2461 425 2515 convenit:
474 2480 491 2513 ‹
530 2462 639 2518 Res
665 2464 800 2533 haec,
862 2468 1122 2537 spiritalis
1173 2480 1349 2539 pater,
1380 2474 1589 2543 magnis
1626 2483 1709 2529 est

118 2550 501 2621 investiganda
536 2555 799 2612 consiliis.
834 2557 1033 2615 Mittito
1060 2562 1293 2633 denique
1320 2565 1388 2619 ad
1436 2567 1705 2637 Argorum

115 2641 530 2712 imperatorem,
587 2648 741 2717 cujus
786 2657 840 2704 et
881 2650 979 2720 ipsi
1011 2667 1128 2707 eam
1162 2670 1280 2723 qum
1321 2656 1400 2711 eis
1442 2673 1591 2712 mare
1626 2668 1707 2714 est

119 2747 349 2804 terram,
400 2740 543 2795 sicut
571 2752 625 2796 et
660 2755 922 2812 nostram,
974 2749 1300 2820 depopulare
1330 2769 1435 2808 non
1468 2766 1701 2811 cessant.

116 2823 444 2882 Camerinos
473 2831 636 2886 etiam
664 2842 825 2903 atque
856 2834 1162 2906 Spoletiuos
1189 2851 1435 2899 nostrum
1464 2846 1530 2900 ad
1554 2848 1707 2902 auxi-

115 2914 247 2969 lium
282 2917 544 2987 invitato;
587 2923 820 2981 iniamus
843 2927 953 2983 Deo
975 2939 1279 2999 protectore
1303 2950 1425 2988 cum
1456 2937 1542 2992 liis
1566 2939 1704 2993 acri-

118 3017 204 3061 tcr
240 3008 461 3065 bellum.
516 3012 572 3067 Si
624 3015 907 3085 vincimus,
958 3036 1063 3074 non
1094 3023 1419 3080 multitudini
1470 3026 1563 3082 sed
1593 3029 1703 3085 Deo

112 3099 346 3154 victoria
376 3103 680 3173 imputetur
704 3109 799 3181 λεὶ
830 3124 959 3165 vero
987 3111 1216 3168 vicerint
1265 3114 1435 3181 Pierii,
1464 3120 1702 3187 peccatis

112 3192 320 3247 nostris
345 3203 402 3249 et
423 3210 528 3250 non
559 3197 819 3256 iubercite
850 3201 1154 3273 deputetur.
1186 3223 1206 3258 ι

186 3298 283 3354 52.
304 3301 402 3358 His
424 3306 626 3362 auditis
650 3323 787 3379 papa
816 3313 1035 3369 nuntios
1074 3315 1357 3372 confestim
1385 3318 1698 3377 Constanti-

108 3396 354 3464 nOpolim
384 3398 582 3470 dirigit,
613 3403 930 3472 suppliciter
974 3406 1318 3477 imperatoris
1343 3413 1696 3470 amminicula

110 3482 219 3538 sibi
247 3485 366 3539 dari
393 3487 705 3556 deposcens.
757 3492 1055 3564 Imperator
1096 3513 1245 3563 vero,
1274 3509 1333 3553 ιιι
1358 3501 1441 3555 vir
1470 3504 1701 3559 sanctis-

111 3574 291 3630 simus
316 3576 386 3616 ¹⁸³
415 3576 619 3649 Deique
654 3582 867 3650 timens,
918 3588 1104 3656 copias
1143 3590 1346 3660 absque
1376 3608 1527 3647 mora
1557 3594 1701 3651 clas-

110 3664 268 3718 sibus
314 3666 569 3724 advectas
634 3671 853 3729 direxit.
907 3676 1151 3748 Cumque
1197 3697 1296 3751 per
1342 3681 1691 3742 Garelianutn

109 3748 315 3805 flumen
366 3760 809 3828 conscenderent,
861 3764 1034 3821 adfuit
1061 3777 1115 3823 et
1146 3748 1281 3839 papa
1307 3770 1544 3829 Joannes
1584 3776 1694 3847 (an.

111 3841 431 3936 916),Acum
460 3846 721 3906 Landolfo
765 3855 970 3923 pariter
994 3856 1497 3918 Beneventanorum
1542 3841 1694 3936 prin-

113 3932 237 4001 cipe
261 3927 662 4005 ﬂbtentissimo,
684 3940 979 3999 Camerinis
1002 3948 1165 4003 etiam
1192 3959 1352 4020 atque
1376 3927 1687 4023 Spoletinis.

112 4022 350 4080 llorrida
376 4030 507 4083 satis
527 4031 758 4102 denique
788 4036 929 4091 inter
955 4053 1048 4094 eos
1072 4055 1250 4113 pugna
1275 4046 1544 4101 exoritur.
1586 4046 1696 4104 Ve-

113 4131 237 4170 rum
285 4116 413 4172 dtim
457 4122 877 4179 Christianorum
933 4138 1142 4197 partem
1198 4131 1350 4188 Poeni
1402 4138 1698 4206 praevalere

110 4208 517 4277 conspicerent,
547 4212 599 4265 in
623 4211 893 4270 Gareliaui
926 4220 1124 4276 montis
1155 4224 1527 4280 summitatem
1566 4244 1697 4284 con-

110 4295 349 4366 fugiunt.
405 4309 771 4373 angustasque
826 4314 1034 4363 tantum
1083 4311 1199 4366 vias
1243 4311 1534 4373 defendere
1575 4333 1695 4373 mo-

112 4388 348 4442 liuntur.

1813 1935 1903 2005 qui
1954 1952 2098 1991 nunc
2127 1954 2296 2008 usque
2331 1938 2532 1995 lumine
2582 1943 2825 2010 privatus
2852 1953 3119 2012 superest,
3161 1943 3388 1998 Ermen-

1810 2025 2029 2095 gardam
2058 2025 2219 2081 etiam
2268 2037 2487 2098 gnatam
2519 2046 2671 2085 suam
2721 2032 2823 2085 sibi
2862 2030 3078 2101 afroditi
3111 2032 3389 2087 dulcedine

1810 2114 2140 2182 coequalem,
2170 2132 2331 2187 quam
2359 2118 2649 2175 Adelberto
2680 2120 2957 2191 Eporegite
2983 2122 3221 2177 civitatis
3244 2135 3388 2175 mar-

1809 2207 2013 2272 cliioni,
2046 2207 2193 2263 Gisla
2240 2209 2553 2281 Berengarii
2605 2213 2749 2281 regis
2777 2212 2909 2278 ﬁlia,
2941 2212 3254 2283 Berengarii
3281 2212 3390 2267 sci-

1809 2296 1934 2351 licet
1961 2299 2103 2367 regis
2148 2297 2306 2367 hujus
2335 2310 2529 2367 matre,
2561 2313 2797 2366 mortua,
2835 2301 3085 2373 bymenei
3111 2302 3387 2357 consortio

1809 2390 2104 2459 copularat.
2154 2390 2284 2457 Qua:
2335 2392 2385 2447 ei
2420 2392 2588 2447 ﬁlium
2637 2403 2899 2464 genuerat
2942 2394 3161 2448 nomine
3183 2393 3388 2449 Ansca-

1809 2481 1969 2546 rium,
1996 2481 2085 2550 qui
2111 2490 2327 2550 quantae
2355 2484 2573 2539 virtutis
2596 2493 2915 2555 quantaeque
2937 2485 3168 2540 audatia:
3202 2484 3385 2551 fuerit,

1807 2570 1944 2625 liber
1965 2572 2299 2643 subsequens
2326 2572 2645 2630 declarabit.

1875 2665 1963 2720 57.
1998 2665 2095 2721 llis
2142 2669 2474 2737 temporibus
2528 2669 2696 2723 isdem
2738 2669 3081 2734 Adelbertus,
3111 2684 3279 2739 gener
3301 2684 3384 2724 reo

1806 2757 1945 2829 gius,
2004 2757 2299 2829 Eporegiac,
2352 2760 2589 2815 civitatis
2620 2763 2881 2827 marebiu,
2914 2771 3077 2832 atque
3106 2762 3384 2819 Odclrieus

1805 2850 1989 2922 palatii
2042 2867 2242 2917 comes,
2272 2854 2361 2922 qui
2390 2869 2457 2908 ex
2506 2853 2805 2909 Suevorum
2854 2856 3114 2926 sanguine
3155 2853 3384 2908 duxerat

1803 2941 2089 3011 originem,
2118 2957 2326 2996 necnon
2376 2952 2430 2997 et
2451 2942 2791 2999 Gislebertus
2818 2945 3084 3014 praedives
3118 2957 3302 2998 comes
3327 2952 3382 2998 et

1804 3038 2079 3094 strenuus,
2104 3029 2425 3100 Lampertus
2475 3032 2639 3086 etiam
2670 3031 3087 3087 Mediolaueusis
3116 3032 3382 3102 archiepi-

1804 3134 2019 3190 scopus,
2048 3121 2401 3190 uonnullique
2429 3122 2518 3177 alii
2548 3124 2816 3193 principes
2840 3124 3023 3186 italiae,
3053 3124 3382 3193 Berengario

1727 3208 1773 3270 C
1806 3212 2041 3267 rebelles
2087 3213 2401 3267 extiterant.
2431 3214 2608 3269 Causa
2635 3224 2814 3269 autem
2853 3214 3163 3269 rebellionis
3188 3216 3381 3269 borum

1805 3303 1921 3357 hmo
1962 3303 2082 3357 fuit.
2134 3304 2270 3359 Dum
2324 3305 2644 3377 Lampertus
2688 3305 2943 3362 defuncto
2970 3307 3256 3361 decessore
3283 3319 3382 3362 suo

1806 3390 2226 3450 Mediolanensis
2279 3396 2724 3467 archiepiscopus
2778 3397 3018 3452 ordinari
3067 3397 3380 3461 debuisset,

1804 3500 1910 3538 non
1934 3500 2155 3554 parvam
2186 3487 2253 3541 ab
2277 3502 2340 3541 eo
2361 3502 2453 3541 rex
2479 3486 2835 3559 Berengarius
2858 3497 3044 3543 contra
3068 3495 3378 3542 sanctorum

1805 3575 2053 3631 instituta
2082 3585 2297 3647 patrum
2325 3579 2605 3648 pecuniam
2633 3580 2901 3649 exigebat,
2917 3577 3187 3649 iussitque
3212 3578 3377 3633 scribi

1804 3669 1857 3723 iu
1895 3669 2093 3725 tabulis
2145 3678 2266 3739 post
2298 3671 2477 3727 datam
2510 3671 2611 3726 sibi
2665 3671 2970 3740 pecuniam,
3002 3680 3261 3741 quantum
3285 3686 3378 3726 cu-

1803 3758 2075 3825 bicularii,
2130 3768 2393 3828 quantum
2437 3761 2704 3826 bostiarii,
2756 3770 3017 3831 quantum
3075 3759 3377 3831 pavouarii,

1804 3849 1905 3920 ipsi
1952 3851 2115 3905 etiam
2162 3852 2388 3906 altilium
2453 3854 2747 3916 custodes,
2800 3854 3047 3921 accipere
3091 3854 3372 3909 deberent.

1802 3939 2123 4012 Lampertus
2146 3942 2309 4013 igitur
2323 3943 2799 4014 arcliipraesulatus
2821 3960 3004 3999 amore
3026 3945 3376 3999 vehementer

1801 4032 2091 4096 animatus,
2134 4048 2487 4103 quaecumque
2528 4049 2619 4089 rex
2648 4046 2988 4104 poposcerat,
3020 4043 3221 4104 quanto
3249 4050 3373 4090 cum

1801 4125 1986 4181 dolore
2042 4126 2319 4192 tribueret,
2350 4142 2418 4181 ex
2472 4128 2574 4182 hoc
2622 4126 2925 4198 intelligere
2975 4127 3200 4198 poteris,
3229 4126 3373 4197 quod

1799 4213 2135 4285 subsequens
2174 4214 2333 4271 lectio
2364 4215 2683 4271 declarabit.

1871 4325 1957 4381 58.
1998 4325 2302 4383 Odelricum
2349 4327 2537 4397 palatii
2585 4329 2857 4395 comitem,
2911 4344 3069 4401 quem
3120 4330 3376 4401 praadixi—

1799 4431 1935 4480 mus,
1972 4416 2209 4471 vinetum
2260 4417 2617 4488 Berengarius
2663 4428 2790 4473 tunc
2843 4419 3078 4474 tenebat.
3134 4419 3379 4491 Cumque

183 4507 276 4562 55.
305 4508 404 4609 Ex“
419 4520 574 4578 parte
621 4527 750 4569 vero
776 4516 884 4583 ina,
912 4533 1016 4587 qua
1068 4520 1335 4579 (“memor
1359 4526 1427 4558 m
1465 4538 1585 4583 erat
1605 4544 1695 4583 as-
1720 4549 1771 4609 Β
1799 4507 2146 4609 Lampertum
2176 4508 2615 4609 arcbiprmsulem
2645 4509 3021 4577 constitueret,
3069 4509 3376 4609 Odelricum

113 4611 314 4652 census
365 4598 657 4669 Pteuisque
721 4604 788 4658 ad
840 4606 1151 4677 fugiendum
1189 4614 1386 4681 aptior,
1424 4614 1694 4672 Grecica-

108 4695 283 4741 strum
313 4688 401 4743 die
444 4690 561 4760 ipsa
590 4694 956 4763 constituunt;
1002 4698 1055 4753 in
1086 4716 1194 4769 quo
1222 4704 1549 4772 residentes,
1573 4707 1694 4763 Pce-

109 4792 231 4842 nos,
286 4794 357 4834 ne
406 4778 680 4852 fugerent,
727 4785 1108 4855 observabant,
1148 4794 1476 4866 cottidieque
1519 4812 1690 4870 Oppu-

113 4879 342 4935 gnautes
367 4887 471 4925 non
505 4872 857 4930 mediocriter
884 4879 1245 4936 trucidabant.

180 4961 271 5015 54.
291 4961 480 5019 Grecis
523 4964 693 5035 igitur
730 4966 1045 5039 Latinisque
1074 4956 1311 5032 cottidie
1337 4975 1692 5034 conﬂictanti-

113 5050 228 5115 lius,
291 5052 401 5109 Deo
452 5055 771 5120 miserante,
822 5056 1112 5116 Poenorum
1156 5079 1256 5119 nec
1295 5082 1437 5122 unus
1475 5070 1691 5137 quidem

110 5142 389 5209 superfuit,
413 5146 509 5215 qui
549 5160 659 5199 non
688 5155 780 5200 aut
805 5146 982 5215 gladio
1009 5150 1392 5220 trucidaretur,
1423 5165 1516 5209 aut
1539 5159 1691 5215 vivus

114 5236 359 5282 continuo
414 5244 733 5282 caneretur.
792 5237 903 5282 Vici
952 5248 1073 5282 cnnf
1117 5250 1291 5282 ειιιηιιγ.
1350 5262 1377 5282 ο.
1427 5245 1689 5282 Μιῖηἶηοῖα

1796 4600 1865 4665 ei,
1893 4599 2062 4653 donec
2097 4599 2227 4667 quid
2256 4598 2322 4653 de
2353 4614 2417 4653 eo
2443 4598 2764 4653 deliberaret
2793 4609 2995 4668 ageret,
3030 4600 3378 4655 commenda-

1797 4690 1892 4743 vit.
1923 4688 1971 4743 ls
2003 4698 2180 4743 autem
2217 4689 2457 4759 pecuniae
2488 4690 2686 4756 multm,
2725 4706 2886 4761 quam
2923 4707 3019 4763 pro
3064 4693 3379 4761 episcopatu

1795 4788 2064 4849 erogarat,
2106 4794 2211 4833 non
2264 4779 2552 4845 inmemor,
2604 4780 2709 4835 lioc
2752 4795 2875 4835 cum
2926 4788 3080 4851 capto
3128 4780 3275 4851 cepit
3314 4778 3381 4834 de

1797 4869 1913 4940 ejus
1952 4869 2268 4925 inﬁdelitate
2296 4869 2587 4926 discutere.

1868 4979 1955 5035 59.
1996 4979 2187 5037 Paucis
2218 4970 2447 5049 denique
2486 4982 2819 5052 interpositis
2861 4981 3084 5046 solibus,
3135 4997 3243 5039 rex
3289 4979 3392 5034 Be-

1798 5073 2099 5140 rengarius,
2129 5073 2331 5126 nuntiis
2368 5072 2609 5136 directis,
2645 5072 2953 5128 Odclricum
2992 5069 3057 5122 ad
3109 5087 3190 5133 se
3215 5069 3398 5126 venire

1798 5164 2073 5232 praecepit.
2100 5163 2243 5231 Quos
2268 5164 2525 5234 hyronica
2550 5165 2652 5217 hac
2676 5162 3028 5228 responsione
3062 5159 3413 5223 convenisse

1794 5268 1900 5282 νιΛιι
1925 5252 2139 5282 [δι-ιιῖ-ιι-ιι
2178 5263 2255 5282 An.
2291 5271 2303 5282 ο
2350 5271 2368 5282 ι
2408 5252 2713 5282 αηηΛ-Ᾰηοῖο
2948 5249 3191 5282 ηηιὶῖίιι-
3226 5262 3409 5282 θαι-Ωιι.
