4012 5340
565 262 664 319 851
693 268 701 283 ’
1196 292 1226 327 ι

1546 271 1964 329 LlUTPRANDl
1996 264 2479 340 anMON’ENSIS
2518 285 2821 345 EPISCOPI

3730 286 3834 348 εἷθ’

563 378 701 476 plice
722 378 1034 476 rebellasse,
1062 384 1223 452 quem
1253 395 1283 437 a
1311 396 1468 476 rege
1493 383 1614 476 sibi,
1631 384 1889 476 traditum
1939 388 2142 460 absque
2171 402 2215 456 Α
2247 397 2365 450 fidei
2406 406 2509 454 tuae
2541 408 2590 455 te
2621 401 2793 470 ipsum
2817 401 3116 465 committo,
3144 401 3188 456 si
3219 401 3356 457 male
3382 412 3578 458 contra
3601 419 3691 459 me
3710 421 3825 476 cge.

562 468 681 539 ejus
722 468 941 524 licentia
986 478 1249 526 noverant
1293 471 1564 529 dimisisse
1604 473 1697 529 ³⁸⁷.
1753 474 1855 543 Qui
1910 480 2145 549 regressi

563 562 811 633 protinus
841 561 909 615 ad
936 577 1155 632 regem,
1180 564 1564 622 Terentianum
1594 569 1724 624 illud
1754 570 1865 643 (90)
1907 588 2005 642 pro
2061 590 2146 630 re-

562 652 852 721 sponsione
880 653 1184 710 dederunt:
1218 654 1365 711 Huic
1387 660 1732 728 commendes,
1774 663 1821 717 si
1859 664 1986 734 quid
2009 675 2145 721 recte

562 754 809 799 curatum
837 744 980 801 velis.

634 832 722 888 60.
781 833 901 901 Quo
957 844 1196 908 tempore
1257 840 1522 899 Rodulfus
1578 861 1671 900 rex
1727 849 2146 919 superbissimus

564 924 1033 996 Burgundionibus
1070 931 1387 1002 imperabat.
1429 935 1526 992 Cui
1570 938 1622 993 in
1664 951 2010 1010 augmentum
2056 960 2149 1015 po-

564 1016 748 1070 tentia:
777 1017 880 1072 hoc
901 1021 1151 1087 accessit,
1182 1032 1242 1077 ut
1267 1027 1628 1093 potentissimi
1659 1029 1959 1087 Suevorum
1991 1030 2144 1091 ducis

562 1106 859 1164 Bruchardi
886 1109 1077 1178 filiam,
1109 1115 1328 1172 nomine
1350 1116 1590 1185 Bertam,
1630 1122 1731 1177 sibi
1771 1123 2019 1196 conjugio
2052 1142 2144 1182 co-

559 1199 793 1270 pularet.
821 1202 988 1274 Igitur
1017 1205 1318 1273 ltalienses,
1353 1212 1557 1268 nuntiis
1595 1214 1837 1282 directis,
1873 1217 2141 1287 huneve-

559 1291 700 1361 nire,
726 1293 1110 1367 Berengarium
1136 1316 1262 1356 vero
1282 1304 1553 1374 expellere
1578 1316 1785 1377 petunt.

630 1383 717 1438 61.
755 1385 902 1441 Inter
930 1391 1197 1460 agendum
1224 1402 1411 1449 autem
1434 1398 1662 1467 contigit
1689 1399 1798 1470 (an.
1824 1400 1949 1473 921)
1998 1402 2142 1459 Hun-

558 1474 740 1543 garios
768 1475 1035 1534 Veronam
1059 1481 1142 1536 his
1172 1482 1881 1557 ignorantibusadvenisse;
1909 1507 2139 1561 quorum

558 1563 665 1618 duo
695 1580 852 1635 reges
881 1569 1084 1625 Dursac
1128 1579 1185 1625 et
1234 1571 1407 1645 Bugat
1442 1575 1759 1632 amicissimi
1814 1579 2141 1652 Berengario

557 1654 793 1711 fuerant.
824 1659 1148 1716 Adelbertus
1190 1663 1423 1734 denique
1451 1667 1694 1723 marchio
1725 1678 1887 1741 atque
1932 1658 2140 1728 Odelri-

2249 489 2343 552 ris,
2376 490 2639 545 rationem
2672 491 3005 546 redditurum
3042 492 3169 545 Deo.
3206 512 3224 544 ι

2317 580 2404 636 64.
2448 580 2598 637 Hunc
2651 582 2882 652 denique
2918 583 2985 637 ad
3021 584 3234 653 propria
3281 584 3628 649 redeuntem,
3688 586 3824 656 regis

2245 686 2412 742 gener
2431 672 2755 729 Adclbertus
2780 676 3052 745 ceterique
3080 675 3170 745 qui
3206 690 3328 729 cum
3360 691 3427 730 eo
3459 675 3623 729 simul
3660 676 3824 730 rebel-

2246 760 2326 815 les
2375 764 2683 830 extiterant,
2743 764 2949 834 accepti
3003 765 3373 820 immemorem
3427 764 3712 830 beneﬁtii,
3758 766 3824 820 ob

2245 853 2552 919 Rodulfum,
2584 865 2644 911 ut
2679 857 2950 922 adveniat,
2986 856 3248 928 dirigunt.
3273 856 3560 912 Profectus
3596 857 3825 928 denique

2244 945 2429 1000 eodem
2457 946 2812 1013 Gislebertus,
2837 957 2960 1002 ante
2995 948 3064 1002 '50
3093 949 3208 1004 dies
3235 964 3357 1004 eum
3388 948 3599 1003 italiam
3629 949 3827 1003 adven-

2245 1040 2361 1087 tare
2386 1034 2580 1104 coegit.
2623 1034 2724 1102 Qui
2764 1045 3045 1106 susceptus
3091 1036 3158 1072 ³⁸⁸
3203 1037 3271 1091 ab
3320 1037 3594 1101 omnibus,
3629 1037 3705 1090 nil
3726 1035 3823 1091 Be-

2244 1124 2492 1194 rengario
2530 1139 2595 1180 ex
2623 1127 2770 1180 omni
2817 1142 2983 1198 regno
3018 1135 3216 1196 pneter
3253 1127 3523 1200 Veronam
3573 1125 3822 1192 dimisit;

2243 1215 2520 1285 tenuitque
2547 1224 2715 1270 totum
2753 1231 2848 1286 per
2874 1216 3162 1271 triennium
3193 1216 3423 1271 viriliter
3453 1230 3689 1287 regnum
3715 1214 3822 1286 (an.

2240 1304 2345 1361 922
2369 1303 2494 1358 Jan.
2511 1304 2700 1360 —926
2732 1304 2895 1376 Jul.).

2310 1395 2399 1450 65.
2440 1394 2573 1450 Cum
2608 1396 2675 1449 l2
2714 1395 2931 1452 sibimet
2959 1395 3106 1449 horis
3146 1396 3309 1450 homo
3357 1393 3592 1464 placeat,
3644 1393 3827 1463 displi-

2240 1495 2378 1553 ceat,
2428 1486 2526 1542 boc
2562 1488 2721 1543 modo
2749 1488 2936 1558 diligat
2968 1487 3056 1553 ⁸⁸³,
3087 1485 3214 1542 illud
3237 1503 3362 1543 mox
3389 1485 3823 1556 aspernetur”,

2239 1577 2330 1646 qui
2360 1576 2475 1633 fieri
2505 1586 2701 1648 potest,
2723 1586 2783 1632 ut
2802 1577 3055 1632 omnibus
3075 1591 3291 1647 semper
3314 1575 3698 1647 aequanimiter
3717 1575 3825 1645 pla-

2239 1668 2392 1722 ceat?
2420 1667 2585 1738 Igitur
2614 1666 2753 1723 infra
2783 1665 3074 1723 triennium
3110 1667 3253 1722 istud
3285 1682 3382 1723 rex
3411 1664 3682 1721 Rodulfus
3710 1667 3825 1736 qui-

557 1761 657 1803 cus
675 1761 857 1805 comes
883 1751 1090 1821 palatii,
1132 1753 1464 1812 Gislebertus
1495 1759 1659 1814 etiam
1689 1774 1891 1829 comes,
1931 1763 2142 1834 plures;
2168 1745 2220 1805 Β
2241 1755 2466 1811 busdam
2492 1757 2686 1821 bonus,
2715 1757 2836 1812 aliis
2880 1757 3061 1827 gravis
3086 1766 3171 1813 est
3202 1757 3370 1812 visus.
3425 1755 3583 1812 Unde
3626 1753 3837 1808 factum.

557 1851 663 1906 que
692 1839 804 1905 alii,
833 1841 959 1896 dum
978 1843 1029 1899 in
1063 1848 1332 1902 montanis
1358 1848 1625 1905 Brixiame
1651 1851 1886 1909 civitatis
1924 1869 2042 1923 qua:
2069 1852 2138 1911 50

557 1928 807 1986 miliariis
833 1929 1043 1989 Verona
1088 1936 1247 1992 distat
1280 1939 1368 2005 ⁸⁸⁸,
1420 1944 1797 1999 conventicula
1838 1946 1909 2001 ob
1940 1946 2137 2003 Berea.-

556 2021 689 2109 garii
736 2022 1090 2092 dejectionem
1148 2029 1468 2099 haberent,-
1505 2036 1715 2102 rogavit
1774 2037 2136 2109 Berengarius

553 2106 876 2183 Bungarios,
915 2126 973 2172 ut
1001 2119 1044 2174 si
1081 2133 1149 2174 se
1169 2133 1434 2187 amarent,
1488 2139 1651 2196 super
1701 2106 1979 2184 inimicos—
2009 2145 2135 2187 suos

553 2203 844 2263 irruerent.
898 2209 957 2264 lli
1000 2227 1152 2277 vero,
1204 2222 1263 2267 ut
1297 2223 1456 2269 erant
1505 2217 1651 2272 necis
1693 2219 1857 2285 avidi,
1904 2220 2157 2276 bellandi-

555 2297 757 2366 cupidi,
813 2315 842 2354 a
889 2300 1218 2373 Berengario
1268 2320 1393 2359 mox
1447 2308 1696 2375 prmduce
1746 2318 1986 2379 accepto,
2038 2325 2136 2381 per

554 2387 768 2458 ignotas
793 2391 908 2446 vias
934 2408 962 2446 a
994 2402 1143 2465 tergo
1171 2395 1270 2449 bos
1305 2410 1478 2466 usque
1509 2397 1834 2464 adveniunt;
1880 2407 2132 2469 tantaque

553 2477 675 2534 illos
730 2488 857 2535 tunc
909 2482 1190 2538 celeritate
1238 2485 1575 2551 confodiunt,
1624 2496 1687 2541 ut
1730 2502 1831 2544 nec
1878 2487 2131 2548 induendi

548 2571 767 2642 quidem
807 2577 1119 2631 sumendive
1165 2591 1315 2631 arma
1361 2578 1593 2647 spatium
1648 2580 1849 2634 habere
1893 2580 2129 2649 quirent.

551 2666 739 2737 Captis
769 2668 930 2739 igitur
957 2671 1206 2740 cesisque
1245 2672 1447 2737 multis,
1482 2671 1764 2728 Odelricus
1806 2672 1988 2744 palatii
2040 2688 2135 2729 co-

550 2772 690 2821 mes,
737 2759 827 2829 qui
860 2773 917 2815 se
962 2776 1065 2815 non
1118 2761 1183 2794 ¹⁸⁹
1222 2761 1813 2829 viriliterdefenderat,
1845 2764 2141 2829 occiditur,~

549 2845 871 2904 Adelbertus
919 2858 1099 2905 autem
1148 2852 1401 2907 marcbio.
1425 2861 1479 2906 et
1523 2850 1856 2909 Gislebertus
1885 2854 1991 2909 vivi
2035 2869 2125 2909 ca.-

548 2939 801 3008 piuntur.

590 3058 595 3063 -
623 3029 712 3084 62.
754 3029 952 3085 Verum
974 3032 1313 3098 Adelbertus,
1355 3044 1412 3089 ut
1437 3045 1557 3090 erat
1591 3036 1673 3090 vir
1702 3050 1808 3091 non
1836 3035 2129 3092 bellicosus

550 3118 643 3175 sed
670 3122 982 3192 sagacitatis
1004 3123 1083 3155 Μ’
1102 3125 1375 3195 nimieque
1399 3125 1734 3193 calliditatis,
1763 3126 1887 3181 dum
1913 3126 2126 3182 inruere
2151 3102 2209 3163 θ

547 3209 849 3283 Hungarios
894 3216 1129 3289 undique
1169 3226 1441 3291 cerneret,
1470 3226 1721 3288 essetque
1768 3217 1843 3271 illi
1889 3215 2124 3289 fugiendi

544 3318 669 3373 spes
694 3307 870 3361 omnis
901 3307 1098 3373 ablata,
1129 3308 1364 3363 balteum
1395 3309 1742 3378 armillasque
1784 3323 1981 3364 aureas
2002 3323 2122 3363 om-

545 3410 776 3465 nemque
823 3399 1139 3468 praeciosum
1176 3400 1490 3471 abparatutn
1538 3400 1786 3472 projecit,
1822 3400 2125 3470 vilibusque

544 3485 813 3541 semilitis
842 3488 924 3543 sui
974 3488 1149 3544 induit
1190 3491 1545 3557 vestimentis,
1593 3507 1662 3547 ne
1722 3492 1787 3546 ab
1837 3490 2147 3561 Hungariis

547 3577 637 3645 qui
660 3584 806 3632 esset
826 3579 1217 3637 dinosceretur.
1241 3582 1443 3653 Captus
1473 3583 1655 3653 itaque
1687 3583 2119 3654 sciscitatusque,

548 3667 669 3737 quis
693 3678 856 3734 esset,
889 3672 1076 3728 militis
1105 3672 1382 3743 cujusdam
1405 3674 1627 3730 militem
1652 3690 1711 3731 se
1741 3690 1864 3731 esse
1900 3691 2122 3746 respon-

545 3758 640 3814 dit.
675 3759 1009 3833 Rogavitque
1043 3780 1102 3820 se
1141 3766 1208 3820 ad
1237 3766 1475 3821 vicinum
1505 3766 1812 3832 castellum,
1860 3767 2127 3822 vocabulo

542 3849 866 3919 Calcinaria,
891 3856 1037 3920 duci,
1068 3857 1119 3911 in
1148 3873 1254 3927 quo
1283 3866 1556 3927 parentes,
1603 3858 1693 3929 qui
1723 3871 1846 3913 eum
1888 3858 2094 3912 redime

546 3950 690 4008 rent,
716 3959 774 3999 se
809 3945 1009 4003 habere
1033 3948 1328 4003 asserebat.
1372 3949 1576 4004 Ductus
1620 3949 1804 4020 igitur,
1853 3949 1979 4017 quia
2012 3963 2118 4003 nun

543 4034 779 4102 agnitus,
820 4036 1079 4093 vilissimo
1117 4040 1311 4109 ιιι-αειίο
1335 4049 1698 4111 comparatur.
1747 4031 1889 4095 Emit
1938 4048 2117 4095 autem

543 4124 693 4179 illum
724 4142 853 4182 suus
878 4130 1043 4198 ipsius
1066 4132 1241 4197 miles,
1280 4132 1496 4187 nomine
1522 4131 1655 4187 Leo.

744 4218 1077 4278 Gislebertus
1111 4223 1367 4294 denique,
1416 4224 1542 4294 quia
1593 4224 1828 4294 agnitus,
1883 4222 2118 4294 ﬂagella-

542 4314 653 4372 tus,
675 4308 905 4374 vinctus,
941 4312 1277 4377 seminudus,
1305 4322 1432 4367 ante
1461 4314 1605 4381 regis
1635 4313 1944 4383 Berengarii
1982 4328 2117 4382 pra:-

2241 1855 2347 1912 est,
2374 1857 2433 1903 ut
2479 1849 2644 1903 totius
2673 1848 2822 1920 regni
2866 1849 3043 1904 media
3089 1862 3218 1917 pars
3274 1846 3458 1917 populi
3511 1844 3827 1910 Bodull'um,

2241 1939 2418 1992 media
2445 1938 2829 2008 Berengarium
2859 1939 3038 1995 vellet.
3082 1939 3287 1994 Parant
3322 1941 3508 2008 itaque
3535 1938 3699 1993 civile
3724 1953 3828 1992 non

2241 2030 2509 2086 modicum
2567 2030 2807 2097 bellum;
2862 2038 2918 2086 et
2962 2030 3215 2102 quoniam
3269 2029 3450 2093 Wido.
3498 2028 3829 2083 Placentina

2239 2121 2474 2176 civitatis
2499 2121 2804 2191 episcopus,
2841 2120 3151 2200 Berengarii
3193 2121 3440 2191 partibus
3477 2119 3722 2181 favebat,
3765 2117 3831 2171 l2

2238 2212 2396 2283 longe
2436 2213 2708 2269 Placentia
2737 2213 2983 2270 miliariis
3003 2212 3160 2282 juxta
3204 2212 3597 2271 Florentiolatu
3629 2210 3836 2267 bellum.

2238 2306 2576 2360 constituunt
2602 2306 2691 2360 ⁸⁸⁸⁵.

2450 2396 2586 2451 'l‘um
2613 2412 2775 2467 quam
2803 2399 2935 2453 satis
2963 2396 3183 2453 horrida
3209 2411 3386 2468 pugna

2378 2558 2381 2561 ν
2448 2487 2635 2544 Oritur
2662 2487 2838 2543 civilis
2859 2496 2913 2543 et
2936 2495 3079 2552 atra,

2449 2578 2586 2644 ileu,
2611 2588 2870 2648 quattuor
2895 2586 3021 2633 ante
3054 2576 3325 2633 Kalendas

2451 2670 2655 2737 Quater
2690 2670 2759 2702 ⁸⁸⁸
2786 2668 3038 2733 Sextilis;
3071 2676 3128 2723 at
3157 2668 3271 2738 ipse

2443 2758 2645 2815 Radios
2666 2773 2943 2829 emergere
2968 2757 3226 2823 Phoebus,

2451 2850 2654 2906 Bucina
2685 2849 2829 2905 Mars
2850 2865 2976 2906 cum
3005 2849 3198 2919 strepit
3224 2847 3355 2904 alta.

2440 2941 2616 2997 Guato
2650 2940 2808 2996 Pater
2840 2941 2951 3011 ipse
2983 2939 3316 3009 perbennem

2447 3031 2575 3087 Fert
2600 3032 2898 3096 interitum,
2930 3030 3250 3101 genitusque

2439 3122 2707 3178 Perhimit.
2723 3129 2952 3192 patrem,
2980 3120 3133 3176 dolor
3177 3120 3244 3176 be
3271 3118 3341 3151 '“
3363 3117 3493 3189 quis
3512 3118 3540 3173 2

2448 3213 2660 3270 Latum
2690 3221 2848 3282 parat
2873 3225 3003 3267 ecce
3033 3209 3216 3281 nepoti

2435 3307 2677 3371 Abavus,
2704 3304 3028 3361 sternendus
3059 3302 3127 3357 ab
3154 3301 3307 3372 ipso;

2432 3396 2614 3452 Furiis
2639 3395 2885 3466 pulsatus
2908 3392 2978 3448 ab
3002 3392 3138 3449 atris

2437 3488 2681 3542 Fratrem
2711 3485 2847 3547 fodit
2867 3486 3081 3541 eminus
3110 3484 3266 3540 alter.

2435 3578 2793 3648 Berengarius
2821 3576 2932 3631 ruit
2964 3575 3078 3645 ipse

2432 3670 2635 3726 Medios
2664 3686 2758 3725 rex
2780 3683 2876 3739 per
2905 3669 3048 3725 citus
3070 3668 3272 3731 hostes,

2432 3761 2739 3831 Properaus
2763 3759 2834 3792 ¹⁶⁷
2869 3774 2967 3815 ceu
2991 3758 3170 3829 fulgur
3192 3758 3260 3813 ab
3291 3757 3424 3822 alto,

2438 3849 2632 3906 Cancri
2660 3863 2823 3920 grave
2849 3848 3001 3904 sidus
3036 3848 3232 3902 aristas
3508 3843 3520 3853 ’
3670 3860 3697 3885 ο

2430 3942 2603 3998 Deicit
2626 3956 2746 3997 cum
2775 3939 2910 3996 falce
2940 3938 3010 3971 ¹⁶⁸
3037 3938 3296 3994 novellas.

2429 4032 2602 4088 Aliter
2627 4046 2734 4088 non
2762 4030 2908 4085 ferus
2936 4037 2991 4086 et
3009 4038 3165 4085 atrox

2429 4121 2683 4176 Miserum
2709 4134 2803 4176 rex
2826 4120 2942 4190 ipse
2971 4117 3233 4174 Rodulfus

2430 4213 2602 4269 Deicit
2632 4226 2887 4268 mucrone
2913 4210 3203 4281 popellum.

2285 4306 2374 4362 66.
2415 4306 2646 4361 Dederat
2698 4321 2794 4360 rex
2833 4303 3094 4359 ltodulfus
3143 4302 3497 4359 Waldradam
3562 4318 3819 4359 sororem

540 4398 769 4453 sentiam
790 4399 1024 4456 ducitur.
1056 4402 1347 4458 Enimvero
1363 4403 1485 4458 dum
1509 4413 1633 4459 ante
1653 4418 1775 4458 eum
1802 4410 1919 4461 sine
1946 4402 2115 4457 femo-
2142 4444 2189 4466 η
2214 4414 2388 4463 suam,
2419 4408 2527 4452 tam
2563 4396 2736 4452 forma
2787 4410 2947 4466 quam
2980 4394 3243 4465 sapientia
3286 4409 3410 4465 qum
3458 4409 3609 4449 nunc
3636 4408 3804 4463 usque

539 4487 765 4554 ralibus,
791 4501 943 4546 curta
987 4483 1580 4559 indutusendromade,
1621 4496 1833 4560 ductus,
1867 4494 2009 4565 regis
2042 4494 2110 4549 ad

537 4579 701 4649 pedes
728 4596 928 4650 pronus
953 4584 1162 4638 concite
1205 4585 1441 4649 caderet,
1490 4586 1544 4640 in
1583 4586 1898 4657 genitalium
1931 4593 2114 4641 osten-

538 4667 692 4727 siOne
732 4672 1099 4747 membrorum
1143 4673 1255 4728 risu
1292 4689 1481 4733 ornnes
1519 4676 1818 4731 emoririer.
1868 4676 1983 4731 Rex
2013 4690 2113 4729 au-

539 4764 666 4821 tem,
699 4758 914 4828 pietatis
955 4769 1014 4814 ut
1040 4770 1159 4816 erat
1209 4775 1439 4825 amator,
1473 4765 1843 4822 misericordia
1893 4781 2015 4836 qum
2061 4765 2109 4820 ei

538 4846 683 4918 nulla
707 4848 1005 4904 debebatur
1033 4850 1339 4918 inclinatus,
1370 4855 1419 4908 ei
1451 4871 1577 4917 non,
1619 4867 1675 4911 ut
1707 4856 1935 4927 populus
1960 4865 2111 4927 opta-

2141 4444 2190 4502 D

2218 4500 2464 4562 superest
2501 4490 2725 4545 honesta
2758 4497 3030 4553 matrona,
3061 4485 3344 4557 coniugem
3379 4484 3672 4542 Bonefatio
3711 4499 3801 4539 co-

2219 4582 2330 4636 miti
2353 4580 2747 4651 potentissimo,
2771 4581 2861 4649 qui
2891 4588 3076 4635 nostro
3106 4587 3229 4649 post
3264 4586 3507 4647 tempore
3542 4575 3664 4648 (9i)
3701 4573 3802 4630 Ca-

2217 4670 2544 4728 merinor‘um
2573 4681 2628 4728 et
2677 4672 3078 4742 Spoletinorum
3129 4669 3310 4724 extitit
3359 4668 3631 4722 marchio.
3680 4666 3807 4729 Hic,

2213 4763 2437 4820 collecta
2484 4763 2849 4829 multitudine,
2877 4778 3001 4817 cum
3049 4758 3315 4817 Gariardo
3341 4759 3550 4829 pariter
3596 4758 3797 4815 comite

2215 4852 2446 4910 Rodulfo
2475 4854 2526 4908 in
2556 4853 2812 4907 auxilium
2841 4859 3078 4915 venerat,
3111 4859 3291 4920 atque,
3327 4860 3384 4904 ut
3415 4858 3534 4905 erat
3561 4849 3647 4903 vir
3685 4857 3795 4902 tam

540 4936 636 5003 vit,
694 4939 893 4993 malum
946 4958 1042 5011 pro
1081 4942 1224 5009 malo
1268 4944 1528 5011 reddidit;
1584 4961 1769 5002 verum
1823 4946 2107 5002 confestim
2212 4945 2439 5002 callidus
2461 4960 2620 5014 quam
2648 4946 2842 5009 audax,
2869 4943 3059 4998 maluit
3085 4942 3263 5013 potius
3288 4956 3412 4996 cum
3436 4941 3552 4994 suis
3582 4940 3638 4995 in
3661 4939 3794 4995 insi-
