4012 5340
129 272 218 329 855

1078 259 1612 324 ἃΝΤᾹΡΟΒΟΒΕΟΞ
1646 257 1824 314 ωθιιι
1865 255 2018 311 SEX.
2058 283 2127 295 —-
2163 253 2290 310 LIB.
2329 253 2393 309 ll.

3250 253 3358 310 854

129 393 294 439 omnes
315 379 506 433 milites
532 376 802 448 fugerant,
837 388 892 434 et
920 378 1255 448 Bcrengarii,
1286 377 1412 430 dato
1438 372 1674 428 victoria?
1703 373 1752 432 Α
1849 369 1935 422 71.
1976 367 2228 423 Beneficii
2255 367 2452 437 quippe
2474 365 2730 435 praeteriti
2763 372 2817 420 et
2855 367 3137 435 prmsentis
3163 366 3364 422 imme-.

128 476 282 544 signo,
330 471 580 540 colligere
614 470 782 540 spolia
819 471 1154 540 satagebant,
1187 484 1309 522 cum
1362 465 1681 522 Bonefacius

129 573 270 632 atque
295 560 601 624 Gariardus,
632 560 812 615 subito
847 575 914 615 ex
942 560 1151 614 insidiis
1181 566 1554 629 properantes,
1582 555 1681 608 hos

132 664 261 708 tanto
286 653 452 706 levius
476 659 680 722 quanto
706 651 1031 721 inopinatius
1066 650 1393 725 sautiabant.
1420 647 1682 726 Peperce-

131 755 200 800 rat
225 745 510 800 Gariardus
531 744 822 808 nonnullis,
854 745 1008 798 hasta
1037 758 1130 798 eos
1155 752 1210 796 et
1239 757 1344 796 non
1385 739 1531 795 ferro
1560 753 1682 809 per-

130 836 343 899 cutiens;
378 833 686 890 Bonefatius
713 849 864 899 vero,
911 835 1038 888 nulli
1087 849 1338 904 parcens,
1381 834 1677 887 inmensam

131 925 308 980 fecerat
335 935 587 994 stragem.
623 926 844 995 Signum
879 927 1061 996 itaque
1087 926 1327 980 victoria:
1356 924 1679 979 Bunefacius

131 1024 413 1085 concrepat,
437 1019 871 1087 conveniuntque
893 1018 981 1087 qui
1013 1033 1078 1070 ex
1106 1017 1318 1071 Rodulfi
1344 1025 1494 1084 parte
1525 1014 1680 1069 aufu-

132 1116 312 1177 gerant,
343 1118 832 1178 persequentes-que
883 1108 1290 1178 Berengaricos,
1340 1107 1519 1176 fugam
1563 1105 1680 1160 illus

132 1197 246 1252 inire
264 1197 538 1265 cogebant.
574 1197 926 1269 Berengarius
959 1214 1088 1251 vero
1120 1200 1186 1251 ad
1220 1213 1322 1250 non
1349 1197 1677 1268 incognitum

132 1285 327 1341 Verona:
354 1289 593 1356 perrexit
622 1290 831 1342 asilum.
884 1288 1052 1344 Tanta
1095 1290 1293 1359 quippe
1341 1299 1468 1344 tunc
1514 1290 1680 1367 inter-

133 1377 358 1432 fectorum
389 1388 598 1449 strages
636 1380 775 1433 facta
815 1391 920 1444 est,
971 1389 1029 1432 ut
1063 1380 1291 1434 militum
1319 1396 1490 1450 usque
1518 1379 1679 1434 hodie

132 1486 392 1541 permagna
425 1473 622 1526 raritas
647 1473 932 1527 habeatur.

187 1563 262 1617 67.
301 1563 391 1618 His
434 1564 509 1618 ita
539 1565 794 1634 peractis,
850 1581 1071 1634 regnum
1126 1564 1228 1620 sibi
1280 1580 1370 1618 rex
1419 1561 1680 1617 Rodulfus

135 1655 472 1724 potentissime
500 1655 824 1726 subjugavit,
854 1657 1182 1727 Papiamque
1205 1657 1415 1711 concite
1433 1656 1674 1719 veniens,

134 1747 546 1816 congregatisque
565 1747 814 1802 onmihus
846 1766 858 1800 :
891 1767 908 1798 ε
931 1748 1218 1815 Quoniam,
1248 1747 1439 1816 inquit,
1461 1746 1680 1817 superni
1714 1740 1758 1798 Β

132 1837 336 1891 muneris
359 1837 608 1908 largitate
638 1839 766 1910 mihi
800 1841 1024 1909 contigit
1060 1839 1286 1894 devictis
1317 1839 1562 1893 hostibus
1597 1851 1682 1892 re-

136 1930 204 1998 gni
254 1929 434 1984 solium
465 1931 713 2001 adipisci,
765 1947 909 1986 nunc
945 1932 1092 1986 cordi
1136 1941 1219 1985 est
1245 1939 1441 1984 vestra:
1479 1945 1564 1984 me
1596 1945 1681 1984 rc-

135 2035 267 2087 gnum
299 2020 539 2075 Italicum
573 2022 694 2075 fidei
746 2024 1144 2084 commendare,
1203 2021 1680 2091 Burgundiamque

135 2111 325 2178 patriam
353 2119 590 2166 veterem
620 2112 816 2166 visere.
857 2131 874 2162 ›
920 2112 1018 2166 Cui
1057 2128 1181 2166 mox
1211 2112 1526 2165 ltalienses:
1571 2129 1587 2161 ι
1621 2109 1679 2165 Si

135 2199 298 2254 bonum
328 2201 440 2266 tibi,
473 2200 748 2270 inquiunt,
779 2199 1012 2262 videtur,
1040 2209 1234 2270 prmsto
1263 2215 1468 2255 sumus.
1515 2219 1534 2251 ι

189 2290 263 2346 68.
290 2291 448 2361 Igitur
464 2302 594 2362 post
619 2291 830 2347 Rodulll
854 2292 998 2362 regis
1028 2290 1365 2355 abscessum,
1402 2290 1546 2344 malo
1577 2288 1682 2344 Ve-
1725 2283 1730 2286 ’

135 2398 355 2440 ronenses
376 2396 604 2455 accepto
635 2386 881 2447 consilio,
927 2385 1051 2439 vitm
1090 2383 1332 2438 insidiari
1367 2381 1677 2453 Berengarii

139 2475 416 2543 moliuntur;
449 2478 594 2546 quod
618 2477 1000 2548 Berengarium
1041 2493 1145 2531 non
1178 2476 1354 2530 latuit.
1403 2475 1536 2530 Tam
1566 2475 1681 2530 sevi

141 2573 286 2618 autem
314 2576 495 2622 auctor
531 2583 596 2622 ac
623 2577 866 2638 repertor
894 2566 1149 2621 facinoris
1178 2566 1523 2622 Flambertus
1563 2566 1684 2635 qui-

139 2653 237 2706 dam
265 2664 390 2719 erat,
411 2671 572 2726 quem
612 2657 734 2721 sibi,
767 2658 1022 2727 quoniam
1050 2671 1114 2711 ex
1159 2668 1506 2712 sacrosancto
1535 2656 1682 2711 fonte
1722 2657 1736 2666 ’

142 2742 275 2800 lilium
313 2746 422 2816 ejus
469 2758 816 2819 susceperat,
870 2757 1202 2820 compatrem
1254 2766 1349 2806 rex
1401 2748 1677 2806 effecerat.

140 2830 285 2888 Pridie
319 2850 441 2891 vero
472 2853 639 2907 quam
688 2849 983 2909 pateretur,
1032 2842 1258 2896 eundem
1296 2842 1362 2896 ad
1412 2856 1471 2896 se
1505 2841 1677 2897 Flam-

141 2924 317 2982 bertam
342 2929 526 2985 venire
551 2931 826 3002 praecepit.
866 2932 961 2987 Cui
993 2940 1046 2988 et
1075 2932 1150 2986 ait
1179 2949 1192 2984 :

195 3017 267 3073 69.
309 3040 326 3072 ι
365 3020 419 3076 Si
466 3024 601 3077 mihi
632 3034 805 3078 tecum
846 3026 1109 3081 hactenus
1155 3041 1257 3078 non
1296 3034 1350 3080 et
1396 3026 1576 3080 multm
1624 3035 1680 3082 et

137 3102 264 3174 iustae
286 3127 450 3168 causa:
496 3115 570 3148 ¹⁶⁸
608 3117 808 3170 amoris
835 3127 1034 3181 essent,
1067 3133 1283 3186 quoquo
1322 3117 1500 3182 modo,
1559 3132 1677 3186 qua:
1705 3101 1750 3161 (ἶ

143 3198 194 3253 de
221 3209 264 3255 te
289 3203 558 3269 dicuntur,
589 3207 735 3260 credi
765 3207 833 3238 ¹⁷⁰
869 3215 1106 3278 possent.
1160 3207 1406 3262 lnsidiari
1457 3217 1512 3260 te
1554 3208 1678 3262 vita:

143 3304 252 3345 mea:
275 3293 442 3361 aiunt;
475 3297 573 3350 sed
616 3312 719 3350 non
761 3312 860 3368 ego
910 3298 1160 3352 credulus
1209 3298 1330 3352 illis.
1375 3297 1683 3354 Meminisse

143 3383 288 3436 autem
335 3392 384 3439 te
418 3385 565 3450 volo,
621 3398 1055 3457 quantecumque
1108 3389 1204 3443 tibi
1257 3388 1598 3443 accessiones
1628 3397 1682 3444 et

143 3465 331 3525 fortunre
363 3482 414 3526 et
465 3474 743 3544 dignitatis
773 3475 991 3540 fuerint,
1042 3491 1136 3530 cas
1188 3485 1239 3530 te
1285 3492 1390 3531 non
1443 3477 1682 3547 potuisse

144 3559 222 3611 nisi
247 3562 368 3616 meis
395 3564 674 3618 beneficiis
701 3567 979 3636 consequi.
1011 3565 1158 3622 Unde
1189 3576 1243 3621 et
1286 3567 1388 3622 hoc
1421 3567 1600 3620 animo
1626 3569 1680 3621 in

144 3661 221 3701 nos
243 3665 347 3705 esse
375 3654 558 3718 debes,
591 3664 647 3707 ut
690 3656 922 3725 dignitas
955 3671 1068 3710 mea
1099 3657 1153 3710 in
1194 3673 1377 3711 amore
1421 3667 1580 3727 atque
1619 3658 1681 3712 in

137 3738 364 3797 'ﬁdelitate
387 3754 476 3800 tua
502 3749 904 3816 conquiesscat.
938 3748 1122 3818 Neque
1145 3765 1271 3804 vero
1307 3750 1557 3820 cuiquam
1591 3763 1682 3806 sa-

145 3828 280 3887 lutem
305 3851 364 3889 ac
405 3837 648 3893 fortunas
694 3855 820 3894 suas
864 3849 1023 3898 tantae
1055 3855 1199 3896 curae
1251 3841 1415 3897 fuisse
1447 3853 1682 3914 unquam

145 3932 266 3988 puto,
289 3930 464 3996 quanti
496 3931 627 3983 mihi
655 3930 756 3985 fuit
776 3932 949 3986 honos
981 3933 1194 3987 tuus.ln
1225 3949 1332 4004 quo
1361 3950 1477 3989 mea
1503 3936 1684 3990 omnia

140 4015 308 4082 studia,
330 4032 541 4074 omnem
558 4037 794 4091 operam,
811 4039 1019 4090 curam,
1037 4023 1377 4090 industriam,
1399 4027 1684 4096 cogitatio-

147 4116 246 4157 nem
269 4105 415 4176 hujus
451 4111 688 4166 civitatis
717 4128 932 4168 omnem
973 4113 1087 4168 fixi.
1118 4113 1296 4170 Unum
1328 4116 1430 4170 hoc
1461 4117 1559 4171 sic.
1584 4117 1683 4170 ha-

140 4187 279 4284 beta:
307 4199 347 4252 si
382 4215 410 4254 a
443 4210 495 4256 te
533 4202 663 4256 mihi
704 4214 971 4284 servatam
1015 4205 1175 4261 ﬁdem
1211 4207 1548 4271 intellexero,
1580 4223 1683 4262 non

147 4282 254 4339 mihi
289 4296 388 4342 tam
410 4307 528 4346 mea
567 4293 709 4348 salus
740 4282 890 4363 cara,
922 4312 1084 4366 quam
1112 4289 1286 4369 pietas
1325 4299 1427 4354 erit
1460 4299 1512 4353 in
1545 4298 1688 4354 refc-

150 4375 281 4428 renda
309 4382 471 4446 gratia
496 4381 752 4452 jucunda.
804 4405 822 4438 ι

1781 474 1918 523 mor,
1950 459 2247 512 insomnem
2281 456 2426 511 illam
2460 456 2598 527 regis
2643 455 2694 510 in
2727 470 2912 510 necem
2943 456 3169 526 populos
3202 457 3362 512 insti-

1780 551 1955 622 gando
1985 549 2207 619 pertulit
2235 559 2467 604 noctem.
2499 548 2614 602 Rex
2657 556 2812 602 nocte
2852 547 2962 613 illa,
3011 551 3363 618 quemadmo-

1781 646 1904 699 dum
1931 651 1988 698 et
2031 642 2218 697 solitus
2247 650 2389 706 erat,
2423 639 2575 709 juxta
2621 641 2910 706 ecclesiam,
2943 656 3050 696 non
3092 642 3148 696 in
3197 642 3364 698 domo

1780 748 1898 802 quae
1913 731 2122 787 delendi
2151 741 2349 802 posset,
2378 732 2469 785 sed
2489 730 2541 784 in
2563 730 2828 800 tuguriolo
2843 731 3074 800 quodam
3101 733 3361 789 manebat

1781 823 2166 879 amomissimo.
2196 821 2300 876 Sed
2328 831 2382 876 et
2412 823 2665 876 custodes
2695 830 2851 876 nocte
2879 821 3068 878 eadem
3096 837 3204 877 non
3253 836 3356 892 po-

1780 923 1984 981 suerat,
2015 913 2182 968 nichil
2213 913 2494 983 suspicans
2517 914 2680 966 etiam
2713 912 2860 967 mali.

2061 1024 2133 1078 Se
2161 1024 2392 1094 primum
2423 1023 2670 1093 quatiens
2699 1023 2894 1094 strepit

2060 1115 2266 1178 Callus,
2299 1131 2420 1170 cum
2455 1115 2644 1185 vigiles
2673 1115 2803 1170 facit

2065 1207 2336 1272 Mortales,
2366 1207 2525 1260 solito
2551 1216 2707 1260 sonat

2058 1300 2124 1354 Et
2156 1299 2365 1368 pulsata
2398 1299 2507 1353 Deo
2533 1299 2679 1352 canit

2063 1389 2182 1444 Jam
2213 1399 2338 1444 tunc
2374 1405 2520 1444 wnea
2551 1389 2798 1443 machina
2819 1429 2834 1454 ,

2061 1479 2366 1548 Invitatque
2397 1480 2596 1534 docens
2626 1481 2763 1532 bene

2061 1571 2348 1625 Lcetheum
2383 1571 2494 1640 (92)
2522 1585 2686 1639 grave
2713 1584 2999 1640 spernere,

2064 1663 2275 1717 Laudes
2304 1663 2430 1716 huic
2461 1662 2618 1716 modo
2647 1662 2904 1726 reddere,

2031 1755 2156 1824 'Qui
2190 1759 2352 1811 vitam
2381 1759 2588 1824 tribuit,
2618 1759 2765 1813 dedit

2069 1849 2133 1903 Et
2168 1850 2324 1906 nobis
2351 1866 2600 1922 superam
2631 1853 2768 1907 bene

2066 1937 2319 1992 Sanctam
2347 1955 2573 2008 querere
2603 1942 2862 2008 patriam;

2066 2027 2163 2082 Hic
2186 2031 2202 2046 ‘
2234 2043 2326 2082 rex
2350 2029 2603 2083 eclesiam
2633 2031 2802 2099 petit,

2064 2118 2140 2172 Ac
2171 2117 2355 2173 laudes
2386 2119 2612 2174 Domino
2641 2120 2807 2173 canit.

2065 2212 2404 2267 Flambertus
2433 2229 2731 2284 properans
2764 2215 2943 2278 volat,

2063 2303 2304 2370 Quocum
2333 2303 2498 2358 multa
2529 2305 2686 2359 simul
2717 2320 2928 2371 manus,

2064 2395 2135 2450 Ut
2170 2411 2348 2464 regem
2383 2397 2654 2465 perhimat
2681 2398 2906 2453 bonum.

2068 2485 2183 2541 Rex
2213 2487 2406 2562 horum
2436 2487 2562 2558 vigil
2591 2487 2792 2544 inscius
2813 2530 2828 2554 ,

2065 2579 2232 2658 .Audit
2257 2580 2383 2633 dum
2411 2581 2715 2649 strepitum,
2749 2581 2914 2638 nichil
2957 2595 2964 2600 '

2071 2669 2409 2735 Formidans,
2437 2681 2690 2741 properat
2722 2674 2884 2739 citus,

2070 2761 2185 2818 Iloc
2209 2763 2335 2832 quid
2366 2765 2537 2818 visere
2565 2765 2667 2831 sit;
2700 2765 2847 2821 videt

2067 2855 2324 2910 Armatas
2358 2856 2586 2910 militum
2621 2873 2830 2912 manus.

2065 2945 2434 3001 Flambertum
2467 2955 2623 3001 vocat
2648 2948 2878 3003 eminus.

2068 3038 2209 3104 Quid
2236 3038 2384 3092 turba
2409 3047 2505 3104 est,
2533 3039 2627 3103 ait,
2656 3057 2718 3093 en
2747 3039 2877 3094 bone

2077 3129 2206 3184 Vir?
2237 3131 2363 3200 quid
2393 3147 2529 3184 nunc
2557 3130 2776 3199 populus
2800 3132 2939 3201 cupit

2070 3219 2316 3273 Armatus
2346 3219 2574 3285 referens
2602 3235 2785 3273 manus
2803 3220 2829 3274 ?

2068 3291 2357 3378 Respondit
2386 3326 2397 3361 :
2441 3307 2665 3362 Vereare
2693 3308 2787 3362 nil.

2067 3398 2137 3453 Te
2165 3418 2266 3454 non
2298 3411 2352 3454 ut
2381 3401 2638 3470 perhimat
2673 3403 2812 3467 ruit,

2068 3488 2170 3544 Sed
2194 3507 2427 3560 pugnare
2453 3490 2615 3543 libens
2641 3491 2781 3559 cupit

2069 3581 2185 3636 Hac
2212 3600 2326 3634 cum
2353 3591 2521 3651 parte,
2554 3591 2704 3634 tuum
2725 3581 2850 3648 petit

2066 3672 2192 3726 Mox
2218 3674 2306 3743 qui
2339 3671 2515 3725 tollere
2543 3671 2804 3740 spiritum.

2075 3763 2340 3830 Deceptus
2375 3768 2630 3830 properat
2660 3759 2765 3812 fide

2068 3851 2184 3906 Rex
2217 3833 2341 3916 hac,
2379 3851 2431 3903 in
2460 3849 2664 3902 medios
2689 3847 2850 3902 simul
3341 3911 3345 3916 _

2072 3942 2206 3996 Tum
2233 3942 2298 3972 ¹⁷²
2329 3940 2386 4013 [ἱ.
2414 3957 2459 3994 e.
2495 3939 2644 4012 tunc]
2677 3948 2866 4008 captus
2896 3937 3033 3993 male
3064 3936 3308 4004 ducitur;

2033 4021 2035 4024 ’
2069 4035 2110 4088 Α
2143 4043 2296 4102 tergo
2328 4033 2469 4087 hunc
2498 4031 2623 4086 ferit
2653 4030 2853 4102 impius

2070 4123 2379 4192 Romphea;
2412 4121 2558 4176 cadit
2587 4121 2690 4176 heu
2716 4119 2858 4190 pius,

2070 4215 2415 4283 Felicemque
2444 4230 2599 4267 suum
2626 4212 2737 4268 Deo

2069 4305 2426 4360 Commendat
2455 4305 2543 4373 pie
2575 4304 2856 4374 spiritum!

1856 4397 1946 4454 79..
1973 4399 2212 4468 Denique
2239 4412 2398 4467 quam
2426 4397 2762 4452 innocentem
2793 4396 3104 4466 sanguinem
3133 4391 3369 4448 fuderint

205 4464 277 4560 :70.
313 4467 402 4524 His
431 4473 681 4541 expletis,
715 4492 936 4533 aureum
972 4495 1078 4534 non
1106 4482 1256 4550 parvi
1295 4483 1548 4552 ponderis
1585 4499 1680 4554 po-
1708 4465 1762 4524 D
1786 4464 2156 4560 quantumque
2185 4464 2426 4557 perversi
2471 4500 2725 4555 perverse
2763 4464 2999 4554 egerint,
3046 4482 3198 4536 nobis
3243 4480 3368 4533 reti-

149 4551 294 4607 culum
323 4574 410 4613 rex
441 4562 490 4616 ei
524 4567 786 4632 porrexit,
833 4578 997 4638 atque
1042 4551 1354 4638 subjunxit:
1397 4591 1416 4623 r
1464 4551 1682 4630 Amoris

149 4641 401 4717 salutisque
448 4654 553 4708 mei
587 4669 746 4710 causa
799 4663 940 4728 quod
993 4662 1318 4729 continetur,
1364 4664 1533 4720 bibito
1576 4668 1678 4732 m;

151 4736 266 4828 quod
310 4744 561 4810 continet,
605 4747 822 4804 habeto.
881 4770 898 4802 ι
961 4752 1103 4807 Vere
1141 4755 1339 4824 quippe
1379 4764 1432 4808 et
1481 4757 1684 4828 absque

152 4825 457 4899 ambiguitate
479 4847 604 4906 post
632 4850 811 4910 potum
845 4843 1084 4898 introivit
1115 4846 1165 4899 in
1202 4847 1346 4900 illum
1378 4825 1681 4916 Sathanas;

153 4924 561 5006 quemadmodum
590 4941 643 4985 et
687 4933 751 4988 de
779 4933 913 4989 Iuda
963 4937 1234 5006 proditore
1276 4940 1486 4994 Domini
1515 4943 1687 4997 nostri

155 5003 252 5104 iesu
275 5011 461 5104 Christi
489 5022 742 5090 scriptum
767 5034 846 5079 est
877 5045 888 5079 :
935 5003 1072 5092 Quia
1097 5039 1209 5097 post
1237 5011 1516 5084 .bucellam
1561 5043 1683 5087 tunc

155 5099 346 5157 introivit
373 5107 423 5161 in
453 5109 602 5163 illum
626 5111 884 5170 Sat/muas
913 5117 1095 5190 (Joan.
1126 5135 1242 5183 Xlll,
1278 5121 1394 5190 27)·

1787 4580 2052 4641 centibus,
2085 4579 2217 4646 lapis
2255 4586 2379 4630 ante
2423 4574 2699 4642 cujusdam
2729 4574 2954 4629 ecclesiae
2975 4573 3194 4642 januam
3227 4568 3370 4638 posi-

1788 4679 1891 4731 tus,
1925 4667 2237 4737 sanguinem
2267 4664 2380 4732 ejus
2417 4665 2825 4718 transeuntibus
2849 4649 3057 4718 cunctis
3079 4659 3368 4742 ostendens

1788 4758 2044 4812 insinuat.
2082 4754 2236 4810 Nullo
2263 4754 2460 4825 quippe
2483 4752 2750 4809 delibutus
2777 4763 3141 4823 aspersusque
3160 4748 3371 4817 liquore

1788 4849 2036 4905 discedit.
2961 4843 2966 4847 ’

1859 4937 1946 4993 73.
1963 4938 2240 4994 Nutrierat
2265 4939 2362 4995 sibi
2391 4955 2486 4994 rex
2517 4935 2875 5009 Berengarius
2898 4926 3234 4994 familiariter
3256 4928 3371 4982 lau-

1787 5039 1947 5101 teque
1975 5031 2226 5101 juvenem
2247 5073 2261 5098 ,
2295 5031 2460 5084 immo
2503 5029 2723 5083 heroem
2769 5023 3076 5094 quendam,
3107 5019 3233 5074 Milo
3275 5023 3375 5069 tio-

1785 5123 1950 5187 mine,
1979 5123 2252 5177 .memoria
2280 5121 2410 5176 satis
2435 5135 2499 5173 ac
2536 5119 2692 5171 laude
2720 5115 2958 5184 dignum.
3000 5109 3169 5178 Cujus
3199 5109 3243 5165 si
3273 5121 3370 5160 rex

1401 5293 1484 5340 VA
1500 5295 1562 5340 nl
1580 5298 1636 5340 xF.
1679 5299 2057 5340 [FCT‘IHVFR
