4012 5340
593 313 699 370 853

1586 323 2004 383 LIUTPRANDl
2040 311 2522 388 CREMONENSIS
2561 333 2867 395 EPISCOPI

3760 345 3854 400 836

592 427 766 484 fretus
786 427 1025 484 consiliis
1049 436 1214 495 esset,
1234 428 1476 487 fortunas
1502 432 1602 490 sibi
1628 448 1817 491 omnes
1840 453 1943 492 non
1969 447 2175 496 tantum
2203 448 2253 508 Α
2283 444 2387 502 licii
2416 447 2518 502 sibi
2549 463 2577 502 a
2608 464 2734 519 rege
2760 451 2959 507 conlati
2995 467 3099 508 non
3132 452 3450 519 immemor,
3484 468 3649 524 quem
3675 455 3854 511 delen-

594 521 868 576 adversari
897 521 1145 587 sentiret,
1182 522 1283 600 nisi
1304 522 1434 592 quia
1461 522 1600 584 forte
1633 526 1735 581 hoc
1759 528 1952 584 divinae
1975 531 2169 600 praevi-

593 613 790 668 dentiaa
823 614 1106 669 consilium
1153 596 1353 670 l'tlitr'ut
1403 615 1561 671 aliter
1590 617 1704 673 ﬁeri
1736 635 1840 674 non
1883 596 2084 691 posset.
2123 623 2174 681 Is

592 716 729 756 sane
756 710 911 757 nocte
930 704 1143 766 eadem,
1167 719 1270 775 qua
1294 720 1385 760 rex
1411 707 1667 776 deceptus
1689 717 1769 763 est
1793 709 2028 782 Berenga
2039 712 2170 780 rius,

593 795 850 850 adhibitis
877 796 979 852 sibi
1011 798 1211 867 copiis,
1246 808 1538 855 nocturnas
1567 802 1616 856 ei
1645 802 1948 872 vigiliarum
1989 816 2172 862 custo-

594 886 712 942 dias
742 887 910 942 voluit
937 889 1212 945 exhibere.
1239 889 1353 946 Rex
1377 908 1507 947 vero
1531 894 1975 962 promissionibus
2004 896 2174 952 Flam-

594 974 734 1031 berti
763 977 1040 1047 deceptus,
1069 978 1320 1036 Milonem
1353 997 1408 1036 se
1441 998 1544 1038 non
1577 983 1748 1039 solum
1774 988 2046 1042 custodire
2068 1004 2174 1044 non

596 1067 742 1132 sivit,
775 1083 962 1124 verum
991 1073 1154 1126 etiam
1198 1081 1361 1143 atque
1393 1075 1556 1131 etiam
1595 1079 1946 1134 vehementer
1989 1082 2176 1151 prohi-

2276 539 2428 604 dere,
2453 541 2580 610 quia
2603 541 2795 607 defuit,
2818 559 2923 599 non
2951 545 3144 614 potuit,
3170 546 3316 600 brevi
3340 543 3403 618 [i.
3431 562 3477 600 e.
3507 545 3644 619 cito]
3669 549 3858 604 acriter

2275 629 2553 704 vindicare
2596 635 2823 688 curavit.
2873 634 3066 690 Tercia
3103 636 3300 706 quippe
3330 644 3453 707 post
3488 639 3636 708 regis
3680 652 3858 692 necem

2277 719 2384 786 die,
2411 721 2778 778 Flamhertum
2808 723 3020 796 sibique
3045 735 3151 779 tam
3186 726 3237 779 in
3261 724 3469 780 nefario
3490 726 3702 781 scelere
3724 727 3862 781 conio

2278 820 2497 878 ventes,
2542 813 2596 867 vi
2637 822 2846 884 captos,
2885 816 3173 886 suspendio
3201 817 3365 871 vitam
3396 816 3557 870 ﬁnire
3586 818 3858 886 praecepit.

2279 901 2521 958 Fuerunt
2547 920 2677 960 sane
2707 905 2758 960 in
2788 907 2892 962 hoc
2920 908 3037 963 viro
3073 907 3343 963 nonnullae
3369 907 3742 978 perfectaque
3768 909 3863 961 vir-

2285 1003 2447 1058 lutes,
2479 1011 2582 1065 que
2604 997 2713 1052 Deo
2739 999 2976 1069 propitio
3003 999 3116 1056 suis
3142 1001 3194 1055 in
3226 998 3379 1067 locis,
3408 1000 3522 1056 vita
3546 1001 3768 1066 comite,
3793 1001 3866 1056 si-

2285 1087 2449 1145 lentio
2473 1105 2577 1146 non
2611 1099 2875 1163 tegentur.

596 1157 734 1214 buit.
765 1159 890 1217 Milo
917 1172 1122 1232 autem,
1153 1165 1294 1221 sicut
1319 1165 1402 1221 vir
1429 1166 1601 1224 ﬁdelis
1627 1178 1683 1224 et
1709 1180 1905 1237 rectus,
1934 1185 1998 1228 ac
2018 1173 2181 1229 bene—
2285 1197 2287 1200 ⁴

1507 1344 1797 1389 EXPLICIT
1837 1347 2020 1391 LIBER
2067 1348 2389 1396 SECUNDUS
2434 1353 2946 1401 ANTAPODOSEOS.

1365 1483 1850 1552 INCIPIUNT
1921 1490 2384 1557 CAPITULA
2449 1497 2702 1560 LIBRI
2776 1501 3124 1564 TERTII.

634 1649 660 1704 1

634 1739 690 1794 2.
739 1740 893 1809 Quod
936 1743 1156 1799 defunto
1199 1743 1525 1816 Berengario
1563 1757 1617 1802 et
1657 1748 1886 1805 Rodulfo
1929 1750 1996 1806 ab
2032 1749 2180 1805 Italia

815 1835 1142 1903 discedente,
1175 1835 1432 1907 Hungarii
1462 1837 1670 1893 Italiam
1703 1838 1997 1895 laniabant.

635 1923 689 1978 5.
744 1921 966 1981 Metrica
1005 1925 1298 1999 descriptio
1334 1926 1402 1982 de
1433 1925 1682 1998 Papiensi
1712 1928 2045 1984 lamentabili
2086 1945 2183 1985 ex-

814 2015 1045 2070 usﬁone.

637 2104 692 2160 4.
747 2104 898 2174 Quod
921 2107 1012 2162 Dei
1035 2106 1246 2180 gladius
1268 2121 1375 2163 non
1399 2107 1641 2164 funditus
1662 2107 1882 2180 Papiam
1906 2108 2184 2166 destruxe-

819 2199 892 2254 rit
919 2199 1006 2266 ⁸⁷³,
1045 2199 1138 2255 sed
1161 2200 1537 2256 misericordia
1581 2200 1698 2271 ejus
1749 2201 2068 2258 mirabiliter
2114 2203 2183 2259 ab

811 2290 1102 2364 Hungariis
1132 2291 1397 2348 liberarit.

634 2381 688 2436 5.
741 2379 896 2450 Quod
925 2383 1069 2437 beati
1115 2381 1257 2449 Siri,
1289 2381 1532 2452 ejusdem
1561 2381 1795 2442 civitatis
1831 2383 2086 2456 patroni,
2113 2385 2184 2440 sit

811 2474 1023 2528 meritis
1043 2473 1296 2530 liberata.

634 2566 688 2622 6.
739 2565 891 2634 Quod
919 2568 1088 2624 isdem
1117 2568 1308 2625 beatus
1338 2567 1494 2626 Sirus
1521 2568 1744 2640 Papiam
1773 2567 1996 2626 veniens
2014 2610 2029 2637 ,
2059 2583 2185 2639 pro-

812 2659 993 2728 phetie
1042 2659 1234 2730 spiritu
1279 2661 1396 2732 ejus
1442 2659 1751 2716 alluentiam
1785 2669 1841 2715 et
1889 2659 2185 2730 Aquilegite

814 2764 1000 2804 casum
1027 2751 1378 2806 denuntiarit.

633 2838 689 2894 7.
738 2837 850 2894 Cur
881 2841 1248 2912 Ermengarda
1274 2842 1342 2874 ‘7‘
1375 2848 1498 2911 post
1533 2840 1809 2913 Adclbertj
1837 2839 1941 2917 viri
1978 2839 2061 2896 sui
2092 2855 2186 2896 ne-

819 2945 936 2985 cem
970 2940 1078 2985 tam
1109 2941 1301 3010 potens
1328 2932 1589 2987 extiterit.

636 3019 689 3077 8.
739 3019 872 3092 Regi
917 3021 1148 3078 Rodulfo
1196 3039 1226 3077 a
1278 3023 1586 3094 Burgundia
1637 3035 1914 3091 regresso,
1960 3021 2257 3084 Ermen—C

817 3115 982 3185 garda
1012 3115 1061 3170 ei
1086 3123 1208 3186 post
1229 3116 1500 3186 paululum
1528 3115 1744 3171 rebellis
1765 3113 1944 3169 extitit
1969 3123 2025 3169 et
2058 3128 2182 3169 cum

814 3206 1154 3264 ltaliensibus
1181 3207 1401 3278 Papiam
1438 3209 1692 3264 tenuerit.

635 3294 689 3351 9.
742 3294 1004 3353 Rodull‘us
1030 3312 1124 3352 rex
1147 3314 1270 3354 cum
1297 3302 1540 3356 exercitu
1569 3302 1788 3372 Papiam
1819 3303 1887 3336 ⁸⁷⁵
1922 3303 2111 3359 tendit.

605 3384 693 3441 10.
744 3385 898 3454 Quod
940 3387 1307 3460 Ermengarda
1351 3391 1646 3447 calliditate
1691 3408 1786 3448 sua
1821 3394 1924 3450 hoc
1961 3393 2182 3458 faceret,

822 3487 881 3534 ut
925 3478 1186 3536 Rodulfus
1244 3489 1407 3537 noctu
1456 3497 1584 3538 suos
1632 3481 1906 3540 desereret
1929 3492 2089 3554 atque
2117 3483 2184 3537 ad

814 3583 872 3624 se
903 3569 1176 3639 transfuga
1210 3569 1390 3627 ﬁeret.

606 3657 694 3711 11.
743 3655 897 3724 Quod
921 3674 1079 3713 mane
1107 3658 1249 3714 facto
1279 3675 1340 3715 re
1367 3661 1578 3733 cognita
1611 3661 1822 3718 Rodulli
1848 3663 2045 3718 milites
2069 3661 2186 3719 Me-

823 3748 1112 3805 diolanium
1143 3749 1395 3822 fugerint.
1493 3753 1495 3756 ⁴

606 3837 697 3894 12.
746 3837 1028 3894 ltalienses
1057 3840 1128 3894 ob
1157 3839 1433 3918 llugonem
1461 3841 1704 3898 mittunt.

609 3927 698 3983 15.
751 3926 1015 3983 Bodulfus
1056 3927 1218 3999 igitur
1249 3929 1302 3982 in
1347 3929 1712 4000 Burgundiam
1741 3933 1920 4000 vadit,
1958 3942 2014 3986 et
2045 3933 2185 3989 Bru-

821 4019 1083 4075 chardum
1159 4020 1226 4052 "°
1273 4035 1520 4077 socerum
1578 4039 1736 4078 suum
1792 4024 1860 4079 ad
1924 4028 2182 4085 auxilium

820 4127 975 4166 suum
999 4097 1235 4167 adducit.

607 4200 694 4256 14.
748 4199 864 4268 Qua
892 4201 1179 4258 occasione
1205 4202 1546 4260 Bruchardus
1565 4203 1946 4263 Mediolanium
1969 4207 2039 4264 sit
2058 4225 2184 4280 pro-

816 4291 992 4348 fectus
1011 4333 1026 4359 ,
1055 4300 1111 4348 et
1129 4308 1227 4348 cur
1247 4293 1317 4349 ibi
1346 4294 1641 4356 honoriﬁce
1672 4307 1954 4368 susceptus
1978 4300 2044 4354 de
2064 4301 2181 4373 ejus

816 4385 890 4440 sit
923 4395 1096 4440 morte
1125 4393 1434 4441 tractatum.

604 4472 694 4532 15.
745 4472 1090 4530 Bruchardus
1115 4474 1434 4530 Mediolanio
1457 4475 1672 4533 rediens
1700 4475 1985 4536 Novariam
2009 4483 2181 4548 venit,

818 4565 906 4621 ubi
933 4574 986 4620 et
1015 4567 1083 4622 ab
1110 4563 1451 4624 ltaliensibus
1477 4583 1600 4624 cum
1629 4570 1742 4626 suis
1765 4572 2014 4628 omnibus
2036 4574 2181 4629 occi-

822 4657 986 4712 ditur.

608 4747 696 4802 16.
749 4745 878 4802 Post
903 4747 1199 4806 Bruchardi
1229 4761 1418 4803 necem
1449 4745 1711 4804 Rodull‘us
1740 4750 1792 4805 in
1821 4750 2182 4822 Burgundiam
2273 4772 2278 4776 ι

815 4841 970 4912 fugiit
995 4882 1012 4908 ,
1061 4850 1223 4912 atque
1249 4840 1401 4912 Hugo
1424 4856 1521 4913 per
1550 4841 1889 4914 Tyrrhenum
1925 4859 2074 4900 mare
2124 4847 2174 4900 in

812 4934 1022 4989 Italiam
1049 4936 1216 4990 venit.

594 5034 682 5090 17.
739 5032 1069 5090 ltaliensium
1101 5035 1344 5092 nonnulli
1371 5037 1438 5091 ad
1466 5035 1644 5092 Pisam
1677 5037 1727 5092 ei
1752 5046 2061 5102 occurrunt,
2087 5038 2177 5094 ubi

820 5135 873 5182 et
924 5125 1184 5183 Johannis
1232 5143 1381 5199 papa:
1432 5129 1606 5182 nuntii
1650 5129 1905 5193 veniunt,
1950 5143 2179 5197 quorum

672 1688 687 1704 .
739 1650 813 1706 De
834 1649 988 1706 titulo
1015 1651 1172 1723 hujus
1197 1653 1401 1724 Operis,
1429 1670 1527 1710 cur
1557 1655 1767 1712 dicatur
1792 1657 2172 1729 Antapodosis.
2205 1663 2253 1723 Β

2201 4373 2256 4435 D

2493 1671 2618 1720 tunc
2646 1663 2881 1732 tenebat,
2900 1667 2992 1737 qui
3015 1665 3364 1724 Marozotiam
3393 1680 3640 1726 scortum
3677 1671 3862 1729 Roma-

2497 1772 2619 1812 nam
2651 1773 2875 1814 uxorem
2912 1759 3164 1816 habebat.

2284 1843 2369 1901 19.
2423 1845 2498 1903 De
2524 1847 2772 1918 plurimis
2795 1849 3036 1922 Hugonis
3060 1850 3203 1924 regis
3225 1853 3537 1920 virtutibus,
3563 1870 3705 1926 quas
3725 1854 3866 1911 luxu-

2497 1939 2578 1994 ria
2608 1937 2868 1996 foedabat.

2281 2026 2372 2083 20.
2425 2027 2578 2098 Quod
2602 2031 2744 2086 idem
2770 2046 2867 2087 rex
2893 2031 3045 2105 [iugo
3075 2033 3210 2090 duos
3241 2033 3379 2090 ﬁlios
3405 2043 3540 2090 tunc
3567 2035 3833 2092 habuerit.

2281 2122 2374 2178 21.
2426 2122 2501 2180 De
2523 2139 2589 2180 eo
2615 2125 2758 2195 quod
2781 2141 2880 2180 rex
2901 2124 3055 2198 Hugo
3075 2125 3383 2184 Heinricum
3407 2142 3593 2199 regem
3617 2127 3726 2184 sibi
3745 2127 3865 2182 ami-

2497 2231 2622 2272 cum
2648 2215 2800 2272 facit.

2282 2302 2373 2360 22.
2424 2303 2594 2373 Quem
2645 2307 2894 2362 nuntium
2942 2323 3035 2364 rex
3088 2307 3618 2382 ConstantinOpolim
3679 2310 3867 2366 direxit

2493 2395 2737 2452 Romano
2767 2397 3100 2469 imperatori.

2283 2486 2374 2544 23.
2427 2488 2504 2545 De
2527 2489 2737 2544 duobus
2766 2492 2992 2547 canibus
3017 2491 3331 2563 imperatori
3367 2491 3593 2548 directis
3624 2491 3722 2562 qui
3755 2506 3866 2547 eam

2497 2581 2704 2637 laniare
2733 2582 3044 2638 voluerunt.

2284 2671 2375 2729 24.
2428 2673 2597 2741 Quam
2627 2673 2697 2730 ob
2738 2689 2854 2729 rem
2889 2675 3031 2746 regis
3075 2674 3314 2746 Hugonis
3345 2674 3570 2731 nuntius
3599 2675 3674 2730 ah
3707 2675 3863 2747 impe-

2501 2775 2682 2820 ratore
2706 2766 2778 2820 sit
2803 2766 3032 2821 mirifice
3059 2776 3361 2838 susceptus.

2283 2857 2376 2914 25.
2426 2858 2503 2914 De
2529 2858 2684 2914 leone
2716 2856 3054 2913 ferocissimo
3083 2873 3240 2928 quem
3272 2858 3548 2913 Romanos
3580 2856 3864 2914 interfecit.

2287 2949 2376 3004 26.
2425 2949 2670 3017 Qualiter
2702 2949 2977 3005 Romanos
3015 2949 3192 3020 primo
3216 2950 3520 3021 delongaris
3543 2958 3602 3006 et
3636 2959 3865 3020 postmo-

2497 3043 2622 3098 dum
2650 3051 2807 3112 pater
2830 3042 3086 3098 vasilleos
3114 3043 3186 3097 sit
3211 3043 3558 3098 constitutus.

2284 3132 2374 3188 27.
2425 3132 2598 3189 Focas
2643 3133 2972 3188 domesticus
3021 3148 3142 3188 cum
3195 3132 3445 3188 Simeone
3492 3131 3866 3204 Bulgariorum

2493 3239 2620 3295 rege
2665 3240 2911 3296 pugnans
2963 3235 3152 3296 sponte
3188 3225 3344 3296 fugiit
3369 3265 3384 3290 ,
3425 3240 3551 3280 cum
3593 3223 3868 3279 Romanun

2494 3325 2705 3386 patrem
2735 3315 2987 3370 vasilleos
3013 3315 3213 3369 factum
3247 3315 3417 3368 audit.

2282 3405 2373 3462 28.
2424 3405 2667 3472 Qualiter
2697 3405 2870 3461 Focas
2903 3403 3424 3475 Constantinopolim
3454 3402 3688 3458 veniens
3714 3417 3746 3456 a
3773 3401 3868 3456 lto-

2498 3513 2659 3554 mano
2689 3483 2924 3568 capitur,
2953 3505 3009 3552 et
3034 3496 3236 3551 lumine
3263 3495 3526 3566 privatur.

2281 3591 2372 3648 29.
2423 3591 2500 3646 De
2529 3589 2782 3645 Simeone
2807 3589 3180 3661 Bulgariorum
3211 3603 3359 3658 rege,
3387 3586 3482 3656 qui
3512 3585 3670 3656 prius
3694 3599 3868 3640 mona-

2494 3680 2630 3735 chus
2653 3690 2710 3734 et
2735 3677 3078 3750 postmodum
3106 3693 3234 3734 reus
3259 3677 3372 3748 (95)
3402 3684 3492 3732 est
3517 3676 3728 3730 factus.

2282 3774 2370 3830 50.
2423 3774 2499 3830 De
2527 3773 2771 3828 Romano
2795 3771 2888 3842 qui
2940 3770 3105 3826 tiliam
3133 3786 3286 3826 suam
3320 3768 3587 3824 llelenam
3614 3767 3868 3823 Constan-

2493 3865 2608 3919 tino
2635 3864 2950 3933 imperatori
2976 3861 3258 3933 conjugem
3289 3861 3456 3916 dedit.

2282 3958 2368 4014 51.
2421 3957 2532 4013 Cur
2563 3957 2922 4027 imperatores
2947 3955 3372 4026 porphirogeniti
3404 3952 3688 4008 dicantur.

2281 4051 2372 4108 52.
2425 4049 2666 4118 Qualiter
2692 4048 2944 4112 Basilius,
2970 4046 3258 4102 interfecto
3285 4046 3502 4101 domino
3535 4060 3641 4100 suo
3674 4043 3867 4102 Hicin-

2493 4139 2614 4196 heie
2641 4141 2984 4210 imperatore,
3018 4137 3312 4208 imperator
3348 4136 3420 4192 sit
3455 4135 3659 4190 factus.

2281 4231 2370 4286 55.
2422 4230 2498 4287 De
2521 4245 2587 4286 eo
2619 4230 2762 4300 quod
2794 4228 3054 4284 Dominus
3093 4238 3277 4283 noster
3313 4225 3470 4281 Iesus
3497 4225 3756 4282 Christus
3785 4240 3870 4294 per

2491 4321 2753 4377 visionem
2804 4318 2871 4352 ""
2919 4319 2988 4374 de
3027 4327 3203 4374 morte
3246 4316 3567 4372 Michahelis
3610 4316 3864 4372 Basiliam

2498 4411 2774 4468 terruerit.

2282 4502 2373 4560 54.
2424 4503 2501 4558 De
2529 4503 2848 4572 poenitentia
2880 4499 3068 4557 Basilii
3106 4508 3161 4556 et
3197 4497 3410 4554 :eclesia
3443 4495 3585 4551 miro
3616 4509 3784 4564 opere
3809 4493 3871 4546 ob

2491 4599 2702 4650 reatum
2728 4589 2893 4646 facta.

2283 4683 2373 4739 55.
2423 4681 2666 4751 Qualiter
2689 4683 2964 4739 Romanos
2989 4683 3261 4753 principes
3301 4680 3373 4736 sit
3414 4679 3688 4734 allocutus
3728 4685 3784 4732 et
3814 4688 3872 4729 ex

2501 4785 2655 4845 patre
2681 4775 2910 4830 vasileos
2939 4775 3233 4844 imperator
3259 4774 3327 4828 sit
3354 4771 3552 4826 factus.

2281 4865 2370 4922 56.
2423 4865 2574 4934 Quod
2600 4867 2873 4923 Romanos
2897 4883 2961 4923 ex
2992 4866 3179 4921 humili
3210 4866 3280 4920 sit
3308 4874 3468 4920 natus
3502 4859 3786 4931 prosapia.

2281 4956 2370 5014 57.
2422 4957 2692 5013 Romanos
2730 4958 2897 5012 (ilium
2943 4973 3099 5012 suum
3146 4955 3602 5023 ChristOphorum
3643 4953 3874 5021 impera-

2498 5059 2670 5105 torem
2727 5048 2877 5114 facit,
2931 5058 2986 5103 et
3032 5047 3229 5117 injuste
3257 5044 3622 5102 Constantino
3655 5042 3873 5095 domino

2497 5157 2594 5197 suo
2639 5157 2762 5196 eum
2792 5141 3077 5212 praeponit.
