4012 5340
166 272 270 328 837

389 481 585 534 tionem
616 488 804 535 contra
835 497 1015 553 regem
1052 481 1333 554 nugonem
1361 484 1622 540 fecerunt.

168 572 260 626 ιο.
319 572 472 639 Quod
504 573 691 627 humili
721 574 829 628 sint
859 590 888 627 a
924 590 1048 644 rege
1078 574 1343 646 legatione
1372 576 1603 647 decepti.

163 664 259 718 Η.
316 663 445 719 Post
469 666 736 719 modicum
763 665 1073 736 Walpertus
1095 669 1267 739 capite
1289 677 1591 735 truncatur,
1610 669 1755 725 Gezo

404 756 589 808 nmine
612 757 873 825 privatur.

161 844 255 897 ιε.
312 845 388 899 De
426 845 631 900 Ihloiuo
658 847 911 917 episcopo
939 856 994 903 et
1029 847 1247 904 Raterio
1282 850 1581 912 monacho.
1624 865 1756 920 quo-

385 951 505 988 rum
550 934 783 991 Ildoiuus
830 953 929 1007 per
970 938 1246 1009 Hugonem
1302 953 1483 1009 regem
1551 938 1755 995 Medio-

384 1027 513 1083 lanii
546 1030 1004 1103 archiepiscopus,
1038 1033 1288 1089 Raterius
1315 1034 1527 1089 Verene
1550 1036 1755 1105 episco-

383 1134 484 1189 pus
509 1123 876 1177 constituitur.

162 1212 256 1266 ιδ.
313 1210 553 1278 Qualiter
574 1212 853 1269 Johannes
885 1229 1020 1286 papa
1043 1216 1113 1271 sit
1136 1225 1343 1287 captus,
1373 1214 1615 1271 custodie
1646 1225 1756 1271 tra-

390 1303 553 1366 ditus,
579 1302 758 1373 ibique
786 1303 1092 1371 defunctus,
1123 1316 1176 1361 et
1201 1307 1322 1376 quis
1354 1316 1471 1377 post
1491 1322 1612 1362 eum
1645 1305 1755 1361 fue-

386 1396 456 1449 rit
485 1396 763 1451 ordinatus
781 1439 793 1459 ,
819 1405 873 1452 et
902 1399 1042 1467 quod
1070 1398 1231 1453 Wido
1257 1399 1485 1453 moritur
1507 1407 1563 1454 et
1596 1397 1754 1453 Lam-

384 1487 569 1541 bertus
603 1489 847 1544 marehio
882 1489 1248 1544 constituitur.

160 1576 253 1629 α.
311 1577 386 1632 De
423 1578 719 1635 munitione
746 1580 798 1635 in
833 1580 1077 1651 ingressu
1114 1581 1356 1636 Romane
1383 1581 1532 1637 urbis
1557 1581 1752 1651 posita,

384 1669 436 1723 in
486 1686 590 1741 qua
629 1687 724 1727 rex
773 1672 925 1744 IIugo
956 1673 1294 1744 susseipitur,
1329 1688 1359 1727 a
1402 1688 1507 1743 qua
1546 1682 1601 1728 et
1642 1682 1754 1727 tur-

379 1762 518 1831 piter
539 1779 643 1818 non
675 1765 842 1819 multo
865 1776 982 1835 post
1010 1779 1107 1834 per
1130 1763 1441 1819 Albericum
1466 1760 1696 1832 ejicitur.
1778 1762 1829 1824 Β

158 1848 253 1902 45.
310 1849 464 1915 Quod
495 1852 674 1907 divina
704 1854 807 1908 hoc
832 1854 1182 1923 dispositione
1212 1852 1282 1908 sit
1307 1853 1532 1909 factum.

160 1937 253 1995 46.
309 1939 558 2007 Qualiter
589 1950 645 1999 et
680 1958 779 1999 cur
820 1958 917 1999 rex
959 1942 1111 2015 Hugo
1160 1942 1230 1975 ¹⁷⁸
1267 1941 1616 1999 Lambertum
1653 1940 1765 1996 fra-

1158 276 1703 337 ANTAPODOSEOS
1738 277 1919 334 LIBRI
1959 277 2343 336 SEX—v1.18.
2385 278 2469 335 III.

165 389 258 444 39.
313 387 390 444 De
425 386 703 458 Walperto
734 397 787 444 et
816 387 1030 447 Gezone
1065 389 1448 463 Papiensibus,
1478 394 1570 464 qui
1612 393 1753 450 sedi-
1782 398 1833 457 Α

3332 276 3435 331 838

2072 404 2209 450 trem
2226 410 2383 451 suum
2406 392 2655 465 cceperit,
2675 401 2729 447 et
2756 390 2979 448 consilio
3004 389 3228 447 Bosonis
3253 391 3437 447 fratris

2068 485 2151 540 sui
2178 501 2299 540 eum
2337 484 2705 547 excecaverit,
2730 484 2814 539 cui
2843 492 2897 537 et
2925 497 3163 538 marcam
3198 484 3362 540 dedit.

1854 574 1943 633 Π.
2000 575 2113 631 Rex
2155 576 2309 649 Hugo
2332 559 2773 647 jusjurandum'a
2802 574 3032 631 Rodulfo
3066 592 3191 647 rege
3218 577 3436 646 accipit,

2067 676 2227 737 atque
2257 667 2569 721 IIeinricum
2598 681 2778 737 regem
2808 666 2910 721 sibi
2940 668 3174 723 amicum
3202 670 3441 723 muneri-

2066 756 2169 812 bus
2202 756 2351 813 facit.

1854 850 1943 907 48.
2000 850 2265 905 Arnaldus
2310 850 2416 904 dux
2459 847 2849 919 Bagoariorum
2886 847 3100 903 Milonis
3142 847 3353 903 comitis
3383 856 3438 903 et

2074 942 2279 997 Raterii
2304 942 2539 1012 episcopi
2568 944 2782 997 hortatu
2830 941 2882 995 in
2908 940 3112 995 Italiam
3151 950 3433 1011 properat;

2066 1034 2150 1089 cui
2184 1050 2277 1088 rex
2311 1034 2462 1105 I‘Iugo
2493 1032 2722 1088 festinus
2751 1032 2951 1086 obviat.

1854 1123 1944 1181 49.
1999 1123 2074 1181 De
2114 1124 2390 1195 Bagoariis
2418 1125 2486 1179 ab
2521 1122 2762 1194 IIugonis
2801 1122 2944 1192 regis
2980 1120 3238 1176 militibus
3274 1120 3439 1176 inter-

2067 1215 2243 1269 fectis.

1856 1304 1943 1359 50.
1998 1303 2106 1360 Cur
2134 1303 2259 1359 Milo
2282 1292 2589 1359 'A'f'naldum
2616 1302 2918 1359 deseruerit
2947 1317 3011 1358 ac
3051 1315 3233 1373 regem
3262 1300 3443 1376 Hugo-

2070 1411 2193 1450 nem
2227 1395 2441 1449 adierit.

1855 1490 1944 1545 5t.
1997 1489 2290 1555 Arnaldus,
2306 1496 2610 1559 expugnata
2622 1486 2921 1543 munitione
2934 1501 3051 1558 quae
3065 1487 3288 1542 Veronae
3299 1495 3439 1552 erat,

2070 1579 2122 1633 in
2153 1578 2469 1648 Bagoariam
2501 1578 2659 1632 redit.

1856 1669 1945 1726 52.
2000 1669 2075 1724 De
2119 1669 2329 1725 Verona
2370 1668 2478 1738 regi
2511 1666 2719 1737 Hugoni
2755 1665 2995 1731 reddita,
3036 1675 3090 1720 et
3118 1665 3182 1721 de
3223 1664 3442 1719 Raterio

2066 1761 2320 1832 episcopo
2348 1768 2527 1831 capto,
2555 1768 2610 1815 et
2637 1759 2776 1815 libro
2807 1773 2905 1815 suo
2933 1757 3105 1814 facete
3130 1758 3262 1814 satis
3287 1770 3440 1813 com-

2070 1853 2265 1913 posito.

1410 2109 1793 2156 EXPLICIUNT
1834 2107 2167 2152 CAPITULA.

697 2276 1158 2368 INCIPIT
1229 2277 1588 2366 LIBER
1658 2273 2214 2365 TERTIUS.
2293 2271 2716 2367 BIBLOS
2784 2274 2885 2363 C.

230 2470 281 2524 ι.
322 2465 519 2539 Operis
560 2465 722 2538 hujus
752 2465 995 2533 titulum,
1026 2474 1187 2536 pater
1213 2464 1589 2532 sanctissime,
1616 2464 1750 2521 satis

157 2569 213 2616 te
238 2560 427 2615 mirari
458 2573 566 2613 non
598 2557 830 2629 ambigo.
860 2557 956 2613 Ais
983 2555 1125 2611 forte
1155 2574 1169 2610 :
1199 2556 1332 2611 Cum
1357 2556 1595 2611 virorum
1624 2556 1749 2609 illu-

158 2654 355 2707 strium
385 2659 539 2706 actus
561 2650 832 2714 exhibeat,
861 2664 959 2703 cur
978 2647 1357 2709 Λνταπὸδοσης,
1384 2646 1751 2717 antapodosis,

162 2745 214 2799 ei
244 2745 507 2799 inseritur
530 2742 752 2797 titulus?
776 2742 857 2796 Ad
887 2742 1029 2811 quod
1061 2742 1358 2811 respondeo
1386 2738 1453 2771 ⁸⁷⁸
1481 2757 1494 2793 :
1521 2739 1753 2794 Intentio

157 2834 322 2903 hujus
356 2834 535 2903 operis
570 2833 637 2886 ad
672 2833 773 2887 hoc
819 2832 1071 2901 reSpicit,
1102 2839 1162 2884 ut
1199 2830 1507 2902 Berengarii
1548 2828 1709 2898 hujus
1734 2870 1747 2894 ,

156 2924 249 2992 qui
282 2936 427 2977 nunc
466 2922 519 2975 in
562 2920 715 2974 Italia
757 2936 860 2974 non
903 2927 1092 2990 regnat
1126 2919 1220 2974 sed
1253 2920 1555 2991 tyranizat,
1595 2930 1756 2988 atque

155 3014 350 3069 uxoris
379 3012 497 3081 ejus
522 3011 699 3066 Willze
720 3052 733 3075 ,
767 3028 885 3082 quae
924 3014 993 3067 ob
1024 3011 1425 3066 inmensitatem
1459 3012 1758 3084 tyrannidis

156 3104 400 3159 secunda
429 3101 666 3165 Iezabel,
703 3110 756 3157 et
795 3101 863 3155 ob
894 3102 1203 3171 rapinarum
1242 3102 1613 3157 insacietatem
1650 3100 1755 3155 La-

156 3195 269 3246 mia
309 3192 531 3261 propn’o
590 3191 854 3261 apellatur
913 3190 1217 3255 vocabulo,
1267 3200 1421 3247 actus
1467 3192 1755 3262 designet,

157 3284 437 3348 ostendat,
478 3292 533 3338 et
564 3282 827 3338 clamitet.
864 3282 1039 3338 Tanta
1071 3282 1217 3337 enim
1257 3280 1646 3337 meudatiorum
1673 3280 1755 3351 ja-

159 3377 324 3440 cula,
362 3385 510 3431 tanta
554 3376 864 3445 rapinarum
912 3376 1225 3446 dispendia,
1269 3383 1417 3429 tanta
1465 3374 1756 3444 impietatis

157 3467 439 3521 molimina
470 3466 526 3521 in
569 3480 653 3519 me
684 3475 739 3519 et
784 3466 1003 3519 domum
1046 3482 1219 3521 meam
1242 3506 1256 3532 ,
1294 3466 1668 3536 cognationem
1704 3475 1758 3521 et

157 3554 446 3619 familiam,
478 3555 651 3625 gratis
688 3569 982 3610 exercuere
1008 3596 1022 3621 ,
1048 3568 1250 3625 quanta
1290 3570 1389 3609 nec
1427 3554 1604 3623 lingua
1634 3569 1755 3624 pro-

159 3649 311 3703 ferre
358 3664 459 3703 nec
489 3648 731 3703 calamus
779 3647 1035 3718 prmvalet
1068 3646 1326 3703 scribere.
1368 3646 1451 3702 Sit
1487 3646 1650 3714 igitur
1676 3645 1757 3700 eis

159 3754 400 3809 praesens
426 3738 625 3808 pagina
655 3739 1024 3809 antapodosis,
1053 3738 1156 3793 hoc
1181 3749 1262 3792 est
1295 3737 1599 3800 retributio,
1628 3737 1752 3791 dum

158 3846 259 3899 pro
289 3828 696 3884 calamitatibus
724 3830 859 3883 meis
886 3835 977 3887 τὴν
1011 3830 1272 3895 ἀσιϐεῖαν,
1310 3829 1560 3893 asevian,
1595 3827 1646 3883 id
1674 3836 1758 3883 est

159 3923 495 3993 impietatem
523 3938 710 3977 eorum
731 3962 745 3985 ,
777 3921 1133 3992 praesentibus
1172 3920 1475 3991 futurisque
1509 3920 1754 3975 mortali-

156 4017 261 4070 bus
301 4016 669 4071 denudavero.
720 4013 830 4070 Nec
876 4015 1053 4069 minus
1096 4014 1258 4069 etiam
1305 4013 1663 4068 sanctissimis
1704 4020 1759 4067 et

160 4105 455 4161 fortunatis
498 4104 631 4159 viris
664 4120 763 4173 pro
800 4104 1012 4159 collatis
1054 4103 1106 4157 in
1140 4119 1223 4157 me
1266 4101 1545 4158 beneficiis
1596 4110 1754 4156 anta-

155 4196 378 4267 podosis
408 4196 537 4250 erit.
584 4194 662 4248 Ex
713 4194 1025 4249 memoratis
1074 4208 1205 4248 sane
1251 4192 1754 4247 aut'memorandis

160 4286 339 4342 nullus
378 4287 657 4342 invenitur
682 4295 776 4341 aut
806 4302 993 4351 rarus,
1030 4286 1132 4342 hoc
1158 4301 1289 4351 uno,
1331 4285 1656 4357 Berengario
1685 4287 1754 4319 "°

159 4378 366 4433 scilicet
398 4378 588 4447 impio,
626 4386 843 4447 exepto,
874 4393 1104 4446 quorum
1135 4393 1247 4433 non
1285 4377 1561 4433 beneﬂciis
1599 4377 1755 4449 geni-

161 4476 308 4523 tores
336 4476 432 4522 aut
453 4468 671 4538 genitus
700 4469 1048 4522 vehementer
1069 4468 1483 4538 gratularemur.
1513 4468 1756 4538 Denique

156 4561 300 4629 quod
338 4562 391 4613 ἐν
418 4569 482 4636 τῇ
521 4560 842 4634 εχμαλοσίᾳ,
877 4575 943 4615 en
984 4560 1022 4614 ti
1066 4559 1426 4626 ecbmalosia,
1455 4559 1557 4613 hoc
1590 4560 1754 4614 estin

157 4653 478 4723 captivitate
527 4666 621 4707 seu
667 4652 1138 4722 peregrinatione,
1182 4650 1451 4707 Iibellulus
1493 4652 1581 4706 hic
1623 4666 1752 4706 eon-

160 4742 393 4811 scriptus
419 4742 657 4804 dicatur,
699 4755 937 4810 pnesens
979 4740 1180 4794 indicat
1220 4739 1489 4794 exulatus.
1534 4738 1756 4807 Coeptus

161 4836 356 4904 quippe
385 4834 437 4887 in
463 4832 927 4888 Frankeuenvurd
947 4872 959 4895 ,
998 4832 1087 4901 qui
1117 4840 1200 4887 est
1224 4831 1295 4885 20
1324 4831 1571 4886 miliariis
1604 4831 1755 4887 locus

162 4929 431 4999 Magonlia
468 4929 711 4991 distans,
746 4926 798 4979 in
826 4925 972 4980 Paxu
1007 4925 1179 4979 insula
1211 4924 1354 4994 (94),
1390 4925 1675 4993 nongentis
1699 4934 1755 4979 et

161 5034 224 5075 eo
251 5021 486 5092 amplius
508 5018 1031 5087 Constantinopolim
1060 5018 1307 5073 miliariis
1329 5020 1553 5082 distans,
1583 5033 1753 5087 usque

162 5112 319 5168 hodie
347 5122 625 5168 exteretur.
656 5111 763 5166 Sed
795 5112 1075 5165 redeamus
1108 5111 1175 5165 ad
1204 5127 1335 5165 rem.

1856 2463 2107 2535 prmduce
2138 2472 2303 2519 totam
2330 2478 2428 2533 per
2461 2461 2672 2517 Italiam
2713 2461 2986 2528 dilatatur,
3014 2459 3149 2517 adeo
3172 2468 3232 2515 ut
3260 2474 3446 2518 muros

1857 2555 2138 2627 Papiensis
2164 2556 2403 2611 civitatis
2427 2555 2569 2611 vallo
2592 2556 3013 2619 circumdarent,
3039 2569 3102 2610 ac
3128 2554 3321 2611 deﬂxis
3347 2570 3447 2625 per

1858 2648 2033 2719 girum
2083 2648 2361 2714 tentoriis,
2411 2647 2644 2703 exeundi
2689 2647 2895 2701 aditum
2937 2646 3147 2702 civibus
3188 2647 3444 2716 prohibe-

1859 2744 1998 2791 rent.
2041 2735 2143 2803 Qui
2184 2752 2307 2791 cum
2345 2736 2433 2791 bis
2477 2736 2685 2791 viribus
2728 2752 2833 2791 non
2883 2736 3141 2791 resistere
3188 2745 3411 2805 possent
3455 2766 3462 2783 ι

1858 2826 2095 2895 peccatis
2126 2826 2559 2895 promerentibus
2580 2865 2595 2890 ,
2633 2840 2733 2880 nec
2761 2839 2983 2881 munere
3019 2825 3277 2881 mulcent.

2541 2917 2760 2972 Versus.

1855 3008 1908 3064 5.
1937 3009 2127 3065 Clarus
2156 3008 2223 3064 ab
2254 3008 2434 3064 infuso
2460 3009 2744 3065 discedens
2772 3011 2949 3065 sidere
2974 3009 3214 3066 thbus
3245 3008 3313 3041 ⁸⁸⁸

1854 3102 2071 3157 Zodiaci
2102 3102 2335 3172 primum
2362 3101 2525 3156 solito
2550 3102 2919 3157 conscendere
2951 3101 3101 3156 sidus

1852 3192 2067 3262 Incipit,
2092 3201 2148 3247 et
2170 3192 2376 3265 gelidas
2402 3193 2698 3250 dissolvere
2724 3193 2860 3250 colle
2890 3194 3142 3264 pruinas,

1858 3282 2050 3341 ﬁliolus
2080 3295 2241 3353 atque
2271 3299 2399 3340 suos
2426 3285 2583 3340 binos
2611 3284 2692 3341 bis
2720 3286 2934 3341 mittere
2960 3286 3138 3353 ﬂatus,

1852 3374 2164 3445 Ungrorum
2188 3376 2255 3407 ¹⁸¹
2284 3374 2573 3431 furibunda
2598 3392 2789 3431 manus
2811 3393 2932 3431 cum
2956 3381 3156 3448 gaudet
3182 3378 3235 3448 in
3258 3378 3447 3435 urbem

1852 3467 2098 3523 Flatibus
2127 3466 2321 3521 AioIiis
2349 3467 2531 3537 adjuta
2563 3467 2844 3522 infundere
2871 3467 3135 3525 ﬂammas.

1855 3555 2149 3626 Spiritibus
2178 3555 2371 3611 validis
2397 3571 2596 3625 parvus
2625 3556 2943 3611 diffunditur
2969 3559 3142 3627 ignis;

1854 3645 1965 3700 Nec
1989 3646 2142 3717 juvat
2172 3645 2475 3716 Hungarios
2504 3646 2631 3701 solis
2663 3647 2763 3701 hos
2789 3663 2948 3702 urere
2979 3647 3235 3715 ﬂammis,

1858 3739 2104 3808 Undique
2138 3740 2483 3803 conveniunt,
2516 3748 2853 3811 mortemque
2885 3742 3084 3798 inferre
3112 3744 3407 3813 minantur,

1856 3829 2183 3885 Confodiunt
2208 3829 2348 3893 telis,
2380 3830 2588 3885 calidus
2616 3846 2751 3901 quos
2782 3834 2972 3888 terruit
3003 3834 3167 3904 ignis.

1860 3922 2045 3979 Uritur
2073 3922 2260 3976 infelix
2285 3922 2414 3978 olim
2445 3920 2718 3978 formonsa
2746 3924 2910 3994 Papia
2935 3928 2947 3980 !

1861 4013 2241 4083 Vulcannsque
2270 4028 2396 4069 suos
2424 4013 2675 4069 attollens
2701 4014 2914 4071 ﬂatibus
2939 4026 3109 4083 artus,

1859 4104 2128 4159 Ecclesias
2157 4103 2495 4173 patriamque
2522 4103 2682 4158 simul
2709 4107 3025 4162 conscendit
3053 4107 3107 4161 in
3133 4121 3373 4164 omnem.

1786 4232 1835 4294 D
1858 4196 2220 4268 Extinguntur
2248 4202 2469 4259 matres,
2501 4195 2675 4266 pueri,
2705 4194 3049 4267 innuptaeque
3072 4197 3265 4268 puella:

2799 4286 3143 4360 [ypermetrus
3171 4305 3373 4347 versus.

1864 4381 2063 4437 Sancta
2122 4380 2445 4435 catervatim
2502 4378 2734 4436 moritur
2783 4380 3119 4435 catecumiua
3170 4380 3286 4449 ples
3331 4379 3447 4453 (95)

3189 4468 3343 4542 [tunc
3358 4510 3374 4535 ,

1860 4559 2045 4616 Presul
2070 4561 2123 4614 in
2151 4560 2283 4614 urbe
2305 4574 2401 4613 sua
2428 4558 2531 4614 hac
2558 4559 2793 4614 moritur
2814 4568 3141 4631 sanctusque
3166 4560 3443 4623 sacerdos,

1860 4651 2083 4706 Nomine
2110 4651 2199 4720 qui
2224 4651 2441 4720 proprio
2466 4651 2639 4705 bonus
2664 4658 2748 4706 est
2771 4651 3053 4720 dictusque
3076 4650 3371 4704 Johannes.

1861 4742 2011 4809 Quod
2040 4740 2215 4795 fuerat
2243 4742 2401 4809 longo
2430 4740 2601 4794 thecis
2630 4739 2685 4794 in
2715 4749 2957 4810 tempore
2984 4740 3225 4793 clausum
3245 4778 3261 4803 ,

1861 4834 1938 4889 En
1966 4832 2127 4900 jacet,
2162 4833 2264 4887 hoc
2292 4832 2464 4885 aliena
2491 4845 2684 4885 manus
2715 4846 2783 4885 ne
2806 4838 3049 4899 tangeret
3074 4843 3268 4884 aurum
3289 4870 3305 4896 ,

1859 4926 2033 4995 Atque
2059 4938 2153 4993 per
2178 4925 2453 4977 inmensas
2475 4921 2790 4976 dissolvitur
2813 4924 2933 4990 igne
2964 4920 3199 4974 cloacas.

1862 5017 2051 5074 Uritur
2081 5015 2264 5069 infelix
2294 5014 2421 5068 olim
2454 5012 2728 5067 formonsa
2760 5010 2956 5080 Papia!

1858 5108 2119 5166 Cerneret
2150 5103 2247 5177 [δε.
2280 5103 2369 5172 qui
2405 5099 2643 5172 adesset]
2677 5100 2885 5171 argenti
2924 5098 3088 5160 rivos,
3122 5108 3462 5166 paterasque
