4012 5340
532 248 637 307 839

532 363 770 435 Jaspidis
797 362 886 418 ltic
912 361 1167 433 prmcium
1193 360 1379 417 viridis
1404 360 1664 432 rutilique
1693 359 1889 433 topazii

535 457 844 527 Spernitur,
878 463 931 510 et
957 455 1224 526 sapltyrus
1247 453 1325 528 ξδ’
1348 454 1679 526 pulcherque
1707 454 1960 518 berillus;

532 545 756 600 lnstitor
784 544 885 623 heu
917 543 1109 598 faciem
1140 543 1319 598 nullus
1348 552 1476 600 tunc
1502 542 1673 600 ﬂectit
1700 545 1765 600 ad
1796 560 2007 600 aurum.

534 637 724 695 Uritur
751 630 935 692 infelix
959 636 1086 691 olim
1116 635 1388 691 formonsa
1412 636 1604 708 Papia!

535 730 766 785 Lucidus
794 729 1069 784 inmensas
1095 728 1256 798 eripit
1282 744 1385 784 nec
1410 727 1558 784 fonte
1584 729 1799 784 carinas

532 819 776 885 Ticinus,
803 819 1013 875 sentina
1044 818 1204 875 simul
1232 819 1547 875 diﬂ'ttnditur
1574 819 1715 891 igne.

534 910 666 966 Usta
697 918 780 965 est
812 910 997 966 infelix
1028 910 1155 965 olim
1186 908 1461 966 formonsa
1486 911 1650 982 Papia

532 1018 674 1058 anno
719 1004 1009 1058 Dominicac
1055 1003 1445 1059 incarnationis
1491 1004 1591 1068 92,
1641 1020 1711 1059 tv.
1748 1004 1872 1082 ldus
1919 1004 2114 1074 Mart.,

531 1092 824 1151 indictione
862 1094 958 1160 12,
989 1103 1141 1149 sexta
1172 1095 1327 1162 feria,
1356 1098 1486 1151 hora
1512 1099 1695 1153 tertia.
1730 1097 1966 1166 Quorum
2005 1114 2118 1155 me-

532 1188 760 1243 moriam
791 1189 894 1259 piae
934 1190 1330 1245 recordationis
1367 1189 1593 1256 affectu,
1622 1193 1711 1262 qui
1748 1194 1934 1249 eodem
1969 1210 2118 1251 com-

529 1274 674 1337 busti
723 1291 881 1349 sunt,
929 1298 1026 1338 vos
1072 1293 1128 1338 et
1170 1282 1495 1355 quicumque
1541 1284 1811 1358 legeritis,
1861 1285 2113 1355 faciatis,

529 1374 878 1429 vehementer
903 1390 1091 1431 exoro.

596 1461 651 1515 4.
695 1463 894 1518 Verum
942 1463 1169 1533 piissimi
1205 1465 1701 1537 omnipotentisque
1734 1466 1987 1533 Domini,
2029 1468 2113 1524 cui

525 1557 788 1626 pr0pheta
824 1556 1253 1619 misericordiam
1283 1562 1336 1612 et
1363 1558 1617 1629 juditium
1652 1560 1910 1626 concinit,
1939 1562 2116 1632 cujus-

527 1640 633 1716 que
663 1647 1033 1702 misericordia
1058 1647 1217 1717 plena
1248 1656 1329 1704 est
1369 1658 1533 1715 terra,
1560 1666 1729 1720 usque
1765 1651 1830 1707 ad
1859 1667 2113 1707 consum-

1530 240 1951 298 LIUTPBANDI
1988 237 2473 296 CREMONENSIS
2510 208 2815 299 Episcopi

2146 358 2199 421 Α
2224 358 2482 428 praecellit
2505 358 2730 426 vicinas,
2764 359 2857 416 sed
2883 366 2955 415 ett
2978 357 3138 431 longe
3163 357 3369 430 positas
3394 356 3591 429 opibus
3613 356 3803 414 civita-

3699 218 3808 290 ω

2221 460 2323 506 tes.
2355 450 2494 521 Quid
2523 453 2657 508 alias
2686 466 3004 520 memorem,
3035 468 3157 508 cum
3186 452 3412 525 insignis
3440 453 3557 523 ipsa
3589 462 3807 522 totoque

2219 546 2351 600 orbe
2374 545 2653 600 notissima
2682 544 2851 600 Roma
2879 545 3003 600 huic
3031 544 3254 601 inferior
3276 555 3438 609 esset,
3472 544 3518 599 si
3548 545 3808 616 praeciosa

2218 633 2654 690 beatissimorum
2700 633 3066 703 apostolorum
3114 649 3341 705 corpora
3387 649 3496 689 non
3549 634 3808 689 haberet?

2219 723 2375 780 Patet
2422 724 2604 796 igitur,
2651 725 2794 792 quod
2824 725 2980 780 «hanc
3015 724 3333 780 intercessio
3370 724 3676 780 beatissimi
3720 740 3809 794 pa-

2220 818 2361 871 troni
2394 817 2565 872 nostri
2613 816 2722 872 Siri
2764 816 2983 886 eripuit,
3032 816 3123 886 qui
3153 830 3272 870 eam
3314 825 3425 869 tam
3468 814 3712 870 veridico
3748 829 3811 869 ac

2218 908 2480 978 prwcioso
2508 906 2771 978 praesagio
2794 905 3103 961 honoravit.
3134 905 3332 960 Exusta
3358 903 3595 973 denique
3618 901 3807 971 Papia,

2218 998 2471 1070 factaque
2499 1007 2665 1054 totam
2690 1014 2790 1069 per
2815 996 3023 1053 Italiam
3053 1012 3155 1052 non
3185 995 3395 1051 modica
3420 994 3636 1067 prada,
3663 992 3812 1047 Bun-

2219 1093 2353 1165 garii
2379 1091 2444 1146 ad
2485 1090 2701 1161 propria
2728 1100 3092 1146 revertuntur.

2291 1185 2342 1239 7.
2387 1183 2500 1239 Hoc
2527 1184 2715 1238 eodem
2754 1191 2997 1255 tempore
3027 1182 3281 1240 defuncto
3321 1181 3639 1244 Adelberto,
3670 1179 3811 1250 Epo-

2219 1275 2382 1347 regia:
2407 1275 2646 1330 civitatis
2669 1274 2986 1331 marcltione
3011 1315 3026 1339 ,
3057 1289 3195 1329 uxor
3216 1274 3333 1341 ejus
3360 1274 3770 1344 Hermengarda
3794 1312 3811 1339 ,

2219 1367 2490 1423 Adelberti
2540 1366 2886 1436 prmpotenlis
2928 1366 3125 1422 'I‘uscie
3163 1365 3500 1420 marchionis
3537 1373 3597 1419 et
3637 1365 3813 1419 Berta:

2220 1464 2350 1531 ﬁlia,
2388 1465 2553 1521 totius
2582 1463 2754 1545 Italia:
2779 1463 3144 1533 principatum
3168 1463 3470 1518 obtinebat.
3504 1460 3689 1517 Causa
3718 1476 3816 1514 au-

2221 1564 2329 1611 tem
2360 1555 2612 1626 potentiae
2642 1553 2801 1625 hujus
2838 1555 2939 1610 hec
2978 1563 3127 1619 erat,
3170 1554 3449 1624 quoniam,
3480 1552 3630 1623 quod
3667 1552 3811 1607 dictu

2180 1710 2183 1711 ν
2221 1652 2382 1705 etiam
2428 1650 2780 1708 Icetlissimum
2823 1657 2937 1713 est,
2973 1646 3191 1703 carnale
3228 1661 3351 1702 cum
3387 1645 3679 1711 omnibus,
3707 1660 3811 1700 non

527 1729 822 1793 {nationem
880 1738 1089 1809 gladius
1133 1755 1239 1795 non
1289 1741 1514 1795 desevit.
1561 1718 1695 1795 Nam
1734 1742 1835 1796 etsi
1878 1743 2113 1817 peccatis
2144 1718 2190 1778 Β
2218 1741 2390 1797 solum
2427 1740 2779 1811 principibus,
2825 1753 3011 1794 verum
3033 1739 3200 1794 etiam
3241 1736 3615 1809 ignobilibus,
3661 1751 3807 1793 com-

525 1831 961 1899 promerentibus
995 1841 1079 1887 est
1120 1843 1347 1900 exusta,
1396 1851 1504 1890 non
1545 1836 1723 1890 tamen
1772 1836 2113 1892 inimicorum

526 1924 777 1979 manibus
808 1924 1025 1980 tradita.
1060 1924 1426 1996 Impleturque
1467 1930 1608 1996 quod
1645 1943 1737 1981 rex
1775 1938 1828 1982 et
1855 1929 2114 1998 propheta

525 2025 748 2070 cantat:
785 2035 804 2069 ι
838 2015 1109 2087 Numquid
1141 2019 1193 2073 in
1234 2028 1497 2073 mternum
1522 2018 1775 2090 projiciet
1814 2022 1989 2078 Deus?
2024 2033 2118 2080 aut

525 2122 633 2162 non
661 2117 920 2179 apponet,
943 2118 1006 2164 ut
1027 2109 1409 2178 complacicior
1433 2110 1505 2165 sit
1525 2111 1740 2166 adhuc?
1759 2120 1852 2165 aut
1875 2113 1926 2166 in
1958 2112 2116 2168 ﬁnem

530 2198 958 2254 misericordiam
987 2215 1138 2255 suam
1165 2200 1429 2264 abscidet,
1456 2215 1485 2253 a
1510 2201 1859 2272 generatione
1882 2203 1935 2255 in
1958 2216 2119 2274 gene-

525 2290 832 2346 rationem?
858 2290 965 2345 Aut
990 2290 1342 2347 obliviscetur
1373 2292 1618 2346 misereri
1650 2291 1792 2347 Deus
1813 2292 1836 2345 ?
1860 2302 1949 2347 aut
1986 2275 2119 2347 con-

528 2383 722 2440 tinebit
747 2383 799 2438 in
820 2383 901 2438 ira
920 2398 1014 2439 sua
1040 2384 1439 2440 misericordias
1476 2385 1639 2440 suas?
1662 2404 1681 2438 ι
1722 2384 1894 2458 (Psal.
1921 2402 2081 2441 Lxxvt
2101 2424 2118 2454 ,

523 2473 603 2538 8.)
671 2473 910 2543 Itemque
945 2474 994 2528 ei
1038 2464 1175 2530 aiius
1220 2475 1482 2544 propheta
1525 2475 1695 2531 dicit:
1728 2494 1747 2528 ι
1780 2475 1913 2532 Cum
1952 2477 2120 2533 iratus

524 2563 714 2633 fueris,
748 2564 1134 2621 misericordiae
1166 2566 1541 2623 recordaberis
1572 2567 1802 2639 (llabac.
1837 2585 1958 2635 χιιι,
1989 2570 2066 2639 2).
2098 2589 2116 2622 ι

526 2658 792 2729 Reliquiae
828 2659 991 2729 igitur
1013 2676 1134 2730 quae
1174 2670 1501 2729 supererant
1540 2660 1632 2727 ίδδ,
1678 2660 1970 2733 Hungariis
2015 2679 2120 2718 non

527 2750 819 2821 inviriliter
861 2749 1215 2817 resistebant;
1265 2750 1400 2807 adeo
1443 2759 1504 2806 ut
1541 2750 1817 2807 letabundi
1862 2764 2124 2808 canerent

529 2855 651 2895 cum
685 2839 956 2911 Propheta
986 2858 999 2895 :
1039 2859 1057 2892 ι
1091 2840 1216 2897 Ilaec
1243 2850 1327 2897 est
1358 2840 1647 2896 inmutatio
1678 2842 1914 2898 dexterae
1940 2843 2120 2900 Exelsi

528 2929 702 3000 (Psal.
733 2947 916 2998 Lxxw,
952 2932 1039 2999 II)
1070 2932 1204 3003 (96).
1239 2953 1259 2987 ι

596 3021 651 3077 5.
690 3022 936 3079 Accessit
964 3024 1030 3079 ad
1060 3024 1164 3080 hoc
1202 3040 1565 3096 magnumque
1601 3023 1856 3093 juvamcn
1885 3025 2117 3096 prtcbuit

529 3114 858 3195 sanctissimi
888 3115 957 3149 m
987 3116 1159 3186 patris
1184 3117 1354 3172 nostri
1381 3118 1726 3187 doctorisque
1745 3118 1949 3188 egregii
1973 3117 2114 3173 beati

432 3200 437 3211 ’
529 3206 662 3272 Siri,
705 3205 860 3275 cujus
899 3207 951 3260 in
989 3207 1213 3277 praefata
1254 3208 1775 3277 urbe’requiescunt
1814 3208 2022 3263 exuviae
2049 3208 2117 3281 ἐξ

527 3296 845 3353 intercessio
867 3296 1123 3366 gloriosa.
1147 3298 1223 3352 Ac
1244 3312 1311 3351 ne
1332 3296 1449 3366 ejus
1472 3297 1788 3352 vaticinium
1814 3296 2116 3365 falleretur,

527 3387 783 3457 praedicta
815 3387 945 3465 urbs
971 3387 1157 3459 Papia,
1186 3396 1244 3441 ut
1268 3388 1520 3454 caderet,
1549 3398 1633 3443 est
1661 3387 1892 3459 inpulsa,
1928 3404 2117 3445 verum

527 3480 953 3537 misericorditer
994 3497 1023 3534 a
1060 3481 1288 3536 Domino
1334 3481 1583 3537 liberata.
1631 3482 1827 3539 Missus
1867 3485 2117 3554 equidem

528 3571 930 3640 praedicationis
986 3571 1156 3642 gratia
1195 3588 1225 3625 a
1264 3572 1422 3626 beato
1477 3572 1844 3644 Hermagora,
1886 3588 2118 3645 evange-

526 3661 650 3718 listc
680 3662 847 3718 Marci
879 3663 1161 3735 discipulo,
1190 3664 1412 3735 Papiam
1441 3666 1787 3723 beatissimus
1810 3676 1988 3738 pater,
2018 3669 2118 3723 hn-

524 3744 761 3821 jusmodi
790 3769 909 3831 eam
941 3755 1245 3825 prophecize
1274 3756 1466 3826 spiritu
1494 3758 1761 3829 prmsagio
1788 3759 2075 3816 honoravit
2099 3777 2113 3816 :

603 3843 655 3899 6.
704 3863 723 3896 ι
758 3843 1036 3900 Delectare
1075 3846 1311 3916 gaudiis,
1354 3848 1485 3903 urbs
1523 3848 1719 3919 Papia,
1768 3851 1893 3920 quia
1936 3853 2119 3911 veniet

529 3935 627 3992 tibi
660 3937 729 3992 ab
767 3937 1012 3993 externis
1046 3939 1321 3996 montibus
1354 3938 1635 3997 exultatio.
1678 3941 1797 3998 Non
1834 3945 2118 4001 vocaberis

532 4025 781 4103 minima,
808 4027 904 4082 sed
931 4027 1148 4098 copiosa
1188 4028 1243 4082 in
1274 4028 1518 4086 finitimis
1552 4031 1885 4089 civitatibus.
1917 4052 1938 4087 ι
1966 4035 2031 4089 Et
2059 4044 2119 4093 ttt

534 4117 637 4173 hoc
675 4116 794 4186 ejus
835 4118 1150 4175 vaticinium
1196 4120 1407 4177 ﬁrmius
1447 4124 1777 4189 crederetur,
1827 4126 2120 4198 Aquilegia:

535 4222 642 4262 non
666 4207 864 4280 ignotae
888 4209 1125 4264 civitatis
1147 4226 1332 4266 casum
1364 4212 1463 4267 hac
1486 4213 1674 4268 eadem
1711 4216 1845 4271 hora
1869 4232 2119 4274 sermone

530 4296 835 4367 hnjnsmodi
873 4301 1139 4356 nuntiavit
1165 4316 1180 4355 :
1212 4321 1231 4354 ι
1265 4300 1341 4356 Ve
1365 4303 1458 4358 tibi
1476 4345 1490 4368 ,
1516 4304 1820 4376 Aquilegia,
1841 4306 1969 4376 quia
1995 4323 2116 4364 cum

2141 3078 2188 3142 C

2217 1831 2479 1889 mercium
2510 1830 2818 1887 exercebat.

2206 1918 2211 1923 ’
2286 1921 2338 1977 8.
2367 1921 2470 1975 Per
2499 1921 2550 1976 id
2583 1920 2650 1952 ¹⁸⁸
2678 1930 2888 1989 tempus
2913 1932 3010 1974 rex
3041 1918 3304 1974 Rodulfus
3339 1918 3659 1989 Burgundia
3680 1920 3799 1975 red-

2190 2020 2336 2095 iens
2389 2020 2442 2074 in
2482 2019 2686 2093 Italiam
2726 2017 2896 2081 venit,
2943 2014 3305 2086 defunctoque
3332 2014 3692 2084 Berengario,
3724 2031 3803 2070 re-

2218 2128 2381 2185 gnum
2406 2119 2653 2182 potenter
2678 2109 2932 2165 obtinuit.
2957 2109 3087 2164 Post
3113 2108 3320 2178 aliquot
3348 2117 3534 2164 autem
3564 2108 3691 2162 dies
3709 2107 3805 2161 Ita-

2220 2204 2420 2258 lienses
2456 2216 2650 2259 omnes
2688 2208 2977 2271 coeperunt
3004 2199 3147 2255 inter
3164 2214 3289 2255 sese
3340 2199 3636 2254 dissidere.
3686 2197 3807 2253 Zeto

2219 2295 2417 2364 quippe
2443 2307 2548 2347 non
2586 2289 2799 2347 modico
2823 2298 3048 2361 propter
3089 2289 3511 2359 Hermengarda:
3549 2287 3808 2357 pulcritu-

2220 2385 2401 2443 dinem
2443 2384 2598 2456 juxta
2627 2382 2810 2439 carnis
2838 2379 3002 2450 hujus
3041 2380 3385 2452 putredinem
3428 2379 3803 2443 trahebantur,

2219 2494 2286 2534 eo
2315 2479 2459 2547 quod
2488 2492 2555 2533 ea
2575 2485 2822 2547 stuprum
2846 2473 2969 2531 aliis
2997 2473 3305 2544 praebebat,
3336 2469 3459 2526 aliis
3488 2468 3804 2541 denegabat.
3904 2520 3917 2533 ,

2221 2568 2376 2625 Unde
2416 2567 2618 2624 factum
2643 2577 2750 2633 est,
2774 2577 2835 2622 ut
2867 2566 3131 2638 praedives
3176 2563 3608 2620 Mediolanensis
3641 2561 3806 2617 archi-

2220 2661 2505 2730 episcopus
2538 2657 2894 2729 nonnullique
2921 2656 3011 2712 alii
3041 2656 3186 2728 regis
3214 2652 3427 2710 Rodulﬁ
3466 2653 3723 2723 partibus
3736 2651 3806 2706 fa-

2220 2761 2439 2817 verent;
2466 2766 2589 2807 cunt
2620 2748 3026 2819 Hermengarda
3068 2763 3200 2804 vero
3250 2755 3329 2801 tot
3374 2744 3545 2801 simul
3584 2745 3805 2801 rebelles

2220 2843 2467 2909 aderant,
2494 2841 2638 2913 quod
2664 2841 2837 2912 ipsam
2863 2840 3029 2895 etiam
3063 2838 3215 2911 regni
3246 2846 3414 2908 caput
3440 2835 3679 2907 Papiam
3702 2836 3803 2906 regi

2219 2950 2327 2990 non
2355 2933 2644 2988 inviriliter
2668 2931 3042 3002 prohiberent.

2291 3024 2346 3079 9.
2376 3023 2600 3078 Factum
2627 3030 2715 3077 est
2760 3026 2960 3085 autem,
2995 3028 3057 3074 ut
3101 3033 3201 3074 rex
3250 3014 3542 3083 Rodulfus.
3572 3012 3807 3071 collectis

2219 3116 2410 3187 copiis,
2438 3115 2658 3185 Papiam
2688 3113 2952 3168 tenderet.
2991 3109 3421 3167 Castrametatus
3471 3122 3613 3164 vero
3641 3106 3807 3162 milia-

2217 3208 2299 3264 rio
2329 3206 2397 3261 ab
2427 3206 2581 3267 urbe,
2615 3219 2680 3260 eo
2710 3205 2765 3258 in
2792 3202 2912 3259 loco
2937 3216 3045 3272 quo
3085 3200 3308 3256 Ticinus
3343 3197 3513 3254 simul
3558 3211 3807 3268 magnus-

2218 3313 2325 3369 que
2356 3298 2444 3354 ille
2462 3296 2643 3353 Padus
2669 3294 3015 3359 conveniunt,
3045 3322 3115 3333 —
3145 3290 3200 3347 in
3221 3290 3377 3361 cujus
3407 3288 3564 3343 Maro
3590 3288 3674 3345 sic
3699 3286 3806 3342 lan-

2160 3443 2165 3447 .
2217 3392 2378 3459 dibus
2407 3389 2556 3444 canit
2578 3388 2713 3459 (97),

2339 3456 2622 3510 Fluviorum
2648 3456 2738 3508 rex
2762 3456 3061 3518 Heridanus;

2216 3522 2459 3591 Itemque
2491 3520 2623 3591 (98).

2340 3588 2930 3652 Corniger'llesperldum
2954 3589 3133 3639 ﬂuvius
3153 3591 3388 3649 regnator
3419 3593 3677 3644 aquarum.

2288 3675 2376 3732 {0.
2413 3674 2840 3743 Hermengarda,
2889 3682 2953 3728 ut
2980 3687 3087 3729 non
3125 3669 3401 3734 incallida,
3426 3663 3665 3721 Rodult'o
3690 3664 3799 3734 regi

2217 3765 2526 3835 ltttjusmodi
2569 3773 2732 3819 noctu
2763 3778 2860 3834 per
2905 3761 3187 3818 memorati
3220 3760 3431 3816 alveum
3460 3756 3612 3812 ﬂuvii
3645 3771 3798 3810 man-

2216 3858 2340 3913 data
2366 3855 2717 3915 transmittit:
2746 3853 2832 3909 «Si
2859 3861 2911 3908 te
2933 3851 3157 3922 perdere
3179 3849 3394 3914 vellem,
3409 3847 3527 3917 jam
3550 3846 3717 3917 longo
3736 3860 3800 3899 ex

2219 3958 2461 4020 tempore
2479 3948 2751 4004 extinctus
2772 3961 2942 4002 esses.
2976 3944 3078 4000 Τιιί
3109 3942 3307 4014 quippe
3333 3954 3528 3995 omnes
3564 3947 3620 3993 te
3648 3939 3801 3993 dese-

2220 4057 2343 4097 rere
2392 4055 2588 4113 meque
2642 4038 2899 4094 ardenter
2947 4036 3117 4099 adire,
3169 4036 3213 4089 si
3263 4046 3446 4088 meum
3475 4030 3645 4085 modo
3675 4027 3807 4082 adsit

2218 4133 2374 4197 velle,
2422 4131 2780 4189 contendunt.
2834 4128 2892 4183 In
2950 4127 3036 4182 bis
3064 4122 3210 4181 enim
3243 4122 3488 4187 eslocis,
3536 4121 3593 4175 in
3617 4119 3807 4190 quibus

2219 4236 2410 4297 captus
2432 4226 2940 4294 vinctusqueesses,
2987 4221 3031 4275 si
3056 4234 3245 4275 eorum
3286 4214 3614 4287 jamdudum
3640 4212 3809 4268 consi-

2220 4314 2309 4369 liis
2330 4313 2653 4384 paruissem.
2686 4331 2705 4363 ι
2738 4309 2961 4366 Talibus
2992 4323 3084 4362 rex
3113 4302 3478 4377 legationibus
3510 4316 3620 4356 non
3640 4300 3806 4354 solum

533 4388 819 4462 impiorum
864 4393 1156 4450 incesseris
1207 4411 1418 4463 manus,
1464 4399 1794 4466 destrueris,
1837 4416 1939 4457 nec
1975 4403 2117 4459 ultra
2147 4442 2197 4503 ο
2222 4405 2497 4471 credulus,
2532 4418 2719 4460 verum
2746 4401 2909 4457 etiam
2933 4399 3175 4463 territus,
3199 4394 3408 4450 nuntiis
3436 4391 3709 4453 remissis,
3754 4402 3808 4442 se

533 4498 635 4503 _-A-
663 4483 848 4503 "11-4.-
896 4500 1029 4503 _-,,,
1098 4502 1143 4503 γέ
1305 4488 1342 4503 Λ
1438 4490 1452 4503 1
1496 4491 1530 4503 ι-
1908 4493 1922 4503 α
2600 4495 2611 4503 .
2727 4494 2777 4503 .-
3097 4488 3110 4503 ι
3188 4497 3224 4503 γ-
3313 4482 3654 4503 ,__,---_J-_-t-
3711 4480 3807 4503 Ν..-

533 4483 857 4547 retediticata
885 4500 1199 4558 consurges.
1232 4508 1251 4540 ι
1301 4488 1453 4557 Quod
1495 4491 1569 4546 ita
1599 4506 1720 4547 esse
1748 4493 2072 4564 completum
2098 4536 2114 4563 ,

530 4575 738 4643 visibus
767 4585 958 4647 patens
994 4581 1133 4636 ratio
1159 4581 1487 4637 manifestat.
1529 4583 1810 4657 Aquilegia
1840 4601 2075 4657 namque
2101 4628 2116 4654 ,

532 4668 798 4737 praedives
845 4680 1008 4739 atque
1052 4670 1295 4728 inmensa
1343 4672 1472 4727 olim
1518 4674 1744 4741 civitas,
1794 4676 1864 4732 ab
1915 4678 2120 4749 impiis-

533 4757 679 4827 simo.
699 4759 977 4817 Hunorum
1006 4777 1133 4834 rege
1160 4762 1326 4818 Attila
1358 4764 1569 4834 capitur
1600 4780 1666 4822 ac
1698 4766 1940 4825 funditus
1962 4770 2121 4827 dissi-

535 4858 717 4921 patur,
744 4867 844 4909 nec
871 4854 1098 4911 ulterius
1123 4854 1213 4921 “',
1242 4862 1301 4909 ttt
1338 4856 1391 4912 in
1417 4857 1825 4927 praesentiarum
1855 4861 2118 4928 cernitur,

533 4939 805 5009 elevatur;
845 4942 1009 5012 Papia
1046 4958 1193 5011 vero,
1243 4953 1301 5000 ut
1340 4946 1425 5001 vir
1451 4947 1822 5004 sanctissimus
1863 4949 2119 5016 dixerat,

532 5035 753 5106 copiosa
781 5046 837 5091 et
879 5035 1145 5106 apellatur
1176 5046 1233 5092 et
1253 5038 1529 5104 cernitur;
1560 5052 1667 5095 non
1710 5038 1884 5095 solum
1924 5042 2123 5113 quippe

2224 4508 2470 4555 acturum
2522 4494 2781 4566 quicquid
2818 4507 2882 4547 ea
2924 4488 3253 4550 consuleret,
3312 4482 3682 4540 remandavit.
3711 4480 3808 4532 Nec

2222 4605 2396 4652 mora,
2413 4588 2662 4659 sequenti
2692 4595 2850 4643 nocte
2878 4599 2971 4639 rex
3001 4577 3264 4637 Rodulfus
3307 4576 3450 4632 clam
3476 4572 3808 4631 custodibus,

2225 4680 2464 4736 dimissis
2484 4679 2755 4745 omnibus,
2771 4676 2997 4731 dimisso
3020 4671 3277 4736 tentorio,
3314 4667 3459 4724 lecto
3491 4666 3667 4721 etiam
3683 4663 3811 4718 bene

2226 4772 2549 4843 composito,
2574 4770 2789 4825 lintrem
2819 4768 3100 4839 ingressus
3120 4777 3248 4818 suos
3272 4758 3540 4824 deseruit,
3558 4765 3723 4827 atque
3746 4753 3809 4806 ad

2227 4863 2687 4935 Hermengardam
2724 4858 3044 4932 quantocius
3079 4850 3414 4927 properavit.

2298 4957 2388 5011 Il.
2423 4933 2593 5026 Igitur
2613 4967 2773 5009 mane
2799 4950 2973 5012 facto,
3001 4960 3197 5018 magno
3238 4937 3637 5034 cumsilentin

2227 5046 2426 5103 milites
2451 5046 2742 5102 tentorium
2772 5041 3096 5099 circuibant.
3124 5030 3484 5093 Venientibus
3515 5040 3653 5082 vero
3673 5030 3810 5095 prin-

1819 5174 2052 5232 VARIJE
2090 5179 2492 5236 LECTIONES.
