4012 5340
182 222 273 279 841

1122 205 1658 265 ΑΝΤΑΡΟΠΟΞΕΟΞ
1699 203 1869 257 LIBRI
2107 234 2175 244 --
2213 205 2340 259 LIB.
2382 205 2470 260 Ill.

3220 250 3229 259 .
3312 208 3418 263 θω

182 334 400 404 cipibus,
426 347 530 385 non
557 346 719 400 parva
753 331 889 383 inter
910 343 1004 383 eos
1038 327 1322 383 admiratio
1344 334 1482 389 erat,
1513 339 1611 377 cur
1652 322 1734 374 iu-
1765 329 1809 383 Α
1841 335 2110 388 pannosus
2152 321 2462 391 despectus,
2495 321 2611 391 ejus
2642 329 2817 377 tamen
2867 322 3090 393 loquela:
3120 340 3281 393 serus,
3327 330 3420 399 qui

182 428 333 482 solito
357 440 451 478 rex
476 424 607 477 hora
635 421 937 489 hujnsmodi
974 420 1309 473 dormitaret.
1338 404 1577 485 Cumque
1600 421 1740 469 stre-

181 521 308 589 pitu,
335 526 391 570 ut
436 518 701 586 spadones
754 514 1021 584 quondam
1067 511 1441 574 llolofernem,
1487 508 1744 577 evigilare

182 611 490 669 niterentur,
518 606 746 668 nullum,
778 604 1226 672 quemadmodum
1274 603 1384 671 ipse
1407 600 1503 671 [δε.
1538 598 1747 653 Olofer-

184 697 315 768 nesj,
338 698 555 750 omnino
585 697 747 749 dabat
776 708 1109 763 responsum.
1142 692 1539 745 lntroeuntibus
1568 699 1748 745 autem

183 785 455 838 tentorium
472 783 744 851 nichilque
758 780 1187 852 repperientihhs
1204 820 1218 842 ,
1240 789 1446 848 raptum
1467 780 1610 832 hunc
1634 778 1745 843 alii,

183 875 515 931 interfectum
532 876 618 929 alii
634 875 1002 929 clamitabant.
1022 874 1187 927 Nemo
1206 882 1404 935 tamen,
1419 872 1559 939 quod
1577 881 1752 925 trans-

182 968 295 1037 fuga
325 968 501 1032 fieret,
532 966 639 1020 ullo
668 967 825 1020 modo
849 966 1275 1019 animadvertere
1300 972 1530 1033 poterat.
1554 962 1749 1017 Verum

183 1064 275 1117 hac
313 1062 437 1116 dum
470 1061 826 1115 admiratione
853 1060 1197 1123 fluctuarent,
1232 1058 1451 1113 nuntius
1485 1059 1633 1113 venit
1661 1058 1750 1127 qui

180 1152 373 1205 diceret
405 1150 689 1204 Rodulfum
744 1164 925 1219 regem
955 1165 1117 1217 super
1148 1163 1239 1202 eos
1278 1162 1397 1201 cum
1429 1147 1754 1201 adversariis

180 1258 356 1299 eorum
378 1242 511 1296 velle
541 1242 764 1295 irruere.
782 1241 887 1307 Qui
914 1256 1036 1295 mox
1058 1240 1237 1293 animo
1265 1237 1754 1300 consternati,'tam

179 1334 331 1391 celeri
357 1343 641 1403 coeperunt
677 1331 797 1403 fuga
827 1331 1100 1386 discedere
1120 1371 1133 1394 ,
1163 1338 1222 1383 ut
1258 1344 1363 1384 non
1393 1329 1490 1383 hos
1512 1342 1752 1393 currere,

179 1425 284 1487 sed,
314 1424 357 1477 si
384 1423 615 1483 videres,
652 1422 858 1475 diceres
884 1419 1233 1475 transvolare.

245 1513 327 1565 12.
350 1510 593 1579 Cumque
613 1510 1012 1575 Mediolanium,
1038 1518 1212 1563 tutum
1238 1508 1443 1563 scilicet
1467 1506 1532 1561 ad
1556 1506 1752 1570 locum,

179 1602 586 1671 pervenissent,
646 1616 909 1655 consensu
954 1600 1273 1669 Lampertus
1322 1598 1756 1666 archiepiscopus

1845 410 2038 463 horum
2067 409 2304 464 omnium
2353 410 2645 479 Lamperto
2674 412 3037 482 archiprzesuli
3070 415 3217 470 celer
3246 415 3423 474 factus

1845 508 1925 555 est
1952 500 2191 555 nuntius.
2222 501 2321 567 Qui
2345 510 2403 555 ut
2431 511 2549 555 erat
2573 503 2783 571 ingenio
2811 504 3028 571 callens,
3054 506 3422 562 Br’uchardum

1847 606 1952 645 non
1994 591 2259 660 despexit,
2291 592 2383 645 sed
2413 592 2553 646 malo
2597 594 2777 648 animo
2803 608 2926 647 eum
2960 597 3279 665 suscipiens,
3312 597 3419 652 mi-

1847 681 2091 735 rabiliter
2137 682 2450 749 honoravit;
2483 686 2576 737 sed
2604 692 2657 737 et
2687 684 2827 739 inter
2854 692 3033 739 cetera
3060 686 3160 740 hoc
3185 689 3335 755 quasi
3366 688 3419 742 ei

1848 773 2127 844 privilegio
2155 774 2355 830 amoris
2384 776 2671 838 concessit,
2702 791 2915 830 cervum
2939 776 3194 845 quatinus
3230 792 3328 832 suo
3368 780 3425 834 in

1853 866 2023 920 brolio
2056 876 2344 920 venaretur
2365 868 2450 930 ‘8’,
2476 868 2617 935 quod
2664 867 2797 921 nulli
2838 883 3092 937 umquam
3124 869 3223 922 nisi
3252 868 3427 924 karis.

1853 959 2004 1013 simis
2030 960 2345 1029 magnisque
2379 959 2543 1013 cessit
2598 960 2807 1013 amicis.
2858 959 3177 1029 Lanipertus
3218 961 3424 1015 interea

1854 1048 2144 1119 Papienses
2170 1065 2357 1103 omnes
2411 1050 2803 1121 nonnullosque
2849 1051 3014 1105 ltalim
3051 1052 3323 1121 principes
3359 1050 3457 1107 ad'

1852 1138 2148 1193 Bruchardi
2188 1155 2375 1193 necem
2426 1140 2636 1205 invitat,
2668 1155 2898 1211 eumque
2940 1142 3144 1196 tamdiu
3186 1142 3425 1208 retinuit,

1856 1230 2027 1283 donec
2043 1245 2233 1284 omnes
2259 1230 2350 1298 qui
2393 1231 2637 1285 occidere
2668 1231 2813 1285 illum
2836 1233 3097 1287 deberent
3134 1248 3430 1305 congrega-

1857 1328 1940 1376 tes
1968 1336 2087 1376 esse
2113 1338 2269 1391 posse
2290 1331 2548 1391 speraret.
3443 1330 3448 1365 ι

1929 1412 2015 1467 15.
2063 1412 2288 1467 Factum
2321 1421 2403 1467 est
2446 1414 2610 1483 igitur
2638 1422 2715 1481 ut,
2764 1414 3075 1469 Bruchardo
3108 1415 3430 1472 Mediolanio

1859 1504 2184 1568 discedente,
2216 1504 2502 1558 Novariam
2524 1506 2609 1559 die
2637 1506 2939 1574 perveniret
2965 1506 3432 1575 eadem.Cumque

1859 1596 2036 1661 isthic,
2070 1603 2226 1649 nocte
2254 1605 2523 1649 transacta
2544 1634 2557 1658 ,
2577 1595 2809 1649 diluculo
2837 1605 3084 1666 surgeret
3107 1597 3425 1667 Eporegiam

180 1694 410 1746 omnium
442 1692 672 1761 Hugoni,
699 1691 1075 1761 potentissimo
1105 1699 1159 1744 et
1194 1688 1593 1757 sapientissimo
1622 1689 1748 1742 Pro-
1786 1715 1828 1773 Β
1860 1689 2083 1743 tendens
2104 1687 2291 1757 (April.
2311 1687 2638 1756 29),]talica:
2662 1689 3237 1757 supereumirruenles
3253 1690 3433 1744 subito

181 1782 483 1836 viueialium
525 1781 733 1854 comi-ti,
776 1780 994 1833 mandat
1034 1788 1092 1832 ut
1122 1780 1174 1833 in
1220 1779 1423 1832 ltaliam
1454 1778 1631 1832 veniat
1664 1792 1753 1831 re-

182 1885 450 1939 gnumque
474 1867 702 1923 Rodnlfo
724 1867 934 1923 auferat
957 1869 1165 1937 sibique
1193 1876 1443 1938 potenter
1490 1868 1752 1922 obtineat.

183 1960 297 2012 Erat
326 1960 485 2039 enim.
512 1959 667 2030 longo
696 1975 763 2014 ex
799 1968 1040 2029 tempore
1089 1959 1272 2013 multis
1318 1959 1649 2028 argumentis
1701 1968 1757 2014 et

184 2053 284 2121 ipse
314 2052 631 2122 periclitans
657 2051 717 2123 [ἱ.
744 2068 790 2105 e.
818 2050 1126 2123 temptans],
1144 2051 1191 2105 si
1217 2050 1357 2103 forte
1387 2065 1609 2118 regnum
1634 2064 1757 2119 pos-

183 2154 256 2197 set
282 2143 535 2197 obtinere
578 2142 844 2197 Italicum.
870 2142 969 2196 llic
1022 2143 1164 2195 enim
1194 2150 1249 2195 et
1289 2139 1599 2211 Berengarii
1642 2138 1755 2207 jam

184 2235 436 2289 nominati
466 2235 610 2303 regis
640 2244 878 2305 tempore
903 2250 1024 2289 cum
1052 2234 1235 2288 multis
1265 2233 1318 2287 in
1358 2233 1565 2286 Italiam
1595 2247 1757 2286 vene-

185 2335 287 2390 rat;
312 2326 404 2380 sed
438 2327 563 2396 quia
590 2326 843 2394 regnandi
870 2335 1078 2394 tempus
1104 2326 1151 2379 ei
1182 2325 1416 2379 nondum
1442 2324 1753 2388 advenerat,

187 2434 212 2470 a
244 2419 569 2489 Berengario
595 2419 814 2473 territus
850 2427 933 2473 est
957 2427 1119 2488 atque
1149 2416 1385 2489 fugatus.

248 2508 626 2563 15.Rodulfus
686 2508 914 2576 denique
981 2522 1104 2563 cum
1164 2506 1481 2561 infidelitate
1532 2520 1757 2560 suorum

186 2602 597 2667 praenominatos
640 2600 979 2654 adversarios
1030 2614 1287 2669 superare
1331 2615 1437 2653 non
1468 2606 1673 2667 posset,
1702 2598 1755 2651 in

186 2689 541 2761 Burgundiam
584 2690 854 2759 profectus
879 2692 990 2751 (an.
1021 2690 1168 2761 926),
1206 2689 1520 2744 Bruchardo
1551 2687 1759 2743 Suevo-

187 2795 293 2832 rum
326 2780 476 2845 duci,
520 2781 673 2851 cujus
724 2780 821 2835 sibi
864 2780 1026 2834 ﬁliam
1054 2780 1304 2850 conjugio
1338 2779 1636 2849 copularat.
1668 2779 1759 2832 de-

188 2871 413 2935 nuntiat,
452 2880 513 2924 ut
542 2872 623 2925 sui
659 2872 709 2924 in
740 2871 996 2924 auxilium
1030 2870 1227 2925 veniat.
1275 2869 1377 2937 Qui
1406 2870 1646 2925 collectis
1674 2885 1761 2925 co-

188 2961 301 3028 piis,
326 2978 455 3015 cum
486 2961 714 3015 Rodulfo
735 2959 1021 3015 confestim
1046 2960 1097 3014 in
1128 2960 1335 3015 Italiam
1364 2969 1448 3015 est
1465 2959 1756 3031 profectus.

185 3050 415 3121 Cumque
438 3052 755 3123 Eporegiam
776 3052 1169 3122 pervenissent.
1188 3050 1475 3119 Rodulfum
1491 3052 1759 3107 Bruchar-
1786 3074 1830 3135 ρ

185 3142 275 3197 dus
304 3145 375 3197 ita
402 3146 660 3198 convenit
693 3162 707 3198 :

252 3234 331 3285 11.
364 3253 381 3284 (
414 3234 535 3302 Ipse
573 3248 673 3304 ego
725 3241 783 3288 ut
829 3234 1110 3304 legationis
1136 3235 1354 3290 obtentu
1383 3234 1756 3290 Mediolanium

185 3326 521 3394 proficiscar,
559 3341 664 3381 non
692 3327 981 3381 absurdum
1012 3326 1241 3383 videtur.
1290 3326 1402 3381 llac
1428 3328 1571 3380 enim
1603 3342 1762 3382 occa-

186 3418 327 3473 sione
358 3420 554 3473 urbem
586 3418 889 3487 explorare,
924 3430 1086 3490 atque
1114 3434 1300 3475 eorum
1322 3429 1510 3487 potero
1558 3433 1762 3488 cogno-

185 3523 328 3563 scere
374 3509 737 3563 voluntatem.
796 3528 815 3561 ›
866 3508 1148 3565 Profectus
1184 3510 1436 3578 denique,
1494 3525 1615 3563 cum
1652 3508 1763 3577 jam

185 3593 564 3655 Mediolanium
620 3599 974 3668 pervenisset,
1005 3600 1322 3670 priusquam
1368 3599 1554 3654 urbem
1584 3599 1766 3669 ingre-

185 3689 418 3755 deretur,
451 3691 521 3744 ad
542 3690 684 3744 beati
710 3706 773 3744 ac
797 3690 1041 3760 praeciosi
1070 3690 1327 3759 martyris
1362 3689 1638 3744 Laurentii
1669 3705 1760 3744 ec-

187 3780 399 3834 clesiam
445 3781 712 3835 orationis
763 3782 933 3851 gratia
968 3781 1284 3846 declinavit;
1336 3780 1451 3845 sed,
1504 3788 1563 3834 ut
1592 3781 1761 3843 aiunt,

190 3886 285 3925 non
314 3881 532 3925 tantum
570 3870 852 3940 peticionis
882 3873 1075 3939 gratia,
1130 3880 1391 3941 quantum
1427 3869 1649 3924 alterius
1690 3870 1767 3925 rei

189 3962 373 4029 gratia.
408 3959 607 4015 Dicunt
639 3962 783 4015 enim
824 3962 947 4030 quia
988 3976 1154 4032 prope
1182 3962 1454 4015 civitatem
1489 3970 1573 4015 est
1598 3961 1771 4016 eccle-

188 4052 293 4125 sia,
315 4054 459 4107 miro
512 4063 674 4122 atque
699 4055 958 4123 praecioso
989 4069 1149 4124 opere
1188 4053 1484 4118 fabricata,
1516 4066 1636 4107 eum
1669 4054 1770 4110 ibi-

190 4140 302 4195 dem
344 4142 706 4197 munitionem
754 4146 1080 4200 constituere
1129 4146 1289 4213 velle,
1319 4162 1423 4216 qua
1451 4162 1558 4201 non
1597 4146 1767 4203 solum

187 4230 613 4290 Mediolanenses
644 4236 738 4291 sed
765 4245 819 4290 et
855 4238 1035 4306 plures
1066 4240 1230 4295 Italia:
1258 4241 1530 4311 principes
1577 4243 1769 4296 coher-

188 4340 304 4382 cere
335 4329 690 4383 decrevisset.
730 4329 856 4385 lude
888 4346 1015 4385 vero
1040 4332 1248 4398 exiens,
1297 4349 1419 4388 cum
1451 4333 1606 4402 juxta
1651 4350 1770 4388 mu-

1857 1793 2150 1849 apparnere
2173 1778 2483 1847 phalanges.
2516 1777 2660 1845 Quas
2695 1788 2880 1833 contra
2926 1789 2984 1834 ut
3028 1781 3113 1834 vir
3144 1780 3431 1835 bellicosus

1856 1879 2127 1940 preperat,
2154 1886 2344 1924 verum
2393 1886 2515 1924 mox
2564 1871 2745 1941 fugam
2797 1872 3051 1943 inceptat.
3076 1873 3141 1925 Et
3176 1873 3435 1942 quoniam

1857 1961 2151 2015 secundum
2176 1961 2320 2015 beati
2350 1960 2450 2015 Job
2482 1962 2828 2023 sententiam,
2870 1963 3132 2017 terminus
3154 1963 3269 2030 ejus
3300 1978 3435 2017 con-

1856 2053 2079 2108 stitutus
2107 2053 2356 2123 preteriri
2381 2067 2485 2107 non
2538 2062 2749 2123 poterat
2780 2054 2900 2123 (Job
2926 2070 3038 2119 xw,
3079 2054 3156 2123 5),
3208 2062 3263 2109 et
3305 2055 3432 2123 quia

1856 2142 2016 2197 fallax
2044 2158 2215 2212 equus
2240 2144 2307 2196 ad
2334 2143 2559 2197 salutem
2589 2142 2761 2213 (Psal.
2792 2161 2974 2209 χχχιι,
2998 2145 3109 2213 17,)
3134 2146 3185 2198 in
3208 2145 3431 2209 fossam,

1857 2249 1977 2302 qum
2002 2248 2183 2288 muros
2203 2234 2394 2288 circuit
2413 2234 2668 2299 civitatis,
2694 2250 2865 2304 equus
2887 2235 3137 2289 decidens
3156 2251 3279 2289 eum
3307 2250 3434 2304 pro-

1849 2323 1999 2393 jeeit.
2032 2325 2149 2392 Quo
2170 2334 2220 2379 et
2246 2325 2315 2378 ab
2361 2325 2691 2379 irruentibus
2718 2326 2970 2380 Ausoniis
2998 2326 3199 2382 lanceis
3221 2326 3439 2382 confos~

1857 2429 1969 2478 sus,
2002 2415 2165 2468 vitam
2200 2424 2373 2468 morte
2415 2416 2785 2470 commutavit.
2835 2416 2928 2471 Sui
2957 2417 3188 2487 denique
3229 2419 3330 2474 hoc
3357 2420 3437 2474 vi-

1858 2506 2067 2568 dentes,
2092 2506 2346 2574 quoniam
2378 2506 2482 2561 alio
2529 2522 2634 2562 non
2680 2517 2949 2577 poterant,
2980 2510 3122 2564 intra
3146 2511 3433 2566 ecclesiam

1859 2594 2189 2648 sanctissimi
2238 2593 2567 2650 confessoris
2612 2595 2813 2651 Christi
2858 2598 3145 2653 Gaudentii
3206 2600 3436 2670 fugiunt.

1857 2684 2080 2739 Ausonii
2115 2685 2315 2754 itaque,
2352 2696 2413 2739 ut
2432 2701 2498 2740 ex
2532 2685 2829 2743 Bruchardi
2875 2690 3037 2744 minis
3076 2705 3183 2744 non
3226 2693 3438 2747 medio-

1860 2775 2024 2829 criter
2046 2775 2308 2829 inﬂainati
2342 2784 2506 2846 atque
2532 2777 2814 2848 indignati,
2847 2780 3093 2835 ecclesia:
3121 2779 3267 2836 fores
3288 2780 3442 2838 fran.

1860 2873 2012 2935 gunt,
2039 2880 2335 2936 omnesque
2365 2866 2417 2919 in
2439 2881 2502 2920 ea
2537 2875 2779 2936 repertos
2809 2868 2911 2923 sub
2936 2870 3053 2940 ipso
3079 2871 3240 2926 etiam
3271 2872 3434 2929 altari

1860 2954 2200 3009 confodiunt.

1932 3047 2018 3101 16.
2050 3047 2202 3114 Quod
2228 3049 2487 3105 Rodulfus
2519 3059 2575 3105 ut
2607 3053 2830 3117 audivit,
2870 3053 3076 3108 Italiam
3126 3057 3436 3127 dereliquit,

1860 3139 2296 3212 etBurgundiam
2330 3146 2566 3212 percitus
2586 3146 2760 3213 petiit.
2786 3146 2897 3201 Ilee
2914 3147 3096 3216 itaque
3118 3147 3241 3202 dum
3271 3165 3442 3220 agun-

1862 3242 1971 3299 tur,
2002 3234 2179 3306 llugo,
2210 3237 2608 3293 Arelatensium
2654 3255 2745 3293 seu
2783 3240 3203 3296 Provincialium
3236 3259 3439 3309 comes,

1864 3328 2041 3381 navim
2072 3330 2479 3391 conscenderat,
2513 3339 2567 3385 et
2620 3346 2717 3400 per
2770 3332 3040 3402 Tyrenum
3072 3349 3219 3387 mare
3248 3334 3299 3386 in
3334 3333 3443 3387 lla-

1862 3424 1987 3479 liam
2020 3424 2336 3480 festinabat.
2371 3427 2512 3480 Deus
2537 3427 2740 3495 itaque,
2772 3428 2863 3496 qui
2898 3428 3041 3483 hunc
3073 3429 3127 3483 in
3169 3428 3319 3482 ltalia
3348 3446 3436 3485 re-

1866 3529 2031 3584 gnare
2067 3515 2342 3583 cupiebat,
2387 3516 2663 3586 prosperis
2711 3531 2833 3571 eum
2871 3515 3083 3573 flatibus
3138 3520 3291 3574 brevi
3343 3521 3438 3574 Al-

1868 3604 2060 3671 pheam
2082 3643 2097 3668 ,
2118 3604 2226 3658 hoc
2262 3612 2345 3658 est
2371 3604 2570 3671 Pisam,
2602 3620 2721 3675 quae
2761 3614 2844 3660 est
2874 3606 3107 3662 Tusscia:
3151 3610 3442 3678 provincia:

1869 3702 2050 3761 caput,
2073 3694 2333 3759 duxerat;
2364 3695 2430 3750 de
2459 3709 2565 3764 qua
2594 3696 2671 3749 sic
2698 3694 2848 3752 Maro
2870 3696 2980 3767 (99)
3008 3696 3219 3767 Alphew
3248 3700 3312 3751 ab
3336 3700 3443 3751 ori-

1867 3783 1988 3853 gine
2008 3784 2168 3837 Pista.

1942 3876 2027 3929 17.
2061 3876 2302 3945 Cumque
2342 3878 2529 3932 eodem
2570 3878 2949 3947 pervenisset,
2983 3879 3155 3935 adfuit
3207 3881 3440 3937 Romani

1869 3980 2042 4035 papae,
2071 3964 2333 4022 Johannis
2368 3968 2577 4023 scilicet
2609 3968 2938 4024 Ravennatis
2974 3973 3194 4025 nuntius
3218 3971 3305 4025 "°.
3335 3973 3444 4027 Ad-

1870 4056 2273 4113 fueruntetiam
2296 4074 2457 4129 paene
2496 4059 2737 4113 omnium
2768 4048 3098 4115 ltaliensium
3128 4064 3321 4128 nuntii,
3351 4065 3443 4134 qui

1870 4146 2030 4211 hunc,
2067 4157 2125 4201 ut
2149 4163 2311 4217 super
2335 4148 2479 4217 ipsos
2517 4158 2783 4217 regnaret,
2820 4151 2994 4206 modis
3024 4152 3273 4206 omnibus
3305 4153 3445 4208 invi-

1872 4238 2076 4293 tabant.
2104 4238 2152 4293 ls
2173 4248 2372 4305 autem,
2415 4250 2475 4293 ut
2521 4250 2637 4293 erat
2668 4239 2825 4310 longo
2856 4242 2958 4295 hoc
2988 4257 3055 4295 ex
3084 4251 3326 4312 tempore
3348 4259 3453 4298 cu-

1870 4328 2044 4395 piens,
2075 4327 2298 4397 Papiam
2330 4328 2570 4397 percitus
2596 4330 2763 4393 venit,
2788 4332 3108 4401 cunctisque
3146 4333 3455 4387 coniventi-

191 4431 305 4471 l‘um
337 4419 579 4474 civitatis
609 4420 897 4488 equitaret,
923 4422 1099 4492 lingua
1132 4424 1373 4492 propria,
1402 4426 1504 4479 hoc
1525 4433 1609 4479 est
1631 4424 1767 4479 Teu-
1796 4436 1845 4493 ι)
1871 4420 1970 4473 bus
1996 4434 2218 4488 regnum
2234 4419 2618 4490 suscepit(Jul.
2633 4420 2709 4491 9).
2733 4420 3147 4491 Postpaululum
3171 4425 3350 4480 Manta
3367 4442 3454 4478 am

190 4510 386 4576 tonica,
429 4526 559 4565 suos
590 4512 665 4565 ita
687 4514 939 4567 convenit
968 4531 980 4566 :
1015 4534 1031 4564 ι
1064 4514 1119 4569 Si
1148 4513 1423 4570 ltalienses
1443 4531 1633 4570 omnes
1660 4532 1766 4571 uno

194 4602 264 4654 uti
294 4604 676 4657 tantummodo
698 4603 921 4669 calcari,
952 4603 1318 4673 informesque
1344 4620 1451 4660 non
1479 4606 1660 4661 fecero
1681 4620 1771 4660 ca-

193 4692 451 4748 ballicare
476 4709 663 4763 equas,
695 4710 801 4748 non
828 4711 944 4749 sum
986 4694 1357 4762 Bruchardus;
1395 4696 1767 4754 fortitudinem

194 4782 456 4852 siquidem
489 4785 626 4838 muri
660 4785 820 4855 hujus
843 4800 937 4840 seu
963 4785 1322 4851 altitudinem,
1355 4802 1458 4857 qua
1489 4802 1546 4842 se
1572 4788 1772 4841 muniri

192 4873 491 4938 confidunt,
527 4873 710 4928 nichili
758 4873 969 4942 pendo;
998 4874 1145 4944 jactu
1179 4874 1376 4945 quippe
1410 4876 1609 4931 lanceae
1640 4891 1772 4931 mea:

198 4960 541 5018 adversarios
570 4965 635 5017 de
674 4980 830 5019 muro
883 4973 1123 5019 mortuos
1170 4964 1536 5037 praecipitabo.
1579 4986 1597 5018 ι
1648 4966 1773 5022 Haec

200 5067 371 5109 autem
402 5072 471 5110 eo
504 5057 736 5123 dicebat,
768 5058 1018 5125 quoniam
1048 5058 1315 5112 neminem
1338 5059 1770 5115 adversariorum

1424 5147 1622 5178 Var-Ir“
1675 5161 1768 5178 CIIII

200 5157 304 5178 cum
338 5146 409 5178 :ld
466 5144 660 5178 Iinnnm
693 5161 916 5178 anni-nm
966 5161 1086 5178 ιιι-οη
1124 5146 1337 5178 ιιιιοηιισιι

1869 4510 2020 4574 abiit,
2048 4509 2137 4563 ubi
2165 4518 2221 4564 et
2246 4509 2520 4565 Johannes
2546 4525 2684 4580 papa
2712 4512 2762 4566 ei
2782 4528 3097 4581 occurrens,
3125 4515 3298 4569 foedus
3319 4529 3384 4569 cu
3402 4530 3452 4566 in

1870 4615 1933 4655 eo
1959 4601 2244 4670 percussit.

1943 4692 2032 4746 18.
2060 4694 2176 4758 Quo
2207 4702 2447 4762 tempore
2471 4694 2627 4748 Berta
2651 4703 2823 4749 matre
2845 4698 2987 4766 regis
3014 4696 3180 4767 ipsius
3207 4696 3450 4767 Hugonis

1874 4792 2106 4849 mortua,
2140 4782 2316 4849 Wido,
2367 4784 2508 4839 filius
2555 4784 2692 4851 ejus,
2727 4802 2887 4856 quem
2920 4804 2989 4842 ex
3032 4786 3327 4844 Adelberto

1874 4879 2070 4925 nuerat
2117 4872 2257 4926 sicut
2304 4873 2673 4943 prtediximus,
2708 4874 2948 4930 Tussciae
2974 4890 3210 4931 marcam
3238 4886 3327 4931 ten

1877 4962 1967 5026 ⁸⁸⁸,
1998 4964 2086 5031 qui
2118 4963 2403 5020 Maroziam
2452 4974 2697 5021 scortum
2737 4967 3036 5021 Romanam
3080 4965 3184 5020 sibi
3226 4976 3459 5021 uxorem

1876 5065 2179 5123 acceperat.
2360 5056 2371 5060 ’

1950 5145 2016 5178 ‘0
2072 5147 2187 5178 Huic
2248 5158 2423 5178 anellum
2462 5166 2552 5178 uln-
2600 5149 2751 5178 ll"..-
2800 5163 2910 5178 nnn
2959 5147 3177 5178 Μζηλκῖο
3216 5141 3468 5178 σ-Αἶηιὶίὶω
