4012 5340
516 164 647 252 ’535

1537 194 1949 250 LIUTPRAKDI
1991 193 2467 250 CREMONENSIS
2506 192 2811 249 EPISCOPI

3690 191 3792 247 8-H

547 307 881 370 calliditatis;
913 305 1009 363 Dei
1062 306 1223 361 etiam
1274 307 1450 361 cultor
1492 316 1806 374 sauclmque
1849 306 2117 378 religionis
2146 312 2190 370 Α
2222 321 2326 375 quo
2378 306 2800 361 conversationis
2848 304 3089 359 habitum
3142 304 3401 374 sumpsit;
3430 319 3483 359 tn
3525 320 3635 376 quo
3677 316 3797 377 post

550 409 847 454 amatorum
872 406 1113 462 amator;
1145 397 1196 451 in
1224 411 1518 466 pauperum
1571 396 1982 451 necessitatibus
2021 411 2119 450 cu-

552 492 759 557 riosus;
805 503 934 561 erga
976 488 1217 545 ecclesias
1288 489 1441 543 valde
1495 488 1789 553 sollicitus;
1840 487 2123 560 religiosos

551 583 1025 655 pliylosophosque
1068 582 1217 637 viros
1268 596 1374 636 non
1426 580 1599 637 solum
1654 580 1890 644 amabat,
1934 594 2120 636 verum

550 676 712 730 etiam
734 673 949 729 fortiter
973 672 1293 728 honorabat.
1321 671 1422 739 Qtti
1446 672 1553 727 etsi
1601 679 1680 726 tot
1708 671 1998 726 virtutibus
2020 668 2128 725 cla-

551 768 722 832 rebat,
754 765 1038 821 mulierum
1072 774 1249 820 tamen
1273 763 1545 819 illecebris
1573 778 1667 818 eas
1688 762 1923 817 fedabat.

619 858 710 912 ΞΟ.
728 857 826 912 llic
850 872 913 911 ex
946 855 1281 910 Francorum
1309 870 1509 926 genere
1535 855 1955 911 Teutonicorum
1989 868 2124 909 uxo-

554 967 665 1005 rem
700 959 987 1019 acceperat
1017 948 1235 1001 nomine
1259 947 1475 1014 Aldam,
1528 962 1649 1017 quae
1680 947 1846 1002 illium
1880 945 1928 1000 ei
1957 958 2124 1015 genu-

552 1050 670 1096 erat
711 1041 929 1096 nomine
972 1040 1313 1095 Lotharium.
1348 1037 1621 1094 Habuerat
1645 1053 1778 1093 sane
1818 1046 1944 1092 tunc
1975 1044 2122 1091 tem-

553 1133 703 1204 poris
726 1148 793 1187 ex
818 1132 1046 1201 quadam
1066 1129 1290 1185 muliere
1304 1129 1662 1193 nobilissima,
1678 1128 1942 1183 vocabulo
1960 1126 2129 1182 Wan-

554 1222 821 1288 delmoda,
847 1221 1014 1276 tilium
1050 1222 1270 1277 nomine
1299 1220 1620 1285 Hubertum,
1652 1220 1744 1290 qui
1792 1234 1937 1274 nunc
1959 1233 2129 1288 usque

555 1326 798 1386 superest
823 1324 878 1369 et
906 1314 1114 1369 Tuscia:
1144 1314 1428 1384 provintiae
1467 1313 1719 1383 princeps
1751 1321 1939 1382 potens
1966 1311 2150 1366 habe-‘

556 1418 663 1462 tur.
695 1407 859 1478 Cujus
890 1416 1008 1462 acta
1083 1406 1195 1461 Deo
1237 1405 1491 1475 propitio,
1532 1403 1646 1458 suis
1699 1403 1751 1457 in
1802 1402 1934 1457 locis
1960 1417 2128 1473 expo-

524 1542 525 1545 η
556 1513 657 1553 ncn
666 1509 717 1552 ιιι
726 1515 771 1552 I'.

626 1586 713 1642 2!.
750 1586 974 1658 Hugone
1022 1587 1184 1658 igitur
1213 1600 1340 1657 rege
1363 1586 1682 1650 constituto,
1715 1585 1855 1640 sicut
1883 1585 1966 1639 vir
2002 1599 2133 1655 pru-

2227 399 2343 453 dies
2376 397 2441 451 15
2470 405 2727 461 mortuus,
2764 410 2849 450 me
2886 395 3109 466 parvulo
3138 395 3414 461 derelicto,
3446 397 3701 467 migravit
3731 400 3798 455 ad

2227 488 2532 543 Dominum.
2562 486 2712 543 Nunc
2742 495 2923 542 autem
2951 487 3205 557 quoniam
3239 487 3587 558 imperatoris
3615 489 3798 563 Ῥαμα-

2225 587 2334 646 νοῦ,
2364 580 2416 635 id
2443 590 2525 635 est
2550 578 2798 643 Romani,
2824 577 3029 635 mentio
3050 577 3190 635 facta
3211 586 3314 645 est,
3339 580 3460 649 quis
3483 578 3643 635 fuerit
3667 597 3801 652 qua-

2228 673 2413 729 literve
2475 672 2542 727 ad
2604 674 2815 745 imperii
2870 673 3081 728 culmen
3134 673 3486 744 pervenerit,
3545 673 3636 728 hic
3691 689 3799 728 non

2226 765 2513 820 absurdum
2538 765 2670 821 mihi
2697 756 2912 820 videtur
2933 765 3265 821 inserere’”.

2295 856 2384 911 25.
2417 855 2719 926 imperante
2747 856 2950 922 Leone,
2974 856 3312 913 Constantini
3342 856 3503 925 hujus
3533 857 3797 929 genitore,

2229 947 2451 1018 Ῥομάνος
2479 946 2773 1016 imperator
2794 946 2914 1010 iste,
2936 961 3260 1017 quamquam
3288 944 3515 1017 πτοχός,
3553 947 3801 1017 ptochos,

2228 1038 2280 1092 id
2302 1045 2384 1091 est
2412 1051 2636 1106 pauper,
2661 1036 2730 1091 ab
2753 1038 3001 1092 omnibus
3048 1047 3227 1091 tamen
3276 1043 3563 1110 χρήσιμος,
3616 1037 3805 1093 ειιτίδίο

2229 1146 2366 1196 mos,
2398 1130 2448 1184 id
2477 1138 2562 1184 est
2593 1129 2759 1196 utilis,
2788 1130 3105 1185 habebatur.
3139 1130 3268 1185 Erat
3296 1139 3474 1184 autem
3503 1144 3567 1184 ex
3600 1128 3805 1184 medio-

2228 1222 2410 1277 cribus
2436 1222 2565 1293 ipsis
2599 1223 2691 1291 qui
2727 1222 2900 1277 navali
2951 1236 3127 1294 pugna
3170 1222 3432 1293 stipendia
3460 1222 3531 1279 ab
3576 1223 3811 1292 impera-

2230 1325 2346 1371 tore
2369 1324 2708 1385 acceperant.
2734 1315 2984 1383 Quicum
3026 1316 3207 1387 sepius
3244 1323 3300 1371 et
3347 1316 3547 1371 iterum
3594 1320 3670 1378 εἰς
3721 1323 3807 1377 τὴν

2232 1411 2431 1481 μάχην,
2463 1409 2508 1464 is
2558 1409 2633 1463 tin
2682 1409 2917 1472 ntacbin,
2961 1408 3024 1464 id
3073 1417 3157 1464 est
3213 1408 3266 1462 in
3308 1423 3509 1479 pugna,
3552 1409 3810 1463 nonnulla

2234 1500 2619 1574 χρησιμὸτατα,
2654 1499 3050 1564 chrisimotata,
3075 1498 3126 1553 id
3153 1506 3238 1554 est
3284 1499 3461 1565 utilia,
3502 1498 3727 1567 faceret,
3781 1516 3812 1554 a

2234 1592 2334 1646 sibi
2365 1592 2653 1662 prmposito
2678 1595 2812 1648 adeo
2868 1592 3072 1665 ἐτιμήθη
3104 1591 3193 1658 m,
3222 1591 3361 1655 ὅπως
3397 1592 3809 1669 πρθτοκαραϐος,

555 1678 925 1745 delius-Simus.
945 1678 1129 1734 ubiUbi
1160 1686 1424 1733 terrarum
1451 1678 1616 1748 οωρὶι
1646 1678 1866 1732 nuntios
1895 1691 2022 1732 suos
2050 1676 2131 1730 di-
2162 1668 2206 1729 Β
2234 1683 2464 1740 etimitbi
2493 1696 2625 1751 opos
2656 1691 3057 1752 protocaravos,
3092 1683 3143 1739 id
3172 1692 3255 1739 est
3284 1683 3582 1740 honoratus
3609 1668 3697 1738 est
3717 1723 3733 1747 ,
3757 1691 3813 1737 ut

556 1771 752 1842 rigere,
778 1770 1179 1840 multorumque
1209 1785 1395 1840 regum
1446 1785 1541 1824 seu
1589 1768 1893 1839 principum
1941 1767 2129 1822 amici-

559 1863 687 1916 tiam
714 1876 979 1932 quzerere,
1010 1860 1245 1917 Heinrici
1296 1859 1597 1930 praesertim
1654 1858 2002 1914 famosissitni
2041 1874 2130 1912 rc-

531 1956 658 2022 .gis,
700 1955 813 2024 qui,
842 1962 900 2009 ut
929 1969 1096 2026 supra
1122 1953 1562 2020 memoravimus,
1590 1952 1889 2023 Bagoariis,
1913 1949 2125 2011 Suevis,

557 2046 945 2119 Lotharingiis,
979 2045 1202 2103 Francis
1243 2054 1407 2116 atque
1450 2043 1760 2101 Saxonibus
1804 2043 2129 2114 imperabat.

554 2136 658 2193 llic
684 2138 847 2192 etiam
877 2136 1435 2208 Sclavorumgentem
1458 2136 1796 2191 innumeram
1827 2132 2132 2205 subjugavit

558 2234 766 2304 sibique
809 2232 1152 2290 tributariam
1202 2232 1360 2299 fecit;
1401 2231 1610 2303 primus
1643 2230 1921 2287 etiamhie
1952 2229 2132 2285 Danos

551 2327 862 2401 subiugavit
886 2327 1094 2398 sibique
1120 2326 1326 2382 servire
1346 2324 1541 2396 coegit,
1582 2338 1646 2379 ac
1675 2338 1773 2394 per
1805 2321 1909 2377 hoc
1937 2335 2132 2375 nomen

558 2435 712 2476 suum
741 2418 924 2473 multis
956 2416 1192 2472 nationis
1216 2415 1281 2455 ’θ’
1310 2413 1524 2471 celebre
1547 2413 1692 2467 fecit.

628 2511 716 2566 22.
757 2509 871 2565 Rex
898 2507 1238 2580 igiturllugo
1263 2521 1387 2563 cum
1432 2521 1588 2577 reges
1633 2504 1850 2560 sibimet
1889 2518 1953 2558 ac
1984 2501 2133 2573 prin-

558 2604 706 2673 cipes
755 2601 959 2655 amicos
1013 2598 1367 2654 circumcirca
1436 2596 1782 2667 adquireret,
1834 2594 2041 2649 studuit
2081 2600 2135 2648 et

558 2692 799 2749 Achiviis
830 2705 1025 2745 nomen
1082 2704 1239 2744 suum
1275 2689 1433 2759 longe
1467 2703 1496 2740 a
1529 2686 1682 2741 uobis
1728 2685 1922 2756 positis
1947 2693 2132 2739 notum

560 2784 762 2838 facere.
795 2779 1099 2850 lmperabat
1127 2793 1257 2834 vero
1286 2778 1370 2832 his
1413 2788 1545 2831 tunc
1587 2777 1845 2847 temporis
1870 2776 2134 2832 memoria

558 2875 697 2931 satis
724 2884 781 2929 et
808 2872 964 2928 laude
988 2873 1181 2944 dignus
1221 2870 1496 2926 Romanos
1518 2869 1836 2940 imperator,
1856 2868 2132 2934 liberalis,

2230 1773 2436 1844 primus
2463 1773 2678 1828 navium
2711 1772 2830 1829 ﬁeri
2877 1783 3196 1829 mereretur.
3227 1773 3467 1842 Quadam
3511 1782 3696 1829 autem
3723 1790 3816 1829 no-

2214 1872 2336 1925 cte,
2386 1863 2513 1918 dum
2570 1864 2905 1935 exploratum
2955 1864 3257 1922 Saracenos
3309 1866 3507 1933 abiret,
3556 1876 3815 1937 essetque

2231 1954 2418 2009 eodem
2448 1954 2500 2008 in
2530 1953 2647 2009 loco
2672 1954 2827 2025 palus
2857 1964 3018 2027 atque
3047 1956 3427 2012 arundinetum
3478 1971 3589 2012 non
3639 1956 3813 2011 modi-

2230 2059 2370 2105 cum,
2398 2044 2622 2116 contigit
2670 2043 2878 2099 leonem
2932 2043 3323 2101 ferocissimum
3376 2060 3445 2101 ex
3492 2046 3815 2101 arundineto

2231 2136 2501 2209 prosilire,
2559 2150 2952 2208 cervorumque
3008 2136 3406 2193 multitudinem
3457 2136 3517 2192 in
3566 2137 3815 2209 paludem

2232 2230 2559 2301 dintergere,
2587 2245 2861 2301 unumque
2882 2245 3073 2285 eorum
3105 2244 3325 2301 capere,
3367 2229 3558 2299 sicque
3601 2230 3675 2262 ¹⁹⁹
3700 2246 3818 2284 ven-

2232 2321 2331 2377 tris
2357 2321 2562 2376 rabiem
2586 2319 2858 2392 mitigare.
2903 2324 3123 2395 Ρομὰνος
3150 2319 3205 2377 di
3242 2324 3259 2340 ⁹
3296 2324 3383 2378 τὸν
3438 2324 3608 2377 αὐτῶν
3664 2322 3815 2394 {va-foe

2217 2410 2429 2468 ’ἅκονων
2481 2412 2750 2469 ἔδειλίασεν
2800 2411 3022 2489 σφόδρα,
3072 2411 3346 2467 Romanos
3399 2413 3466 2467 de
3514 2420 3607 2468 ton
3659 2420 3814 2466 auten

2233 2496 2425 2573 pso'fon
2456 2518 2627 2559 acuun
2656 2503 2915 2559 ediliasen
2949 2502 3152 2569 sfodra,
3208 2501 3260 2559 id
3288 2514 3372 2559 est
3417 2502 3703 2558 Romanos
3750 2502 3813 2533 ’ν’

2235 2603 2415 2651 autem
2445 2609 2633 2650 eorum
2661 2594 2898 2650 sonitum
2926 2594 3173 2659 audiens,
3219 2594 3395 2648 timuit
3426 2592 3610 2648 valde.
3656 2592 3819 2648 Puta-

2234 2685 2311 2740 vit
2347 2684 2490 2740 enim
2538 2683 2931 2740 Saracenorum
2985 2682 3379 2738 multitudinem
3423 2696 3571 2747 esse,
3622 2681 3719 2753 qui
3764 2695 3819 2736 se

2235 2784 2581 2845 conspectum
2606 2775 2794 2831 fraude
2818 2774 2994 2846 aliqua
3025 2774 3221 2831 vellent
3246 2775 3575 2845 perhimere.
3598 2772 3817 2852 ὀρθρον

2236 2867 2290 2924 δέ
2326 2869 2541 2941 βαθέως,
2581 2868 2770 2923 ortbru
2804 2868 2870 2924 de
2914 2866 3159 2933 vatheos,
3204 2866 3258 2923 id
3297 2874 3381 2922 est
3433 2881 3597 2922 mane
3641 2877 3820 2923 autem

556 2966 848 3028 humanus,
877 2964 1116 3034 prudens
1131 2978 1196 3017 ac
1226 2963 1382 3032 pius;
1417 2962 1502 3016 cui
1529 2976 1650 3016 cum
1681 2969 1901 3031 prepter
1925 2974 2134 3015 morum
2172 3026 2207 3034 _
2239 2957 2416 3029 primo
2442 2972 2732 3028 exurgens,
2762 2972 2887 3013 cum
2925 2957 3336 3028 diligentissime
3359 2965 3555 3014 cuncta
3578 2959 3820 3014 conside-

559 3026 908 3126 probitatent,
942 3061 1054 3108 tum
1079 3026 1302 3122 propter
1324 3050 1517 3120 lingua:
1542 3026 1903 3105 urbanitatem
1931 3048 2137 3120 genito-
2164 3026 2209 3089 (ἶ
2241 3026 2407 3117 raret,
2440 3026 2743 3121 conspectis
2774 3026 3044 3122 vestigiis,
3090 3052 3293 3116 εὐθέως,
3339 3050 3591 3116 entheos,
3643 3050 3699 3106 id
3743 3059 3822 3106 est

550 3159 677 3201 rem
707 3157 885 3199 meum
917 3141 1099 3213 dirigit
1125 3140 1394 3194 nuntium.

629 3234 719 3290 25.
754 3232 856 3301 Qui
904 3247 1028 3288 cum
1078 3231 1267 3287 eodem
1319 3229 1671 3300 pervenisset,
1719 3230 1863 3285 inter
1921 3237 2136 3296 caetera,

558 3341 683 3398 quae
706 3323 1019 3395 imperatori
1065 3323 1310 3379 Romano
1351 3337 1447 3378 rex
1500 3319 1653 3392 Hugo
1704 3334 1928 3375 munera
1976 3319 2140 3376 mise-

544 3427 653 3473 rat.
697 3417 790 3482 ¹⁹⁸,
814 3414 1120 3486 huiusmodi
1149 3415 1284 3470 duos
1308 3427 1472 3469 canes
1493 3411 1738 3478 adduxit,
1758 3409 1946 3481 quales
1967 3410 2021 3466 in
2041 3423 2139 3466 ea-

564 3511 684 3565 dem
718 3525 824 3565 non
850 3516 977 3564 sunt
1018 3507 1308 3577 aliquando
1335 3505 1510 3577 patria
1548 3504 1669 3561 visi.
1700 3503 1804 3572 Qui
1851 3503 1978 3559 dum
2013 3511 2140 3558 ante

560 3606 946 3671 imperatorem
982 3600 1198 3656 adducti
1246 3598 1502 3666 fuissent,
1543 3596 1648 3652 nisi
1688 3596 1979 3651 multorum
2011 3596 2138 3650 bra-

563 3691 704 3748 chiis
737 3698 1065 3756 tenerentur,
1091 3703 1215 3744 eum
1252 3688 1501 3758 protinus
1528 3685 1799 3742 morsibus
1849 3683 2135 3739 laniarent.

548 3781 702 3835 Puto
721 3781 886 3846 enim,
914 3780 1040 3849 quia
1071 3780 1199 3834 dum
1228 3780 1370 3835 hunc
1408 3777 1703 3834 Grecorum
1744 3790 1895 3832 more
1926 3777 2141 3831 teristro

550 3872 716 3944 ,(100)
754 3880 1004 3944 opertum
1026 3871 1322 3941 habituque
1348 3870 1563 3927 insolito
1586 3871 1839 3925 viderunt
1872 3870 2138 3937 indutum,

542 3979 673 4019 Anon
696 3965 971 4020 hominem
1001 3964 1095 4020 sed
1120 3972 1416 4019 monstrum
1443 3963 1658 4033 aliquod
1687 3971 2031 4035 putaverunt.

638 4055 730 4108 24.
762 4037 1003 4125 Deniqlte
1047 4071 1244 4128 magno
1284 4070 1405 4112 cum
1440 4056 1647 4113 honore
1692 4057 1760 4111 ab
1806 4054 1995 4112 eodem
2025 4070 2147 4113 sus-

541 4153 756 4215 «eeptus
797 4144 866 4176 m
887 4155 971 4201 est
1016 4145 1360 4215 imperatore.
1388 4144 1500 4200 Nec
1526 4154 1634 4199 tam
1659 4158 1764 4215 pro
1784 4146 1860 4201 rei
1907 4146 2146 4202 novitate

556 4244 667 4289 .aut
688 4249 971 4289 munerum
1001 4236 1391 4306 magnitudine,
1417 4243 1679 4305 quantum
1728 4236 1984 4305 quoniam
2013 4235 2144 4292 dum

2233 3145 2420 3200 statim
2435 3144 2563 3214 quid
2587 3144 2689 3199 hoc
2716 3152 2880 3210 esset,
2910 3143 3145 3214 agnovit.
3169 3142 3349 3198 Leone
3373 3142 3558 3213 itaque
3585 3143 3640 3197 in
3665 3158 3822 3198 arun-

2240 3234 2425 3293 dineto
2480 3244 2871 3300 commorante,
2923 3232 3201 3306 ⁸Ρομάνος,
3256 3232 3540 3289 Romanus
3591 3232 3821 3289 Grecum

2241 3331 2442 3403 ignem,
2475 3331 2565 3401 qui
2610 3329 2764 3386 nullo
2792 3338 2991 3401 printer
3019 3329 3157 3385 aceti
3198 3327 3406 3398 liquore
3447 3327 3822 3399 extinguitur,

2240 3424 2479 3495 undique
2504 3422 2601 3494 per
2628 3422 3005 3478 arundinetum
3030 3422 3239 3493 jactare
3265 3419 3546 3491 praeepit.
3574 3418 3712 3474 Erat
3738 3433 3825 3472 au-

2243 3521 2349 3568 tem
2373 3513 2425 3567 in
2456 3511 2779 3567 arundineto
2802 3524 3029 3567 acervus
3064 3509 3118 3564 in
3145 3508 3500 3565 arundinibus
3526 3507 3745 3578 plenus,
3771 3508 3823 3562 in

2241 3617 2400 3674 quem
2428 3601 2512 3657 leo
2531 3599 2865 3672 confugiens,
2898 3600 2987 3656 illo
3011 3608 3096 3655 est
3125 3599 3194 3654 ab
3216 3599 3342 3671 igne
3383 3597 3652 3654 salvatus.
3684 3598 3821 3654 Vca-

2245 3704 2328 3751 tus
2355 3694 2551 3765 quippe
2572 3693 2846 3748 contraria
2873 3708 2939 3747 ex
2983 3700 3139 3763 parte
3180 3688 3338 3756 flans,
3400 3690 3610 3759 ignem,
3652 3705 3723 3745 ne
3758 3688 3824 3743 ad

2243 3799 2495 3841 acervum
2524 3798 2693 3854 usque
2719 3783 3047 3855 perveniret,
3075 3781 3351 3836 arnmovit.
3378 3780 3661 3836 Romanos
3688 3793 3821 3851 prae-

2243 3883 2390 3929 terea
2420 3881 2538 3944 post
2568 3872 2704 3943 ignis
2732 3870 3118 3927 extinctionem
3144 3884 3250 3925 uno
3286 3878 3495 3924 tantum
3524 3881 3654 3924 cum
3683 3882 3823 3923 asse-

2240 3965 2385 4030 cula,
2416 3980 2598 4021 ensem
2630 3964 2802 4020 solum
2851 3964 3059 4030 dextra,
3112 3964 3328 4018 sinistra
3375 3972 3557 4019 autem
3606 3963 3822 4034 pallium

2247 4066 2485 4129 gestans,
2508 4056 2687 4111 locum
2711 4070 2931 4112 omnem
2967 4070 3258 4127 peragrans
3285 4055 3498 4120 lustrat,
3524 4053 3573 4111 si
3598 4055 3739 4110 forte
3767 4069 3827 4109 os

2247 4163 2314 4204 ex
2338 4162 2403 4203 eo
2432 4147 2516 4203 vel
2541 4148 2752 4219 signum
2782 4147 2996 4217 aliquod
3041 4146 3356 4217 repperiret.
3384 4145 3502 4202 Iam
3545 4161 3682 4201 vero
3706 4160 3826 4201 cum

2248 4241 2303 4295 in
2330 4254 2394 4295 eo
2416 4248 2581 4305 esset,
2613 4248 2673 4294 ut
2699 4239 2866 4294 nichil
2915 4239 3194 4295 inveniens
3242 4238 3547 4309 repedaret,
3595 4239 3689 4309 qui
3728 4232 3825 4292 hoc

569 4327 827 4399 praefatus
852 4329 1065 4399 genitor
1092 4328 1494 4385 Tessalonicam
1534 4328 1794 4394 venisset,
1827 4326 2145 4385 Sclavorum
2191 4400 2195 4402 _
2250 4331 2480 4388 monstri
2504 4342 2669 4397 esset,
2701 4331 2845 4402 quod
2872 4346 3095 4387 acervus
3119 4330 3207 4386 ille
3228 4330 3302 4386 sit
3326 4331 3393 4387 ab
3419 4330 3543 4401 igne
3563 4329 3822 4393 salvatus,

556 4408 810 4487 quidam,
844 4418 932 4487 qui
958 4417 1192 4473 rebelles
1219 4416 1465 4473 Romano
1510 4418 1822 4487 imperatori
1851 4419 2146 4474 extiterant
2174 4400 2225 4465 Ῑ)
2250 4425 2454 4481 studuit
2475 4425 2670 4480 visere.
2699 4400 2948 4494 Cumque
2975 4423 3081 4479 duo
3113 4430 3330 4495 propter
3360 4422 3420 4494 [ἱ.
3447 4400 3494 4477 e.
3518 4422 3706 4495 juxta]
3739 4439 3822 4476 as-

570 4517 882 4589 terrpmque
901 4506 1019 4576 ejus
1043 4508 1457 4578 depopulabant,
1506 4522 1669 4578 super
1696 4524 1819 4564 eum
1849 4510 2142 4565 irruerunt.

568 4601 770 4654 Verum
790 4600 889 4655 Dei
918 4609 1097 4655 actum
1126 4608 1208 4655 est
1231 4600 1449 4670 pietate,
1496 4610 1557 4656 ut
1592 4602 1699 4657 duo
1727 4617 1913 4658 eorum
1945 4601 2147 4672 princi—

570 4702 665 4759 pes
703 4690 829 4755 vivi,
861 4689 1136 4745 nonnullis
1182 4690 1430 4755 mortuis,
1464 4701 1806 4761 caperentur.
1843 4691 1988 4759 Quos
2018 4690 2145 4747 dum

568 4787 926 4847 praesentaret
972 4780 1308 4851 imperatori,
1340 4781 1582 4836 inmensa
1628 4790 1718 4836 est
1766 4780 1989 4837 aﬂ‘ectus
2016 4782 2147 4836 laeti-

572 4870 678 4935 cia,
704 4885 1005 4942 magnoque
1044 4870 1113 4926 ab
1133 4885 1198 4927 eo
1233 4872 1445 4943 genitor
1471 4886 1694 4927 munere
1718 4872 1895 4937 datus,
1921 4871 1987 4927 ad
2032 4871 2146 4926 Hu-

577 4975 768 5030 gonem
800 4978 1006 5033 regem,
1033 4964 1125 5034 qui
1148 4977 1208 5018 se
1242 4965 1383 5019 istuc
1415 4965 1809 5020 1ransmiserat
1861 4964 1958 5028 ηδ,
1989 4964 2149 5019 rediit

579 5052 752 5108 laetus.
780 5052 907 5108 Post
931 5055 1163 5110 reditum
1183 5070 1311 5111 vero
1334 5056 1470 5126 ejus,
1494 5057 1678 5126 paucis
1704 5055 2038 5125 interpositis
2064 5071 2148 5109 so-

578 5141 739 5212 itbus,
766 5145 988 5217 langore
1012 5159 1311 5220 correptus,
1340 5149 1723 5205 monasterium
1745 5148 1900 5221 petiit
1922 5155 2145 5202 sancta:-

2248 4515 2523 4581 sisterent,
2550 4530 2843 4586 secumque
2894 4515 3056 4572 rebus
3100 4530 3168 4569 ex
3214 4511 3483 4568 nonnullis
3516 4514 3831 4569 confabula-v

2251 4615 2393 4675 rent,
2422 4606 2507 4662 leo
2537 4620 2630 4662 eos
2663 4614 2869 4662 tantum
2918 4606 3144 4672 audivit,
3198 4605 3450 4675 quoniam
3497 4606 3718 4675 quidem
3761 4608 3825 4661 ob

2250 4698 2544 4770 caligantes
2588 4699 2774 4755 oculos
2822 4721 2965 4771 παρα
3014 4696 3086 4756 τῶ
3114 4720 3310 4763 καπνω,
3345 4711 3475 4768 para
3514 4707 3569 4751 to
3618 4713 3821 4768 capue,

2251 4790 2393 4860 quod
2421 4799 2505 4846 est
2527 4791 2596 4847 ob
2622 4788 2850 4857 fumum,
2880 4789 3066 4844 videre
3096 4804 3199 4844 non
3252 4789 3445 4860 potuit.
3475 4786 3682 4844 Valens
3726 4789 3823 4859 igi-

2256 4886 2343 4936 tur
2370 4881 2456 4937 leo
2483 4882 2647 4936 animi
2675 4881 2757 4936 sui
2789 4881 3046 4947 furorem,
3078 4895 3236 4951 quem
3264 4881 3332 4934 ab
3356 4878 3479 4949 igne
3505 4887 3827 4949 conceperat

2254 4973 2308 5027 in
2335 4973 2435 5027 hos
2462 4986 2735 5038 evomere,
2775 4971 2911 5028 saltu
2943 4970 3303 5041 rapidissimo,
3330 4983 3435 5037 qua
3482 4968 3700 5022 illorum
3731 4983 3826 5021 vo-

2254 5075 2344 5116 ces
2370 5062 2633 5129 audierat,
2661 5077 2756 5118 eos
2785 5063 2927 5116 inter
2953 5060 3201 5131 prosiliit.
3236 5058 3511 5115 Romanos
3540 5073 3694 5123 vero,
3724 5073 3826 5112 non

2252 5160 2313 5206 ut
2341 5166 2469 5208 suus
2497 5152 2742 5209 assecula
2766 5153 3036 5225 pavitans,
3063 5151 3156 5206 sed
3186 5166 3248 5207 ea
3278 5150 3456 5220 potius
3491 5158 3676 5205 mente
3701 5164 3825 5204 oon-

1859 5236 2091 5293 VARUE
2127 5236 2524 5299 LECTIONES.
