4012 5340
371 175 476 229 853

1331 168 1875 225 ANTAPODOSEOS
1914 169 2090 224 unm
2131 170 2284 224 sex.
2316 204 2385 214 -
2422 171 2550 226 LIB.
2593 143 2678 228 ut.

3533 182 3638 239 846

373 290 590 352 sistens,
634 293 692 340 ut
747 285 846 340 etsi
898 285 1100 339 fractus
1157 282 1372 338 caderet
1417 284 1585 347 orbis,
1639 282 1946 353 inpavidum
1977 288 2021 345 Α
2050 283 2588 356 ConstantinOpolim,
2623 287 2696 340 ita
2745 299 2801 342 ut
2846 303 2875 342 e
2926 289 3123 359 palatio
3166 292 3235 324 ³⁰⁶
3260 294 3426 349 videri
3479 311 3637 366 paene

373 377 544 430 ruina:
573 374 796 428 ferirent
823 374 993 442 (101),
1030 371 1271 444 pallium,
1303 372 1446 442 quod
1485 387 1647 426 manu
1680 373 1952 440 gestabat,

369 445 543 520 leonis
568 464 709 519 inter
770 463 990 517 brachia
1038 462 1206 516 misit.
1253 461 1406 528 Quod
1434 462 1558 516 dum
1588 477 1686 531 pro
1739 461 1955 516 homine

371 555 454 608 leo
485 554 865 621 disscerperet,
897 551 1168 605 Romanos
1199 551 1324 606 totis
1346 551 1488 605 hunc
1514 567 1542 604 a
1578 561 1725 621 tergo
1753 551 1957 607 viribus

371 645 514 699 inter
543 645 777 699 eluuium
813 643 1066 714 juuturas
1120 643 1188 673 '°°
1217 658 1343 697 ense
1391 643 1674 714 percussit.
1710 643 1809 710 Qui
1842 643 1955 697 dis-

373 737 589 791 sotiatis
619 736 912 806 divisisque
968 736 1220 812 crucibus
1265 737 1331 766 ²⁰¹
1373 738 1497 806 quia
1547 745 1692 792 stare
1723 753 1826 791 non
1857 752 1956 808 po-

375 828 495 888 tuit,
550 829 785 899 poenitus
806 826 1018 882 cecidit.
1079 825 1258 881 Leone
1305 827 1446 897 igine
1498 825 1802 892 interfecto,
1849 827 1956 882 Ro-

373 933 562 973 manos
609 918 932 971 seminecem
989 915 1286 971 asseculam
1352 931 1507 970 suum
1563 915 1676 971 solo
1729 925 1954 970 stratum

370 1010 585 1065 eminus
612 1009 766 1074 vidit,
799 1023 958 1077 quem
989 1016 1043 1061 ct
1073 1021 1267 1060 vocare
1315 1021 1444 1061 voce
1476 1007 1743 1076 praecipua
1791 1007 1952 1076 cepit.

373 1099 480 1154 Sed
507 1115 626 1152 cum
680 1097 883 1152 nullum
937 1097 1089 1150 daret
1127 1096 1347 1150 omnino
1394 1111 1727 1165 responsum,
1782 1096 1953 1149 isdem

370 1189 644 1247 Romanos
671 1199 891 1260 propter
941 1204 1062 1242 eum
1105 1188 1334 1250 adstitit,
1394 1189 1634 1257 pedeque
1691 1186 1952 1258 pulsans:

369 1288 551 1358 ἔγειρε,
585 1303 744 1345 smn,
773 1280 906 1336 ἁθλιε
941 1283 1021 1334 καὶ
1047 1280 1316 1355 ταλαντορε,
1347 1302 1418 1352 μη
1451 1280 1625 1352 φοϐοῦ,
1655 1281 1793 1348 égire
1833 1279 1954 1348 ipen

368 1374 528 1426 athlie
584 1371 641 1426 ke
699 1371 923 1439 talepore
967 1369 1038 1422 uti
1081 1369 1315 1438 ’"fobu,
1350 1369 1400 1422 id
1446 1377 1528 1424 est
1573 1368 1762 1440 Surge,
1801 1369 1954 1433 dixit,

369 1467 526 1519 miser
551 1473 598 1518 et
625 1463 694 1494 ²⁰³
737 1464 912 1528 miser,
947 1461 1053 1515 noli
1089 1461 1308 1515 timere!
1335 1461 1435 1528 Qui
1468 1477 1818 1532 consurgens,
1846 1477 1956 1531 prae

367 1555 747 1620 admiratione,
782 1555 906 1607 dum
960 1553 1136 1607 leonis
1173 1555 1560 1607 immanitatem
1595 1555 1954 1624 conspiceret,

2054 386 2260 446 posset,
2290 378 2494 434 ratibus
2521 379 2760 435 collectis
2791 381 3004 436 advenit
3027 382 3137 453 (an.
3172 385 3318 455 9l9).
3363 388 3442 442 Ad
3481 390 3634 458 pala-

2057 470 2190 523 tium
2247 479 2425 526 autem
2449 471 2670 527 minime
2700 473 3089 542 transfretavit,
3116 477 3300 534 laudes
3321 463 3485 549 juxta.
3507 499 3636 538 con-

2055 560 2393 616 suetudinem
2424 561 2886 634 Porpbyrogenito
2914 566 3134 621 minime
3160 569 3488 627 decantavit.
3519 573 3635 641 Que

2059 667 2146 707 res
2170 653 2415 707 eunucho
2450 654 2872 724 parakinumcno
2907 659 3224 730 cunctisque
3249 659 3634 718 Constantinu-

2053 743 2240 812 poleos
2289 746 2625 818 principibus
2685 757 2958 818 stuporem
3021 751 3338 807 timoremve
3401 771 3629 825 parvum

2057 850 2162 890 non
2213 837 2426 892 adtulit.
2480 837 2828 895 lnternuntiis
2880 841 3078 911 itaque,
3112 844 3238 913 quid
3269 845 3370 900 hoc
3407 848 3634 902 monstri

2056 926 2144 990 sit,
2194 924 2342 995 quod
2369 942 2546 996 regem
2605 945 2710 984 nou
2765 931 2959 986 adierit
3004 933 3071 963 ²⁰⁷
3105 933 3394 1006 laudesque
3424 935 3634 992 debitas

2060 1034 2166 1072 non
2191 1018 2529 1087 persolverit,
2559 1019 2833 1076 siscitatur
2859 1023 2948 1076 ὀθ.
2984 1024 3184 1094 llisque
3221 1040 3250 1078 a
3275 1025 3521 1083 Romano
3546 1044 3635 1083 re-

2057 1111 2372 1178 spondetur,
2397 1113 2536 1182 quod
2560 1115 2791 1183 propriae
2813 1115 2934 1171 vita:
2961 1116 3155 1171 timens
3178 1117 3434 1187 palatium
3459 1110 3637 1176 declic'

2057 1201 2229 1264 narit;
2259 1211 2314 1256 et
2337 1202 2554 1272 adjecit,
2579 1205 2720 1273 quod
2739 1206 2779 1259 si
2804 1207 3479 1276 parakinumenoscmteris
3510 1229 3632 1270 cum

2057 1291 2388 1362 principibus
2434 1309 2492 1349 se
2515 1310 2618 1349 non
2647 1296 2838 1361 adiret,
2869 1297 3141 1368 vitamque
3171 1301 3242 1355 illi
3271 1312 3325 1356 et
3371 1303 3632 1360 honorem

2049 1381 2400 1454 jurejurando
2426 1387 2787 1455 promitteret,
2822 1404 2942 1444 mox
2968 1406 3026 1444 se
3049 1392 3112 1444 ad
3145 1390 3488 1451 Cretensium
3514 1395 3621 1451 Sa-

2060 1493 2377 1532 racenorum
2407 1494 2584 1548 regem
2613 1479 2904 1544 cooferrct,
2947 1497 3277 1556 regnumque
3301 1487 3627 1558 Argivorum

2059 1569 2141 1622 sui
2171 1569 2355 1623 auxilii
2387 1569 2697 1624 fortitudine
2723 1571 3034 1628 debellaret.
3071 1575 3222 1641 Quod
3253 1593 3412 1647 quam
3438 1578 3630 1634 callide

367 1661 474 1698 non
507 1645 693 1698 habuit
741 1644 877 1696 ultra
930 1643 1194 1713 spiritum.
1233 1644 1602 1707 ιξεπ).ισσοντο
1656 1643 1709 1698 δέ
1763 1647 1944 1706 πάντες

2053 1660 2268 1723 dixerit,
2289 1661 2466 1715 exitus
2495 1661 2806 1716 declarabit.
2831 1662 2997 1736 Igitur
3025 1667 3165 1735 quod
3189 1643 3380 1737 prefati
3420 1685 3629 1735 sumus,

364 1739 484 1813 πέρι
520 1744 614 1792 τοῦ
640 1731 858 1808 Ρομανοῦ
895 1737 1062 1791 τάυτα
1110 1755 1438 1798 ακουσαντες,
1485 1734 1846 1804 exeplissonto
1886 1737 1952 1791 de

365 1837 555 1898 pantes
583 1828 695 1897 peri
744 1839 796 1880 tu
828 1827 1079 1889 Romanu
1114 1835 1258 1880 tanta
1289 1837 1596 1891 acusantes,
1628 1826 1680 1880 id
1727 1835 1809 1883 est
1838 1835 1950 1882 stu-

363 1922 564 1992 pebant
597 1931 776 1974 autem
833 1935 1020 1973 omnes
1062 1918 1126 1972 de
1178 1917 1422 1972 Romano
1478 1919 1593 1972 haec
1647 1917 1947 1974 audientes.

364 2012 518 2068 Unde
548 2011 745 2066 factum
769 2022 869 2076 cst,
895 2020 953 2064 ut
984 2020 1089 2064 tam
1135 2025 1233 2080 pro
1277 2009 1489 2064 cmteris
1533 2024 1801 2080 quamque
1851 2025 1948 2080 pro

364 2105 628 2175 prmclaro
688 2104 940 2174 praesenti
991 2103 1092 2157 hoc
1137 2102 1372 2155 facinore
1401 2115 1505 2155 non
1553 2101 1720 2156 multo
1763 2110 1947 2171 posta

367 2196 544 2251 Leone
604 2196 924 2266 imperatore
976 2202 1124 2246 tanto
1187 2193 1480 2246 donaretur
1525 2193 1752 2257 honore,
1805 2213 1947 2253 οπως

363 2303 535 2344 παντα
563 2309 631 2342 τα
653 2291 667 2308 ⁶
693 2288 1183 2355 1r).oca,0p0$panla
1204 2282 1330 2353 plia,
1356 2283 1407 2336 id
1434 2291 1535 2347 est,
1562 2291 1621 2337 ut
1641 2297 1829 2338 omnes
1850 2298 1949 2338 na-

365 2395 458 2434 ves
478 2379 532 2432 in
561 2377 806 2432 manibus
835 2383 1016 2430 essent
1041 2374 1173 2439 suis,
1198 2372 1420 2445 ejusque
1438 2373 1771 2444 jussionibus
1793 2376 1944 2432 oboe-

363 2472 562 2526 dirent.

430 2575 520 2630 26.
561 2575 671 2629 Leo
711 2574 968 2642 denique,
1009 2570 1303 2628 Grecorum
1345 2572 1591 2642 piisimus
1624 2572 1942 2644 imperator,

360 2666 514 2737 cujus
553 2682 713 2736 supra
768 2666 994 2720 fecimus
1024 2664 1375 2730 mentionem,
1427 2665 1670 2736 corporis
1719 2665 1942 2721 humani

360 2758 600 2820 debitum
655 2760 871 2812 solvens
923 2758 1174 2826 viamque
1227 2757 1408 2812 carnis
1454 2758 1718 2812 universa:
1763 2757 1943 2828 ingre-

361 2849 513 2916 diens
561 2848 672 2918 (an.
723 2846 868 2919 912),
911 2847 1062 2917 regni
1111 2847 1194 2902 sui
1248 2847 1502 2902 heredem
1549 2847 1938 2914 Alexandrum,

360 2938 583 2994 fratrem
607 2954 946 3010 germanum,
969 2938 1295 3009 ubicumque
1323 2954 1476 2994 suum
1501 2938 1937 3006 Constantinum,

2053 1754 2326 1824 principes
2357 1763 2563 1810 terrore
2590 1756 2875 1825 compulsi,
2910 1759 3220 1828 ignorantes
3252 1761 3394 1830 quod
3439 1762 3632 1818 lateret

2053 1845 2242 1914 anguis
2266 1845 2318 1899 in
2365 1845 2552 1910 herba,
2604 1861 2793 1901 omnes
2835 1847 2978 1902 hunc
3027 1848 3350 1905 ﬁducialiter
3394 1851 3628 1917 adeunt,

2051 1935 2194 2004 quod
2222 1936 2571 1991 mandaverat
2589 1945 2866 2006 gratanter
2895 1939 3172 2008 cupientes
3210 1941 3451 2010 implere.
3485 1941 3632 2008 Quos

2049 2040 2260 2089 omnes,
2284 2041 2389 2080 non
2417 2026 2560 2081 malo
2598 2027 2824 2082 consilio
2847 2038 3087 2098 accepto,
3127 2030 3398 2101 projeetos
3423 2032 3478 2086 in
3506 2047 3633 2088 sen-

2052 2113 2216 2186 tinam
2248 2115 2410 2186 ligat;
2441 2116 2626 2186 sicque
2660 2131 2884 2172 securus
2912 2119 2978 2172 ad
3023 2117 3212 2174 urbem
3262 2136 3456 2192 magno
3503 2138 3627 2177 cum

2048 2206 2304 2260 comitatu
2335 2207 2575 2272 festinat,
2609 2205 2694 2268 iis,
2725 2222 2860 2276 quos
2910 2218 3187 2277 suspectos
3214 2209 3496 2276 habuerat,
3527 2225 3628 2279 pa-

2048 2293 2234 2350 latium
2265 2304 2473 2365 purgat,
2505 2311 2616 2350 sua:
2645 2295 2784 2364 parti
2827 2306 3101 2365 parcentes
3129 2298 3197 2329 ²⁰⁹
3236 2297 3384 2370 (105)
3407 2299 3481 2354 ibi
3517 2300 3629 2354 col-

2047 2387 2230 2442 locat:
2265 2399 2550 2452 rectorem,
2600 2388 2910 2458 magistros,
2959 2390 3234 2457 patricios,
3286 2391 3622 2462 logothetim,

2046 2479 2334 2548 eparchon,
2386 2476 2664 2545 kitouitas,
2715 2478 3094 2545 cubicularios,
3141 2482 3620 2551 protospatharios,

2045 2569 2373 2638 spatharios,
2403 2568 3002 2639 spatharocandidatos,
3033 2572 3473 2640 parathalassitin
3496 2588 3623 2628 suos

2045 2659 2204 2726 facit;
2235 2670 2482 2727 eteteros,
2521 2669 2582 2716 ut
2629 2661 2884 2726 diximus,
2915 2662 3148 2717 abdicat.
3199 2663 3300 2729 Qui
3355 2664 3519 2719 etiam
3560 2673 3624 2720 ut

2044 2761 2277 2822 emptum
2331 2768 2465 2823 opus
2503 2753 2711 2808 firmius
2737 2762 2996 2824 patraret,
3023 2770 3144 2809 cum
3172 2753 3623 2828 Porphyrogeniti

2045 2853 2216 2900 matre
2261 2855 2376 2909 Ζοη,
2412 2843 2508 2898 Zoi
2539 2844 2607 2874 ²¹⁰
2643 2845 2880 2911 nomine,
2933 2846 3149 2900 veneria
3209 2853 3295 2900 est
3341 2845 3623 2902 dulcedine

2038 2933 2258 3004 junctus
2288 2937 2377 2990 ω.
2413 2935 2549 2992 Tota
2607 2952 2729 2991 mox
2777 2937 2968 2992 civitas
2994 2947 3309 3005 coronatur,
3337 2948 3391 2993 et
3418 2938 3620 2995 Roma-

357 3024 450 3100 qui
480 3046 623 3084 nunc
648 3038 894 3099 superest
921 3037 976 3084 et
1025 3029 1254 3084 feliciter
1295 3039 1506 3100 regnat,
1561 3031 1864 3099 parvulum,
1889 3041 1946 3087 et
1970 3012 2014 3074 (ἶ
2046 3041 2142 3081 nos
2171 3036 2324 3095 pater
2359 3026 2609 3082 vasilleos
2635 3027 2702 3081 ab
2732 3027 2984 3084 omnibus
3012 3028 3295 3098 apellatur.

360 3130 418 3174 ut
443 3120 600 3176 Greci
630 3107 778 3175 aiunt
815 3122 1017 3185 αλαλον,
1050 3121 1250 3187 alalon,
1281 3121 1440 3176 idest
1475 3137 1579 3176 nou
1608 3123 1936 3194 loquentem,

358 3211 674 3282 dereliquid.
708 3210 912 3277 Quibus
951 3211 1017 3265 ad
1048 3211 1301 3265 tuendum
1342 3211 1600 3280 palatium
1633 3212 1939 3266 tutandam-

355 3315 462 3370 que
487 3316 600 3355 rem
625 3301 912 3370 privatam,
942 3307 998 3354 ut
1044 3300 1166 3355 istic
1196 3301 1364 3356 moris
1395 3309 1494 3363 est,
1524 3303 1829 3356 eunuchum
1855 3301 1939 3355 of-

359 3392 482 3446 ficio
505 3391 964 3462 parakinumenon
995 3389 1140 3462 (102)
1171 3391 1338 3455 dedit,
1385 3390 1564 3446 Focan
1613 3406 1742 3446 vero
1788 3390 1940 3466 δομι-

355 3499 532 3538 στικον
559 3501 740 3555 μεγαν,
790 3480 1147 3535 domesticum
1186 3481 1468 3551 majorem,
1495 3481 1597 3536 hoc
1626 3489 1710 3537 est
1762 3493 1936 3537 terre-

355 3563 487 3630 stris
537 3576 723 3630 ducem
779 3574 1072 3639 exercitus,
1101 3572 1246 3629 fecit.
1279 3573 1558 3629 Romanon
1589 3583 1792 3640 autem,
1831 3589 1937 3628 non

355 3668 508 3724 claro
557 3667 812 3721 natalium
865 3667 1022 3721 hortu
1086 3668 1178 3721 sed
1238 3668 1416 3722 cordis
1472 3669 1936 3738 magnanimitate,

355 3757 653 3832 δελοηαρην
677 3755 746 3788 ’°"
788 3778 876 3816 της
899 3754 1086 3820 πλοῶς,
1111 3756 1421 3827 delougarin
1449 3757 1516 3814 tis
1538 3757 1706 3827 ploos,
1735 3759 1835 3813 hoc
1857 3767 1940 3814 est

356 3850 567 3904 navalis
617 3848 886 3902 exercitus
941 3848 1260 3917 principem,
1291 3848 1577 3902 ordinavit.
1634 3850 1940 3905 Alexander

297 4000 302 4007 ,
355 3951 480 4011 post
513 3940 782 3994 modicum
837 3937 1145 4002 defunctus,
1185 3937 1283 3990 soli
1314 3936 1668 3992 Constantino
1703 3939 1929 4010 parvulo

357 4032 644 4102 imperium
676 4029 959 4099 dereliquit
981 4027 1092 4099 (an.
1119 4028 1263 4098 915).
1292 4028 1532 4096 Denique
1560 4037 1800 4099 tempore
1827 4046 1935 4100 quo

357 4140 584 4195 magnus
612 4124 904 4192 imperator
931 4119 1040 4175 Leo
1070 4119 1320 4191 migravit
1361 4118 1427 4173 ad
1457 4120 1752 4187 Christum,
1797 4137 1936 4191 pra:-

357 4216 500 4272 fatus
542 4215 713 4270 Focas
761 4212 1107 4277 domesticus,
1170 4212 1439 4267 terrestris
1491 4213 1599 4267 dux
1645 4214 1933 4280 exercitus,

357 4317 547 4362 contra
581 4307 886 4360 Simeonem
923 4304 1300 4374 Bulgariorum
1335 4320 1515 4376 regem
1551 4307 1735 4375 cupias
1768 4307 1936 4360 duxe-

358 4409 464 4465 rat,
495 4400 652 4469 eique
679 4396 1199 4465 Constantinopolim
1232 4396 1415 4451 venire
1437 4397 1672 4465 cupienti
1718 4411 1821 4452 non
1851 4398 1933 4450 in—

357 4492 586 4546 virilitcr
617 4497 942 4559 repugnarat
983 4487 1084 4541 ²⁰⁸.
1118 4487 1390 4542 Romanos
1434 4503 1584 4552 vero,
1608 4497 1797 4542 utnon
1849 4487 1933 4540 in-

358 4583 604 4648 callidus,
636 4581 819 4635 audito
846 4581 1254 4650 imperatorum,
1286 4579 1484 4634 Leonis
1516 4579 1719 4634 scilicet
1773 4587 1934 4649 atque

359 4676 666 4740 Alexandri,
693 4674 934 4740 interitu,
958 4673 1102 4728 haud
1130 4673 1285 4745 longe
1306 4673 1373 4729 ab
1397 4675 1530 4728 urbe
1550 4673 1774 4727 collecto
1797 4672 1935 4728 clas-

360 4771 492 4823 sium
527 4768 770 4823 exercitu
800 4766 917 4832 fuit,
953 4772 1116 4836 atque
1169 4766 1221 4819 in
1253 4764 1482 4819 insulam
1514 4779 1735 4834 parvam
1779 4761 1934 4831 juxta

2113 3121 2201 3176 27.
2233 3120 2496 3192 Pugnanti
2525 3129 2786 3191 praeterea
2818 3136 2939 3176 cum
2967 3121 3232 3190 Bulgariis
3255 3122 3394 3178 Foca
3441 3124 3622 3180 dome-

2043 3214 2201 3278 stico,
2232 3211 2322 3282 qui
2351 3219 2404 3265 et
2426 3211 2539 3280 ipse
2567 3220 2720 3279 pater
2748 3211 2998 3266 vasilleos
3023 3215 3280 3268 ardenter
3303 3213 3420 3269 ﬁeri
3443 3215 3621 3286 cupie-

2043 3304 2156 3368 bat,
2182 3302 2298 3371 ipso
2323 3302 2376 3356 in
2399 3299 2540 3355 bello
2562 3299 2628 3354 de
2646 3299 2887 3354 hostibus
2902 3300 3012 3369 jam
3040 3302 3364 3372 triumphum
3393 3305 3618 3371 tenenti,

2042 3392 2166 3463 quid
2198 3408 2227 3446 a
2253 3391 2498 3447 Romano
2521 3399 2700 3447 actum
2729 3390 2800 3446 sit
2829 3393 3128 3446 nuntiatur.
3157 3393 3257 3459 Qui
3283 3409 3407 3449 mox
3437 3395 3620 3451 animo

2041 3489 2418 3538 consternatus
2445 3481 2721 3552 nimioque
2767 3480 2952 3537 dolore
3002 3482 3329 3552 compulsus,
3375 3484 3620 3541 victoria:

2039 3575 2250 3646 signum
2276 3589 2383 3643 quo
2412 3573 2595 3646 hostes
2629 3573 3012 3643 insequebatur
3038 3572 3280 3644 proiecit,
3317 3583 3468 3644 terga
3496 3591 3618 3631 ver-

2041 3645 2125 3729 tit,
2151 3665 2330 3736 fugam
2353 3645 2484 3719 suos
2502 3664 2638 3718 inire
2675 3663 2820 3718 fecit.
2850 3663 3124 3734 Reparant
3169 3665 3352 3734 itaque
3382 3665 3618 3737 Bulgarii

2041 3759 2309 3812 Simeouis
2368 3758 2583 3811 hortatu
2649 3756 2878 3821 animos,
2910 3764 2965 3810 et
3015 3772 3151 3826 quos
3197 3758 3347 3828 prius
3390 3759 3618 3814 adverso

2041 3849 2209 3904 Marte
2263 3848 2530 3918 fugerant,
2583 3863 2842 3918 prospero
2898 3848 3238 3916 postmodum
3280 3849 3616 3919 insecuntur,

2041 3952 2297 4010 tantaque
2325 3949 2452 3994 tunc
2490 3938 2819 3993 Achivorum
2855 3946 3065 4008 strages
3095 3936 3344 4004 etlieitur,
3376 3948 3436 3994 ut
3463 3939 3619 4012 longo

2039 4042 2156 4106 post
2187 4042 2427 4102 tempore
2451 4046 2671 4101 campus
2697 4029 2886 4100 plenus
2919 4030 3132 4085 ossibus
3161 4030 3454 4086 videretur.

2105 4128 2196 4182 ‘28.
2221 4127 2290 4158 ’⁸³
2329 4123 2486 4180 Omni
2517 4122 2748 4192 denique
2772 4138 2894 4176 cum
2930 4121 3272 4177 festinatione
3292 4122 3407 4192 jam
3439 4126 3619 4180 nomi-

2037 4204 2198 4276 natus
2252 4217 2427 4273 Focas
2473 4215 2802 4270 domesticus
2863 4213 3385 4283 Constantinopolim
3435 4215 3616 4279 redit;

2035 4310 2294 4382 palatium
2338 4305 2540 4375 ingredi
2584 4305 2751 4374 cupit,
2789 4304 2841 4358 vi
2887 4305 3086 4358 et'uon
3122 4314 3237 4359 arte
3269 4313 3426 4374 pater
3452 4305 3619 4359 vasil-

2037 4403 2150 4456 leos
2183 4399 2296 4453 fieri
2343 4396 2563 4466 satagit.
2609 4393 2714 4449 Sed
2747 4394 2872 4464 quia
2916 4396 2991 4447 vis
3023 4394 3229 4449 consilii
3270 4412 3449 4465 expers
3479 4395 3614 4450 mole

2038 4494 2142 4547 ruit
2173 4508 2288 4552 sua,
2321 4499 2458 4545 etut
2484 4487 2708 4546 Flaccus
2735 4487 2865 4541 dicit
2889 4484 3058 4558 (101),

2165 4583 2242 4632 Dii
2266 4585 2582 4643 temperatam
2611 4577 2882 4639 provehunt
2906 4578 2952 4625 in
2979 4579 3147 4639 majus,

2037 4683 2068 4722 a
2100 4666 2345 4720 Romano
2380 4660 2707 4717 domesticus
2759 4660 2860 4715 iste
2901 4660 3134 4728 capitur,
3182 4667 3345 4729 atque
3385 4667 3616 4730 utroque

2043 4757 2245 4811 lumine
2271 4755 2530 4824 privatur.
2564 4750 2829 4821 Bulgariis
2858 4764 2963 4803 non
2997 4749 3218 4805 minima
3248 4751 3331 4806 vis
3366 4760 3615 4821 augetur,

1631 4919 1862 4976 VARIZE
1905 4910 2306 4974 LECTIONES.

424 5064 495 5096 ¹⁰⁶
528 5065 564 5116 i.
589 5081 636 5116 ε.
659 5061 942 5141 juncturas
969 5059 1236 5141 legendum
1258 5075 1366 5112 esse
1387 5061 1659 5141 pidelurzu
1686 5057 1753 5087 ὀί
1770 5058 1842 5110 ita
1859 5058 1908 5111 1.
2008 5053 2098 5123 sed
2122 5048 2391 5105 cruribus.
2566 5048 2640 5141 {ni
2665 5048 2968 5141 f0in

357 5133 427 5186 ita
477 5111 938 5189 “Rhodii-codice
972 5111 1164 5183 ima
1191 5111 1513 5190 bratteata.
1589 5125 1660 5156 ²⁰⁸
1689 5111 2015 5190 repugnabat
2044 5119 2178 5176 corr.
2207 5124 2530 5189 repugnarat
2562 5129 2632 5190 σε·
2673 5181 2686 5190 _
2709 5111 2777 5141 ¹⁰⁶
2802 5111 3086 5190 pul_atio__l.

3147 5039 3220 5071 ¹⁰³
3255 5044 3393 5099 deest
3423 5045 3472 5097 1.
3548 5047 3628 5082 ὀδ

3186 5109 3282 5190 "f7-
3297 5113 3521 5190 audierit
3568 5119 3593 5171 1
3610 5160 3624 5174 .

2468 5046 2536 5076 ιω
2569 5042 2640 5097 mi
2665 5041 2787 5096 fobu
2803 5041 2989 5097 desunt
3020 5044 3070 5096 1.
