4012 5340
338 256 341 257 k
407 297 508 357 an

1408 275 1826 337 LlUTPRANDl
1865 272 2348 331 CREMONENSIS
2385 271 2693 329 EPISCOI‘I

3565 268 3670 323 διε

405 419 600 485 hisque
629 412 834 468 Grecos
860 400 1225 478 depopulandi
1256 399 1574 456 vicissitudo
1615 382 1773 466 dupla
1805 407 1997 476 repeg-
2025 398 2069 460 Α
2102 391 2171 446 tis
2195 389 2268 423 ⁸η
2298 388 2365 443 ad
2398 396 2608 459 tempus
2650 402 2753 441 non
2778 398 2898 441 csse
2919 380 3271 455 permiserat,"
3300 388 3367 436 ut
3404 395 3514 452 quo
3536 382 3675 439 hunc

410 507 577 561 ditur.

473 595 565 649 29.
606 591 762 647 Hunc
816 589 1019 643 etenim
1068 582 1381 639 Simeonem
1427 577 1747 649 emiargon,
1821 573 1873 629 id
1915 580 1999 628 est

410 688 796 756 semigrecum,
852 694 973 736 esse
1028 677 1283 739 aiebant,
1338 686 1404 727 eo
1474 668 1618 741 quod
1676 683 1707 723 a
1756 663 1998 737 puericia

408 779 659 855 Bizantii
679 773 1018 833 Demostenis
1058 768 1390 825 rhetoricam
1418 760 1836 830 Aristotelisque
1865 757 1996 813 silo-

409 874 616 945 gismos
652 848 931 925 didicerit.
967 863 1098 920 Post
1130 860 1249 916 haec
1298 864 1505 922 autem,
1542 852 1749 909 relictis
1799 848 2001 904 artium

406 940 639 1029 studiis,
707 968 769 1014 ut
829 958 982 1013 aiunt
1035 946 1461 1009 conversationis
1510 952 1708 1001 sanctae
1754 940 1999 997 habitum

405 1053 659 1123 sumpsit.
717 1050 922 1107 Verum
986 1044 1150 1118 paulo
1218 1050 1339 1113 post
1392 1036 1651 1110 regnandi
1708 1033 2001 1103 cupiditate

409 1120 687 1217 deceptus,
745 1158 810 1197 ex
862 1139 1075 1211 placida
1131 1131 1452 1191 monasterii
1496 1129 1680 1200 quiete
1728 1126 1780 1180 in
1836 1120 2003 1180 seculi

405 1235 706 1309 procellam
774 1230 1062 1294 transivit,
1131 1227 1401 1297 elegilque
1457 1221 1640 1293 potius
1700 1224 2023 1290 apostatam-

409 1306 725 1390 dulianum,
804 1336 965 1393 quam
1036 1317 1416 1373 beatissimum
1475 1313 1695 1369 Petrum
1767 1306 2006 1364 caelestis

408 1415 566 1485 regni
615 1413 771 1484 sequi
826 1410 1177 1479 clavigerum.
1243 1405 1344 1473 Qui
1394 1405 1529 1460 duos
1575 1401 1716 1456 liiios
1776 1397 2004 1463 habuit,

412 1520 585 1559 unum
632 1503 852 1557 nomine
882 1499 1165 1570 Baianum,
1216 1495 1466 1558 alterum,
1510 1491 1604 1563 qui
1653 1504 1797 1545 nunc
1837 1501 2009 1556 usque

414 1604 664 1668 superest
703 1603 1056 1665 potenterque
1097 1587 1369 1659 Bulgariis
1399 1583 1760 1656 principatur,
1788 1579 2009 1636 nomine

411 1690 635 1747 Petrum
663 1688 835 1760 (105).
883 1685 1143 1754 Baianum
1174 1690 1355 1737 autem
1398 1679 1533 1733 adeo
1575 1677 1708 1732 fmre
1734 1674 1806 1707 ¹¹³
1837 1673 2007 1744 magi-

2100 481 2321 553 gravius
2341 485 2613 550 premeret
2638 478 2690 533 in
2723 475 2946 539 infimis,
2969 488 3036 528 eo
3059 471 3468 528 misericordius
3505 486 3679 527 remo.

2099 580 2317 627 neraret
2347 571 2400 625 in
2436 569 2684 625 summis.
2711 566 2866 632 Nam,
2890 574 2951 620 ut
2971 561 3427 633 ferturg“’,huius
3444 571 3682 633 tempore

2097 662 2368 731 passionis
2401 658 2697 714 familiares
2725 657 2892 713 etiam
2915 655 2987 687 ²²⁰
3019 655 3214 725 capitis
3237 652 3477 722 iusserat
3497 653 3680 709 subire

2104 752 2451 809 sententiam.
2492 750 2641 818 Quos
2676 757 2857 805 tamen
2888 747 2956 803 ad
2990 760 3109 803 sese
3141 747 3358 801 rediens
3388 746 3491 801 hoc
3527 753 3685 816 pacto

2100 846 2433 917 requirebat,
2487 852 2549 898 ut
2603 843 2708 898 nisi
2751 839 3173 913 quofiugulare
3208 839 3449 911 iusserat
3498 838 3688 893 redde-

2100 948 2308 1005 rentur,
2338 936 2458 1008 pari
2502 936 2603 1007 ipsi
2634 935 2726 1007 qui
2766 934 2870 991 hoc
2906 932 3200 990 effecerant
3227 931 3500 987 sententia
3532 929 3685 985 dam-

2102 1040 2386 1087 narentur.
2424 1028 2542 1085 Hoc
2574 1029 2739 1100 igitur
2759 1037 2967 1083 terrore
2987 1039 3124 1097 quos
3148 1025 3405 1081 damnare
3430 1024 3687 1096 iusserat,

2104 1125 2484 1182 servabantur.
2530 1122 2637 1177 Sed
2674 1135 2799 1175 cum
2832 1120 2939 1175 hoc
2974 1119 3157 1190 sepius
3181 1127 3238 1173 et
3271 1118 3465 1172 iterum
3491 1114 3690 1171 Basilio

2104 1217 2336 1281 faceret,
2372 1211 2681 1286 huiusmodi
2708 1225 2738 1265 a
2769 1210 2875 1266 sibi
2901 1207 3345 1279 obsequentihus,
3389 1220 3491 1276 pro
3518 1203 3687 1268 nefas,

2107 1308 2318 1378 accepit
2355 1306 2682 1362 consilium:
2719 1320 2740 1355 ι
2776 1300 2858 1358 Ne
2887 1300 3027 1357 forte
3051 1301 3240 1356 insana
3262 1299 3331 1330 ²²¹
3356 1298 3501 1369 regis
3518 1294 3693 1366 iussio

2108 1396 2400 1466 aliquando
2429 1408 2494 1449 ex
2546 1392 2808 1449 industria
2833 1406 2865 1445 a
2896 1399 2946 1445 te
2973 1405 3081 1445 non
3121 1387 3486 1460 diligentibus,
3524 1386 3694 1441 immo

2110 1494 2273 1549 hodio
2322 1488 2668 1555 habentibus,
2712 1482 3024 1560 impleatur,
3076 1498 3199 1539 eum
3243 1494 3299 1538 tu
3331 1481 3514 1553 potius
3553 1481 3695 1535 occi-

2110 1588 2241 1654 dito,
2277 1595 2439 1656 atque
2481 1582 2784 1654 imperialia
2828 1588 3039 1651 sceptra
3088 1576 3455 1648 suscipito”.
3490 1593 3509 1627 ι
3543 1571 3695 1639 Quod

2112 1682 2229 1737 sine
2255 1678 2533 1744 dilatione,
2558 1692 2681 1732 cum
2709 1684 2919 1731 terrore
2945 1670 3274 1741 compulsus,
3301 1677 3412 1723 tum
3434 1662 3697 1737 regnandi

413 1799 535 1837 eam
584 1780 870 1844 didicisse,
920 1785 981 1831 ut
1028 1790 1094 1830 ex
1146 1772 1368 1830 homine
1420 1769 1598 1826 subito
1655 1766 1769 1821 fieri
1824 1766 2005 1837 lupum

2123 1770 2403 1841 :upidilale
2456 1768 2734 1837 deceptus,
2786 1761 3098 1833 complevit.
3142 1758 3256 1814 Hoc
3302 1758 3484 1827 itaque
3530 1754 3701 1809 inter—

418 1882 890 1943 quamvecumque
916 1880 1171 1923 cerneres
1196 1864 1388 1919 feram.

485 1962 577 2018 50.
620 1961 894 2016 Romanos
932 1966 1194 2029 praeterea
1240 1955 1451 2017 eodem,
1492 1965 1600 2022 quo
1644 1959 1806 2023 pater
1847 1946 2007 2003 vasil-

412 2048 532 2112 leos
561 2053 889 2110 constitutus
916 2049 988 2082 ’⁸⁸
1019 2056 1106 2103 est
1147 2060 1310 2112 anno,
1360 2044 1526 2099 ﬁliam
1556 2056 1710 2097 suam
1744 2039 2006 2097 Helenam

416 2143 736 2218 imperatori
764 2140 1013 2215 parvulo,
1063 2138 1286 2195 domino
1315 2152 1435 2202 suo,
1483 2134 1840 2191 Constantino
1874 2132 2010 2188 Por-

413 2237 777 2311 phyrogenito
804 2232 1086 2304 coniugem
1133 2229 1303 2287 dedit.
1341 2225 1866 2300 Porphymgenitum
1906 2240 2005 2280 au-

416 2343 531 2385 tem
559 2344 664 2385 non
690 2327 743 2382 in
766 2339 1028 2398 purpura,
1065 2322 1161 2378 sed
1197 2321 1251 2376 in
1276 2319 1437 2375 domo
1464 2334 1586 2390 qua:
1611 2317 1913 2389 Porphyra,
1950 2323 2011 2370 ut

414 2420 670 2494 superius
695 2417 1037 2489 scripsimus,
1074 2421 1263 2469 natum
1294 2411 1487 2482 apello.
1534 2410 1599 2464 Et
1625 2408 1879 2479 quoniam
1923 2421 2010 2463 res

422 2511 774 2585 proccssit~in
808 2508 1065 2573 medium,
1102 2504 1241 2575 quid
1275 2503 1341 2559 de
1373 2500 1533 2572 huius
1562 2497 2013 2571 Porphyrogeniti

418 2603 606 2677 genesi
656 2600 960 2657 audivimus
1006 2596 1257 2670 proferre
1304 2595 1501 2650 iterum
1532 2592 1604 2625 ¹¹⁸
1651 2607 1755 2648 non
1809 2591 2037 2662 pigeat,-

421 2694 884 2769 quemadmodum
949 2700 1004 2747 et
1051 2690 1108 2746 in
1163 2687 1333 2761 priori
1383 2687 1520 2743 libro
1576 2685 1780 2741 eisdem
1832 2681 2014 2738 verbis

420 2789 593 2862 tytulo
618 2790 671 2854 6,
700 2786 756 2854 7,
775 2784 924 2853 '8,'9,
946 2784 1043 2852 ’10,
1073 2783 1334 2854 scriptum
1362 2780 1657 2851 repperies.

492 2883 580 2936 5L
622 2878 1014 2936 Constantinus
1062 2877 1359 2945 imperator
1399 2881 1693 2944 angustus,
1750 2887 1819 2927 ex
1862 2869 2016 2940 cujus

425 2974 650 3030 nomine
690 2968 1190 3040 Constantinopolis
1229 2976 1313 3023 est
1355 2966 1548 3022 sortita
1590 2964 1910 3020 vocabulum
1942 2962 2019 3018 ci-

424 3063 591 3128 vitas,
623 3063 709 3118 τὸν
732 3059 863 3117 οἶκον
885 3065 1086 3125 τοῦτον,
1117 3067 1207 3114 ton
1228 3058 1355 3113 icon
1388 3065 1564 3122 tu'ton,
1589 3056 1806 3111 domum
1836 3055 2016 3120 istam,

2112 1862 2280 1927 fecto,
2322 1859 2498 1915 factus
2536 1867 2621 1913 est
2647 1856 2942 1928 imperator
2977 1851 3226 1908 Basilius.

2179 1952 2267 2006 33.
2309 1949 2555 2020 Denique
2596 1962 2764 2019 parvo
2806 1951 3083 2000 transacto
3125 1951 3387 2013 tempore,
3420 1938 3549 1995 huic
3588 1934 3702 1992 Do-

2111 2044 2290 2100 minus
2321 2049 2508 2098 noster
2536 2039 2694 2096 Jesus
2732 2037 2980 2094 Christus
3008 2046 3106 2108 per
3131 2033 3390 2090 visionem
3427 2028 3702 2101 apparuit,

2112 2133 2317 2192 domini
2342 2134 2508 2205 huius
2535 2130 2879 2204 imperatoris
2905 2129 3208 2194 dexteram,
3234 2122 3388 2193 cuius
3415 2122 3508 2177 hic
3551 2119 3707 2175 necis

2112 2237 2304 2286 auctor
2330 2227 2588 2283 extiterat
2610 2223 2706 2289 ω,
2736 2230 2949 2287 tenens,
2974 2231 3209 2289 eumque
3237 2216 3310 2271 ita
3332 2211 3703 2270 conveniens:

2120 2342 2138 2375 ι
2180 2319 2368 2386 Basili,
2397 2327 2459 2374 ut
2502 2316 2631 2387 quid
2666 2312 2987 2371 interfecisti
3034 2309 3315 2366 dominum
3357 2315 3508 2361 tuum
3558 2304 3708 2359 hunc

2114 2410 2432 2468 Michaelem
2477 2401 2907 2478 imperatorem?
2944 2422 2963 2456 ι
3014 2398 3442 2472 Expergel‘actus
3496 2395 3708 2464 itaque,

2119 2507 2255 2563 tanti
2301 2521 2360 2562 se
2410 2519 2564 2560 reum
2596 2501 2749 2558 novit
2785 2513 2909 2555 esse
2952 2504 3161 2562 reatus,
3207 2505 3444 2562 moxque
3488 2488 3559 2544 ad
3588 2501 3714 2544 sese

2116 2599 2356 2664 rediens,
2396 2595 2540 2666 quod
2567 2607 2732 2665 super
2754 2590 2859 2646 hoc
2879 2588 3106 2653 faceret,
3142 2584 3436 2656 cogitabat.

2184 2689 2280 2746 '54.
2323 2686 2674 2745 Confortatus
2719 2683 2899 2751 itaque
2938 2679 3042 2734 hac
3089 2674 3303 2731 Domini
3339 2687 3438 2743 per
3476 2668 3713 2742 prophe-

2121 2791 2233 2838 tam
2276 2779 2481 2852 salubri
2521 2785 2578 2833 et
2616 2789 2745 2831 vere
2780 2768 3100 2843 acceptabili
3142 2754 3525 2841 promissione,
3572 2775 3713 2831 quo-

2123 2875 2273 2931 niam
2322 2874 2378 2927 in
2421 2883 2746 2943 quacumque
2786 2864 2869 2919 die
2908 2871 3150 2935 peccator
3175 2856 3506 2932 ingemuerit,
3535 2853 3715 2909 salvus

2123 2966 2219 3021 erit
2246 2962 2464 3037 (Ezech.
2498 2975 2692 3026 xxxm,
2723 2958 2789 3013 l2
2811 2959 2851 3027 ),
2874 2951 3251 3010 cumlacrimis
3269 2959 3325 3007 et
3342 2948 3635 3022 gemitibus
3654 2960 3715 3002 se

2123 3067 2489 3129 peccatorem,
2517 3066 2577 3108 se
2614 3048 2895 3121 sanguinis
2930 3042 3234 3101 innocentis
3260 3040 3543 3098 eﬂ‘usorem
3570 3050 3713 3099 esse,

425 3154 705 3210 edificare'
734 3153 932 3225 iussit,
996 3150 1082 3207 cui
1141 3149 1420 3222 Porphyra
1473 3163 1666 3204 nomen
1724 3146 2015 3218 imposuit;

2125 3147 2510 3206 confitebatur.
2543 3145 2693 3199 Bono
2728 3150 2907 3198 autem
2949 3136 3176 3196 consilio
3216 3142 3462 3205 accepto,
3506 3131 3715 3186 amicos

423 3246 707 3317 voluitque
782 3256 1161 3299 successuram
1230 3238 1531 3295 nobilitatis
1598 3254 1710 3294 suae
1772 3236 2015 3293 subolem

425 3340 593 3397 isthic
653 3340 708 3394 in
761 3337 938 3394 lucem
998 3334 1258 3408 prodire,
1313 3333 1569 3406 quatinus
1634 3332 1726 3401 qui
1779 3345 1879 3386 suo
1947 3346 2012 3386 ex

428 3439 664 3488 stertente
727 3436 1122 3493 nascerentur,
1189 3425 1459 3481 luculenta
1532 3423 1636 3480 hac
1696 3422 2018 3494 apellatione

427 3523 883 3597 Porphyro’geniti
924 3522 1253 3578 dicerentur.
1294 3517 1448 3574 Unde
1483 3528 1539 3574 et
1566 3518 1712 3572 hunc
1756 3515 2020 3572 Constan-

428 3620 630 3685 tinum,
679 3616 877 3672 Leonis
908 3613 1253 3685 imperatoris
1283 3611 1475 3678 filium,
1509 3626 1577 3667 ex
1605 3610 1722 3682 eius
1759 3608 2021 3680 sanguine

430 3707 677 3767 nonnulli
721 3705 909 3771 dicunt
953 3704 1217 3775 originem
1256 3704 1476 3758 ducere.
1525 3710 1627 3763 Τῆς
1672 3702 1917 3775 γενέσεως
1964 3697 2020 3755 δὲ

430 3801 592 3856 αὐτοῦ
639 3800 670 3857 ἡ
717 3798 922 3856 ἀλήθεια
963 3796 1089 3854 αὒτή
1138 3791 1315 3860 ἔστην,
1356 3791 1427 3847 tis
1474 3804 1733 3863 geneseos
1774 3790 1841 3846 de
1892 3798 2022 3844 autu

437 3890 585 3944 alitia
624 3890 735 3944 auti
778 3888 955 3955 estin,
1002 3885 1055 3941 id
1098 3893 1184 3941 est
1227 3884 1591 3957 generationis
1636 3890 1815 3937 autem
1863 3878 2023 3935 huius

435 3978 642 4034 veritas
666 3977 767 4033 hec
788 3986 894 4033 est.

512 4069 604 4124 52.
643 4067 881 4124 Basilius
929 4067 1223 4136 imperator
1275 4073 1578 4137 angustus,
1636 4077 1770 4118 avus
1826 4060 2022 4130 huius,

445 4158 764 4216 Macedonia
792 4157 981 4213 humili
1009 4157 1186 4212 fuerat
1205 4156 1461 4228 prosapia
1491 4154 1775 4220 oriundus,
1804 4153 2028 4209 descen-

438 4251 628 4322 ditque
677 4247 1196 4321 Constantinopolim
1232 4247 1573 4320 paupertatis
1618 4244 1768 4317 iugo,
1818 4253 1877 4299 ut
1915 4242 2029 4299 cui-

443 4343 567 4397 dam
598 4340 829 4397 serviret
847 4340 1129 4412 igumeno,
1172 4340 1225 4397 id
1253 4350 1337 4396 est
1368 4338 1570 4395 abbati.
1600 4337 1769 4410 igitur
1800 4337 2031 4408 impera-

446 4440 535 4486 tor
561 4430 655 4501 qui
684 4438 812 4486 tunc
845 4431 1102 4502 temporis
1143 4439 1282 4498 erat,
1327 4429 1593 4485 Michahel
1622 4429 1860 4496 nomine,
1906 4443 2029 4484 cum

2121 3243 2225 3301 sibi
2269 3243 2335 3297 de
2380 3253 2640 3295 mamona
2688 3233 2992 3306 iniquitatis
3033 3230 3313 3294 eﬂ'ecerat,
3358 3236 3420 3281 ut
3448 3239 3590 3295 quos
3624 3221 3716 3277 hic

2123 3330 2517 3405 temporalibus
2576 3326 2834 3385 subsidiis
2881 3321 3280 3385 consolaretur,
3340 3330 3530 3372 eorum
3572 3327 3713 3384 pm-

2121 3426 2277 3482 cihus
2342 3423 2411 3478 ab
2475 3428 2681 3476 aeterno
2746 3417 3010 3489 gehennae
3063 3409 3315 3468 incendio
3364 3406 3713 3462 liberaretur.

2122 3511 2435 3573 Fabricavit
2464 3497 2645 3568 autem
2685 3508 2951 3581 praecioso
2993 3515 3051 3562 et
3095 3500 3328 3559 mirabili
3355 3513 3522 3571 opere
3559 3498 3717 3568 juxta

2122 3607 2386 3682 palatium
2432 3605 2704 3662 orientem
2753 3616 2946 3659 versus
3000 3598 3288 3656 ecclesiam
3342 3595 3398 3649 in
3448 3594 3716 3649 honorem

2125 3700 2321 3758 summi
2350 3706 2405 3754 et
2433 3697 2650 3753 celestis
2680 3694 2885 3751 militiae
2911 3690 3175 3764 principis
3201 3687 3275 3723 m
3315 3695 3369 3742 et
3405 3678 3721 3753 archangeli

2133 3788 2476 3856 Michahelis,
2499 3787 2589 3859 qui
2619 3786 2792 3843 Grece
2818 3782 3250 3854 archistratigos,
3266 3779 3372 3835 hoc
3392 3784 3481 3832 est
3501 3771 3722 3830 milicia:

2130 3880 2740 3957 princeps,.apellatur.
2782 3875 3081 3932 Ecclesiam
3121 3880 3305 3928 autem
3335 3869 3508 3941 ipsam
3551 3879 3717 3930 neau,

2129 3953 2234 4031 hoc
2263 3953 2348 4030 est
2388 3986 2606 4036 novam,
2645 3967 2735 4023 alii
2775 3973 2992 4031 vocant,
3030 3963 3119 4019 alii
3149 3978 3280 4018 vero
3309 3972 3547 4021 ennean,
3574 3953 3723 4024 quod

2131 4074 2319 4122 nostra
2349 4064 2529 4135 lingua
2568 4059 2926 4115 novennalem
2966 4063 3141 4118 sonat,
3185 4050 3447 4124 apellant,
3480 4062 3550 4102 eo
3578 4043 3724 4116 quod

2132 4154 2332 4210 ibidem
2378 4148 2885 4208 aecclesiasticarum
2927 4146 3187 4200 horarum
3228 4137 3483 4195 machina
3526 4147 3725 4190 novem

2130 4245 2339 4318 pulsata
2372 4242 2568 4299 ictibus
2594 4249 2767 4297 sonet.

2203 4338 2293 4395 35.
2336 4335 2584 4393 Secundo
2630 4334 2813 4405 itaque
2848 4346 2958 4402 quo
2983 4328 3256 4386 Romanos
3289 4334 3445 4397 pater
3473 4321 3728 4378 vasilleos

2136 4432 2468 4488 constitutus
2497 4438 2580 4483 est
2623 4441 2766 4482 anno
2806 4432 3131 4481 convocatos
3177 4420 3245 4476 ad
3289 4433 3410 4476 sese
3450 4415 3727 4487 principes

446 4521 719 4579 orationis
753 4522 927 4594 gratia
970 4522 1037 4577 ad
1080 4524 1466 4578 monasterium
1512 4521 1665 4589 illud,
1704 4521 1770 4576 in
1806 4536 1913 4591 quo
1944 4520 2032 4576 hic
2060 4539 2112 4599 υ
2140 4525 2211 4579 ita
2239 4520 2491 4578 convenit
2520 4537 2533 4572 :
2571 4537 2589 4571 ι
2624 4517 2871 4572 Romane
2912 4514 3189 4587 dignitatis
3223 4511 3536 4574 archontes,
3568 4508 3627 4562 id
3651 4513 3729 4560 est

446 4611 818 4678 ministrabat,
856 4612 1230 4679 descenderet,
1253 4614 1387 4669 vidit
1434 4614 1577 4668 hunc
1618 4621 1814 4683 praeter
1858 4611 2032 4668 forma

451 4712 667 4785 ceteros
691 4704 931 4775 egregia,
964 4704 1311 4773 accitumque
1339 4713 1428 4759 ton
1458 4705 1768 4775 igumenon,
1802 4704 2032 4774 rogavit,

452 4802 516 4848 ut
539 4808 599 4850 se
635 4793 863 4849 donaret
901 4795 1003 4849 hoc
1027 4809 1235 4864 puero;
1273 4809 1434 4865 quem
1465 4795 1768 4864 suscipiens
1800 4795 1852 4849 in
1881 4795 2036 4865 pala-

452 4887 554 4954 tio,
610 4885 931 4942 cubicularii
959 4887 1035 4918 ¹¹⁶
1078 4886 1300 4941 donavit
1344 4885 1533 4942 oﬂitio.
1579 4885 1766 4942 Tanta:
1804 4885 2039 4958 denique

451 4989 572 5036 nos!
614 4978 892 5036 paululum
949 4979 1233 5036 potestatis
1287 4975 1650 5036 est’factus.’
1681 4986 1739 5034 ut
1784 4977 1923 5033 alter
1969 4977 2038 5034 ab

2139 4613 2432 4686 principes,
2461 4608 2719 4679 quoniam
2747 4606 2901 4661 vobis
2943 4603 3207 4660 consultis
3245 4615 3355 4656 non
3403 4597 3604 4662 solum,
3647 4596 3730 4651 in-

2142 4720 2336 4777 quam,
2409 4710 2567 4773 pater
2637 4698 2890 4755 vasilleos
2936 4711 3057 4753 sum
3116 4693 3477 4756 constitutus,
3536 4702 3731 4743 verum

2143 4795 2308 4849 etiam
2365 4790 2693 4848 sanctissimi
2740 4787 3086 4859 imperatoris
3132 4783 3381 4840 fidelitati
3443 4779 3730 4854 glaucopis

2144 4883 2384 4949 Helenae,
2411 4882 2464 4936 id
2493 4891 2569 4936 est
2597 4879 2802 4935 virides
2826 4877 3011 4934 oculos
3031 4876 3307 4940 habentis,
3343 4871 3730 4941 coniunctione

2146 4976 2400 5036 sotiatus,
2426 4974 2531 5030 hoc
2559 4973 2739 5036 aliquo
2774 4969 3067 5036 imperialis
3091 4977 3318 5024 ornatus
3343 4965 3541 5020 inditio
3570 4976 3729 5017 mon-
