4012 5340
354 274 355 279 .
374 217 477 274 849

1358 170 1903 265 ANTAPODOSEOS
1943 202 2118 257 Lmut
2159 201 2311 257 sex.
2356 234 2422 242 —
2455 201 2583 257 LIB.
2626 201 2708 257 tu.

3532 206 3637 264 850

379 339 541 387 tantm
597 326 875 398 dignitatis
924 333 1063 390 erat,
1103 332 1157 380 et
1208 323 1526 378 leucolenon
1547 363 1560 387 ,
1609 321 1660 375 id
1713 329 1812 385 est,
1842 318 1959 372 alba
1989 322 2035 379 Α
2066 316 2449 386 pbyrogenitus
2470 327 2522 370 et
2549 318 2653 371 duo
2678 316 2855 370 caeteri
2894 326 3267 386 sequerentur.
3298 317 3451 385 Quod
3480 338 3643 391 quam

380 422 645 487 brachia,
724 419 959 474 Helenan
1021 418 1184 471 tiliam
1241 431 1390 471 suam
1457 413 1717 484 imperiali
1787 411 1961 482 digni-

381 516 479 569 tati
565 513 843 583 copularat
887 552 901 576 ,
981 511 1373 565 rnbricatarum
1448 507 1663 577 pellium
1752 504 1959 571 caligis,

373 615 434 661 ut
496 605 657 659 isthic
726 604 1109 672 imperatorum
1160 601 1326 655 moris
1383 609 1504 662 est,
1556 606 1813 651 uteretur.
1854 595 1959 647 Sed

378 714 479 753 nec
526 697 628 751 hoc
663 695 877 766 quidem
914 694 1048 747 satis
1083 693 1339 748 erisum
1384 691 1500 745 fuit.
1545 690 1800 760 Equidem
1842 697 1961 758 post

374 790 534 845 unius
613 788 737 841 anni
801 787 1054 852 sinaxin,
1146 800 1269 841 cum
1348 783 1621 854 amplioris
1696 782 1807 852 jam
1859 796 1958 850 po-

377 882 546 936 tentie
631 888 816 941 esset,
900 878 1099 931 talibus
1162 874 1474 945 adgreditur
1547 874 1761 929 eosdem
1838 886 1956 926 ser-

379 970 633 1025 monibus
684 969 955 1039 principes
998 986 1011 1022 :
1071 986 1088 1019 (
1132 966 1397 1033 Quoniam
1452 965 1725 1019 communi
1777 973 1958 1019 vestro

367 1062 565 1132 juditio
613 1070 697 1116 est
743 1059 1021 1113 deﬁnitum
1069 1057 1435 1128 imperialibus
1482 1072 1565 1109 me
1624 1056 1696 1108 uti
1746 1054 1953 1123 caligis,

375 1152 796 1226 περιφανέστατοι
854 1152 1065 1221 ἠρωαες,
1119 1147 1515 1218 perifanestati,
1570 1146 1623 1197 id
1674 1156 1747 1197 est
1800 1144 1954 1196 nobi-

377 1244 567 1299 lissimi
632 1244 860 1307 heroes,
918 1252 1113 1295 vestrae
1185 1240 1526 1295 auctoritatis
1595 1238 1953 1293 benivolentia

376 1354 498 1408 qua:
548 1336 892 1400 contulistis,
961 1334 1213 1388 videntur
1270 1332 1513 1387 mihimet
1562 1333 1725 1404 ἀτλαα
1777 1333 1953 1395 dormt,

375 1430 529 1500 aglaa
576 1429 755 1498 apina,
802 1428 855 1481 id
900 1436 974 1481 est
1009 1426 1273 1496 praeeiosa
1298 1425 1457 1487 dona,
1494 1422 1799 1493 diligentius
1829 1437 1956 1477 vero

373 1522 745 1578 consideranti
776 1521 945 1574 visum
978 1530 1061 1574 est
1088 1519 1219 1573 mihi
1253 1517 1576 1571 histrionum
1602 1516 1956 1569 mitnornmve

375 1629 527 1667 more
570 1612 846 1677 incedere,
875 1612 1054 1681 quiut
1095 1609 1160 1664 ad
1208 1610 1372 1663 risum
1421 1607 1573 1661 facile
1621 1607 1803 1661 turbas
1849 1607 1953 1661 illi-

2065 409 2280 478 indigne
2328 409 2508 479 justus
2544 409 2707 479 judex
2759 410 3063 480 pertulerit,
3119 412 3259 466 ulcio
3308 415 3643 486 subsequens

2062 501 2371 556 declaravit.
2414 501 2547 555 Nam
2597 512 2717 572 post
2770 504 3039 559 modicum
3083 503 3506 577 Christ0phoros
3554 511 3647 565 de-

2064 592 2280 648 functus
2338 603 2442 650 est.
2488 595 2875 651 ConSIantinus
2922 598 3105 667 itaque
3150 597 3649 673 Porphyrogenitus

2063 708 2185 746 cum
2240 692 2472 746 orationi
2526 701 2636 747 tum
2692 693 3021 749 leccionibns
3077 710 3313 758 vacans,
3367 706 3536 752 totum
3589 715 3650 753 se

2062 784 2289 839 Domino
2320 785 2751 852 commendabat,
2781 802 2944 855 opere
2981 802 3233 841 manntnn
3272 789 3469 843 victum
3502 807 3650 860 qna:-

2063 875 2253 929 ritans.
2294 875 2437 929 Sane
2464 880 2554 935 τὴν
2583 880 2879 953 ζογραφίαν,
2931 877 3225 948 zograﬁan,
3275 878 3327 933 itl
3357 890 3439 933 est
3469 882 3646 951 pictu-

2060 986 2198 1034 ram,
2228 971 2546 1040 perpulchre
2574 974 2880 1026 exercel‘at.

2131 1063 2217 1117 38.
2261 1063 2461 1116 Eodem
2497 1073 2738 1133 tempore
2788 1064 3007 1119 Simeon
3056 1065 3343 1137 Bulgarius
3394 1082 3553 1136 agros
3573 1067 3646 1097 ‘”

2060 1156 2223 1225 coepit
2254 1157 2604 1209 vehementer
2647 1156 2809 1225 aﬁigi.
2850 1157 3021 1224 Quem
3073 1138 3365 1221 Romanos,
3417 1159 3509 1212 ﬁlii
3562 1160 3643 1212 sui
3694 1192 3698 1201 ι

2057 1243 2378 1300 Cht'istofori
2410 1244 2515 1298 ﬁlia
2545 1244 2653 1299 ﬁlio
2680 1245 2821 1299 illius
2851 1244 3033 1311 Petro,
3064 1246 3155 1315 qui
3186 1262 3331 1301 nunc
3370 1257 3644 1315 superest,
3697 1226 3709 1237 ‘

2058 1351 2228 1391 uxore
2250 1336 2391 1398 data,
2426 1337 2493 1390 ab
2515 1336 2729 1405 incepto
2756 1335 2935 1391 furore
2956 1338 3290 1407 conpescuit,
3315 1338 3527 1409 sibique
3550 1337 3645 1391 [ωε

2058 1427 2185 1481 dere
2214 1426 2413 1495 placito
2441 1426 2685 1481 sociavit.
2713 1425 2865 1481 Unde
2900 1436 2954 1482 et
2984 1428 3160 1497 puella
3196 1437 3401 1482 mutato
3430 1430 3647 1485 nomine

2057 1527 2140 1571 est
2168 1517 2319 1582 lrini,
2362 1517 2413 1571 id
2446 1526 2527 1571 est
2550 1532 2677 1586 pax,
2709 1528 2923 1582 vocata,
2954 1531 3018 1573 eo
3044 1518 3187 1588 quod
3215 1534 3309 1587 per
3338 1535 3459 1574 eam
3507 1520 3649 1574 inter

2058 1609 2335 1679 Bulgarios
2389 1618 2443 1665 et
2496 1610 2698 1666 Grecos
2756 1625 2856 1681 pax
2909 1611 2985 1665 sit
3050 1610 3359 1665 ﬁrmissima
3430 1612 3635 1666 consti-

374 1708 543 1773 ciant,
584 1706 752 1760 variis
781 1719 901 1759 sese
934 1703 1229 1774 depingunt
1258 1702 1546 1757 coloribus.
1592 1700 1775 1754 Risum
1806 1700 1958 1755 deni-
1988 1683 2029 1742 Β
2062 1712 2173 1757 tuta
2199 1702 2289 1756 ⁸³⁸.

374 1814 481 1867 que
528 1797 650 1852 aliis
697 1812 803 1851 non
848 1796 1043 1860 solum,
1080 1795 1174 1849 sed
1226 1794 1357 1847 mihi
1400 1794 1563 1847 etiam
1598 1793 1696 1862 ipsi
1747 1808 1956 1858 moveo,

374 1891 503 1944 dum
551 1889 780 1959 pedibus
812 1888 1216 1957 imperatorem,
1260 1886 1432 1955 capite
1465 1902 1805 1939 communem
1841 1886 1959 1938 imi-

375 1984 481 2037 κιτί
511 1984 697 2037 videar
723 1982 930 2053 plebem
957 1982 1047 2035 ²³⁸.
1090 1979 1223 2033 Nam
1269 1994 1388 2049 qua:
1418 1980 1724 2033 commdia?
1766 1981 1960 2034 mimus

375 2076 501 2143 quis
532 2074 767 2129 melior?
810 2072 977 2141 Igitur
1009 2084 1100 2127 aut
1139 2088 1394 2127 coronam
1444 2075 1701 2142 praebete,
1745 2082 1837 2126 aut
1866 2089 1957 2127 ca-

378 2167 516 2236 ligas
562 2166 888 2236 imperiales,
924 2167 1048 2235 quis
1098 2165 1357 2221 ridiculus
1382 2165 1453 2196 ’³⁸
1507 2165 1701 2235 pepqu
1755 2165 1959 2231 videor,

388 2260 620 2315 auferte.
662 2280 679 2313 ι
716 2260 828 2315 Hoc
870 2260 1028 2331 plane
1057 2260 1222 2325 dicto,
1269 2260 1440 2329 magis
1475 2268 1651 2313 autem
1682 2274 1786 2328 qua
1834 2274 1961 2312 cun-

376 2352 480 2407 ctis
503 2361 729 2419 praeerat
750 2350 1033 2419 potestatis
1050 2352 1389 2413 auctoritate,
1406 2350 1642 2404 omnium
1662 2348 1865 2418 judicio
1881 2364 1965 2404 co-

375 2458 566 2497 ronam
587 2443 789 2511 recepit
811 2451 923 2511 (an.
942 2442 1068 2511 920)
1085 2442 1445 2511 etcaligarum
1465 2442 1714 2496 decorem
1737 2442 1957 2496 minime

376 2533 626 2604 perdidit.
689 2532 860 2602 llujtts
920 2534 1146 2587 miretur
1196 2532 1535 2602 prudentiam
1602 2546 1799 2595 nemo,
1869 2529 1965 2585 sed

384 2625 574 2679 laudes
635 2622 838 2678 referat
888 2624 998 2678 Deo
1044 2623 1222 2677 cordis
1269 2637 1334 2677 ex
1386 2622 1596 2686 intimo,
1667 2622 1758 2691 qui
1806 2622 1967 2693 erigit

385 2716 575 2780 elisos,
601 2715 756 2770 solvit
779 2714 1111 2785 cotnpaiitos
1140 2712 1310 2781 (Paul.
1342 2716 1518 2781 θην),
1545 2711 1698 2780 cujus
1723 2713 1774 2766 in
1802 2727 1966 2767 manu

374 2806 517 2861 calix
554 2806 659 2859 vini
691 2806 823 2861 meri
860 2804 1051 2875 plenus
1076 2804 1244 2858 mixto
1265 2804 1330 2833 ’⁸⁷
1364 2803 1625 2857 inclinans
1671 2818 1735 2857 ex
1782 2804 1883 2859 hoc
1910 2803 1966 2857 in

378 2898 481 2951 hoc
522 2898 537 2963 (
568 2894 716 2949 Psal.
746 2910 928 2958 Lxxtv,
964 2893 996 2948 9
1023 2894 1063 2963 ).

448 2988 538 3041 56.
579 2985 629 3040 Is
670 2994 849 3039 autem
900 2985 1088 3039 humili
1136 2985 1313 3039 fuerat
1344 2986 1613 3055 prosapia,
1664 3001 1729 3041 ex
1776 2987 1965 3042 Arme-

380 3094 574 3133 nornm
604 3078 811 3132 scilicet
842 3086 1023 3147 gente,
1052 3078 1333 3143 oritmdns,
1374 3094 1546 3147 neque
1585 3078 1754 3133 solum
1788 3087 1965 3135 mente

381 3175 706 3235 conceperat
759 3166 997 3221 futurum
1045 3183 1104 3223 se
1146 3170 1289 3239 regis
1322 3170 1372 3222 in
1416 3169 1537 3222 aula
1580 3184 1719 3232 esse,
1771 3170 1965 3224 nedum

382 3256 683 3326 imperialia
709 3266 927 3326 sceptra
954 3266 1157 3311 tenere.
1192 3257 1297 3311 Sed
1330 3258 1456 3327 quid
1494 3260 1786 3328 prophetes
1812 3259 1966 3312 Anna

381 3349 554 3405 dicit?
606 3370 623 3403 ς
662 3351 920 3405 Dominus
971 3366 1263 3421 pauperem
1310 3351 1461 3414 facit,
1494 3352 1648 3415 ditat,
1698 3350 1965 3414 humiliat,

380 3450 439 3495 et
471 3440 744 3505 sublimat,
792 3440 1060 3496 suscitans
1094 3457 1122 3494 a
1168 3451 1309 3495 terra
1358 3442 1595 3509 inOpem,
1635 3448 1689 3493 et
1726 3440 1791 3493 de
1832 3447 1969 3493 ster-

383 3546 513 3587 core
546 3532 760 3602 erigens
798 3546 1110 3600 pauperem,
1152 3539 1211 3584 ut
1254 3530 1439 3585 sedeat
1466 3545 1589 3585 cum
1636 3528 1970 3599 principibus

381 3631 440 3676 et
470 3620 663 3676 solium
696 3620 882 3691 gloria:
916 3631 1110 3676 teneat.
1144 3622 1361 3675 Domini
1394 3622 1536 3675 enim
1570 3629 1696 3675 sunt
1723 3620 1970 3674 cardines

384 3721 544 3767 terra:
575 3711 641 3782 (I
675 3711 799 3781 Reg.
830 3728 893 3779 ιι,
925 3713 953 3765 7
977 3715 1019 3783 ).
1049 3714 1108 3767 Ei
1143 3716 1323 3785 itaque
1347 3714 1662 3779 immortali,
1696 3713 1968 3777 invisibili,

384 3802 496 3857 Deo
546 3801 645 3857 soli
696 3803 867 3857 honor
912 3812 968 3856 et
1024 3804 1193 3865 gloria
1260 3820 1354 3874 per
1404 3814 1598 3859 cuncta
1668 3802 1970 3857 seculorum

387 3892 589 3957 secula,
624 3909 805 3948 amen.

455 3986 544 4038 57.
586 3984 827 4054 Denique
854 3987 1096 4040 Romano
1122 3988 1448 4056 imperatore
1474 3986 1787 4051 constituto,
1816 3984 1973 4039 Chri-

385 4078 654 4144 sloforon,
695 4094 854 4148 quem
896 4091 1023 4135 ante
1072 4081 1283 4151 imperii
1328 4082 1642 4152 dignitatem
1685 4081 1968 4145 habuerat,

386 4172 773 4241 imperatorem
802 4173 1084 4227 constituit
1110 4190 1125 4238 ;
1161 4182 1283 4243 post
1311 4172 1521 4242 imperii
1551 4186 1680 4226 vero
1710 4172 1793 4226 sui
1820 4172 1975 4227 ordia

388 4265 660 4319 nationem
694 4280 828 4319 uxor
866 4263 985 4334 ejus
1030 4265 1080 4319 ei
1130 4264 1300 4319 ﬁlium
1350 4264 1562 4334 peperit
1592 4262 1813 4317 nomine
1846 4261 1977 4318 Stev

388 4352 596 4409 fanum.
638 4354 873 4408 Rursum
926 4363 1190 4425 concepto
1239 4353 1391 4416 ftetu,
1452 4352 1615 4407 alium
1663 4352 1711 4407 ei
1760 4352 1972 4422 peperit.

388 4444 649 4500 vocabulo
700 4445 1226 4501 Constantinum”.
1284 4446 1428 4513 Quos
1486 4460 1677 4499 omnes
1740 4446 1972 4513 impera-

390 4545 537 4593 tores
567 4537 925 4600 constituens,
952 4547 1140 4592 contra
1163 4536 1253 4606 jus
1282 4537 1469 4606 fasque
1504 4552 1561 4590 se
1587 4547 1641 4590 et
1671 4536 1973 4590 Christofo-

389 4642 487 4682 ron
528 4627 944 4699 primogenitum
977 4628 1288 4682 domino’”
1322 4644 1420 4683 suo
1467 4628 1781 4696 imperatori
1826 4627 1970 4683 Con-

392 4719 637 4773 stantino
683 4718 1151 4790 Porphyrogenito
1178 4720 1503 4790 praeposuit;
1543 4720 1679 4775 adeo
1706 4720 1882 4790 plane,
1915 4726 1973 4772 ut

390 4809 751 4879 procedentes
783 4809 827 4864 is
858 4812 929 4863 titt
961 4810 1308 4881 prolempsin,
1340 4813 1441 4865 hoc
1471 4822 1555 4865 est
1584 4812 1647 4865 ad
1678 4813 1972 4881 publicum,

391 4901 459 4954 ad
489 4911 739 4955 sanctam
789 4900 1060 4972 Sophyam
1111 4904 1336 4970 scilicet,
1383 4903 1467 4957 vel
1510 4905 1577 4958 ad
1627 4904 1976 4969 Vlaclternas,

389 5009 486 5047 seu
532 4995 600 5048 ad
643 5002 859 5049 sanctos
897 4996 1203 5065 Apostolus,
1248 4998 1521 5052 Romanos
1572 5014 1693 5051 cum
1735 4999 1981 5053 Christo-

390 5083 569 5153 phoro
606 5081 964 5152 primogenito
996 5088 1381 5155 prazcederent,
1418 5085 1805 5144 Constantinus
1851 5089 1980 5142 Por-

1994 3038 2041 3100 C

1996 4397 2051 4455 D

2130 1796 2217 1851 59.
2262 1794 2356 1851 llis
2400 1796 2732 1867 temporibus
2773 1795 3082 1865 Walpertus
3121 1806 3175 1850 et
3219 1795 3398 1861 Gczo,
3436 1811 3650 1865 praeno-

2061 1889 2207 1943 mine
2246 1888 2612 1956 lieverardus,
2650 1887 2811 1959 Papie
2845 1896 3205 1957 praepotentes
3228 1888 3437 1958 jutlices
3468 1896 3648 1942 erant.

2061 1980 2234 2036 Causa
2268 1991 2447 2035 autem
2482 1980 2733 2050 potentize
2769 1978 3028 2049 Walperti
3062 1980 3177 2033 htec
3208 1988 3326 2032 erat
3349 2020 3362 2044 ,
3396 1979 3657 2049 quoniam»

2061 2072 2264 2134 Cumis,
2288 2072 2554 2127 ditissimo
2578 2072 2628 2125 in
2656 2071 2792 2136 loco,
2822 2071 2988 2124 tilium
3016 2086 3171 2125 suum
3202 2070 3420 2124 Petrum
3445 2070 3654 2141 episco-

2061 2180 2186 2234 pum
2207 2164 2430 2231 fecerat,
2450 2164 2650 2219 Rozam
2676 2180 2824 2229 vero,
2846 2173 3059 2233 gnatam
3083 2178 3259 2227 suam,
3283 2163 3654 2219 Gilleberto'”

2064 2256 2246 2310 comiti
2273 2256 2459 2325 palatii
2494 2256 2743 2334 conjugio
2775 2256 3086 2310 sotiaverat.
3120 2254 3193 2308 Ea
3233 2264 3411 2308 tamen
3448 2263 3655 2324 tempe—

2065 2358 2205 2404 state
2228 2358 2453 2418 uterque
2475 2341 2760 2404 defunctus
2784 2358 2921 2403 erat.
2948 2347 3253 2402 Ticinensis
3281 2349 3483 2416 itaque,
3511 2346 3656 2414 quod

2066 2448 2150 2493 est
2182 2438 2486 2507 Papiensis,
2529 2438 2753 2509 populus
2772 2440 2967 2515 .omnis
3010 2439 3075 2492 ad
3121 2437 3262 2491 hunc
3305 2444 3655 2499 convenerat,

2067 2545 2368 2600 causasque
2392 2546 2582 2585 omnes
2610 2539 2665 2586 et
2694 2530 3097 2586 controversias
3130 2538 3256 2584 ante
3294 2544 3415 2583 eum
3447 2527 3653 2582 delibe-

2069 2624 2241 2676 rabat.
2272 2621 2695 2691 Participatione
2723 2621 2954 2692 denique.
2981 2620 3236 2690 potentia:
3267 2618 3423 2687 hujus
3452 2633 3660 2672 memo-

2069 2723 2221 2769 ratus
2249 2713 2424 2779 Gezo,
2454 2714 2782 2783 prtenomine
2826 2712 3163 2767 lleverardus
3184 2752 3196 2774 ,
3229 2710 3483 2780 quoniam
3516 2724 3653 2778 qua-

2070 2806 2192 2860 dam
2234 2804 2490 2860 afﬁnitate
2517 2807 2562 2860 ei
2588 2805 2949 2875 jungebatur,
2989 2812 3291 2874 pratpotens
3332 2802 3654 2856 habebatur.

2070 2896 2171 2964 Qui
2218 2897 2551 2953 nobilitatem
2602 2914 2751 2951 suam
2802 2898 2982 2967 pravis
3032 2895 3271 2950 moribus
3312 2892 3655 2963 deturpabat:

2069 2990 2195 3045 Fuit
2225 2991 2367 3044 enim
2401 2990 2722 3045 ambitiosus
2752 2989 2933 3053 nimis,
2967 2988 3212 3058 cupidus,
3248 2987 3479 3050 invitius,
3511 2986 3657 3039 sedi-

2074 3081 2261 3142 tiosus,
2287 3079 2426 3149 juris
2456 3088 2762 3149 corruptor,
2790 3087 3183 3149 praceptorum
3214 3077 3308 3131 Dei
3340 3077 3655 3140 immemor;

2071 3169 2213 3239 quod
2239 3168 2381 3223 Deus
2410 3184 2512 3222 non
2540 3183 2731 3239 passus
2760 3176 2847 3223 est
2882 3167 3034 3224 abire
3066 3166 3333 3233 inultum;
3362 3175 3417 3221 ct
3446 3181 3513 3221 ne
3541 3164 3662 3219 diu-

2073 3264 2177 3316 tius
2206 3262 2519 3331 protraham
2550 3276 2854 3317 sermonem
2876 3302 2890 3327 ,
2917 3259 3169 3317 Catilinae
3194 3260 3417 3317 omnino
3446 3258 3660 3322 similis,

2071 3357 2160 3425 qui
2204 3357 2343 3409 sicut
2375 3354 2654 3410 consulem
2696 3361 2749 3409 et
2787 3353 2863 3407 rei
2895 3352 3123 3423 publica:
3153 3350 3487 3405 defensorem
3517 3348 3663 3402 Mar-

2072 3460 2193 3498 cum
2229 3442 2459 3498 Tulliutn
2488 3444 2802 3499 Ciceronem
2840 3441 3141 3497 conabatur
3171 3440 3452 3503 occidere,
3493 3440 3565 3492 ita
3610 3447 3664 3491 et

2072 3537 2160 3590 hic
2192 3551 2369 3606 regem
2405 3535 2681 3604 Hugonem
2714 3532 2873 3588 morti
2903 3531 3120 3586 molitus
3148 3539 3228 3585 est
3260 3530 3492 3583 tradere.
3518 3528 3664 3595 Qua-

2074 3628 2196 3681 dam
2227 3627 2373 3682 enim
2403 3626 2519 3690 die,
2554 3626 2681 3679 dum
2718 3624 2882 3679 nichil
2914 3624 3040 3678 mali
3070 3622 3357 3692 suspicans
3384 3636 3475 3675 rex
3511 3619 3665 3689 Hugo

2073 3718 2237 3788 Papie
2265 3732 2385 3771 cum
2415 3716 2597 3786 paucis
2627 3714 2869 3786 degeret,
2905 3715 2993 3769 hic
3024 3713 3287 3769 seditione
3322 3710 3464 3765 facta
3495 3708 3665 3764 voluit

2074 3823 2234 3878 super
2263 3824 2383 3862 eum
2416 3808 2655 3872 irruere;
2692 3806 2784 3861 sed
2816 3805 3126 3875 Walperto,
3160 3805 3249 3873 qui
3296 3818 3399 3857 non
3441 3811 3545 3856 tam
3587 3800 3666 3857 fe-

2076 3902 2215 3955 rocis
2243 3900 2405 3954 animi
2437 3907 2578 3964 erat,
2618 3910 2945 3962 remorante,
2979 3897 3225 3951 tardatus
3252 3905 3355 3950 est.

2143 3992 2233 4045 40.
2276 3990 2384 4045 Nec
2415 3992 2593 4045 minus
2621 3990 2783 4045 etiam
2816 4005 2910 4044 eos
2941 4004 3032 4042 rex
3066 3988 3219 4059 [lngo
3242 3986 3354 4042 suis
3380 3985 3669 4039 rhetoricis
3710 4014 3711 4021 η

2074 4092 2129 4139 et
2166 4082 2321 4137 melle
2362 4082 2691 4137 dulcioribus
2730 4080 2919 4151 elogiis
2956 4081 3023 4133 ab
3056 4081 3268 4148 incepto
3311 4077 3493 4131 furore
3532 4091 3667 4130 con-

2074 4174 2302 4246 pescuit.
2347 4173 2484 4227 Dum
2526 4173 2671 4226 enim
2717 4171 3040 4226 seditionem
3083 4185 3245 4238 super
3284 4183 3347 4239 se
3381 4167 3669 4221 exhortam

2077 4275 2239 4335 atque
2268 4266 2319 4318 in
2352 4263 2512 4318 domo
2533 4262 2797 4332 Walperti
2816 4259 3271 4331 congregatamm
3298 4273 3418 4313 esse
3444 4272 3670 4327 cognos—

2078 4366 2272 4419 sceret,
2309 4353 2612 4424 hujusmodi
2651 4366 2839 4407 omnes
2882 4368 2978 4421 per
3020 4350 3380 4405 internuntios
3419 4361 3671 4402 sermone

2078 4446 2376 4502 convenit:
2420 4465 2437 4496 ι
2479 4443 2617 4511 Quid
2647 4452 2767 4508 est,
2798 4441 2940 4511 quod
2974 4449 3251 4510 tantOpere
3276 4478 3289 4503 ,
3322 4438 3425 4491 viri
3462 4435 3657 4501 fortes,

2080 4550 2298 4608 tamque
2347 4538 2617 4606 insperate
2664 4542 2852 4589 contra
2904 4532 3199 4594 dominum,
3248 4529 3414 4581 immo
3463 4540 3670 4596 regem,

2080 4641 2317 4687 vestrum
2344 4628 2597 4684 commoti
2625 4626 2803 4683 estis?
2830 4624 2885 4679 Si
2914 4624 3188 4693 quippiam
3216 4618 3358 4689 quod
3388 4616 3675 4685 displiceat

2081 4735 2259 4780 actum
2287 4732 2391 4785 est,
2420 4719 2804 4777 consolidetur.
2834 4715 3019 4784 Neque
3050 4714 3191 4767 enim
3220 4722 3340 4765 sera
3367 4707 3679 4762 emendatio

2085 4813 2403 4885 reprehendi
2454 4810 2610 4875 solet,
2667 4805 2967 4880 praesertim
3019 4804 3063 4857 si
3127 4802 3273 4859 nulla
3338 4797 3679 4867 neglegentia

2084 4905 2447 4978 prtetermissa
2476 4910 2579 4955 est.
2619 4920 2635 4951 ι
2662 4901 2758 4955 llis
2786 4895 3004 4958 auditis,
3034 4894 3274 4950 furorem
3309 4887 3484 4944 cuncti
3511 4889 3681 4944 animi

2085 4997 2419 5065 mitigarunt.
2446 4991 2605 5047 Solus
2624 4990 2788 5054 Gelo,
2818 4988 2869 5040 in
2897 5000 3000 5055 qua
3025 4985 3179 5054 prius
3207 4983 3379 5038 fuerat
3408 4980 3687 5046 protervia
3716 5002 3721 5011 -

2087 5104 2331 5150 manens,
2365 5096 2586 5153 operam
2621 5083 2781 5135 dabat
2815 5091 2920 5145 quo
2961 5090 3154 5131 omnes
3207 5085 3367 5141 super
3400 5084 3586 5138 regem
3618 5070 3689 5123 ir-
