4012 5340
340 297 443 357 851

1336 264 1757 346 LiUTPRANDl
1795 277 2274 337 CREMONENSiS
2313 276 2620 335 EPISCOPI

3496 226 3605 334 ’852

340 418 560 471 ruerent
578 418 810 476 eumque
832 412 1005 460 morte
1021 403 1327 474 turpissima
1353 402 1681 458 cruciarent.
1696 398 1920 461 Verum,
1950 396 1997 457 Α
2026 396 2194 451 sthisa
2226 396 2473 465 cpirosen
2502 401 2690 458 auton,
2715 391 2855 447 Zeus
2885 390 2948 447 de
2973 389 3279 446 echarisato
3305 398 3434 444 auto
3471 390 3607 459 polis

339 505 655 575 disponente
681 498 809 559 Deo.
833 495 1058 552 affectus
1080 494 1195 564 ejus
1220 508 1417 566 pravus
1441 492 1687 549 elfectnm
1718 491 1919 547 habere

338 610 447 650 non
488 591 683 663 potuit.
726 586 949 653 Reversi
981 586 1143 657 igitur
1182 586 1251 640 ad
1289 599 1471 657 regem
1513 582 1719 649 nuntii,
1760 588 1921 653 prout

337 686 586 743 viderant
613 693 668 740 et
693 681 995 747 audierant,
1024 688 1370 735 enarrarnnt.

320 798 325 843 δ
408 777 499 832 41.
535 775 705 847 igitur
742 788 835 828 rex
870 771 1022 842 Hugo
1055 770 1170 826 haec
1197 770 1376 824 omnia
1405 768 1559 838 quasi
1595 781 1692 837 pro
1720 765 1922 821 nichilo

337 875 520 924 mente
565 864 785 922 subdola
835 864 1064 928 ducens,
1102 860 1267 931 Papia
1311 874 1583 932 egressus,
1624 858 1782 929 longe
1815 856 1921 912 alio

335 971 629 1029 properare
657 955 911 1020 festinat,
952 952 1241 1023 missisque
1279 949 1629 1006 circumcirca
1662 947 1919 1012 libris’“,

336 1050 540 1106 milites
557 1061 686 1103 suos
707 1047 772 1101 ad
796 1058 854 1100 se
874 1044 1061 1102 venire
1080 1043 1351 1114 prtecepit.
1370 1042 1515 1110 Quos
1535 1042 1674 1096 inter
1690 1039 1920 1096 Samson

330 1148 642 1211 przepotens
682 1149 865 1191 comes
905 1134 1217 1195 advenerat,
1260 1132 1353 1203 qui
1385 1130 1499 1200 jam
1536 1130 1680 1187 dicto
1718 1129 1921 1185 Gezoni

330 1226 747 1284 inimicissimus
782 1232 918 1280 erat.
950 1225 996 1278 Is
1039 1223 1271 1293 denique
1309 1237 1489 1294 regem
1520 1229 1579 1276 ut
1605 1221 1768 1295 vidit,
1797 1236 1921 1277 eum

330 1319 407 1373 ita
453 1316 751 1375 convenit:
790 1335 806 1367 σ
845 1313 1147 1371 Sollicitum
1194 1323 1247 1368 te
1287 1312 1539 1383 equidem
1586 1311 1653 1366 de
1702 1310 1923 1366 urbanis

329 1409 502 1466 rebus
547 1416 735 1465 contra
781 1414 834 1461 te
880 1404 1205 1460 tumultuose
1241 1412 1295 1459 et
1332 1403 1557 1458 moleste
1601 1402 1686 1458 his
1732 1401 1923 1458 diebus

329 1500 474 1556 actis
519 1499 766 1565 intueor;
814 1512 1001 1552 verum
1037 1496 1081 1551 si
1122 1510 1207 1551 me
1244 1493 1401 1549 audis
1436 1492 1678 1563 mihique
1714 1492 1923 1548 obtem—

329 1596 537 1660 peras,
565 1589 678 1645 suis
723 1587 826 1660 ipsi
871 1587 1078 1657 laqueis
1118 1588 1418 1657 capientur.
1453 1583 1606 1645 Alter
1631 1582 1799 1647 enim,
1828 1581 1921 1652 qui

333 1683 531 1740 melius
569 1680 854 1739 consilium
890 1679 1020 1735 dare
1058 1677 1230 1750 possit
1265 1692 1426 1749 quam
1461 1689 1581 1747 ego,
1619 1688 1726 1733 non
1764 1672 1926 1730 facile

2021 488 2133 544 zise
2157 486 2324 552 etesi,
2357 485 2424 540 ιω
2452 501 2548 540 osa
2577 484 2764 555 elegen
2799 483 3032 538 mantica
3061 481 3225 552 legin.
3259 479 3385 536 Hzee
3415 489 3502 533 est
3529 481 3609 533 in-

2021 576 2335 649 terpretatio
2353 594 2364 630 :
2380 573 2625 645 luppiter
2651 582 2705 628 et
2728 572 2869 629 Juno
2892 571 3289 628 contenderunt
3312 568 3380 625 de
3404 569 3604 624 amori-

2020 670 2144 734 bus,
2172 669 2294 738 quis
2326 667 2510 737 plures
2552 667 2778 723 haberet
2814 665 3067 721 libidines
3102 666 3156 720 in
3193 664 3360 721 coitu.
3387 663 3455 717 Et
3487 672 3614 723 tunc

2024 759 2284 819 Tiresiam
2311 760 2437 814 Euri
2465 759 2633 827 ﬁlium
2659 760 3044 830 quaesiverunt.
3066 758 3171 816 Iste
3194 758 3339 813 enim
3363 757 3419 812 in
3443 756 3612 829 utris-

2021 868 2128 924 que
2151 852 2363 908 natnris
2390 860 2782 911 transmutatus
2806 860 2918 914 est,
2948 852 3077 921 quia
3101 850 3391 906 draconem
3438 848 3613 904 calca-

2021 947 2122 1001 vit.
2155 945 2255 1001 Hic
2283 960 2413 1017 ergo
2442 954 2629 1001 contra
2658 942 2927 1001 lunonem
2959 945 3347 1014 pronuntiavit.
3378 943 3444 998 Et
3472 940 3613 995 Juno

2023 1039 2161 1094 irata
2189 1037 2467 1094 excecavit
2490 1053 2635 1093 eum.
2663 1036 2908 1107 luppiter
2938 1047 3119 1091 autem
3145 1036 3368 1092 donavit
3392 1033 3445 1088 ei
3476 1033 3613 1086 mul-

2027 1131 2094 1186 tis
2118 1130 2305 1185 vivere
2332 1129 2508 1195 annis,
2536 1136 2593 1184 et
2617 1136 2819 1198 quanta
2845 1128 3069 1192 diceret,
3093 1126 3384 1182 divinando
3408 1124 3609 1183 dicere.

2025 1222 2131 1278 Sed
2163 1221 2446 1278 redeamus
2476 1220 2543 1276 ad
2583 1236 2718 1276 rem.
2745 1220 2912 1287 Gezo,
2944 1230 3004 1275 ut
3037 1219 3408 1292 praediximus,
3446 1231 3612 1272 mem-

2023 1313 2139 1369 bris
2162 1312 2456 1377 defmdato,
2481 1313 2781 1368 substantia
2807 1312 2951 1367 illius
2972 1312 3241 1381 diripitur.
3268 1309 3448 1366 Ceteri
3474 1322 3619 1364 eom-

2024 1406 2207 1478 plures
2244 1405 2489 1461 enstodie
2530 1383 2926 1476 mancipaniur.
2966 1402 3281 1482 Walppertus
3322 1401 3378 1455 in
3417 1399 3614 1461 crasti—

2024 1517 2155 1558 num
2184 1500 2364 1575 capite
2393 1509 2708 1567 truncatur,
2734 1500 3018 1556 thesaurus
3058 1498 3176 1566 ejus
3215 1494 3461 1550 infinitus
3487 1492 3619 1548 diri.

2024 1592 2190 1663 pitur.
2230 1590 2469 1647 Cristina
2512 1606 2652 1648 uxor
2695 1589 2840 1647 illius
2881 1589 3117 1661 capitur,
3145 1596 3203 1643 et
3238 1596 3299 1646 ut
3322 1585 3623 1657 thesauros.

2025 1682 2265 1739 occultos
2309 1681 2516 1748 tradat,
2565 1682 2796 1738 diversis
2841 1681 3096 1741 crucibus
3142 1678 3395 1737 laniatur.
3432 1676 3619 1733 Crevit

334 1772 568 1830 inveniri
598 1780 803 1842 potest;
836 1769 930 1825 tibi
959 1784 1086 1824 vero
1115 1769 1215 1839 ipsi
1243 1776 1390 1824 certe
1416 1781 1573 1823 nemo
1603 1765 1794 1821 melius
1823 1765 1919 1820 (ia-2
1954 1760 1995 1821 Β
2021 1782 2222 1829 extunc
2247 1787 2355 1827 non
2382 1771 2556 1828 solum
2579 1771 2780 1843 Papia},
2805 1770 2899 1829 sed
2921 1780 2977 1828 et
3000 1772 3053 1826 in
3079 1784 3269 1826 manes
3290 1767 3460 1823 Italiae
3484 1766 3621 1822 ﬁnes

333 1866 437 1922 bit.
466 1864 642 1924 Unum
673 1873 849 1920 tamen
880 1871 1023 1933 peto,
1054 1871 1112 1918 ut
1141 1862 1269 1917 dum
1295 1860 1439 1932 capti
1468 1875 1584 1915 mea
1611 1874 1777 1931 opera
1810 1857 1924 1913 fue-

335 1959 486 2023 rint,
518 1956 663 2014 Gezo
691 1972 813 2012 eum
845 1956 989 2012 omni
1025 1970 1117 2010 sua
1152 1955 1389 2026 ypostasi
1425 1953 1561 2009 meis
1596 1952 1841 2007 tradatur
1869 1950 1923 2006 in

335 2050 609 2107 manibus.
643 2068 663 2103 ι
702 2048 870 2117 Quem
906 2051 1035 2105 dum
1058 2047 1173 2103 dari
1208 2046 1308 2102 sibi
1345 2061 1375 2100 a
1412 2060 1536 2117 rege
1569 2043 1796 2109 audivit,
1834 2044 1926 2098 ad-

330 2140 465 2212 jecit
491 2160 507 2196 :
544 2159 561 2193 ‹
585 2140 1030 2207 Leo,Ticinensis
1057 2140 1342 2210 episcopus
1371 2134 1926 2205 civitatis,Walperto

336 2242 396 2290 et
431 2234 635 2291 Gezoni
667 2249 774 2288 non
804 2233 1035 2288 habetur
1063 2231 1298 2296 amicus;
1342 2229 1377 2285 ii
1418 2242 1548 2284 sane
1584 2240 1927 2299 quocumque

335 2333 565 2399 possunt
592 2333 648 2381 et
675 2322 1002 2381 omnimodis
1046 2323 1420 2377 adversantur.
1466 2318 1632 2375 Scitis
1671 2317 1922 2387 denique,

336 2417 509 2474 moris
533 2431 676 2483 esse,
706 2415 818 2485 regi
847 2415 916 2470 ab
941 2413 1060 2469 aliis
1088 2412 1222 2469 locis
1250 2411 1473 2482 Papiam
1508 2408 1747 2466 tendenti
1780 2408 1927 2462 cives

335 2509 603 2565 forciores
649 2516 803 2563 extra
849 2507 1039 2561 urbem
1083 2519 1391 2561 occurrere.
1442 2503 1695 2559 Mandate
1744 2501 1928 2570 itaque

337 2602 479 2659 clam
504 2601 787 2671 episcopo,
816 2608 877 2653 ut
906 2598 1032 2653 dum
1065 2601 1305 2669 tempore
1342 2604 1548 2652 statuto
1579 2594 1800 2664 l’apiam
1834 2605 1926 2647 ve-

335 2688 551 2758 neritis,
578 2698 633 2746 et
658 2689 759 2760 ipsi
790 2688 945 2745 nobis
979 2695 1132 2744 extra
1173 2688 1365 2751 urbem
1399 2684 1616 2741 obviam
1655 2681 1923 2747 venerint,

334 2794 526 2856 portas
549 2781 790 2839 civitatis
822 2794 1009 2836 omnes
1037 2793 1253 2834 serrare
1283 2778 1473 2843 faciat,
1503 2776 1792 2845 clavesque
1823 2773 1924 2830 sibi

336 2875 590 2939 retineat,
618 2888 725 2945 quo
756 2873 885 2928 dum
913 2884 1111 2942 capere
1137 2884 1231 2926 eos
1262 2862 1589 2939 ceperimus;
1619 2881 1719 2923 nec
1750 2865 1803 2920 in
1834 2880 1926 2919 ur-

333 2968 461 3025 bem
486 2965 795 3039 confugere,
826 2979 925 3021 nee
955 2964 1026 3020 ab
1052 2964 1186 3019 urbe
1214 2963 1423 3034 possint
1469 2960 1729 3018 auxilium
1761 2973 1926 3030 expe-

336 3070 508 3117 ctare.
543 3079 564 3114 ι
597 3059 750 3126 Quod
776 3067 831 3114 et
857 3056 1057 3114 factum
1086 3066 1190 3113 est.
1221 3054 1357 3111 Nam
1388 3056 1517 3111 dum
1548 3061 1750 3110 statuto
1785 3064 1924 3109 tem-

2026 1865 2170 1937 regis
2202 1865 2394 1930 timor;
2435 1879 2612 1935 neque
2640 1864 2784 1921 hunc
2812 1874 2870 1921 ut
2900 1879 3056 1937 reges
3084 1872 3297 1920 ceteros
3333 1859 3624 1932 lloccipen-

2026 1959 2175 2023 dere,
2208 1972 2396 2011 verum
2429 1956 2602 2012 modis
2630 1939 2881 2014 omnibus
2908 1957 3198 2012 honorare.

2094 2050 2184 2107 42.
2226 2049 2428 2105 Eodem
2458 2058 2702 2120 tempore
2730 2050 2990 2116 lldoinus,
3021 2046 3412 2105 Laudoeiensis
3447 2045 3467 2117 (
3486 2043 3625 2115 l06)

2027 2140 2238 2196 eclesiae
2269 2140 2574 2211 episcopus,
2603 2140 2821 2211 propria
2848 2140 2978 2197 sede
3005 2139 3263 2211 expulsus
3309 2137 3425 2211 (an.
3467 2137 3624 2209 928),

2027 2231 2097 2286 ad
2126 2229 2408 2302 Hugonem
2440 2246 2645 2302 regem,
2676 2232 2763 2288 cui
2793 2229 3067 2291 alIinitatis
3105 2231 3245 2287 linea
3269 2229 3626 2303 jungebatur,

2027 2323 2082 2378 in
2112 2321 2320 2377 Italiam
2348 2323 2514 2378 venit.
2547 2322 2649 2392 Qui
2685 2323 2983 2381 honoriﬁce
3020 2323 3089 2380 ab
3123 2338 3189 2379 eo
3224 2323 3625 2395 susceptus”,

2027 2417 2393 2475 Veronensem
2426 2419 2477 2503 ei
2518 2418 2888 2490 episcopatum
2933 2418 3000 2475 ad
3045 2418 3298 2488 stipendii
3346 2417 3625 2473 concessit

2027 2527 2203 2567 usum.
2250 2511 2473 2567 Factum
2513 2520 2599 2568 est
2632 2521 2845 2577 autem,
2891 2522 2950 2566 ut
2988 2520 3109 2583 post
3147 2510 3423 2581 paululum
3462 2509 3630 2564 Lam-

2025 2614 2213 2673 pertus
2253 2602 2696 2675 archiepiscopus
2739 2612 3076 2668 moreretur,
3117 2611 3172 2658 et
3214 2602 3302 2657 hic
3346 2600 3467 2657 loco
3502 2601 3626 2672 ejus

2027 2695 2333 2752 Mediolanii
2384 2695 2671 2767 episcopus
2722 2695 3088 2750 ordinaretur.
3148 2694 3385 2749 Venerat
3436 2700 3624 2748 autem

2027 2805 2151 2846 eum
2177 2788 2402 2861 praefato
2424 2788 2632 2845 llduino
2659 2788 2953 2844 monachus
2976 2787 3215 2857 quidam,
3238 2786 3496 2841 Raterius
3526 2799 3628 2841 no-

2026 2885 2195 2951 mine,
2217 2884 2308 2955 qui
2333 2884 2401 2940 ob
2423 2882 2736 2955 religionem
2758 2894 3073 2954 septemque
3092 2880 3392 2937 liberalium
3416 2880 3623 2934 artium

2024 2974 2279 3045 peritiam
2308 2970 2520 3028 Verene
2551 2973 2837 3043 episcopus
2863 2971 3237 3037 constituitur,
3267 2971 3357 3026 ubi
3388 2978 3446 3025 et
3470 2969 3629 3036 Milo,

2027 3082 2189 3137 quem
2223 3081 2385 3137 supra
2429 3066 2882 3132 memoravimus,
2927 3078 3111 3122 comes
3151 3063 3456 3120 habebatur
3528 3080 3631 3125 an.

334 3165 472 3224 pore
513 3120 874 3221 revaapiam
922 3148 1189 3213 tenderet,
1223 3156 1278 3203 et
1311 3146 1593 3204 memorati
1620 3145 1833 3201 obviam
1874 3142 1926 3199 ei
1953 3120 1999 3184 (δ

335 3243 583 3308 exirent,
609 3240 896 3313 episcopus
924 3239 1178 3306 libenter,
1208 3246 1268 3294 ut
1294 3239 1344 3296 ei
1373 3239 1694 3310 imperatum
1728 3236 1926 3303 fuerat,

334 3334 490 3392 fecit.
526 3333 654 3389 Rex
688 3332 872 3405 itaque
906 3347 1095 3388 omnes
1129 3346 1343 3403 capere,
1376 3339 1437 3384 ut
1473 3328 1703 3385 Samson
1746 3327 1929 3384 consi-

336 3426 472 3483 iium
504 3425 753 3489 dederat,
787 3424 969 3495 jussit.
1008 3422 1306 3479 ConfeStim
1338 3422 1501 3494 igitur
1523 3420 1670 3477 Gezo
1696 3419 1924 3475 Samson

300 3526 303 3531 ’
335 3517 590 3582 traditus,
621 3526 851 3587 utroque
876 3515 1079 3571 lumine
1113 3516 1378 3586 privatur,
1408 3523 1463 3570 et
1490 3514 1692 3585 lingua,
1723 3527 1844 3583 qua:
1871 3513 1926 3566 in

334 3620 524 3678 regem
551 3604 941 3677 blasphemiam
973 3604 1208 3670 dixerat,
1231 3605 1279 3660 ei
1311 3603 1629 3659 absciditur.
1654 3600 1700 3659 Ο
1724 3587 1937 3657 factum‘

333 3698 509 3762 bene,
539 3696 583 3753 si
611 3696 753 3752 sicut
780 3709 986 3759 caecus,
1016 3694 1087 3751 ita
1119 3702 1171 3749 et
1196 3702 1379 3751 mutus
1407 3694 1617 3750 cunctis
1658 3692 1929 3749 extitisset

335 3788 700 3860 temporibus!
745 3785 851 3842 Sed
889 3802 923 3841 ο
956 3785 1159 3849 scelus,
1200 3787 1458 3856 quoniam
1497 3785 1678 3857 lingua
1715 3782 1926 3840 abscisa

333 3880 609 3959 loquelam
635 3895 741 3936 non
765 3877 1019 3950 perdidit,
1046 3880 1340 3934 secundum
1365 3878 1662 3935 Grecorum
1692 3877 1920 3942 fabulas,

337 3970 616 4027 oculorum
647 3969 952 4041 privatione
977 3969 1145 4024 vitam
1173 3968 1273 4024 sibi
1302 3968 1609 4039 protelavit,
1641 3985 1762 4040 quae
1791 3969 1928 4024 mul-

336 4060 410 4116 tis
436 4059 503 4115 ad
531 4059 827 4137 perniciem
855 4072 1023 4127 usque
1053 4058 1105 4112 in
1134 4066 1455 4129 praesentem
1491 4057 1632 4113 diem
1665 4072 1787 4117 esse
1818 4072 1923 4115 non

338 4149 515 4207 desiit.
538 4147 756 4203 Fabula:
776 4162 904 4203 vero
924 4136 1136 4214 ludum,
1152 4163 1250 4203 cur
1268 4147 1379 4202 ceci
1402 4146 1691 4218 plurimum
1714 4149 1923 4215 vivant,

334 4240 635 4298 secundum
679 4238 977 4295 Grecorum
1014 4239 1273 4308 ineptiam
1310 4239 1401 4294 hic
1441 4239 1763 4304 inseramus,
1804 4252 1925 4307 quae

336 4332 466 4388 talis
501 4341 627 4388 est:
660 4335 783 4394 Ζεὺς
816 4335 899 4387 καὶ
928 4329 1059 4409 Ἦρα
1093 4332 1276 4407 ἤρισαν
1311 4335 1433 4405 περὶ
1468 4329 1795 4407 ἀφροδισιῶτ,
1831 4335 1924 4393 τῆς

2098 3249 2189 3305 45.
2219 3246 2380 3305 Wido
2401 3249 2629 3315 interea,
2656 3247 2867 3306 Tuscia:
2889 3248 3185 3320 provinciae
3205 3248 3471 3315 marchio,
3496 3263 3623 3305 cum

2028 3342 2267 3398 Marocia
2293 3357 2462 3398 uxore
2487 3356 2585 3397 sua
2608 3342 2674 3397 de
2694 3340 2960 3397 Johannis
2981 3355 3132 3412 papa:
3153 3339 3457 3410 dejectione
3480 3340 3628 3410 cepit

2030 3433 2378 3488 vehementer
2414 3440 2683 3499 tractare,
2724 3440 2891 3502 atque
2930 3432 3034 3487 hoc
3076 3440 3302 3501 prepter
3337 3430 3624 3495 invidiam,

2027 3540 2188 3596 quam
2218 3521 2380 3581 Petro
2405 3523 2561 3579 fratri
2597 3539 2749 3595 papa:
2783 3523 3086 3590 habebant,
3115 3522 3373 3593 quoniam
3400 3521 3626 3592 quidem

2027 3616 2177 3672 illum
2211 3631 2348 3686 papa
2380 3616 2522 3671 sicut
2550 3614 2774 3671 fratrem
2805 3614 3085 3686 proprium
3123 3614 3446 3669 honorabat.
3480 3612 3626 3669 Cone

2030 3707 2146 3777 tigit
2183 3707 2365 3777 itaque
2394 3706 2555 3761 Petro
2596 3704 2769 3761 Rome
2806 3706 3067 3777 degente,
3099 3704 3386 3761 Widonem
3424 3704 3627 3760 multos

2029 3797 2282 3854 habuisse
2307 3796 2446 3853 clam
2478 3797 2677 3853 milites
2703 3807 3080 3869 congregatos.
3105 3796 3349 3867 Cumque
3372 3796 3462 3851 die
3490 3811 3627 3867 quas

2027 3893 2149 3948 dam
2180 3907 2316 3963 papa
2346 3906 2466 3946 cum
2496 3891 2666 3947 fratre
2695 3891 2990 3961 paucisque
3020 3890 3143 3946 aliis
3174 3890 3229 3945 in
3258 3888 3623 3950 .Lateranensi

2026 3984 2228 4055 palatio
2259 3993 2426 4049 esset,
2455 3982 2705 4039 Widonis
2732 3992 2787 4040 et
2817 3982 3066 4039 Marociae
3095 3997 3257 4053 super
3288 3998 3384 4039 eos
3422 3983 3624 4040 milites

2026 4077 2326 4140 irruentes,
2354 4074 2570 4130 Petrum
2602 4074 2790 4131 fratris
2816 4073 2988 4145 ipsius
3013 4084 3141 4129 ante
3175 4073 3363 4130 oculos
3399 4074 3627 4129 interfee

2026 4177 2252 4233 eerunt;
2273 4165 2522 4223 "eundem
2552 4183 2682 4224 vero
2717 4181 2912 4238 papam
2947 4166 3491 4238 comprehendentes,
3528 4182 3626 4223 eu-

2026 4259 2203 4316 stodie
2232 4259 2644 4330 manciparunt,
2682 4261 2736 4315 in
2774 4275 2881 4332 qua
2908 4276 3016 4316 non
3045 4260 3216 4316 multo
3243 4268 3366 4330 post
3402 4268 3487 4316 est
3526 4261 3621 4316 de-

2026 4350 2209 4408 funtus
2232 4350 2323 4406 ³³⁸.
2365 4351 2532 4406 Aiunt
2560 4352 2705 4407 enim
2759 4352 2904 4423 quod
2938 4350 3170 4409 cervical
3199 4366 3361 4422 super
3388 4366 3451 4408 os
3504 4353 3627 4421 ejus

334 4427 542 4503 πλιιὸνα
569 4425 687 4499 ἔχει
712 4426 906 4500 ἥδομαι*
933 4429 982 4482 ἐν
1008 4436 1071 4502 τῇ
1109 4436 1399 4483 συννουσῑα’
1432 4450 1517 4484 και
1544 4429 1658 4485 τότε
1690 4430 1922 4504 Τιρεσὶαν

334 4503 426 4537 ...ἓν
599 4519 621 4536 v
729 4518 775 4537 ν..
793 4529 801 4537 .
1036 4530 1064 4537 ,ι
1080 4518 1101 4535 ιι
1277 4521 1287 4536 1
1378 4519 1390 4537 ν
1526 4527 1548 4537 -
1791 4521 1803 4536 ο

2030 4442 2378 4511 inponerent,
2425 4442 2613 4513 sicque
2652 4457 2774 4498 eum
2821 4442 3057 4513 pessime
3101 4441 3450 4497 suﬂ‘oearent.
3498 4442 3621 4510 Quo

318 4503 520 4593 ,Ἔξρου
566 4519 675 4573 υἷον
722 4518 990 4584 ign-macta.
1030 4518 1192 4579 Οὗτος
1228 4521 1328 4596 γὰρ
1370 4519 1418 4573 ἐν
1456 4527 1575 4580 ταῖς
1613 4503 1919 4593 αμφοέτὲραις

320 4608 553 4703 ἱφύσιςτοι
581 4612 976 4681 μεταμορφὼθη,
1005 4607 1141 4664 ἐπιδι
1170 4608 1412 4685 δράκοντα
1445 4612 1720 4670 ἑπάτησεν.
1759 4612 1920 4674 Οὗτος

320 4698 426 4783 ῥοῦν
463 4702 590 4757 κατά
627 4704 720 4763 τὴς
750 4698 910 4773 Ἤρας
946 4700 1300 4779 immatura-ro,
1336 4705 1422 4755 καὶ
1453 4699 1922 4777 Ἠραόργισθεῐσα

319 4793 602 4871 Δἕπήιθωστν
619 4793 790 4858 αὐτὸν,
826 4795 949 4855 Ζεὺς
983 4791 1036 4848 δὲ
1075 4793 1365 4871 ἐχαρίσατᾳ
1401 4797 1538 4848 αὐτῶ
1563 4795 1739 4855 πολοῐς
1774 4798 1923 4859 ζήσαι

321 4881 497 4965 ἔτεσι,
519 4889 603 4941 καὶ
631 4883 733 4942 ὅσα
757 4884 926 4959 ἔλεγεν
947 4886 1164 4957 primum
1185 4870 1364 4958 lic/er»,
1388 4885 1529 4942 Zeus
1553 4886 1621 4941 ke
1650 4887 1730 4941 lra
1759 4887 1923 4943 irisan

335 4974 455 5043 peri
474 4973 794 5042 afrodision,
811 4976 880 5031 tis
902 4975 1080 5045 pliona
1103 4975 1222 5031 echi
1245 4975 1453 5032 idomas
1473 4992 1540 5031 en
1566 4987 1617 5049 ty
1640 4979 1919 5049 synnusia;

336 5060 406 5112 ke
444 5071 555 5112 tote
587 5064 833 5112 Tiresian
865 5062 1009 5112 Eum
1036 5080 1141 5112 vnn
1171 5065 1430 5112 ezitisan-
1461 5075 1582 5112 nlns
1611 5083 1711 5112 oar
1744 5084 1811 5112 an
1840 5078 1923 5112 mg

2024 4542 2239 4593 mortuo
2264 4532 2410 4606 (l07)
2437 4533 2546 4606 [πη.
2570 4533 2721 4606 928],
2766 4533 2935 4605 ipsius
2963 4532 3201 4591 Marotia:
3222 4533 3390 4590 lilium
3416 4533 3621 4590 Johan-

2024 4638 2150 4681 nem
2192 4625 2431 4691 nomine,
2469 4640 2630 4695 quem
2666 4640 2734 4681 ex
2771 4624 2963 4697 Sergio
3007 4639 3149 4696 papa
3193 4625 3454 4680 meretrix
3502 4626 3620 4695 ipsa

2025 4727 2311 4788 genuerat,
2339 4728 2533 4787 papam
2575 4714 2743 4787 (108')
2781 4715 3136 4771 constituunt.
3163 4715 3323 4772 Wido
3351 4729 3481 4771 vero
3512 4731 3623 4772 non

2022 4807 2198 4865 multo
2231 4816 2354 4877 post
2388 4807 2641 4872 moritur,
2676 4805 2953 4876 fraterque
2991 4807 3109 4877 ejus
3146 4806 3471 4877 Lampertns
3513 4809 3619 4879 ipsi

2027 4899 2266 4955 vicarius
2294 4897 2599 4957 ordinatur.

2099 4988 2190 5042 44.
2229 4987 2467 5043 Marozia
2490 4996 2731 5047 scortum
2757 4987 3039 5059 impudens
3062 4987 3216 5054 satis,
3236 4988 3459 5043 nuntios
3488 5003 3619 5046 suos

2028 5088 2142 5112 mel
2180 5078 2420 5112 Wir‘nnic
2452 5079 2632 5112 Ino-il:
2662 5079 2743 5112 οηξ
2777 5087 3007 5112 nun-unm
3041 5077 3250 5112 Πιιηηηὲ
3284 5079 3397 5112 Mn:
3429 5080 3616 5112 Αἶκῖηἶο
