4012 5340
231 305 330 359 853

1193 285 1734 344 ANTAPODOSEOS
1774 281 1953 338 LlBiil
1991 279 2140 334 SEX.
2179 312 2246 320 —-
2286 279 2407 332 LIB.
2451 278 2535 332 lll.

3396 276 3500 332 85l

233 417 389 472 aliter
415 427 576 485 posse
605 410 718 465 fieri
750 406 1083 468 testabatur,
1117 403 1216 457 nisi
1249 415 1368 455 eam
1398 415 1492 453 rex
1526 398 1678 468 llugu
1715 394 1814 449 sibi
1849 397 1895 455 Α
1925 390 2187 445 creditis?
2229 388 2308 442 An
2339 365 2776 458 Burgundionum
2826 383 3174 438 voracitatem
3225 393 3280 439 et
3315 399 3503 455 super-

234 509 488 564 maritam
519 505 740 558 faceret.

939 629 1150 685 Versus.

231 763 374 831 Quid
403 759 630 818 Veneris
660 755 868 811 facibus
894 750 1168 822 compulsa
1198 748 1429 804 Marozia
1457 745 1650 800 san-is?
1700 779 1707 786 .

232 851 500 924 Lonjugis
525 862 652 904 ecce
684 845 756 900 tui
789 851 1002 914 spectas
1035 850 1088 895 tu
1116 839 1301 895 suavia
1335 837 1538 900 fratris,

232 945 455 998 Nubere
489 938 763 1012 germanis
794 943 1047 1003 satagens
1078 931 1307 986 llerodia
1341 928 1577 990 duobus,

228 1037 529 1090 Immemor
554 1048 620 1088 en
652 1028 850 1084 videris
875 1024 1131 1096 prmcepti
1159 1037 1284 1079 ceca
1315 1020 1596 1084 Johannis,

231 1131 337 1196 Qui
371 1127 529 1183 fratri
559 1125 727 1179 vetuit
750 1122 936 1177 fratris
963 1119 1164 1175 violare
1194 1117 1462 1171 maritam.

235 1218 366 1272 ll;ec
400 1216 496 1270 tibi
529 1213 739 1268 Moseos
766 1227 872 1266 non
901 1217 1161 1280 przestant
1187 1206 1429 1261 carmina
1461 1203 1617 1268 vatis,

235 1309 341 1374 Qui
377 1305 535 1360 fratri
563 1303 807 1359 subolem
837 1301 1022 1356 fratris
1054 1300 1118 1354 de
1150 1298 1366 1352 nomine
1389 1295 1549 1366 jussit

236 1399 436 1462 Edere,
466 1397 511 1452 si
540 1397 746 1467 primus
769 1403 1004 1464 nequeat
1035 1392 1134 1446 sibi
1166 1390 1385 1460 gignere
1412 1398 1618 1442 natum.

237 1494 462 1558 Nastra,
492 1501 581 1546 tuo
606 1489 879 1561 peperisse
910 1488 1026 1541 viro
1055 1496 1126 1549 te,
1156 1482 1333 1561 secula
1367 1490 1582 1536 norunt.

240 1583 581 1654 Respondes,
607 1559 741 1646 “scio,
775 1590 828 1634 tu
861 1598 871 1632 :
906 1577 1082 1632 Nic/ii!
1104 1577 1199 1629 hoc
1239 1559 1406 1628 Venus
1429 1574 1568 1627 ebria
1593 1581 1761 1625 curat.

239 1675 478 1730 Advenit
514 1680 730 1743 optatus
758 1686 855 1726 ccu
884 1669 982 1724 bos
1009 1667 1103 1721 tibi
1141 1667 1332 1722 ductus
1359 1665 1424 1718 ad
1453 1679 1602 1717 aram

1927 483 2069 537 binm
2117 479 2419 552 ignoratis?
2479 477 2652 548 lpsam
2705 475 2895 531 saltem
2955 476 3184 531 nominis
3259 476 3504 531 ctimolo-

1928 577 2068 646 giam
2095 575 2162 606 ’⁵³
2190 573 2472 643 dispicite:
2519 571 2929 641 Burgundiones
2979 570 3098 624 ideo
3131 569 3323 635 dictos,
3373 585 3508 641 quo-

1930 667 2072 720 niam
2107 666 2232 719 dum
2265 663 2515 728 Romani,
2553 662 2682 717 orbe
2725 661 2957 724 devicto,
2991 675 3055 715 ex
3087 669 3245 732 gente
3273 661 3374 715 hac
3419 676 3508 715 ca-

1932 759 2104 829 ptivos
2138 757 2395 813 ducerent
2438 754 2658 817 multos,
2703 753 3101 808 constituerunt
3132 752 3210 806 eis
3267 762 3326 806 ut
3355 761 3506 806 extra

1929 852 2118 906 urbem
2167 851 2355 904 domos
2403 848 2502 902 sibi
2549 845 2926 909 sustollerent;
2960 859 2987 896 a
3019 843 3215 912 quibus
3254 852 3307 897 et
3350 842 3512 912 paulo

1932 951 2053 1012 post
2081 958 2108 995 a
2142 940 2398 996 Romanis
2427 939 2496 994 ob
2524 936 2830 1007 superbiam
2861 945 2986 990 sunt
3012 935 3252 1006 expulsi;
3287 944 3338 988 et
3370 952 3508 1005 quo—

1933 1033 2075 1087 niam
2113 1030 2210 1101 ipsi
2245 1030 2522 1084 domorum
2550 1026 3048 1104 congregationem,
3076 1040 3194 1095 quae
3222 1040 3376 1079 muro
3408 1039 3513 1078 neu

1933 1121 2221 1185 clauditur,
2250 1121 2478 1190 burgum
2509 1117 2658 1189 (l09)
2683 1127 2902 1180 vocant,
2930 1115 3342 1186 Burgundiones
3366 1116 3512 1185 (HO)

1936 1231 1963 1268 a
1997 1211 2278 1278 Romanis,
2307 1212 2448 1280 quod
2480 1220 2563 1264 est
2590 1225 2620 1264 a
2649 1209 2818 1288 burgo
2853 1197 3084 1280 expulsi,
3116 1210 3334 1280 apellati
3367 1221 3514 1262 sunt.

1935 1305 2186 1359 Ceterum
2237 1300 2533 1356 secundum
2583 1299 2827 1354 naturale
2857 1315 3051 1354 nomen
3080 1299 3217 1354 Galli
3244 1298 3517 1366 Allobrugi

1938 1401 2334 1463 nuncupantur.
2385 1391 2494 1461 Ego
2545 1399 2720 1444 tamen
2770 1391 3063 1444 secundum
3095 1389 3165 1420 ’⁵⁸
3191 1390 3321 1443 mihi
3358 1389 3520 1443 tradi-

1940 1495 2048 1540 tam
2096 1483 2352 1546 fronesiu,
2386 1481 2438 1535 id
2467 1489 2550 1534 est
2599 1480 2945 1549 sapientiam,
2978 1478 3390 1549 Burgundiones
3426 1494 3519 1531 eos

1940 1578 2094 1648 quasi
2151 1573 2496 1648 gurguliones
2537 1572 2729 1642 apello,
2783 1571 2865 1626 vel
2917 1572 3059 1642 quod
3105 1570 3519 1644 ob_superbiam

1948 1680 2060 1724 toto
2090 1676 2308 1740 gutture
2353 1668 2662 1736 loquantur,
2693 1663 2798 1728 vel,
2827 1662 2970 1733 quod
3005 1661 3184 1717 verius
3215 1671 3319 1728 est,
3349 1661 3522 1716 edaci-

241 1769 363 1823 Rex
390 1766 561 1838 Hugo,
588 1765 886 1819 Romanam
915 1762 1090 1833 potius
1117 1758 1498 1815 eommotus’"
1521 1758 1590 1812 ob
1618 1757 1824 1809 urbem.

1962 1763 2032 1817 ati
2056 1762 2144 1825 Μ,
2171 1775 2291 1831 qua:
2312 1775 2409 1830 per
2430 1756 2610 1829 gulam
2635 1765 2946 1820 exercetur,
2976 1754 3136 1808 nimis
3163 1753 3521 1822 indulgeant.)

245 1862 385 1928 Quid
404 1859 580 1930 juvat,
612 1857 970 1922 obscelerata,
989 1854 1164 1908 virum
1192 1852 1272 1908 sic
1294 1851 1518 1921 perdere
1545 1849 1828 1904 sanctum?

244 1953 490 2009 Crimine
515 1951 642 2006 dum
669 1958 822 2005 tanto
844 1945 1044 2017 satagis
1070 1944 1255 2016 regina
1285 1943 1474 2006 videri,

244 2045 472 2101 Amittis
503 2056 754 2115 magnam
786 2039 1014 2097 Domino
1042 2047 1096 2092 tu
1117 2035 1301 2106 judice
1328 2035 1578 2090 Romam.

248 2138 404 2205 Quod
432 2146 578 2192 recte
617 2149 738 2192 esse
783 2142 988 2198 actum,
1033 2147 1139 2186 non
1170 2127 1343 2185 solum
1378 2135 1614 2192 sensata,
1649 2140 1834 2181 verum

249 2229 418 2283 etiam
452 2229 750 2291 insensata,
789 2223 1227 2278 animadvertunt
1253 2218 1343 2272 "3.
1374 2217 1430 2272 ln
1462 2218 1703 2288 ingressu
1731 2215 1839 2269 Ro—

251 2333 429 2372 mante
461 2316 610 2372 urbis
637 2314 884 2386 quaedam
915 2321 997 2368 est
1032 2309 1154 2365 miri
1187 2309 1366 2379 operis
1393 2307 1637 2376 mireque
1687 2303 1839 2360 forti-

255 2409 461 2465 tudinis
489 2407 784 2463 constituta
812 2404 1075 2469 munitio;
1123 2409 1250 2456 ante
1282 2399 1434 2469 cujus
1457 2399 1680 2470 januam
1708 2411 1843 2466 pons

251 2510 340 2554 est
391 2497 844 2569 praeciosissimus
888 2509 1051 2565 super
1097 2491 1338 2548 Tiberim
1386 2489 1704 2553 fabricatus,
1751 2489 1844 2558 qui

257 2592 477 2663 pervius
519 2587 953 2662 ingredientibus
980 2585 1208 2640 Romam
1255 2591 1417 2653 atque
1447 2580 1846 2652 egredientibus

259 2693 376 2750 est;
411 2698 514 2739 nec
537 2691 624 2738 est
647 2680 772 2748 alia,
803 2679 908 2735 nisi
943 2693 1040 2750 per
1067 2692 1213 2742 eum,
1251 2674 1561 2730 transeundi
1593 2671 1698 2726 via.
1734 2670 1847 2725 Hoc

261 2786 478 2841 tamen,
525 2774 630 2830 nisi
682 2786 949 2830 consensu
995 2768 1352 2825 munitionem
1408 2763 1849 2825 custodientium,

266 2868 383 2924 lteri
417 2883 522 2922 non
548 2874 750 2937 potest.
791 2861 1018 2918 Munitio
1053 2874 1183 2915 vero
1215 2860 1328 2929 ipsa
1353 2898 1368 2924 ,
1399 2865 1457 2910 ut
1484 2865 1678 2910 caetera
1715 2853 1856 2909 desi-

264 2975 414 3023 nam,
446 2966 608 3012 tautaa
654 2953 956 3010 altitudinis
987 2959 1089 3017 est,
1131 2959 1190 3006 ut
1227 2948 1459 3005 ecclesia
1489 2961 1608 3018 qua:
1648 2947 1701 3000 in
1739 2942 1856 3012 ejus

263 3051 473 3105 vertice
499 3048 732 3114 videtur,
762 3045 816 3100 in
845 3045 1048 3100 honore
1077 3041 1274 3098 sumini
1299 3047 1353 3097 et
1378 3039 1593 3096 celestis
1645 3036 1858 3092 milicia:

1933 1855 2046 1910 Nec
2067 1868 2238 1915 mora,
2263 1852 2347 1905 his
2391 1848 2614 1915 auditis,
2646 1847 2924 1918 Hugouem
2956 1860 3134 1916 regem
3167 1844 3344 1898 cuncti
3372 1844 3527 1897 dese-

1934 1955 2082 2010 runt,
2113 1954 2272 2014 atque
2294 1941 2523 1997 eundem
2544 1938 2849 1994 Albericum
2873 1937 2972 1992 sibi
2994 1936 3268 1992 dominum
3293 1934 3527 2003 eligunt;

1937 2047 2080 2091 etne
2110 2034 2349 2105 spacium
2377 2031 2593 2102 quidem
2634 2027 2832 2084 milites
2872 2024 3245 2081 introducendi
3278 2040 3404 2078 suos
3439 2039 3549 2075 rex...

1937 2127 2092 2196 lingu
2113 2127 2354 2191 haberet,
2379 2121 2729 2178 munitionem
2751 2117 3034 2174 confestim
3057 2118 3366 2187 obpugnare
3391 2116 3506 2168 iuce
3521 2145 3534 2152 -

1945 2227 2099 2290 plant

2014 2312 2082 2367 45
2106 2311 2198 2366 Μ.
2228 2309 2426 2379 Liqnet
2455 2305 2650 2363 divina:
2675 2300 3094 2373 dispensationis
3121 2299 3220 2353 hoc
3251 2297 3530 2352 consilium

1945 2418 2082 2468 esse,
2118 2409 2178 2456 ut
2221 2401 2365 2472 quod
2412 2413 2508 2453 rex
2543 2395 2694 2466 Hugo
2728 2403 2837 2449 tam
2880 2393 3107 2462 turpiter
3143 2397 3374 2459 caeperat
3417 2403 3532 2442 sce-

1947 2496 2081 2560 lere,
2129 2509 2252 2549 eum
2288 2489 2614 2548 omnimodis
2658 2487 2904 2557 Optinere
2953 2500 3058 2539 non
3111 2497 3287 2554 posse.
3355 2481 3530 2534 Tanto

1951 2588 2145 2658 quippe
2179 2594 2262 2640 est
2294 2592 2501 2638 terrore
2551 2587 2794 2643 coactus,
2827 2586 2884 2631 ut
2909 2590 3006 2646 per
3033 2575 3222 2629 restim
3253 2588 3311 2628 se
3354 2573 3527 2642 ipsum

1953 2693 2016 2734 ea
2053 2691 2118 2730 ex
2157 2683 2312 2746 parte
2339 2688 2447 2744 qua
2484 2669 2721 2727 civitatis
2767 2682 2922 2722 muro
2970 2664 3200 2719 munitio
3241 2661 3538 2717 inhmrebat

1957 2772 2253 2841 deponens,
2284 2782 2403 2823 eam
2432 2765 2726 2826 desereret,
2761 2768 2922 2829 atque
2951 2757 3017 2811 ad
3050 2770 3177 2810 suos
3204 2752 3538 2822 confugeret.

1959 2859 2228 2932 Expulsus
2285 2856 2450 2928 igitur
2508 2870 2602 2910 rex
2634 2851 2787 2922 Hugo
2837 2864 2958 2903 cum
3007 2845 3232 2916 praefata
3284 2842 3544 2904 Marozia,

1962 2953 2220 3008 Romana:
2256 2947 2408 3004 urbis
2434 2945 2720 3002 Albericus
2748 2939 3120 2997 monarchiam
3155 2935 3345 2999 tenuit,
3382 2935 3548 2987 fratre

1965 3061 2064 3101 suo
2113 3041 2356 3098 Johanue
2405 3036 2598 3095 summi
2647 3044 2808 3104 atque
2864 3029 3183 3085 universalis
3230 3025 3562 3096 praesulatus.

266 3138 532 3212 principis
584 3135 897 3207 archangeli
943 3131 1265 3188 Michahelis
1309 3131 1596 3194 fabricata,
1648 3127 1859 3183 dicatur
1890 3115 1934 3176 C
1971 3137 2083 3193 sedi
2113 3132 2454 3205 manente,

275 3253 292 3283 ι
335 3232 511 3285 sancti
534 3228 725 3300 Angcli
757 3226 984 3282 ecclesia
1015 3239 1182 3294 usque
1207 3223 1274 3277 ad
1299 3222 1486 3278 cozlos.
1529 3240 1547 3274 ι
1569 3219 1682 3275 Rex
1715 3219 1866 3275 deni-

271 3338 401 3392 que,
430 3323 499 3378 ob
530 3319 848 3376 munitionis
884 3315 1268 3373 confidentiam
1304 3315 1492 3370 relicto
1521 3313 1677 3383 longe
1709 3325 1867 3366 exer-

273 3417 408 3480 citu,
459 3430 580 3469 cum
629 3413 814 3484 paucis
862 3411 1091 3465 Romam
1145 3406 1386 3462 advenit.
1444 3405 1563 3473 Quo
1613 3405 1868 3460 decenter

277 3524 307 3561 a
337 3505 597 3561 Romanis
626 3512 934 3574 susceptus,
966 3502 1020 3556 in
1051 3501 1366 3571 przedictam
1420 3497 1775 3552 munitionem
1801 3494 1869 3549 ad

278 3598 532 3653 Marozia:
576 3594 878 3651 meretricis
916 3591 984 3625 ’³³
1021 3591 1314 3646 thalamum
1347 3587 1654 3643 declinavit.
1705 3585 1870 3655 Cujus

280 3690 492 3743 incestu
518 3688 643 3741 dum
674 3686 879 3756 potitus
908 3691 1052 3739 esset
1077 3681 1389 3745 concubitu,
1415 3679 1688 3734 Romanos
1715 3677 1870 3747 quasi

272 3781 388 3850 jam
419 3792 644 3834 securus
670 3776 946 3848 despicere
971 3775 1155 3844 cmpit.
1181 3771 1456 3828 Habuerat
1484 3784 1613 3826 sane
1635 3768 1871 3823 Morazia

291 3870 463 3924 tilium
517 3867 737 3922 nomine
768 3865 1100 3930 Albericum,
1136 3878 1294 3932 quem
1331 3876 1398 3916 ex
1429 3860 1683 3915 Alberico
1733 3874 1875 3912 mar-

287 3962 482 4015 chione
513 3961 628 4030 ipsa
677 3966 956 4028 genuerat.
992 3955 1094 4024 Qui
1124 3956 1251 4011 dum
1299 3954 1486 4008 matris
1520 3954 1737 4007 hortatu
1767 3949 1876 4004 llu-

287 4053 415 4124 goni
439 4051 572 4134 regi,
604 4051 794 4105 vitrico
820 4049 1046 4113 scilicet,
1077 4062 1274 4118 aquam
1296 4046 1569 4109 funderet,
1599 4053 1656 4097 ut
1683 4059 1878 4098 manus

289 4147 552 4209 ablueret,
588 4145 654 4199 ab
680 4141 748 4174 ’⁸ο
779 4158 843 4198 eo
871 4157 969 4213 pro
997 4142 1335 4197 correctione
1384 4140 1438 4194 in
1477 4139 1670 4194 faciem
1723 4153 1879 4193 cesus

291 4248 396 4303 est,
429 4252 493 4292 eo
523 4234 666 4306 quod
705 4249 808 4290 non
859 4234 1140 4288 moderate
1186 4239 1240 4287 et
1286 4230 1550 4300 pudenter
1580 4230 1647 4260 ἰι
1681 4244 1878 4299 aquam

290 4328 608 4384 effunderet.
649 4326 700 4380 ls
726 4340 876 4389 vero,
907 4333 965 4378 ut
1006 4323 1230 4378 inlatam
1278 4321 1381 4377 sibi
1426 4333 1612 4392 posset
1660 4321 1878 4376 ulcissci

294 4420 568 4490 injuriam,
597 4417 941 4488 congregatis
971 4416 1024 4469 in
1058 4430 1223 4469 unum
1254 4412 1532 4478 Romanis,
1566 4411 1874 4481 hujusmodi

2039 3227 2109 3283 46
2136 3225 2226 3280 ³⁸⁸.
2260 3224 2425 3279 Aiunt
2448 3219 2690 3292 quidam,
2726 3216 2967 3282 Bertam,
2995 3213 3236 3284 llugouis
3263 3211 3404 3282 regis
3438 3225 3551 3263 ma-

1971 3327 2130 3384 trem,
2163 3313 2461 3370 Adelberto
2509 3298 2975 3388 marcbioniovire
3005 3317 3103 3358 suo
3150 3300 3353 3356 nullum
3384 3298 3576 3352 tilium-

1969 3409 2266 3482 peperisse,
2308 3403 2401 3458 sed
2451 3401 2519 3456 ab
2566 3399 2690 3454 aliis
2734 3394 3051 3452 mulieribus
3097 3391 3236 3447 clam
3280 3398 3553 3459 acceptos,

1973 3480 2226 3555 simulato
2274 3504 2455 3565 partu,
2490 3489 2778 3545 Widonem
2817 3494 2874 3557 et
2898 3483 3242 3539 Lambertum
3279 3480 3379 3536 sibi
3432 3494 3556 3548 sup-
3621 3499 3632 3508 ί

1973 3589 2238 3662 posuisse,
2290 3584 2545 3655 quatinus
2591 3587 2716 3649 post
2759 3583 2990 3632 mortem
3034 3572 3330 3635 Adclberti,
3385 3569 3582 3623 Berlin

1976 3659 2073 3736 lilii
2113 3694 2217 3733 non
2249 3677 2526 3739 deessent,
2568 3684 2799 3741 quorum
2838 3666 3106 3736 adjutorio
3133 3678 3346 3720 onmem
3377 3659 3559 3714 mariti

1977 3769 2058 3825 sui
2110 3765 2416 3836 potenciam
2466 3759 2784 3832 possideret.
2836 3755 2949 3810 Hoc
2997 3764 3175 3808 autem
3227 3749 3554 3806 mendatium

1977 3859 2108 3915 mihi
2141 3858 2261 3911 ideo
2285 3854 2498 3908 videtur
2523 3866 2640 3906 esse
2677 3849 2977 3912 inventum,
3008 3843 3263 3915 quatinus
3289 3841 3558 3894 incestum

1978 3964 2134 4005 suum
2186 3949 2286 4001 hac
2337 3943 2623 3998 occasione
2675 3954 2768 3993 rex
2822 3937 2972 4007 llugo
3029 3941 3266 4005 tegeret,
3323 3930 3561 3984 infamia:

1978 4042 2144 4120 ὑϐριν,
2173 4038 2226 4093 id
2259 4046 2341 4092 est
2368 4031 2749 4104 turpitudinem
2770 4071 2784 4095 ,
2813 4031 3086 4084 evaderet.
3124 4025 3200 4080 Ea
3231 4033 3407 4077 tamen
3443 4037 3562 4090 qua:

1981 4110 2126 4184 nunc
2154 4124 2427 4181 narranda
2452 4131 2558 4189 est,
2590 4135 2687 4176 cur
2714 4120 2816 4174 hoc
2843 4118 3043 4172 dictum
3075 4115 3166 4179 sit,
3197 4113 3309 4166 veri
3337 4110 3564 4166 similior

1983 4223 2112 4278 mihi
2142 4221 2355 4275 videtur
2385 4215 2637 4273 assertio.
2670 4212 3017 4272 Lambertus,
3048 4208 3138 4278 qui
3171 4214 3290 4276 post
3315 4203 3562 4258 Widouis

1983 4317 2166 4372 fratris
2219 4314 2298 4369 sui
2348 4320 2577 4367 mortem
2629 4306 2842 4382 Tuscia:
2879 4317 3120 4358 marcam
3177 4299 3433 4358 tenebat,
3487 4297 3568 4347 vir

1983 4417 2100 4465 erat
2129 4406 2418 4460 bellicosus
2441 4414 2494 4455 et
2525 4401 2590 4455 ad
2619 4397 2898 4468 quodlibet
2926 4395 3137 4450 facinus
3168 4392 3362 4445 audax.
3395 4388 3566 4454 Quem

295 4527 390 4567 cos
419 4523 670 4566 sermone
709 4507 964 4562 convenit
992 4525 1005 4558 :
1039 4525 1056 4556 ι
1089 4505 1348 4559 Romana:
1376 4505 1525 4558 urbis
1552 4505 1782 4574 dignitas
1813 4505 1878 4556 ad
1915 4472 1959 4531 θ
1987 4503 2054 4557 ob
2085 4513 2308 4568 regnum
2344 4494 2585 4548 ltalicum
2619 4507 2708 4545 rex
2744 4489 2895 4559 llugo
2938 4495 3250 4556 suspectum
3283 4481 3442 4534 nimis
3477 4481 3569 4532 ha-

299 4610 503 4656 tautam
535 4608 620 4655 est
645 4598 933 4653 stultitiam
982 4596 1163 4659 ducta,
1219 4605 1276 4648 ut
1319 4595 1664 4650 meretricum
1716 4595 1879 4648 etiam

300 4691 527 4760 imperio
559 4697 791 4760 partem.
846 4686 988 4754 Quid
1022 4686 1165 4740 enim
1198 4683 1394 4749 fedius,
1427 4685 1622 4754 quidve
1655 4685 1883 4752 turpius,

300 4801 461 4855 quam
515 4793 577 4839 ut
629 4783 804 4838 unius.
835 4781 1080 4836 mulieris
1136 4779 1343 4834 incestu
1391 4777 1629 4832 Romana
1697 4778 1888 4832 civitas

302 4877 531 4948 pereat?
580 4875 948 4930 Romanorum
980 4871 1266 4942 aliquando
1301 4869 1460 4933 servi,
1486 4867 1891 4938 Burgundiones

301 4967 532 5032 scilicet,
561 4963 823 5020 Romanis
860 4961 1172 5032 imperent?
1215 4959 1271 5014 Si
1298 4973 1498 5022 meam,
1530 4958 1758 5027 privigni
1791 4959 1892 5014 sci-

304 5059 432 5114 licet
459 5056 566 5122 sui,
597 5054 790 5110 faciem
822 5054 1037 5118 cecidit,
1077 5066 1201 5108 cum
1230 5049 1528 5120 praesertim
1582 5065 1751 5104 novus
1799 5050 1891 5103 ha—

303 5151 501 5206 beatur
544 5148 765 5218 hospes,
816 5144 945 5214 quid
971 5142 1122 5200 vobis
1165 5141 1275 5212 jam
1320 5141 1682 5196 inveteratum
1711 5137 1900 5195 facere

1990 4595 2171 4649 bebat.
2236 4587 2488 4642 Timebat
2514 4583 2657 4639 enim
2702 4598 2770 4637 ne
2809 4580 3088 4636 ltalienses
3131 4591 3192 4631 se
3236 4575 3572 4632 desererent,

1990 4695 2040 4739 et
2068 4682 2418 4737 Lambertum
2467 4692 2648 4747 regem
2697 4667 3108 4730 constituerent:
3144 4668 3286 4722 Boso
3317 4662 3572 4730 denique.

1993 4791 2056 4830 ex
2096 4773 2284 4829 eodem
2335 4777 2489 4839 patre
2527 4766 2669 4836 regis
2716 4763 2957 4832 llugouis
3008 4759 3209 4822 frater,
3255 4753 3573 4809 insidiarum

1997 4867 2218 4936 laqueos
2252 4861 2381 4917 huic
2409 4865 2715 4930 paraverat,
2746 4869 2810 4908 eo
2838 4852 2982 4923 quod
3029 4850 3144 4918 ipse
3193 4843 3438 4903 marchio
3469 4843 3578 4895 'l‘u-

1997 4934 2126 5011 scin:
2175 4951 2294 5008 fieri
2345 4951 2697 5004 vehementer
2745 4941 3054 4997 anhelabat.
3124 4935 3368 4995 Consilio
3420 4934 3586 5003 igitur

1997 5049 2156 5121 hujus
2174 5048 2240 5080 “7
2281 5061 2373 5100 rex
2415 5043 2566 5114 llugo
2604 5040 2893 5095 Lamberto
2914 5033 3243 5090 comiuando
3281 5025 3593 5092 denuntiat,

1998 5159 2069 5199 ne
2097 5157 2156 5199 se
2183 5141 2406 5195 fratrem
2437 5148 2596 5191 suum
2629 5129 2857 5185 amplius
2885 5127 3064 5181 dicere
3113 5127 3329 5182 audeat.
3365 5117 3414 5173 ls
3443 5131 3601 5187 vero,
