4012 5340
197 272 301 328 857

193 1114 290 1171 ιε).

189 1386 290 1442 Η.

189 1659 302 1715 12.

276 610 290 622 .
344 570 516 638 Quam
534 587 756 626 uxorem
793 562 1149 643 Bere'ngarius
1176 573 1466 644 acceperit,
1507 580 1561 628 et
1587 573 1652 628 de
1676 573 1782 627 An-

1120 269 1661 326 ANTAPODOSEOS
1699 269 1879 324 LIBRI
1919 270 2073 327 SEX.
2115 301 2181 309 —
2219 269 2350 325 LIB.
2391 269 2476 325 IV.

345 400 406 442 se
429 401 534 442 non
560 387 736 460 egisse
760 387 1154 458 scripturarum
1186 387 1515 442 testimoniis
1537 402 1781 457 compro-
1810 394 1857 450 Α
1885 386 1976 440 21.

346 476 519 532 betur.

1884 574 1953 628 2?.

343 665 521 718 scario
550 663 713 718 fratre
739 665 873 734 ejus.

278 793 293 806 .
349 755 424 807 De
452 753 727 810 Tedbaldo
748 755 1082 820 marchione,
1113 755 1203 826 qui
1231 764 1421 811 contra
1448 755 1651 811 Grecos
1681 771 1783 828 pu-

345 844 552 913 gnavit,
577 852 631 900 et
660 854 849 914 captos
876 846 1158 900 castravit.

276 974 292 987 .
343 935 556 1001 Quanto
585 935 816 990 ludibrio
839 936 1084 1006 qumdam
1113 936 1306 991 mulier
1329 953 1481 992 suum
1504 939 1781 1005 maritum,

350 1041 418 1079 ne
446 1033 807 1088 ’castraretur,
842 1026 1113 1081 liberavit.

348 1115 459 1170 Rex
499 1116 648 1188 ilugo
673 1117 895 1173 fratrem
925 1134 1080 1172 suum
1111 1120 1372 1174 Bosonem
1393 1163 1406 1183 ,
1437 1123 1528 1192 qui
1557 1124 1784 1180 consilio

344 1208 532 1261 uxoris
563 1223 658 1263 sue
692 1209 741 1263 ei
773 1210 1013 1280 perﬁdus
1035 1211 1313 1278 extiterat,
1347 1215 1490 1284 cepit
1519 1225 1573 1270 et
1603 1225 1784 1272 custo-

344 1297 433 1352 die
467 1299 708 1352 tradidit.

343 1386 586 1454 Qualiter
610 1389 762 1462 [Iugo
793 1407 885 1446 rex
912 1392 1152 1460 Willam,
1180 1395 1406 1451 Bosonis
1445 1412 1690 1464 uxorem,
1715 1400 1785 1456 ab

343 1480 498 1536 Italia
550 1481 730 1552 ejecit,
787 1495 840 1540 et
899 1487 966 1542 de
1007 1488 1208 1554 balteo,
1264 1492 1406 1545 turoi
1461 1492 1514 1544 iu
1549 1491 1666 1547 loco
1708 1493 1784 1547 iu-

342 1587 444 1627 ven
453 1580 526 1628 ιο.

354 1660 430 1718 De
453 1673 626 1719 morte
649 1665 859 1720 Rodulﬁ
887 1668 1047 1739 regis,
1080 1667 1232 1737 cujus
1259 1684 1480 1724 uxorem
1510 1686 1600 1725 rex
1631 1670 1781 1741 [Iugo

341 1756 514 1824 ducit,
545 1774 806 1829 suamque
829 1761 989 1816 ﬁliam
1022 1779 1120 1818 suo
1143 1763 1252 1819 ﬁlio
1283 1766 1468 1819 tradit.
1811 1774 1857 1833 Β

1882 1579 1972 1634 9.6.

3357 265 3461 322 858

2027 385 2364 442 Gislebertus
2388 395 2440 439 et
2470 383 2816 440 ileverardus
2844 380 3154 436 lleiuricum
3189 381 3253 434 de
3281 392 3463 437 custo-

2025 479 2113 533 dia
2139 480 2437 532 dimittunt.

1960 613 1972 626 .
2015 573 2132 640 Qua
2173 573 2474 628 calliditate
2530 569 2873 624 Ileverardus
2933 565 3244 621 Ileiuricum
3300 576 3462 634 atque

2026 667 2388 721 Gislebertum
2416 665 2469 719 in
2493 662 2830 734 adquireudo
2862 675 3028 730 regno
3067 658 3320 728 decipere
3347 671 3462 738 _vo-

2026 755 2143 809 luit.

2029 843 2106 899 De
2155 844 2458 898 admirabili
2505 843 2729 899 victoria
2772 856 2934 912 quam
2977 853 3070 894 rex
3105 839 3231 894 Otto
3257 838 3464 894 orando

2025 937 2277 1007 optinuit,
2313 946 2367 992 et
2397 939 2463 992 de
2490 936 2742 990 l-leinrico
2786 935 2838 988 in
2876 933 3096 989 brachio
3124 931 3195 963 ’⁸³
3219 933 3239 956 ¹
3281 931 3464 984 vulne-

2024 1037 2162 1081 rato.

2025 1211 2230 1266 siverit.

1961 1342 1975 1356 .
2024 1303 2416 1372 Argumentum
2443 1317 2510 1356 ex
2541 1301 2829 1370 scripturis
2853 1300 3076 1366 sanctis,
3107 1297 3250 1369 quod
3280 1298 3466 1367 hujus-

1961 1159 1973 1172 .
2029 1119 2270 1184 Qualiter
2295 1134 2386 1173 rex
2413 1117 2696 1173 ileinricus
2734 1125 2978 1172 sanctam
3005 1116 3246 1172 lanceam
3276 1114 3466 1184 adqui.

2027 1395 2173 1449 modi
2200 1395 2427 1448 victoria
2466 1394 2579 1447 sive
2599 1393 2798 1447 bellum
2840 1408 2945 1448 non
2981 1390 3205 1445 fortuitu
3237 1389 3329 1445 sed
3358 1391 3466 1442 Deo
3497 1406 3502 1412 ·

2028 1485 2347 1554 disponente
2381 1484 2709 1554 provenerit.

2028 1579 2102 1633 De
2149 1593 2214 1631 eo
2257 1577 2400 1647 quod
2445 1590 2624 1646 regem
2657 1584 2893 1629 castrum
2928 1573 3167 1628 Brisicau
3207 1573 3276 1610 ⁸⁸⁵
3317 1573 3466 1626 obsi-

2028 1671 2263 1733 dentem,
2304 1669 2530 1725 consilio
2566 1668 2828 1722 Friderici
2873 1665 3266 1736 archiepiscopi
3306 1665 3460 1720 multi

2031 1762 2309 1816 deserunt.

191 1848 287 1902 t5.
343 1848 419 1903 De
447 1847 671 1920 Hugone
699 1868 844 1922 rege,
871 1855 967 1924 qui
999 1870 1224 1912 uxorem
1255 1872 1406 1911 suam
1433 1858 1502 1912 ob
1523 1861 1784 1915 concubi-
1885 1857 1976 1911 27.
2032 1858 2106 1912 De
2135 1855 2440 1912 admirabili
2483 1855 2786 1912 constantia
2819 1863 2873 1911 et
2914 1854 3265 1924 responsione
3319 1851 3464 1920 regis

343 1955 442 1994 nas
471 1939 636 1995 bodio
664 1942 871 1998 habuit.
2029 1947 2262 2004 Ottonis.

199 2030 300 2084 H.
354 2031 430 2086 De
473 2041 648 2088 morte
676 2033 912 2091 Ileinrici
942 2038 1085 2099 regis
1113 2048 1166 2094 et
1195 2039 1284 2094 ubi
1315 2040 1384 2094 sit
1415 2041 1671 2097 humatus
1733 2052 1787 2100 et
1885 2039 1974 2096 28.
2029 2040 2514 2107 Quemadmodum,
2548 2041 2654 2096 Deo
2681 2056 2778 2110 pro
2805 2054 2928 2108 rege
2969 2045 3259 2108 pugnante,
3284 2036 3461 2091 Gisle—

343 2123 411 2179 de
443 2124 570 2180 ﬁliis
600 2126 736 2194 ejus.
2026 2131 2210 2186 bertus
2240 2141 2401 2200 atque
2447 2129 2790 2184 Ileverardus
2821 2129 2887 2182 ab
2923 2128 3134 2182 I—lutone
3172 2137 3225 2180 et
3248 2127 3468 2180 tlhuou-

189 2211 286 2267 1’5.
338 2211 415 2268 De
442 2215 728 2284 prudentia
759 2216 996 2274 Heinrici
1022 2221 1180 2292 regis,
1209 2223 1299 2292 qui
1319 2221 1485 2276 ﬁlium
1518 2239 1672 2279 suum
1697 2224 1785 2281 Ot-
2032 2222 2161 2274 rado
2195 2221 2261 2275 ad
2290 2221 2646 2274 Andernacha
2675 2220 2784 2275 sint
2808 2219 2995 2274 occisi.

345 2311 526 2359 tonem
556 2321 737 2377 regem
766 2309 1062 2364 constituit.
1885 2314 1976 2368 29.
2029 2313 2104 2368 De
2136 2312 2325 2367 nuntio
2347 2312 2437 2381 qui
2470 2313 2662 2367 horum
2689 2320 2918 2366 mortem
2952 2309 3062 2381 regi
3091 2308 3305 2363 nuntiat
3335 2309 3465 2363 dum

190 2416 287 2472 l6.
337 2416 414 2471 De
449 2418 556 2472 ﬁlia
597 2419 778 2476 fratris
817 2423 960 2493 regis
998 2421 1319 2493 Anglorum,
1353 2442 1513 2498 quam
1541 2444 1634 2484 rex
1657 2428 1783 2486 Otto
1888 2495 1904 2498 μ
1932 2495 1948 2498 _
2029 2403 2316 2498 Ecélesjam
2349 2411 2577 2498 Peiore"

338 2519 467 2565 ante
506 2514 658 2582 regni
684 2491 1312 2584 susccpjionem’dum.’
1369 2491 1384 2498 ’
1887 2495 1977 2550 '50.
2038 2491 2151 2549 Re'x
2181 2494 2310 2550 Otto
2341 2495 2406 2549 de
2433 2495 2658 2549 istorum
2699 2502 2873 2558 morte
2900 2493 3152 2548 Bertaldo
3180 2491 3470 2561 Bagoario-

191 2600 287 2656 l7.
345 2602 421 2656 De
452 2601 726 2669 Helm-ica,
759 2606 848 2674 qui
881 2622 1261 2676 ρρτγοιηεοι-υιη
1296 2609 1576 2664 bonum",
1605 2613 1783 2667 ευηεί,
2028 2603 2149 2642 rum
2181 2587 2325 2652 duci,
2369 2596 2424 2641 et
2456 2587 2597 2658 quod
2626 2587 2674 2641 ei
2703 2601 2945 2642 sororem
2983 2586 3096 2640 sive
3126 2585 3330 2639 sororis
3358 2599 3468 2638 sua:

337 2695 410 2750 “0
439 2694 592 2751 fratri
623 2697 836 2753 rebellis
860 2698 937 2754 σε,
2030 2679 2196 2732 ﬁliam
2233 2680 2514 2750 conjugem
2543 2679 2673 2732 dare
2708 2678 2855 2742 velit,
2899 2677 3196 2733 denuntiat.

192 2806 289 2860 18.
345 2806 568 2860 Metrice
599 2810 862 2860 invectiva
893 2813 1068 2860 oratio
1097 2814 1161 2860 ad
1202 2813 1531 2860 Πρίιιιὶριιιιι
1567 2825 1619 2860 Μ
1645 2833 1781 2860 mm-
1886 2769 1975 2824 δι’
2033 2769 2110 2824 De
2150 2769 2425 2824 Frldenco
2467 2771 2872 2860 ³Γ⁰¹¹ΨΡ¹⁶⁶⁰Ρ⁰
2898 2783 3121 2860 qulam
3150 2768 3348 2822 duaum
3383 2782 3468 2822 re.

191 3103 283 3158 19.

194 4227 357 4291 sime,
388 4225 530 4280 sicut
550 4242 579 4279 a
601 4227 955 4296 gravissimis,
985 4231 1074 4299 qui
1097 4246 1159 4285 ea
1189 4243 1474 4288 creverant
1526 4232 1603 4305 [ἱ.
1632 4251 1680 4288 e.
1705 4233 1786 4288 vi-

197 4318 453 4390 derant],
497 4320 630 4374 viris
681 4321 878 4388 audivi,
923 4324 1178 4392 exposui;
1218 4333 1473 4380 caeterum
1503 4341 1622 4395 qua:
1657 4342 1784 4380 nar-

271 3532 283 3543 .
338 3490 455 3557 Qua
487 3491 698 3546 ratione
727 3492 1068 3551 Heverardus
1093 3495 1456 3553 Gislebertum
1487 3514 1516 3554 a
1542 3499 1683 3572 regis
1710 3499 1770 3552 ﬁ-

345 2806 568 2864 Metricc
599 2810 862 2864 invectiva
893 2813 1068 2866 oratio
1097 2814 1161 2866 ad
1201 2813 1533 2877 lleim-icum,
1567 2825 1619 2870 et
1645 2833 1781 2871 con-

339 2908 422 2952 tra
471 2900 768 2967 diabolum,
801 2901 955 2972 cujus
982 2919 1147 2974 opera
1176 2922 1296 2960 cum
1343 2906 1513 2961 fratre
1540 2923 1780 2978 pugnare

340 2993 637 3048 desiderat.

339 3104 416 3159 De
468 3104 801 3173 Heverardo,
839 3108 930 3178 qui
965 3108 1274 3166 lleiuricum
1308 3111 1483 3166 adhuc
1524 3111 1635 3179 regi
1677 3127 1778 3167 suo
1805 3128 1848 3191 ρ
1880 3136 1969 3191 52,

340 3198 495 3252 fratri
543 3199 754 3254 ﬁdelem
795 3201 846 3254 in
891 3203 1113 3259 castello
1183 3206 1416 3273 quodam
1489 3206 1774 3276 degentem

337 3289 496 3343 initio
559 3289 870 3346 rebellionis
917 3308 1028 3347 sum
1082 3294 1223 3363 cepit
1274 3303 1328 3348 et
1381 3297 1434 3349 in
1489 3295 1778 3350 Franciam

337 3379 512 3434 duxit.

337 3582 560 3639 delitate
597 3584 918 3656 sejunxerit.

1885 3321 1974 3374 53.

2031 2876 2150 2932 gem
2182 2860 2420 2915 deseruit
2443 2869 2497 2915 et
2524 2860 2590 2914 ad
2617 2859 2909 2915 Metensem
2941 2859 3011 2890 ³⁵⁸
3039 2859 3226 2914 urbem
3254 2867 3312 2912 ut
3335 2874 3463 2914 con-

2025 2960 2273 3022 gregaret
2322 2952 2620 3007 exercitum
2650 2952 2716 2985 ¹⁵⁷
2742 2951 2860 3017 ivit,
2883 2950 2972 3006 ubi
2994 2951 3059 3007 de
3086 2958 3258 3005 morte
3282 2965 3469 3005 eorum

2023 3045 2246 3099 audivit.
3319 3101 3321 3103 _

2029 3137 2102 3190 De
2131 3135 2320 3192 eodem
2356 3135 2764 3206 archiepisc0po
2799 3143 2958 3205 capto
2985 3143 3036 3189 et
3063 3132 3322 3188 custodia:
3350 3140 3463 3186 tra-

2027 3229 2158 3284 dito.
2191 3264 2227 3302 ο

2036 3321 2107 3375 De
2136 3319 2391 3374 IIeinr‘ico
2418 3319 2507 3388 qui
2537 3335 2565 3372 a
2593 3334 2779 3374 sorore
2804 3317 3141 3388 prohibetur,
3170 3331 3236 3370 ne
3266 3315 3318 3369 in
3346 3329 3467 3368 mu—

2032 3412 2265 3465 nitiones
2291 3421 2480 3465 contra
2516 3426 2695 3481 regem
2723 3409 3078 3480 ingrediatur.

1887 3503 1956 3558 34
2015 3503 2090 3556 De
2105 3504 2292 3557 eodem
2308 3502 2399 3573 qui
2429 3502 2572 3573 regis
2586 3501 2926 3572 postmodum
2953 3499 3018 3554 ad
3044 3497 3470 3554 misericordiam

2030 3591 2193 3647 venit.

1465 3787 1841 3830 EXPLICIUNT
1875 3787 2203 3830 CAPITULA.

703 3946 1161 4036 nNCIPIT
1232 3948 1590 4038 LIBER
1664 3949 2214 4058 QUARTUS
2290 3950 2964 4040 FELICITER.

267 4133 318 4186 l.
362 4131 640 4188 Hactenus
670 4149 791 4204 qua:
825 4135 1030 4207 digesta
1074 4148 1218 4205 sunt,
1261 4141 1517 4196 sacerdos
1553 4142 1782 4197 sanctis-
1809 4146 1862 4205 D
1887 4150 1940 4196 et
1971 4143 2277 4212 provincias
2293 4144 2646 4199 circumcirca
2671 4143 2868 4198 misere
2891 4143 3218 4208 devastaret,
3243 4157 3471 4213 eamque

197 4411 366 4466 randa
396 4419 542 4478 sunt,
571 4413 646 4467 ita
677 4424 735 4468 ut
764 4415 854 4483 qui
884 4415 1247 4483 iuterfuerim,
1277 4418 1580 4487 explicabo.
1617 4419 1690 4472 Ea
1715 4419 1786 4495 si;

197 4505 416 4575 quidem
449 4515 768 4577 tempestate
793 4517 975 4563 tantus
996 4524 1170 4575 eram,
1201 4511 1342 4579 quod
1372 4510 1514 4580 regis
1547 4510 1786 4580 llugonis

198 4596 429 4664 gratiam
459 4597 622 4652 michi
652 4599 803 4653 vocis
833 4598 1117 4655 dulcedine
1144 4601 1518 4670 adquirebam.
1560 4601 1608 4656 ls
1639 4602 1784 4655 enim

197 4689 525 4758 euphoniam
557 4691 690 4744 adeo
723 4690 782 4764 [ἱ.
817 4709 863 4746 e.
895 4691 1071 4764 valde]
1137 4691 1426 4764 diligebat,
1469 4694 1523 4747 in
1561 4710 1666 4764 qua
1699 4710 1788 4750 me

175 4780 539 4849 ‘coequalium
579 4797 869 4850 puerorum
899 4798 1055 4838 nemo
1082 4784 1299 4839 vincere
1329 4793 1567 4855 poterat.

1891 4234 2062 4304 ipsam
2093 4234 2386 4288 cottidiano
2409 4235 2611 4304 impetu
2636 4235 2998 4304 impugnaret,
3028 4234 3368 4305 ingrediendi,
3389 4243 3471 4289 ta-

1892 4342 2012 4381 men
2053 4342 2172 4381 eam
2200 4327 2450 4382 eﬁ'ectum
2479 4344 2582 4381 non
2625 4328 2798 4398 potuit
2821 4328 3084 4382 obtinere.

1961 4420 2015 4472 ’5.
2067 4418 2305 4489 Sperans
2355 4419 2610 4488 denique,
2667 4418 2961 4472 calliditate
3016 4435 3112 4473 sua
3166 4418 3472 4473 Alberieum

1893 4525 2049 4578 posse
2087 4509 2356 4579 decipere,
2389 4510 2437 4563 ei
2465 4509 2771 4573 denuntiat,
2793 4516 2849 4562 ut
2882 4508 3048 4562 ﬁliam
3076 4524 3227 4563 suam
3257 4508 3473 4570 Aldam,

1890 4594 2136 4656 Lotharii
2169 4599 2311 4671 regis
2339 4599 2448 4652 nati
2483 4600 2563 4652 sui
2590 4614 2924 4668 germanam,
2966 4599 3066 4653 sibi
3094 4597 3344 4666 eonjugio
3367 4593 3467 4646 tol-

1891 4694 1986 4759 lat,
2012 4693 2197 4762 sicque
2225 4709 2355 4762 pace
2398 4691 2602 4756 habita,
2631 4701 2689 4745 ut
2715 4707 2846 4746 suus
2885 4690 3054 4760 ipsius
3080 4688 3220 4742 ﬁlius
3247 4699 3473 4742 securus

1885 4771 2227 4857 permaneat.
2274 4786 2558 4840 Alhericus
2598 4785 2782 4853 igitur,
2807 4793 2866 4837 ut
2896 4784 2982 4836 vir
3017 4780 3278 4847 infatuus,
3308 4778 3474 4832 ﬁliam

3496 1525 3504 1570 ἰ

1890 4876 2007 4946 ejus
2029 4876 2130 4932 sibi
2155 4876 2404 4947 conjugio
2427 4876 2630 4944 junxit,
2654 4874 2884 4928 Romam
2909 4882 3106 4934 autem,
3131 4885 3294 4938 quam
3318 4863 3481 4921 nimis

1892 4969 2136 5034 ardebat,
2167 4985 2268 5023 non
2299 4968 2536 5034 tradidit,
2563 4982 2730 5036 seque
2750 4967 2798 5020 ei
2819 4965 3040 5018 minime
3065 4961 3314 5017 credidit.
3337 4958 3482 5012 Vere

1895 5073 2074 5118 tamen
2125 5059 2432 5113 Albericum
2483 5073 2577 5111 rex
2628 5055 2782 5124 Hugo
2833 5054 3103 5108 inescaret
3139 5057 3197 5103 et
3243 5051 3484 5119 caperet,

1892 5149 2063 5222 τούτῳ
2077 5153 2169 5223 τῷ⁹
2194 5152 2486 5224 ἁνίκήστρῳ,
2509 5155 2620 5200 toto
2645 5155 2700 5201 to
2721 5145 2984 5216 agkistro,
3009 5142 3060 5196 id
3075 5148 3157 5193 est
3172 5141 3281 5198 isto
3301 5142 3487 5197 hamo,

1937 5241 2001 5276 ici
2045 5254 2263 5276 cuni-unm
2299 5239 2402 5276 ιιΛο
2436 5236 2637 5276 funeral
2681 5231 2883 5276 fallatin
2924 5231 3161 5276 militum
3187 5271 3200 5276 -
3249 5230 3338 5276 ηιιὶ
3367 5235 3492 5276 eum

264 4872 322 4926 9..
349 4871 520 4942 Igitur
547 4888 635 4927 rex
662 4873 816 4942 llugo
847 4875 970 4930 dum
995 4877 1302 4947 prosperari
1326 4877 1428 4932 sibi
1448 4888 1640 4933 cuncta
1665 4894 1788 4948 pro-

199 4963 470 5032 Spiceret,
515 4964 683 5019 ﬁlium
736 4982 893 5020 suum
934 4967 1286 5035 Lotharium,
1335 4985 1497 5040 quem
1537 4984 1602 5023 ex
1649 4969 1784 5025 Alda

201 5067 370 5108 uxore
417 5071 515 5110 sua
557 5065 843 5127 genuerat,
880 5061 1092 5114 cunctis
1135 5060 1533 5125 coniventibus,
1570 5069 1693 5130 post
1730 5076 1788 5116 se

203 5159 382 5214 regem
412 5149 694 5204 constituit
721 5148 832 5221 (an.
860 5150 984 5217 951,
1023 5151 1153 5206 Mai.
1185 5151 1294 5216 15).
1325 5152 1442 5220 Quo
1467 5154 1787 5221 constituto,

203 5236 434 5276 nltnlilor
457 5238 676 5276 annm
725 5255 790 5276 av
817 5256 918 5276 ηηο
949 5243 1175 5276 ιιηοηῖιηιο
1203 5241 1404 5276 aiant-nn
1434 5243 1611 5276 (unum.
1667 5261 1760 5276 νυνι
1896 5241 2001 5276 nia-3
