4012 5340
557 149 665 208 859

1554 155 1972 214 LIUTPilANDl
2013 153 2493 211 CREMONENSIS
2532 153 2836 213 EPISCOPI

3706 158 3809 214 860

556 265 886 321 Alberieum‘
912 282 1032 323 mox
1066 268 1505 339 studuit'fugerc,
1538 288 1567 326 a
1596 287 1703 342 quo
1734 273 1877 343 regis
1900 274 1968 328 ob
2013 288 2130 328 me-
2158 274 2204 331 A
2234 278 2554 336 pcrmuem.
2604 283 2708 322 non
2759 270 2825 322 ad
2867 268 3118 324 salutem.
3168 269 3389 334 Scisne.
3453 270 3638 334 hunc.
3690 287 3810 323 cum

558 360 673 406 tum
722 361 1000 423 gratanter
1045 365 1329 425 susceptus
1376 356 1561 412 Roma:
1598 357 1850 428 deguerat
1900 359 2129 414 honora—

558 450 665 495 tus.

636 535 684 613 lt.
730 536 865 590 Dum
894 537 994 592 hec
1017 547 1271 609 aguntur,
1304 538 1565 595 Saraceni
1593 541 1954 597 Fraxenetum
1981 543 2133 597 inha-

558 625 814 694 bitantes,
855 627 1080 684 collecta
1112 629 1477 698 multitudine,
1523 634 1749 700 Aquas‘,
1783 632 1851 687 50
1886 633 2133 689 miliariis

556 715 721 785 Papia
751 718 976 783 distans,
1000 735 1171 789 usque
1194 731 1570 791 pervenerant.
1601 721 1801 776 llorum
1832 722 2131 799 πρὼϐωὶος,

559 809 833 877 provolos,
877 811 929 865 id
966 820 1049 866 est
1076 815 1316 881 przedux,
1348 814 1591 885 Sagittus
1620 813 1929 870 Saracenus
1963 817 2134 884 pessi-

557 914 677 954 mus
710 900 1012 971 impiosque
1032 903 1308 958 extiterat.
1333 906 1444 960 Deo
1469 914 1644 959 tamen
1672 906 1927 976 propitio,
1957 921 2130 978 pugna

555 990 874 1054 commissa,
904 993 1196 1072 ταλέπςρος,
1228 995 1522 1066 taleporos,
1568 996 1619 1050 id
1663 1004 1746 1050 est
1793 997 1987 1058 miser,
2022 998 2137 1067 ipse

557 1094 681 1132 cum
709 1082 959 1138 omnibus
997 1085 1110 1139 suis
1142 1086 1363 1140 interiit.

625 1171 679 1225 5.
722 1170 826 1227 Per
864 1173 1004 1229 idem
1060 1186 1271 1247 tempus
1318 1177 1373 1231 in
1404 1175 1665 1234 Januensi
1695 1182 1848 1245 urbe,
1894 1197 2015 1251 qua:
2055 1191 2135 1237 est

553 1259 609 1314 ia
636 1261 863 1332 Alpibus
891 1264 1105 1334 Cotzic,
1127 1269 1454 1341 octingentis
1484 1271 1676 1327 stadiis
1706 1271 1871 1341 Papia
1896 1274 2101 1329 distans
2120 1316 2133 1340 ,

553 1365 714 1420 supra
758 1350 1072 1411 Africanum
1118 1373 1269 1414 mare
1315 1361 1646 1427 constituta,
1695 1361 1816 1419 fons
1857 1365 2139 1433 sanguinis

555 1441 861 1514 largissime
889 1446 1065 1515 ﬂuxit,
1090 1452 1501 1507 subsecuturam
1530 1455 1741 1510 cunctis
1761 1464 2005 1526 patenter
2031 1457 2138 1513 rui-

554 1549 684 1618 nam
717 1537 1013 1595 insinuans.
1045 1541 1244 1596 Eodem
1271 1543 1468 1615 quippe
1489 1560 1633 1601 anno
1655 1545 1807 1602 Pmni
1840 1563 1962 1603 eum
2001 1550 2139 1604 tnui-

2238 357 2650 426 temptationum
2708 356 2902 427 jaculis
2965 358 3246 413 dominum
3300 367 3356 415 et
3405 361 3811 429 redemptorem

2234 458 2481 504 nostrum
2541 446 2725 503 Jesum
2776 448 3056 505 Christum
3093 464 3243 506 ‘ausu
3300 450 3514 507 nefario
3575 453 3817 506 sautiare

2233 548 2541 602 conaretur,
2589 539 2674 593 bis
2703 541 3035 610 propheticis
3068 540 3208 596 male
3239 558 3394 596 usutn
3421 540 3651 596 verbis?
3675 540 3818 605 Quo-

2235 630 2377 684 niam
2406 628 2604 700 angelis
2630 630 2737 684 suis
2775 629 3039 685 mandavit
3079 632 3142 685 de
3180 642 3251 698 te,
3272 641 3318 685 et
3349 633 3403 687 in
3448 633 3696 685 manibus
3723 632 3822 684 tol-

2233 721 2336 776 lent
2398 733 2467 785 te,
2533 739 2594 776 ne
2646 738 2892 790 umquam
2953 723 3191 794 offendas
3240 724 3310 778 ad
3363 724 3595 794 lapidem
3639 725 3826 792 pedem

2234 822 2381 865 tuum
2425 810 2579 880 (Luc.
2610 811 2705 882 Iv).
2750 810 2863 866 Hoc
2885 828 3014 867 sane
3038 814 3113 868 ita
3138 829 3260 869 esse
3286 814 3549 884 scriptum
3581 830 3646 867 ac
3671 815 3739 868 de
3756 827 3827 867 eo

2233 902 2460 970 dictum,
2490 902 2669 957 nullus
2716 904 2952 959 ﬁdelium
2979 905 3220 972 ambigit.
3264 905 3369 961 Sed
3398 922 3564 976 quam
3600 907 3825 960 fraudu-

2234 994 2408 1049 lenter
2433 1010 2557 1049 vera
2587 994 2702 1050 lucc
2732 996 3028 1051 Leviathan
3055 997 3143 1052 ille
3179 996 3473 1068 proferret,
3502 999 3699 1068 ipsius,
3729 998 3824 1065 qui

2233 1100 2340 1140 non
2375 1084 2546 1140 solum
2580 1086 2886 1142 mortalium
2918 1088 3013 1142 sed
3041 1098 3096 1142 et
3121 1088 3435 1159 angelorum
3469 1104 3667 1144 sensus
3687 1103 3826 1143 esu-

2234 1184 2410 1245 perat,
2475 1176 2823 1244 responsione
2883 1176 3315 1233 animadvertere
3359 1178 3572 1248 puteris
3626 1195 3639 1229 :
3700 1174 3828 1230 Non

2236 1263 2524 1333 temptabis,
2565 1265 2754 1335 inquit,
2786 1265 3057 1319 dominum
3101 1264 3267 1320 Deum
3301 1276 3471 1320 tuum.
3515 1266 3684 1321 Vides
3723 1265 3828 1335 igi-

2240 1364 2313 1408 tur
2351 1362 2405 1408 et
2430 1365 2505 1416 tu,
2535 1355 2678 1409 veris
2704 1354 2923 1424 quidem
2951 1356 3045 1411 sed
3091 1354 3531 1411 fraudulentiltus
3562 1356 3829 1410 assertio—

2237 1445 2395 1500 nibus
2434 1446 2635 1511 ttteris;
2684 1446 3141 1516 quemadmodum
3191 1455 3247 1503 et
3282 1455 3534 1517 apostata
3575 1444 3831 1501 Julianus

2239 1537 2586 1607 respondisse
2616 1537 2815 1591 dicitur
2841 1537 3191 1603 citristianis,-
3215 1553 3352 1609 quos
3394 1537 3664 1592 ariditate
3690 1538 3833 1607 rapi-

554 1625 781 1680 titudiue
810 1627 1063 1684 classium
1104 1630 1196 1686 illo
1220 1634 1585 1702 perveniunt,
1617 1635 1934 1708 civibusque
1976 1632 2129 1710 igno-

2238 1642 2320 1682 ηαξ
2360 1642 2522 1681 censu
2576 1626 2794 1697 proprie
2839 1625 3178 1681 defraudavit
3207 1645 3222 1683 :
3256 1626 3457 1692 Nolite,
3491 1628 3613 1697 inﬁt
3664 1628 3834 1699 magi-

552 1718 829 1785 rautibus,
865 1721 1140 1780 civitatem
1187 1712 1594 1797 ingrediuntur,
1640 1740 1901 1796 cunctos,
1952 1735 2134 1803 pueris

552 1815 798 1884 exceptis
828 1817 898 1856 ³⁸⁸
938 1827 993 1871 et
1034 1819 1373 1887 mulieribus,
1406 1822 1766 1889 trucidantes;
1800 1836 2133 1897 cunctosque

553 1903 790 1961 civitatis
816 1915 870 1961 et
898 1907 1216 1964 eelesiarum
1250 1912 1342 1967 Dei
1368 1914 1654 1970 thesauros
1694 1916 1924 1972 navibus
1962 1917 2133 1988 impo—

551 2008 760 2063 nentes,
789 2001 841 2055 iu
864 2000 1103 2057 Africam
1132 2015 1258 2060 sunt
1293 2006 1518 2063 reversi.

626 2089 678 2143 6.
708 2088 823 2145 Hoc
846 2091 897 2146 iu
923 2102 1165 2163 tempore
1192 2094 1520 2161 Mauuasses,
1540 2099 1871 2158 Arelatensis
1897 2100 2133 2157 civitatis

550 2182 873 2253 cplSCOptts,
907 2186 1087 2254 agnita
1125 2188 1267 2257 regis
1310 2187 1550 2259 Hugouis
1599 2192 1877 2261 potentia,
1915 2207 1946 2247 a
1980 2193 2137 2263 cujus

554 2272 670 2344 ipse
701 2274 978 2332 aiiinitatis
1009 2277 1079 2314 ³⁸³
1109 2279 1307 2335 lineam
1335 2283 1599 2353 sanguine
1623 2292 1882 2349 traxerat,
1915 2285 2130 2341 deserta

553 2367 656 2421 sibi
699 2370 987 2426 commissa
1028 2372 1264 2439 melasia,
1315 2375 1627 2432 ambitionis
1672 2378 1886 2449 spiritu,
1937 2379 2135 2435 multas

553 2457 853 2537 violaturus
877 2460 949 2493 ¹⁶⁰
976 2462 1139 2517 immo
1166 2462 1501 2522 laceraturus
1521 2466 1788 2532 melesias,
1808 2468 2016 2524 Italiam
2039 2483 2133 2539 pe-

554 2549 661 2604 tiit.
697 2550 847 2619 [iugo
874 2562 1051 2608 autem
1079 2570 1170 2610 rex
1198 2569 1422 2626 regnum
1455 2559 1702 2615 securius
1739 2560 1990 2617 obtinere
2013 2575 2135 2633 spe-

555 2656 705 2706 rans,
741 2643 786 2697 si
818 2641 1077 2700 alliuitate
1107 2647 1209 2703 sibi
1249 2648 1556 2718 conjunctis
1584 2652 1737 2722 regni
1767 2651 1944 2707 oliieia
1973 2651 2135 2724 largi-

553 2741 728 2797 retur,
759 2745 947 2789 coutra
985 2733 1075 2804 jus
1102 2736 1297 2808 fasque
1340 2738 1730 2807 Veranensem,
1761 2741 2133 2802 Tridentinam

559 2833 724 2891 atque
772 2826 1120 2884 Mantuanam
1155 2832 1574 2900 commendavit,
1615 2848 1734 2900 seu,
1778 2834 1921 2906 quod
1951 2835 2136 2891 verius

554 2924 658 2979 est,
686 2915 739 2971 iu
776 2916 956 2973 escam
985 2920 1153 2985 dedit,
1190 2921 1479 2978 :eclesiam.
1535 2922 1615 2978 Ac
1660 2939 1759 2979 nec
1798 2923 1882 2980 bis
1912 2925 2131 2996 quidem

2236 1728 2341 1775 εἰει·
2367 1727 2551 1781 vester,
2599 1716 2864 1786 possidere
2890 1715 2959 1747 ’5‘
2986 1733 3173 1772 turum
3216 1733 3376 1787 neque
3412 1728 3725 1788 argentum.
3766 1717 3833 1773 Et

2237 1809 2365 1864 illud
2388 1823 2403 1863 :
2426 1811 2793 1883 Εὐκοπώτερον
2821 1809 2925 1887 ’γάρ
2963 1807 3117 1869 ἔστην
3161 1810 3381 1881 κάμηλον
3415 1808 3504 1866 διὰ
3538 1811 3832 1885 {pay-ab:

2235 1900 2447 1977 ραφίδοε
2490 1901 2761 1959 εἰστελθεὶν.
2801 1923 2833 1961 η
2876 1902 3123 1958 πλονσιοι
3162 1905 3241 1963 εἰς
3281 1906 3373 1961 τὴν
3415 1901 3696 1973 βασιλείαν
3737 1897 3828 1957 τ’ιῦ

2236 2001 2389 2059 Θεοῦ,
2411 2005 2754 2064 eucopoteron
2780 2010 2877 2064 θαι·
2896 1995 3031 2049 estin
3059 1993 3286 2050 camilon
3326 1994 3415 2048 dia
3436 1994 3711 2048 trintalias
3741 2011 3827 2046 ra-

2236 2086 2372 2155 ﬁdos
2416 2086 2624 2140 isclthin
2659 2083 2910 2155 iplusisn
2939 2086 2983 2140 is
3027 2086 3104 2139 (in
3143 2084 3367 2140 basilt'an
3395 2095 3454 2139 tu
3499 2085 3655 2151 then,
3685 2085 3828 2153 quod

2236 2185 2322 2233 est
2351 2195 2364 2230 :
2395 2174 2633 2229 Facilius
2654 2183 2728 2229 est
2759 2172 3016 2228 camelum
3040 2191 3132 2245 per
3151 2174 3387 2245 foramen
3419 2191 3549 2229 acus
3587 2173 3828 2235 transiri,

2235 2282 2394 2338 quam
2421 2264 2631 2319 divitem
2668 2263 2869 2318 intrare
2905 2265 2961 2317 in
3001 2280 3215 2334 regnum
3257 2263 3504 2318 caelorum
3532 2262 3739 2335 (Here.
3774 2278 3826 2327 ς,

2236 2355 2349 2428 25).
2377 2355 2441 2410 Et
2463 2356 2590 2410 item
2619 2373 2631 2408 :
2658 2352 2762 2420 Qui
2786 2370 2888 2409 non
2927 2354 3189 2408 renuntiat
3221 2354 3459 2407 omnibus
3489 2369 3613 2424 qua:
3660 2354 3827 2423 possi-

2237 2447 2321 2501 det
2343 2445 2435 2511 ²⁶⁸,
2460 2460 2564 2498 non
2584 2453 2747 2515 potest
2779 2460 2922 2498 meus
2941 2459 3053 2498 esse
3074 2442 3361 2514 discipulus
3385 2442 3538 2510 (Luc.
3564 2458 3687 2507 ιη’,
3715 2442 3824 2514 ⁸55).

2238 2537 2405 2595 Cedo‘
2448 2536 2634 2608 igitur,
2668 2534 2794 2605 quid
2826 2535 3137 2605 perversius
3165 2533 3275 2600 ille,
3301 2534 3500 2605 quidve
3529 2532 3738 2588 fuedius
3778 2543 3827 2586 te

2240 2629 2443 2686 dixisse
2472 2627 2774 2685 credendus
2799 2626 2869 2658 ’“
2897 2627 3016 2684 est?
3050 2626 3202 2696 Quod
3233 2628 3377 2682 enim
3423 2625 3629 2681 Petrus
3658 2626 3729 2680 ad
3744 2624 3828 2692 ju-

2239 2720 2467 2785 stitiam,
2495 2730 2550 2773 tu
2593 2715 2857 2773 transfers
2884 2717 2950 2773 ad
2995 2717 3228 2788 culpam.
3252 2714 3427 2771 Credo
3447 2715 3518 2747 ’θ’
3550 2714 3845 2784 equide

2240 2818 2295 2864 te
2320 2818 2474 2864 actus
2493 2805 2860 2877 apostolorum
2885 2820 2990 2861 non
3012 2806 3364 2872 intellexisse,
3390 2815 3506 2869 aut,
3533 2805 3686 2874 quod
3711 2818 3831 2858 ere-

2241 2897 2461 2954 dibilius
2499 2905 2602 2960 est,
2642 2896 2865 2952 minime
2893 2897 3108 2967 legisse.
3151 2896 3227 2951 lbi
3252 2895 3409 2966 plane
3454 2897 3537 2951 sic
3565 2896 3829 2964 scriptum

552 2976 868 3069 contentus,
900 2976 1272 3063 Tridentinam
1300 2976 1548 3080 adeptus
2164 2976 2212 3042 C
2240 2989 2517 3084 mpmries
2540 2988 2796 3084 quoniam
2827 2988 3019 3047 ﬁdeles
3062 2989 3365 3084 Vindeb‘m‘
3387 2990 3597 3084 mdia
3626 3004 3750 3084 sua}
3777 2997 3833 3043 ει

555 3095 866 3163 impellente
891 3096 1126 3162 diabolo,
1151 3098 1278 3153 dum
1304 3099 1456 3156 miles
1477 3116 1598 3158 esse
1629 3102 2140 3176 inciperet,episco-

554 3199 658 3255 pus
691 3200 812 3241 esse
840 3187 1130 3243 desineret.
1174 3186 1332 3244 Libet
1371 3198 1571 3257 autem,
1613 3201 1765 3263 pater
1790 3194 1933 3264 agie,
1973 3194 2025 3250 id
2054 3202 2140 3251 est

559 3288 767 3343 sancte,
817 3279 1207 3350 aliquantulum
1260 3282 1621 3347 immorarier,
1664 3301 1928 3355 suamque
1966 3288 2137 3358 ipsius

556 3374 878 3426 sententiam
900 3387 1001 3426 cur
1021 3374 1125 3427 hoc
1151 3382 1355 3445 ageret,
1376 3374 1484 3431 Deo
1511 3376 1772 3448 largiente
1800 3378 1893 3445 ’°‘,
1919 3380 2137 3449 propria

470 3447 479 3461 ’
548 3460 819 3532 jugulare.
858 3481 878 3513 α
915 3462 1128 3530 Beatus,
1160 3467 1353 3537 inquit,
1392 3447 1610 3535 Petrus,
1639 3447 1934 3527 Antiocena
1981 3447 2137 3528 iusti-

557 3564 671 3609 tuta
697 3554 928 3622 :eelesia,
958 3557 1023 3611 ad
1052 3556 1351 3613 Romanam
1375 3561 1583 3630 urbem,
1605 3577 1723 3632 quae
1744 3564 1998 3633 potentiae
2026 3579 2140 3619 ma.

554 3643 833 3714 guitudine
876 3646 1087 3701 eunetis
1129 3655 1257 3703 tunc
1283 3649 1591 3704 nationibus
1621 3651 1943 3722 imperabat,
1987 3665 2136 3723 post-

556 3737 775 3790 modum
821 3738 1191 3794 transvolavit.
1224 3739 1323 3795 Ubi
1374 3757 1496 3797 cum
1529 3743 1637 3798 Deo
1662 3743 1983 3814 disponente
2012 3762 2137 3801 san-

554 3837 698 3879 etam
720 3830 1081 3896 totoqueorbc
1097 3831 1167 3862 ¹⁶¹
1193 3834 1550 3888 venerandam
1572 3833 1822 3891 fundaret
1843 3836 2133 3903 ecclesiam,

528 3915 816 3986 ‘diseipulo
863 3933 961 3973 suo
1009 3920 1169 3976 beato
1207 3922 1587 3994 euvangelistte
1614 3924 1791 3982 Marco
1826 3928 2132 3996 pristinam,

553 4005 908 4061 Antioeenam
945 4009 1170 4075 scilicet,
1207 4013 1636 4080 commendavit;
1691 4014 1765 4069 ita
1814 4025 2019 4083 tamen,
2079 4029 2138 4072 ut

553 4095 967 4167 Aquilegensem
982 4099 1161 4170 etipse
1179 4100 1355 4170 primo
1374 4101 1704 4171 institueret,
1725 4113 1889 4176 atque
1908 4107 2139 4167 Alexan-

554 4188 766 4242 drinam
798 4190 1008 4245 concite
1035 4200 1262 4261 peteret.
1293 4191 1445 4259 Quod
1475 4193 1549 4248 ita
1580 4202 1758 4251 actum
1787 4210 1931 4260 esse,
1965 4198 2137 4253 neuti-

554 4294 679 4333 nem
718 4280 810 4351 qui
844 4296 1032 4336 eorum
1063 4291 1216 4338 actus
1242 4282 1452 4354 legerit,
1481 4299 1587 4340 non
1615 4286 1828 4342 nescire
1853 4288 2134 4358 cognosci-

556 4385 699 4426 mus.
732 4389 752 4423 ι
786 4370 892 4426 Sed
933 4381 1011 4439 ut,
1042 4372 1196 4429 nobis
1239 4375 1710 4446 respondentibus,
1757 4393 1791 4433 ο
1834 4376 2132 4444 Mauasses,

555 4475 685 4515 vera
716 4468 769 4514 te
814 4476 978 4533 super
1014 4463 1102 4518 itis
1132 4478 1245 4537 pou
1297 4465 1500 4521 sentire
1548 4480 1868 4537 cognoscas,
1900 4467 2134 4523 nominis

559 4552 639 4607 tui
670 4552 1015 4625 etimologian
1043 4565 1297 4627 parentes
1321 4565 1441 4615 tuos
1467 4559 1712 4616 videntes
1738 4559 1902 4617 fuisse
1928 4562 2138 4619 intelle—

557 4656 672 4711 ges.
723 4641 974 4700 Manases
995 4647 1194 4716 quippe
1217 4648 1516 4717 obliuiosus,
1546 4665 1641 4707 seu
1668 4652 1853 4708 oblivio
1899 4652 2134 4723 Domini,

557 4732 969 4803 interpretatur.
1003 4734 1143 4802 Quid
1173 4737 1317 4793 enim
1345 4736 1530 4795 verius
1556 4750 1652 4797 aut
1678 4742 1919 4812 apertius
1940 4760 2136 4814 paren-

556 4832 641 4877 tes
672 4823 744 4855 ³⁸³
771 4823 831 4897 [ἱ.
869 4843 916 4880 e.
950 4827 1261 4902 pr0phetas]
1292 4830 1366 4885 tui
1407 4832 1511 4887 boc
1551 4835 1773 4889 nomine
1825 4836 2130 4894 vaticinare

559 4915 894 4983 potuerunt?
926 4916 1023 4983 ιω,
1066 4920 1307 4989 inquam,
1365 4935 1424 4976 es
1462 4922 1665 4978 oblitus
1693 4925 1789 4990 tui,
1825 4935 1882 4979 ut
1906 4940 2007 4982 nec
2044 4928 2141 4982 ho—

558 5004 761 5061 minem
790 5006 1009 5075 quidem
1040 5017 1090 5063 te
1111 5025 1230 5066 esse
1254 5011 1632 5072 reminiscare.
1659 5014 1912 5071 Diabolus
1939 5019 2137 5090 quippe

558 5091 859 5162 scripturas
913 5096 1081 5169 novit,
1136 5105 1190 5153 et
1257 5107 1468 5165 tamen,
1533 5108 1592 5155 ut
1637 5117 1956 5173 perversus,
2021 5122 2142 5177 per-

564 5195 722 5236 verse
779 5197 875 5239 eas
932 5185 1343 5257 interpretatur,
1392 5198 1447 5244 et
1505 5204 1630 5245 cum
1685 5192 1768 5246 his
1816 5194 2004 5261 utitur,
2068 5197 2136 5251 ad

2241 3082 2517 3153 ponebant
2542 3079 2803 3150 praecium
2843 3090 2972 3134 ante
3012 3079 3179 3151 pedes
3204 3078 3593 3148 apostolorum,
3632 3080 3831 3149 quibus

2204 3181 2397 3229 .erant
2434 3172 2617 3227 omnia
2646 3171 2956 3226 communia
2987 3169 3128 3241 (Act.
3174 3185 3234 3235 tt,
3258 3170 3370 3240 55),
3402 3185 3507 3225 nec
3537 3173 3833 3241 quisquam

2240 3265 2443 3336 aliquid
2480 3280 2637 3321 suum
2668 3279 2788 3321 esse
2826 3263 3074 3329 dicebat;
3110 3263 3447 3318 dividebatur
3486 3273 3674 3318 autem
3715 3265 3827 3325 siu-

2240 3356 2400 3429 gulis,
2430 3364 2593 3427 prout
2644 3355 2841 3426 cuique
2885 3369 3023 3425 opus
3060 3364 3179 3409 erat
3208 3354 3345 3425 (Act.
3378 3370 3456 3421 tv,
3485 3355 3602 3425 45).
3636 3355 3696 3412 Si
3736 3356 3831 3427 igi-

2241 3460 2348 3518 tur,
2377 3452 2520 3521 quod
2544 3450 2597 3504 in
2621 3451 2859 3506 humano
2884 3465 3048 3505 censu
3073 3449 3386 3520 prteciosius
3414 3448 3629 3517 tibique
3651 3448 3829 3501 anima

2242 3552 2333 3599 tua
2373 3543 2575 3609 carius,
2615 3542 2809 3596 Petrus
2853 3556 3069 3605 aurum,
3113 3539 3269 3609 quasi
3303 3537 3562 3606 quiddam
3611 3537 3845 3606 pestife-

2238 3656 2382 3706 rum,
2438 3647 2660 3709 tangere
2706 3636 2899 3703 noluit,
2936 3650 3043 3706 qua
3092 3635 3305 3690 ratione
3332 3648 3479 3698 eum,
3525 3633 3831 3686 Autioceua

2238 3733 2473 3799 deserta,
2522 3731 2590 3786 ad
2637 3729 2940 3785 Romanam
2992 3726 3194 3783 asscris
3246 3723 3521 3780 ecclesiam
3576 3733 3829 3777 transvo-

2236 3826 2413 3882 lasse?
2459 3826 2517 3881 Si
2566 3824 2752 3889 latras,
2807 3822 2978 3887 illum,
3018 3821 3160 3890 quod
3205 3818 3428 3874 omnino
3479 3817 3686 3871 falsum
3721 3826 3829 3879 est,

2239 3918 2555 3990 quaesivisse
2623 3929 2889 3980 censum,
2961 3928 3062 3983 ego
3132 3912 3435 3965 animarum
3504 3908 3720 3962 lucrum
3776 3916 3833 3962 ct

2241 4008 2534 4080 comprobo
2561 4006 2856 4075 gloriosum
2905 4001 3248 4074 martyrium.
3282 3998 3597 4055 Predictum
3635 3999 3830 4068 quippe

2243 4102 2347 4159 sibi
2375 4100 2445 4132 ’⁸⁸
2472 4114 2503 4154 a
2552 4098 2834 4170 magistro,
2884 4096 3051 4152 immo
3081 4102 3325 4151 creatore
3372 4101 3431 4147 et
3484 4091 3837 4163 redemptore

2241 4209 2340 4250 suo
2390 4191 2590 4257 fuerat,
2641 4189 2899 4260 quoniam
2928 4177 3103 4242 {Cum
3149 4200 3286 4240 esses
3316 4184 3533 4255 janior,
3588 4184 3831 4253 cingebas

2242 4292 2314 4348 te,
2341 4294 2386 4337 et
2426 4279 2733 4335 ambulabas
2780 4277 2868 4332 ubi
2914 4275 3160 4341 volebas;
3201 4290 3321 4328 cum
3359 4281 3540 4326 autem
3572 4272 3843 4335 senaeris,-

2238 4374 2478 4430 extendes
2520 4389 2706 4427 manus
2757 4381 2910 4435 tuas,
2954 4377 3003 4424 et
3048 4369 3185 4423 alius
3231 4376 3279 4422 te
3326 4365 3532 4434 cinget,
3581 4373 3630 4417 et
3679 4364 3831 4417 duce!

2236 4481 2339 4538 quo
2366 4464 2434 4495 ’δί’
2462 4473 2521 4516 tu
2558 4478 2658 4516 non
2696 4461 2790 4516 vis.
2824 4459 2939 4514 Hoc
2966 4468 3139 4513 autem
3181 4456 3334 4522 dixit,
3365 4453 3680 4525 signiﬁcans
3729 4469 3831 4522 qua

2244 4569 2404 4611 morte
2433 4552 2818 4621 clari/icaturus
2857 4559 2989 4606 esset
3029 4549 3193 4604 Deam
3220 4548 3401 4619 (Joan.
3433 4561 3552 4610 χιι,
3588 4546 3699 4616 18).
3736 4545 3831 4597 De-

2242 4648 2406 4718 nique
2439 4654 2493 4701 et
2518 4644 2623 4700 alio
2651 4645 2704 4700 iu
2744 4643 2864 4700 loco
2890 4652 3016 4716 post
3047 4642 3508 4699 resurrectionem
3540 4638 3709 4695 Petro
3750 4654 3831 4697 se.

2244 4756 2352 4809 quo
2381 4740 2503 4803 iret,
2528 4737 2906 4808 interroganti,
2937 4732 3282 4805 respondisse
3306 4731 3575 4787 Dominus
3600 4730 3828 4801 legitur:

2245 4827 2473 4885 Romam
2513 4830 2705 4884 iterum
2747 4826 3004 4898 cruciﬁgi.
3036 4826 3213 4907 ‘Venit
3260 4825 3426 4895 igitur
3465 4821 3686 4887 Petrus,
3726 4837 3832 4875 non

2244 4918 2538 4979 ambitione
2568 4920 2785 4976 inﬂatus
2815 4920 2908 4976 sed
2950 4918 3196 4973 martirio
3218 4916 3517 4979 animatus,
3555 4930 3664 4969 non
3703 4929 3835 4985 que-

2241 5030 2368 5071 rens
2417 5031 2610 5069 aurum
2666 5014 2759 5070 sed
2823 5014 3129 5067 animarum
3186 5010 3413 5065 lucrum.
3475 5010 3521 5063 0
3582 5008 3833 5067 felicem,

2243 5108 2409 5163 immo
2442 5107 2683 5172 beatum,
2725 5107 2770 5161 si
2802 5105 2964 5161 talem
3002 5114 3052 5159 te
3089 5113 3175 5158 tua
3224 5100 3564 5157 conscientia
3601 5110 3821 5154 testare-

2246 5202 2361 5256 tur!
2422 5198 2533 5256 Nec
2587 5199 2819 5255 inliciari
2871 5200 3091 5269 inquam
3124 5206 3294 5268 potes,
3350 5195 3727 5249 Veronensem
3782 5202 3835 5247 te
