4012 5340
79 247 154 304 861

990 238 1536 300 ANTAPODOSEOS
1572 237 1748 290 ιιῧιιι
1789 238 1942 294 SEX.
1983 272 2052 280 —
2092 240 2216 295 LIB.
2255 240 2344 295 IV.

3193 242 3298 300 832

76 361 371 434 episcopium
429 361 650 416 minime
693 362 1034 427 vendidisse,
1081 365 1224 433 quod
1270 360 1460 425 Petro,
1512 373 1616 412 non
1647 365 1697 425 Α
1725 363 2041 433 amputare?
2070 362 2122 417 in
2157 359 2352 430 quibus
2383 356 2551 412 nostri
2581 356 2884 411 refocilatio
2924 357 3188 427 corporis,
3225 367 3300 424 et,

79 454 270 510 cuilibet
318 452 409 506 sed
457 453 702 522 apostolo
752 453 842 509 illo
867 455 960 520 "°,
991 469 1283 523 numquam
1335 453 1622 508 didicimus

77 543 351 610 contigisse.
398 541 512 608 Qua
561 559 628 597 ex
684 558 741 599 re
784 558 888 598 non
939 544 1110 599 solum
1161 542 1390 614 spiritali
1435 557 1622 596 verum

77 636 212 691 etiam
241 636 500 700 corporali
532 635 759 701 honore,
802 653 997 691 census
1036 637 1366 691 animatione
1394 636 1542 707 (115)
1572 644 1622 689 te

75 728 314 796 privatum
356 741 476 780 esse
506 731 875 794 cognovimus.
921 729 1043 784 llaec
1073 738 1253 784 autem
1301 729 1515 782 interim
1556 727 1623 781 ad

76 817 376 886 propositum
427 818 702 872 redeundo
750 820 892 874 dicta
948 821 1228 885 suﬂitiant,
1285 821 1463 890 quoad
1519 819 1624 873 lar-

74 910 225 977 giente
273 907 384 960 Deo
430 907 544 962 suis
586 908 638 962 in
687 909 842 976 locis,
890 910 1124 980 qualiter
1171 909 1621 965 Mediolanensem

77 998 391 1068 unirpaveris
422 1001 757 1066 cathedram,
791 1003 1088 1056 veniamus.
1657 984 1664 991 ’

130 1093 172 1144 ’1.
206 1093 278 1146 Eo
303 1092 369 1122 ²⁷¹
387 1101 628 1160 tempore
649 1094 1004 1163 Berengarius
1029 1097 1147 1158 iSte,
1167 1095 1319 1164 cujus
1335 1094 1622 1165 tyrannide

77 1193 164 1236 tota
188 1198 322 1237 nunc
349 1185 420 1214 ³⁷³
443 1183 585 1251 luget
612 1184 781 1249 ltalia,
815 1186 1090 1256 Eporegia:
1115 1185 1354 1240 civitatis
1381 1187 1622 1240 marehio

76 1276 355 1328 habebatur.
385 1275 482 1328 Cui
511 1289 604 1328 rex
636 1274 788 1345 llugo
809 1276 1009 1345 neptim
1040 1291 1210 1338 suam,
1246 1276 1464 1331 nomine
1489 1275 1624 1329 Wil-

80 1368 181 1433 lam,
208 1383 363 1438 quam
393 1384 461 1421 ex
489 1367 646 1420 Willa
687 1384 855 1424 uxore
879 1384 975 1422 sua
1014 1369 1152 1423 Boso
1177 1367 1384 1422 Tuscia:
1407 1369 1624 1438 provin-

79 1459 154 1512 cia:
181 1457 434 1521 marchio,
490 1459 631 1527 regis
675 1458 863 1524 frater,
905 1467 1190 1529 genuerat,
1218 1457 1502 1528 conjugem
1533 1460 1624 1513 dc-

77 1549 150 1604 dit.
189 1548 476 1603 Auscarius
524 1564 684 1613 vero,
737 1549 1045 1619 Berengarii
1089 1549 1286 1615 frater,
1348 1565 1508 1619 quem
1556 1563 1623 1602 ex

77 1639 324 1693 Adclherto
381 1638 788 1710 llermengarda
853 1640 995 1710 regis
1060 1638 1304 1710 Hugonis
1363 1645 1625 1710 genuerat

79 1745 216 1793 soror,
245 1730 441 1783 virium
469 1730 684 1783 audatia
711 1730 1060 1799 potentiaque
1083 1728 1342 1783 clarebat.

127 1822 172 1875 8.
222 1819 616 1876 Tedbaldus’”
639 1822 802 1875 etiam
858 1822 1020 1876 heros
1071 1821 1325 1890 quidam,
1377 1819 1627 1890 proxima

77 1912 250 1982 Hugoni
279 1913 390 1983 regi
421 1911 678 1968 afiinitate
707 1913 1050 1982 conjunctus,
1080 1911 1546 1966 Cammerinorum
1570 1920 1626 1966 et

79 2003 442 2073 Spoletinorum
471 2005 714 2058 marchio
742 2014 881 2059 erat.
922 2003 1022 2058 llic
1053 2005 1108 2058 in
1137 2001 1396 2056 auxilium
1443 2002 1619 2057 Bene-

77 2095 252 2147 ventani
284 2095 545 2165 principis
591 2105 780 2150 contra
816 2095 1039 2159 Grecos,
1073 2095 1164 2165 qui
1214 2110 1336 2150 eum
1382 2096 1624 2167 graviter

76 2188 442 2255 obpresserant,
497 2188 647 2242 abiit.
701 2188 908 2255 Quibus
953 2203 1076 2242 eum
1135 2187 1332 2242 bellum
1375 2188 1620 2256 inferret,

77 2277 259 2331 victoria
280 2286 363 2332 est
394 2279 618 2348 potitus.
649 2277 888 2350 Contigit
915 2279 1148 2350 denique
1189 2279 1386 2334 multos
1421 2278 1623 2335 Greco-

78 2382 186 2432 rum,
210 2367 428 2437 jamjant
461 2385 567 2423 non
589 2384 716 2423 arva
742 2369 836 2424 sed
859 2379 1039 2425 castra
1065 2369 1449 2436 obtinentium,
1475 2371 1621 2426 hunc

77 2461 277 2526 cepisse.
306 2460 516 2526 Quibus
557 2462 683 2515 dum
729 2461 902 2516 virilia
945 2471 1272 2532 atuputaret,
1315 2461 1440 2516 talia
1476 2471 1618 2517 stra-

77 2549 160 2616 tigo
186 2550 263 2618 qui
291 2551 368 2604 eis
418 2561 651 2619 proserat
684 2552 952 2605 nuntiavit
983 2567 996 2604 :
1035 2569 1052 2601 ι
1083 2553 1348 2619 Quoniam
1398 2553 1617 2622 quidem

77 2647 220 2692 vestro
245 2651 434 2696 sancto
476 2641 787 2711 imperatori
833 2643 1163 2711 spadonibus
1205 2643 1280 2696 nil
1309 2644 1621 2713 prmtiosius

74 2745 170 2785 esse
205 2734 447 2801 cognovi,
497 2734 594 2788 hos
633 2735 808 2789 studui
860 2734 1118 2803 pauculos
1167 2735 1269 2788 sibi
1319 2736 1622 2791 verecunde

75 2826 447 2892 transmittere;
506 2826 688 2895 plures
745 2826 1097 2896 quantocius,
1168 2827 1278 2881 Deo
1339 2827 1615 2898 pr0pitio,

73 2917 468 2972 transmissurus.
503 2935 521 2969 ι

126 3005 167 3058 9.
203 3005 516 3062 Ludibrium
572 3017 786 3075 autem,
846 3009 1012 3064 immo
1049 3009 1407 3078 sapientiam,
1455 3026 1619 3080 quam

1725 453 1866 522 quod
1897 453 2138 507 omnimn
2171 451 2511 521 potissimum
2543 460 2647 512 est,
2680 451 2965 505 nascitura:
3003 465 3126 520 spes
3155 461 3300 505 extat

1722 543 1925 613 prolis?
1957 543 2091 598 Dum
2137 541 2280 595 enim
2309 555 2403 596 eos
2432 540 2826 605 eunuchizatis,
2859 557 2965 595 non
2998 543 3139 610 quod
3183 541 3301 595 illo-

1726 652 1868 702 rum,
1899 636 1992 688 sed
2033 633 2176 702 quod
2218 639 2463 686 nostrum
2505 640 2606 695 est,
2641 631 2843 685 tollitis.
2896 631 3034 685 Num
3083 631 3302 700 inquam

1725 735 2088 783 armentorum
2140 740 2232 779 seu
2267 725 2444 779 ovium
2491 724 2661 794 cepia,
2691 738 2848 793 quam
2873 723 3003 778 mihi
3032 723 3146 778 dies
3183 737 3304 777 ante

1725 821 1824 874 hos
1848 817 2165 880 abstulistis,
2196 825 2374 870 vestra
2409 832 2493 870 me
2534 827 2710 870 castra
2749 816 2897 870 adire
2927 815 3140 886 coegit?
3170 817 3304 869 Ani-
3381 861 3386 867 .

1724 911 1946 966 malium
1990 910 2188 979 quippe
2221 924 2339 976 qua:
2366 909 2494 962 mihi
2541 907 2746 963 fecistis
2791 907 3070 975 diSpendia
3105 907 3302 971 laudo;

1721 1002 1984 1072 iacturam
2017 1003 2155 1057 hanc
2206 1013 2430 1066 tantam,
2477 1011 2583 1055 tam
2627 1001 2924 1065 crudelem,
2972 1011 3188 1071 tamque
3233 1003 3304 1056 in-

1727 1095 2172 1165 recupm'abilem,
2204 1096 2372 1148 modis
2398 1095 2670 1157 omnibus,
2705 1095 2920 1158 horreo,
2955 1094 3123 1164 fugio,
3157 1095 3301 1148 nolo.

1726 1185 1911 1240 Sancti
1945 1184 2062 1249 Dei,
2092 1200 2280 1238 omnes
2317 1183 2475 1237 talem
2525 1200 2555 1237 ει
2608 1199 2692 1238 me
2727 1187 2957 1239 avertite
2998 1187 3243 1254 pestem!
3281 1207 3296 1236 ι

1725 1278 1822 1332 llis
1859 1276 2077 1340 auditis,
2114 1277 2282 1329 nimio
2324 1286 2447 1330 sunt
2494 1292 2685 1330 omnes
2728 1277 2996 1330 cachinno
3024 1277 3305 1340 commoti,

1728 1378 2017 1437 tantusque
2064 1366 2117 1420 in
2147 1381 2266 1420 eam
2297 1367 2475 1437 populi
2511 1366 2662 1420 favor
2704 1367 2945 1420 excrevit
2973 1367 3065 1430 ³⁷⁸,
3098 1376 3154 1420 ut
3201 1383 3305 1419 non

1726 1460 1897 1515 solum
1930 1461 2104 1514 virum
2137 1475 2291 1514 suum
2320 1459 2610 1529 integrum,
2637 1457 2729 1512 sed
2761 1467 3030 1512 ‘eteuncta
3060 1473 3178 1527 qum
3204 1457 3306 1512 sibi

1727 1548 1902 1603 ablata
1935 1548 2148 1604 fuerant
2196 1547 2468 1610 animalia,
2521 1548 2761 1616 recipere
2813 1557 3138 1602 mereretur.
3173 1546 3304 1614 Qua:

1727 1655 1851 1694 cum
1884 1640 1968 1696 his
1992 1641 2225 1710 receptis
2247 1639 2441 1702 abiret,
2467 1639 2672 1692 directo
2697 1637 3002 1694 Tedbaldus
3031 1649 3153 1708 post
3178 1654 3300 1692 eam

1653 1722 1698 1782 Β
1725 1749 1918 1804 puero,
1970 1732 2326 1803 interrogavit
2383 1731 2512 1800 quid
2548 1731 2666 1785 viro
2708 1745 2808 1786 suo
2853 1730 3110 1796 auferret,
3154 1731 3199 1785 si
3243 1730 3312 1784 ad

1726 1843 1958 1900 pugnam
2018 1826 2250 1897 amplius
2303 1832 2491 1880 contra
2565 1841 2625 1879 se
2692 1825 2758 1878 de
2824 1823 3024 1879 castelo
3094 1824 3309 1878 exiret?

1733 1936 1752 1969 ί
1790 1917 1966 1983 Oculi,
2005 1916 2200 1986 inquit,
2255 1923 2384 1970 sunt
2410 1914 2508 1980 illi,
2551 1929 2736 1980 nares,
2787 1929 2996 1979 manus,
3025 1923 3081 1968 et
3125 1913 3308 1984 pedes.

1727 2007 1784 2064 Si
1817 2008 1918 2062 hoc
1948 2007 2142 2078 egerit,
2173 2006 2277 2061 sibi
2309 2021 2429 2076 qua:
2457 2020 2551 2060 sua
2578 2012 2704 2060 sunt
2733 2004 2972 2069 auferat,
3005 2021 3124 2074 qua:
3165 2019 3304 2066 mea,

1724 2113 1837 2153 suae
1873 2099 2082 2154 scilicet
2131 2097 2417 2161 ancillulze,
2468 2096 2825 2166 derelinquat.
2857 2116 2874 2148 ι
2929 2096 3128 2150 Verum
3177 2095 3303 2164 quia

1729 2187 1972 2244 favorem
2019 2189 2202 2260 populi
2238 2189 2414 2259 prima
2455 2187 2556 2243 sibi
2607 2187 2876 2242 locutione
2910 2203 3004 2257 per
3049 2187 3212 2241 risum
3251 2193 3307 2240 et

1726 2282 1906 2336 mariti
1961 2283 2160 2336 donum
2205 2283 2392 2336 adesse
2439 2280 2731 2346 intellexit,
2777 2279 2916 2334 hanc
2963 2277 3304 2350 postmodum

1723 2389 1820 2444 per
1842 2373 2105 2427 directum
2145 2373 2394 2426 nuntium
2421 2371 2776 2427 remandavit.

1797 2465 1882 2518 10.
1924 2464 2027 2518 Per
2057 2463 2193 2518 idem
2225 2471 2436 2532 tempus
2483 2464 2623 2534 regis
2651 2461 2892 2532 [ingenis
2937 2460 3104 2515 frater
3141 2459 3302 2525 Boso,

1723 2557 1890 2611 Willa
1924 2573 2093 2612 uxore
2129 2574 2223 2611 sua
2263 2557 2614 2626 cupidissima
2642 2557 2709 2588 ’⁷⁷
2741 2555 3073 2619 stimulante,
3119 2555 3311 2609 adver-

1724 2664 1815 2703 sus
1857 2663 2036 2716 regem
2086 2664 2221 2701 nova
2275 2649 2519 2716 quaedam
2556 2655 2610 2702 et
2657 2662 2918 2718 perversa
2965 2645 3182 2700 n'iolitus
3226 2652 3310 2699 est

1726 2755 1908 2811 agere.
1967 2737 2118 2804 Quod
2161 2738 2436 2808 llugonem
2475 2728 2579 2792 non
2623 2737 2798 2791 latuit.
2845 2737 2960 2802 Qua
3009 2752 3074 2790 ex
3119 2749 3178 2789 re
3215 2749 3308 2788 ca-

1724 2840 1868 2900 ptus,
1897 2830 2154 2885 custodia:
2181 2839 2263 2882 est
2306 2829 2562 2883 continuo
2593 2829 2841 2882 traditus.
2873 2827 3046 2882 Causa
3075 2825 3306 2895 denique

1725 2924 2041 2994 dejectionis
2103 2923 2219 2990 ejus
2257 2923 2370 2977 ba:c
2408 2922 2529 2977 fuit.
2580 2922 2715 2976 Dum
2773 2921 3082 2985 Lamberto,
3144 2931 3306 2988 quem

1725 3033 1888 3088 supra
1937 3015 2371 3080 memoravimus,
2424 3015 2626 3069 lumine
2675 3015 2904 3084 privato,
2955 3012 3124 3066 isdem
3174 3010 3314 3065 Boso

73 3102 279 3168 quaedam
327 3111 457 3158 tunc
509 3104 703 3158 mulier
752 3105 939 3174 gessit,
977 3104 1064 3158 hic
1115 3105 1434 3160 inseramus.
1484 3105 1620 3158 Dum
1650 3086 1693 3148 Ο
1728 3086 1966 3165 marcam
1998 3107 2206 3163 Tuscia:
2235 3109 2524 3173 obtineret,
2550 3108 2743 3178 eonjux
2774 3122 2871 3161 sua
2899 3105 3058 3160 Willa
3085 3102 3302 3175 phylar-

73 3192 189 3245 cnim
219 3193 300 3248 die
327 3195 566 3263 quadam
596 3193 754 3250 Greci
785 3209 906 3249 eum
938 3195 1106 3265 ipsius
1136 3206 1281 3250 terre
1311 3196 1622 3250 hominibus

74 3293 196 3337 extra
221 3296 458 3340 castrum
500 3287 766 3356 quoddam
806 3287 874 3340 ad
918 3303 1150 3357 pugnam
1183 3287 1442 3342 adversus
1483 3286 1624 3342 Ted-

72 3373 250 3430 baldum
271 3387 635 3432 memoratum
658 3379 889 3442 exirent,
920 3378 1159 3432 nonnulli
1184 3379 1254 3432 ab
1285 3379 1472 3433 eodem
1496 3387 1623 3434 sunt

72 3467 205 3536 capti.
249 3468 393 3536 Quos
425 3469 554 3523 dum
608 3469 960 3523 cnuchizaret
1003 3483 1204 3538 eosque
1235 3468 1288 3523 in
1338 3469 1620 3524 castellum

73 3558 314 3630 dirigeret,
347 3561 553 3617 mulier
592 3563 862 3630 quaadam,
887 3560 1070 3616 mariti
1109 3575 1294 3616 amore
1332 3575 1618 3629 succensa,

73 3655 162 3723 ejus
199 3674 290 3728 pro
334 3657 604 3714 membris
654 3673 761 3713 non
813 3672 1004 3728 parum
1051 3657 1278 3714 sollicita
1306 3659 1399 3725 ηδ,
1442 3661 1622 3729 passis

72 3748 276 3804 crinibus
297 3749 364 3806 de
392 3749 622 3806 castello
644 3750 777 3804 exiit
800 3749 1110 3806 furibunda.
1133 3750 1265 3818 Qua:
1289 3767 1410 3806 eum
1433 3767 1622 3808 cruen-

72 3839 126 3891 tis
163 3842 420 3910 unguibus
453 3857 548 3896 ora
598 3842 952 3912 discerperet,
983 3853 1147 3913 atque
1193 3850 1318 3896 ante
1358 3840 1620 3896 Tcdbaldi

71 3932 321 3986 tentorium
373 3933 635 3989 clamosis
689 3935 913 3989 vocibus
962 3933 1116 3989 ﬂeret
1162 3952 1173 3987 :
1211 3952 1229 3984 ι
1262 3933 1400 4000 Quid
1447 3948 1623 3988 causa:

71 4029 152 4084 cst,
178 4024 362 4093 inquit,
405 4026 622 4089 mulier,
654 4027 798 4095 quod
829 4036 938 4080 tam
982 4027 1194 4082 sonoris
1238 4027 1460 4081 vocibus
1488 4041 1625 4096 que-

70 4112 214 4166 reris?
238 4133 256 4165 ι
284 4115 417 4183 Quae
444 4147 511 4158 -—
535 4115 662 4186 quia
699 4117 984 4172 stultitiam
1017 4118 1276 4174 simulare
1333 4118 1451 4173 loco
1496 4134 1624 4188 pru-

68 4201 218 4257 dcutia
263 4222 477 4262 summa
505 4218 610 4274 est,
640 4239 712 4248 -—
740 4209 812 4263 ita
859 4210 1139 4280 respondit
1170 4226 1183 4264 :
1218 4229 1235 4262 ‹
1264 4209 1474 4264 Novum
1519 4209 1621 4265 hoc

68 4291 443 4369 inauditumque
493 4300 705 4354 facinus
742 4310 846 4366 est,
897 4302 1107 4368 heroes,
1155 4310 1217 4356 ut
1257 4301 1458 4357 bellum
1507 4317 1612 4357 non

68 4393 461 4460 repugnantibus
484 4393 803 4448 mulieribus
833 4392 1098 4448 infcratis.
1132 4392 1447 4448 Nostrarum
1473 4393 1618 4448 nulla
1647 4414 1678 4460 ί

64 4492 117 4531 ex
137 4479 524 4539 Amazonarum
550 4485 812 4554 sanguine
833 4476 1137 4554 prosapiam
1163 4484 1341 4548 ducit;
1366 4482 1619 4538 Minerva:

66 4572 229 4642 quippe
278 4576 458 4631 solum
495 4577 752 4646 operibus
794 4577 1007 4642 deditte,
1051 4591 1328 4630 armorum
1383 4576 1620 4646 ptenitus

63 4676 222 4717 sumus
248 4666 472 4736 ignarae.
507 4685 526 4717 ι
561 4666 658 4720 Cui
683 4681 805 4720 cum
831 4665 1133 4720 Tedbaldus
1160 4666 1364 4720 diceret
1392 4680 1406 4719 :
1438 4685 1456 4718 ι
1483 4665 1618 4732 Quis

63 4763 284 4821 umquam
333 4756 457 4810 sani
498 4756 693 4826 capitis
738 4755 930 4821 heros,
977 4762 1173 4825 praeter
1219 4757 1618 4810 Amazonarum

66 4847 383 4912 temporibus,
411 4847 611 4904 bellum
654 4846 974 4902 mulieribus
1004 4847 1219 4901 intulit?
1247 4867 1263 4897 ι
1298 4862 1359 4900 ea
1399 4862 1620 4917 respon-

65 4931 156 4985 dit:
183 4954 200 4986 ‹
229 4936 404 5004 Quod,
441 4939 592 5001 cedo,
643 4937 915 4992 crudelius
947 4937 1261 4992 mulieribus
1302 4938 1504 4991 bellum
1535 4936 1615 4990 in-

63 5021 200 5092 fcrt'c,
240 5031 435 5099 quidve
489 5031 878 5087 incommodius
917 5031 1000 5088 his
1023 5032 1250 5103 potestis
1276 5031 1346 5062 ’⁷⁸
1375 5030 1613 5093 auferre,

62 5130 197 5184 quam
244 5135 298 5175 ut
336 5139 534 5179 earum
569 5126 698 5181 viris
739 5124 958 5181 certetis
995 5125 1239 5182 orchidia
1283 5123 1609 5196 [testiculos]

1647 4436 1700 4496 D

1728 3201 1878 3272 giria:
1910 3199 2054 3269 cepit
2103 3215 2288 3254 amore
2317 3198 2589 3268 flagrare;
2623 3197 2756 3252 adeo
2802 3206 2860 3251 ut
2897 3197 3060 3250 totius
3102 3194 3310 3249 Tuscia:

1725 3289 2020 3361 provincia:
2047 3289 2192 3343 nulla
2226 3289 2484 3343 nobilium
2527 3298 2898 3342 matronarmn
2935 3286 3208 3358 quantivis
3249 3300 3308 3341 se

1727 3386 1908 3454 prrecii
1939 3385 2278 3440 ornamentis
2306 3384 2597 3439 excoleret.
2626 3382 2750 3437 "th
2788 3398 2910 3437 cum
2953 3381 3156 3451 prolem
3198 3395 3306 3434 non

1726 3475 1954 3530 haberet
1998 3475 2229 3540 virilem,
2276 3483 2532 3546 quattuor
2586 3472 2774 3526 habuit
2821 3481 2993 3533 natas,
3055 3468 3301 3532 Bertam,

1725 3565 1965 3630 Willam,
1989 3564 2291 3619 Richildam
2317 3573 2372 3618 ct
2399 3563 2622 3619 Gislam.
2650 3560 2852 3616 Harum
2884 3559 3068 3624 Willa,
3087 3559 3304 3623 Beren-

1724 3658 1860 3730 garii
1903 3657 2084 3726 hujus,
2125 3657 2216 3726 qui
2264 3671 2408 3710 nunc
2450 3662 2713 3724 superest,
2761 3667 2888 3706 vere
2940 3650 3161 3714 marita,
3203 3649 3306 3703 hoc

1725 3753 1924 3818 effecit,
1958 3767 2024 3806 ne
2047 3750 2279 3822 genitrix
2313 3763 2409 3802 sua
2437 3746 2676 3800 ninnium
2707 3752 2850 3798 esset
2886 3740 3171 3796 mulierum
3211 3754 3307 3792 ne-

1727 3848 2011 3919 quissima.
2059 3845 2129 3900 Ut
2166 3850 2346 3897 autem
2387 3856 2492 3894 non
2537 3855 2632 3909 per
2683 3836 2869 3906 longas
2905 3835 3158 3903 ambages
3193 3830 3310 3898 ejus

1728 3949 1849 3995 acta
1901 3952 2183 4010 ponamus,
2237 3949 2344 3989 uno
2393 3931 2708 4003 turpissimo
2759 3927 3051 3996 descripto,
3092 3939 3212 3993 qua:
3255 3931 3312 3974 et

1725 4043 1926 4104 quanta
1955 4032 2006 4086 in
2041 4029 2252 4086 caeteris
2291 4027 2475 4091 fuerit,
2507 4023 2938 4079 animadvertere
2969 4016 3196 4087 poteris.

1796 4124 1883 4178 ll.
1925 4121 2021 4176 Vir
2048 4121 2222 4191 ipsius
2257 4118 2397 4173 Boso
2435 4116 2570 4170 mire
2609 4110 2961 4184 longitudinis
2981 4117 3036 4162 et
3067 4103 3306 4160 latitudi-

1723 4213 1810 4268 nis
1860 4227 2083 4266 aureum
2130 4211 2398 4266 habuerat
2454 4207 2713 4270 balteum,
2765 4203 2858 4273 qui
2907 4200 3197 4256 multarum
3249 4201 3304 4249 et

1723 4303 2099 4374 praztiosarum
2132 4297 2721 4371 splendebat'",nitore
2744 4306 3097 4366 gemmarum.
3127 4287 3304 4350 Hunc,

1725 4409 1847 4448 cum
1887 4392 2023 4446 Boso
2051 4400 2356 4461 caperetur,
2404 4403 2568 4457 super
2595 4401 2782 4441 omnes
2826 4399 2989 4454 gazas
3026 4382 3143 4451 ejus
3183 4378 3304 4433 dili-

1728 4496 1914 4558 genter
1962 4500 2057 4540 rex
2085 4482 2502 4553 jussitinquiri;
2535 4479 2872 4550 sumptisque
2909 4476 3130 4540 divitiis,
3175 4491 3312 4532 uxo-

1727 4597 1839 4636 rem
1869 4579 2005 4650 ejus,
2034 4579 2186 4648 quasi
2235 4575 2513 4646 profanam
2557 4582 2612 4628 et
2651 4571 2871 4628 sceleris
2901 4569 3065 4624 totius
3109 4569 3306 4622 auctri—

1727 4687 1868 4736 cem,
1922 4670 2146 4739 turpiter
2199 4666 2266 4720 de
2323 4680 2490 4738 regno
2544 4663 2731 4718 Italico
2783 4659 3039 4732 praecepit
3079 4656 3296 4725 expelli,

1727 4769 1885 4830 atque
1915 4761 1968 4814 in
1997 4757 2384 4827 Burgundiam,
2411 4755 2478 4810 de
2521 4769 2626 4823 qua
2669 4750 2895 4807 oriunda
2915 4748 3110 4810 fuerat,
3155 4745 3300 4800 duci.

1727 4851 1928 4906 Verum
1975 4866 2095 4905 eum
2152 4848 2435 4918 diligenter
2477 4844 2658 4899 omnia
2699 4838 3021 4913 perscrutati
3067 4833 3308 4889 balteum

1726 4959 1832 4996 non
1862 4940 2220 5011 reppererint,
2251 4946 2446 4993 cmtera
2477 4933 2650 4989 nuntii
2681 4935 3042 5000 reportantes,
3087 4934 3218 4978 sunt
3245 4923 3317 4978 ad

1727 5035 2006 5108 liugonem
2046 5031 2268 5089 reversi.
2300 5030 2437 5086 Tum
2483 5043 2578 5082 rex
2606 5043 2618 5079 :
2653 5044 2670 5076 ι
2699 5024 3079 5082 Revertcntcs,
3110 5015 3317 5086 inquit.

1725 5128 2020 5184 falerarum
2061 5127 2176 5195 ejus
2214 5137 2432 5180 omnem
2465 5125 2807 5190 apparatum,
2835 5109 3087 5180 pulvinar
3117 5108 3315 5170 etiam,

1317 5259 1401 5316 VA
1413 5257 1553 5314 BHE
1593 5258 2002 5316 LECTIONES.
