4012 5340
648 312 767 395 se:

1655 293 2075 356 LlUTPRANDI
2112 286 2592 348 CREMONENSIS
2634 280 2939 343 EPISCOPI

3833 261 3923 316 855

663 423 807 495 quod
850 417 1141 492 equitando
1182 414 1400 487 premit,
1438 412 1666 469 evertite
1691 413 1781 466 ³⁷⁵.
1820 411 1886 465 Et
1928 410 1972 465 si
2019 422 2118 463 nec
2163 405 2235 461 ibi
2267 407 2311 467 Α
2340 400 2492 464 Quod
2514 399 2706 456 Grecis
2735 396 2985 453 omnibus
3014 406 3119 447 non
3160 388 3371 444 videtur
3408 384 3701 443 idoneum,
3727 376 3924 432 scilicet

664 514 882 585 quidem
920 510 1163 589 balteum
1192 505 1442 578 poteritis
1466 503 1532 535 ’“°
1558 502 1855 573 repperire,
1894 496 2236 554 vestimentis

664 588 923 665 omnibus
937 618 1058 661 eam
1086 600 1289 666 exuite,
1334 612 1403 654 ne
1431 596 1626 653 alicubi
1660 609 1821 665 super
1862 607 1920 648 se
1948 590 2121 662 possit
2161 588 2239 642 la-

665 706 822 762 tere;
872 692 1175 751 novi'enim
1214 698 1474 761 quantum
1514 685 1733 751 callida,
1771 691 2140 753 quantumque
2169 677 2240 733 sit

665 786 878 856 cupida.
909 803 928 838 ι
978 783 1152 855 lgitur
1194 779 1299 835 illis
1349 776 1697 833 redeuntibus
1736 772 1984 844 regisque
2009 766 2239 840 jussioni

664 875 1022 948 parcentibus,
1055 888 1178 929 cum
1207 870 1484 941 requisitis
1501 866 1755 923 omnibus
1779 864 1856 919 nil
1887 862 2238 926 invenissent,

665 965 1002 1022 vestimentis
1029 978 1152 1019 eam
1189 962 1438 1017 omnibus
1465 959 1824 1013 nudaverunt.
1853 953 1967 1009 Hoc
2008 952 2240 1021 denique

670 1068 778 1111 tam
816 1065 970 1126 turpe
1014 1053 1227 1109 facinus
1251 1060 1413 1121 atque
1447 1048 1742 1105 inauditum
1779 1061 1901 1101 cum
1948 1040 2242 1098 avertenti-

665 1148 768 1202 bus
804 1147 974 1203 oculis
1019 1146 1312 1216 proborum
1356 1155 1518 1197 nemo
1559 1138 1920 1209 conspiceret,
1962 1147 2241 1191 servorum

667 1240 887 1312 quidam
936 1238 1144 1294 directo
1185 1236 1399 1299 obtutu,
1451 1244 1781 1302 purpuream
1827 1241 1983 1283 secus
2035 1224 2240 1279 natium

668 1331 949 1400 speroiden
989 1328 1122 1384 vidit
1151 1326 1451 1397 dependere
1498 1322 1808 1392 corrigiam,
1857 1333 2020 1390 quam
2065 1316 2241 1385 impu-

668 1424 858 1479 denter
902 1420 1169 1490 arripiens
1219 1417 1541 1490 foediterque
1596 1414 1841 1478 trahens,
1883 1423 1914 1464 e
1964 1404 2243 1463 secretiori

668 1510 914 1582 corporis
958 1517 1113 1581 parte
1140 1522 1261 1563 eam
1307 1486 1526 1562 secutus
1584 1502 1794 1558 balteus
1838 1508 1922 1556 est
1971 1512 2239 1569 egressus.

670 1604 873 1659 Servus
921 1602 1105 1672 itaque
1155 1599 1325 1655 isdem
1367 1612 1472 1652 non
1521 1595 1694 1651 solum
1727 1592 2121 1651 inverecundus
2147 1590 2241 1655 ’8‘,

669 1695 766 1751 sed
790 1710 855 1755 eo
884 1695 1000 1765 ipso
1028 1691 1170 1762 turpi
1214 1690 1452 1745 facinore
1487 1688 1713 1744 hilarior
1753 1685 1994 1742 redditus
2026 1699 2040 1736 :
2073 1702 2091 1735 ι
2123 1680 2234 1736 Ha!

650 1893 806 1949 ,puer
847 1884 932 1934 est
966 1885 1123 1930 natus
1170 1874 1350 1941 bene;
1390 1886 1574 1943 qumso
1625 1878 1686 1924 ut
1732 1869 1802 1924 sit
1853 1874 2129 1937 superstes
2155 1863 2247 1915 ’⁸³-

654 1970 716 2039 ,0
749 1980 834 2025 me
863 1967 1223 2032 fortunatum,
1255 1964 1421 2020 immo
1463 1960 1715 2018 omnibus
1741 1957 2060 2022 feliciorem,
2091 1954 2134 2010 si
2174 1962 2251 2008 ta-

669 2060 749 2117 les
771 2058 964 2116 saltem
1003 2058 1139 2113 duos
1187 2071 1324 2112 uxor
1353 2069 1470 2109 mea
1501 2051 1635 2108 mihi
1673 2056 1891 2122 pareret
1932 2056 2113 2111 natos,
2154 2044 2252 2099 hos

671 2151 872 2223 quippe
916 2146 1440 2217 Constantinopolim
1489 2143 1782 2213 dirigerem
1834 2138 2075 2205 nuntios,
2121 2149 2253 2205 quo-

671 2242 820 2297 niam
843 2241 1084 2312 quidem,
1111 2247 1169 2294 ut
1205 2235 1548 2292 institoribus
1571 2233 1642 2265 ²⁸³
1666 2230 2012 2288 narrantibus
2034 2225 2251 2299 agnovi,

673 2331 982 2402 hujusmodi
1033 2331 1265 2386 libenter
1322 2329 1617 2398 imperator
1668 2322 1889 2380 nuntios
1945 2319 2188 2390 suscipit.
2228 2336 2246 2370 ι

673 2423 895 2480 Talibus
921 2432 1184 2494 praeterea
1215 2421 1379 2478 Willa
1420 2418 1643 2477 confusa
1689 2415 2047 2481 sermonibus,
2099 2412 2255 2469 lacri-

673 2516 777 2572 mis
812 2514 996 2571 eﬂusis
1044 2515 1302 2569 latentem
1351 2513 1450 2569 sub
1482 2511 1648 2568 corde
1672 2510 1846 2581 aperit
1871 2508 2081 2565 cunctis
2104 2506 2255 2563 dolo-

673 2624 811 2664 rem.
848 2607 1049 2663 Servus
1074 2614 1276 2670 autem,
1311 2612 1372 2659 ut
1399 2619 1586 2659 eorum
1614 2599 1772 2657 suum
1804 2608 1906 2668 est,
1953 2596 2070 2666 ejus
2103 2597 2252 2669 deje-

675 2699 857 2755 ctione
885 2713 992 2753 non
1030 2698 1204 2753 solum
1237 2712 1342 2751 non
1389 2693 1699 2759 inclinatus,
1732 2706 1919 2747 verum
1945 2690 2108 2744 etiam
2138 2687 2256 2743 ani-

676 2801 879 2859 matus,
930 2791 1032 2847 hee
1062 2790 1130 2845 ad
1175 2787 1611 2860 exaggerandum
1673 2783 1877 2841 doloris
1921 2782 2116 2838 vulnus
2162 2780 2255 2837 ad-

670 2880 808 2954 jecit
828 2899 843 2937 :

1367 2965 1552 3022 Versus
1567 3006 1580 3019 .

754 3081 774 3115 ι
822 3061 1005 3128 Willa,
1033 3061 1162 3130 quid
1186 3059 1395 3116 insanis
1418 3059 1649 3113 ?aurum
1664 3057 1806 3127 quod
1826 3057 2059 3112 condere
2099 3067 2258 3110 czeets

751 3152 948 3223 Incipis
973 3154 1026 3207 in
1057 3150 1363 3211 membris?
1388 3164 1486 3220 pro
1511 3164 1619 3205 non
1650 3148 1832 3203 audita
1869 3146 2065 3217 cupido
2095 3146 2110 3200 !

748 3244 954 3300 Allecto
974 3241 1130 3298 furiis
1148 3255 1387 3314 gemmas
1416 3241 1470 3295 in
1500 3254 1724 3309 corpore
1746 3238 1932 3295 condis
1958 3235 2049 3291 ³⁸⁵.

754 3336 1016 3393 Matribus
1045 3333 1318 3391 insolitum
1346 3331 1479 3388 tales
1506 3331 1805 3401 producere
1838 3339 2045 3398 partus,

753 3430 892 3486 Hine
920 3427 1016 3484 tibi
1038 3426 1183 3482 nulla
1221 3425 1407 3481 decem
1440 3420 1675 3477 tulerant
1703 3419 1917 3475 fastidia
1956 3431 2190 3472 menses.

756 3521 914 3613 Alias
938 3532 1160 3590 parens,
1189 3515 1324 3571 tales
1353 3513 1508 3570 nobis
1531 3511 1673 3567 haud
1702 3511 1889 3567 d.:sine
1915 3508 2080 3563 {cetus

756 3597 951 3679 Ede're,
986 3609 1081 3682 qui
1110 3608 1223 3664 nati
1251 3614 1511 3667 superent
1534 3612 1585 3659 te
1611 3612 1772 3658 auate
1804 3609 2086 3672 parentem
2117 3597 2131 3651 !
2167 3616 2187 3651 ι

756 3704 907 3762 Talia
931 3702 1208 3761 cunctanti
1243 3699 1439 3757 collum
1468 3705 1817 3769 percusserat
1841 3709 1983 3749 unus

759 3796 1013 3868 impiger,
1045 3809 1111 3850 ac
1138 3791 1518 3871 verbis‘ipsum
1551 3789 1799 3859 culparat
1828 3785 2049 3842 amaris.

685 3890 783 3945 His
825 3888 902 3943 ita
948 3884 1204 3957 peractis,
1257 3882 1467 3938 balteus
1522 3881 1633 3951 regi
1677 3879 2181 3948 adducitur,,eaque
2210 3878 2264 3934 in

687 3981 1050 4052 Burgundiam
1081 3977 1403 4034 destinatur.
1437 3971 1634 4031 Utrum
1659 3981 1863 4037 tamen,
1890 3985 2010 4042 quae
2040 3969 2267 4025 abscon-

691 4073 793 4138 dit,
817 4081 912 4128 aut
939 4072 1030 4143 qui
1056 4085 1121 4126 eo
1152 4069 1424 4140 inquirere
1449 4065 1635 4137 jussit,
1664 4063 1862 4120 foedius
1884 4063 2079 4136 egerit,
2101 4064 2266 4141 michi

685 4169 907 4240 quidem
955 4138 1174 4221 videtur
1226 4138 1613 4232 amphibolum.
1663 4157 1855 4226 Liquet
1889 4163 2095 4222 tamen,
2125 4138 2268 4225 quod

2339 503 2423 559 ut,
2453 494 2497 548 si
2550 502 2712 562 pater
2748 499 2996 551 matrem,
3051 498 3173 540 cum
3198 481 3307 536 sint
3347 477 3457 532 duo
3484 486 3687 536 unum,
3712 483 3923 524 uxorem

2339 588 2603 658 accipiat,
2631 586 2773 640 {ilius
2798 584 2962 638 ﬁliam
2992 595 3097 635 non
3124 579 3242 635 sine
3270 583 3426 631 reatu
3460 570 3649 639 valeat
3677 566 3784 623 sibi
3813 578 3932 619 wo-

2333 677 2484 748 jugio
2514 674 2789 746 copulare.

2414 788 2497 843 l3.
2540 787 2695 859 ilugo
2718 786 2790 818 ’⁸⁸
2819 784 3051 854 denique
3070 782 3363 838 multarum
3383 776 3831 837 concubinarum
3853 772 3932 825 de-

2342 889 2533 951 ceptus
2555 878 2867 943 inlecebris,
2900 875 3177 947 praefatam
3207 872 3493 943 conjugcm
3531 881 3699 923 suam
3733 864 3933 917 Bern:

2343 970 2575 1026 maritali
2607 986 2712 1023 non
2745 969 2918 1024 solum
2944 982 3053 1022 non
3083 965 3453 1035 crepitamore
3476 960 3744 1029 diligere,
3766 969 3933 1008 verum

2344 1061 2518 1117 modis
2565 1059 2819 1115 omnibus
2868 1072 3167 1122 execrare;
3225 1053 3371 1124 quod
3427 1060 3600 1123 quam
3638 1046 3939 1113 Deusjoste

2345 1150 2606 1222 punierit,
2659 1149 2773 1205 suis
2825 1148 2877 1202 in
2930 1146 3066 1203 locis
3106 1158 3311 1216 ponere
3343 1157 3453 1198 non
3482 1140 3724 1212 pigebit.
3758 1135 3939 1189 Verum

2342 1258 2464 1299 cum
2482 1240 2751 1298 nonnullae
2765 1247 2947 1295 essent
2964 1237 3298 1300 concubinae,
3314 1243 3432 1289 tres
3446 1247 3619 1302 supra
3640 1224 3940 1284 ceteras“

2346 1333 2656 1404 turpissimo
2685 1345 2871 1385 amore
2914 1327 3140 1384 ardebat
3169 1347 3182 1382 :
3212 1325 3494 1387 Pezolam,
3546 1319 3941 1376 vilissimorum

2341 1437 2619 1480 servorum
2642 1420 2983 1491 sanguinem
3006 1426 3235 1495 cretam,
3250 1433 3316 1473 ex
3332 1432 3439 1487 qua
3462 1422 3519 1469 et
3548 1420 3757 1467 natum
3779 1411 3942 1480 genuit

2345 1515 2561 1569 nomine
2583 1513 2739 1578 Bosa,
2767 1526 2927 1581 quem
2942 1511 3011 1544 ’⁸⁸
3027 1512 3081 1566 in
3097 1509 3404 1566 Placentina
3429 1515 3558 1578 post
3587 1503 3849 1558 Widouis
3866 1503 3944 1555 ob-

2343 1606 2475 1660 itum
2500 1601 2973 1672 (1M).episcopum
2993 1599 3267 1657 ordinavit
3293 1597 3532 1660 eclesia;
3563 1594 3787 1648 Rozam
3808 1590 3938 1645 dein-

2344 1697 2429 1762 de,
2458 1695 2721 1765 Walperti
2751 1694 2999 1765 superius
3012 1691 3300 1748 memorati
3323 1690 3491 1744 tiliam
3513 1684 3812 1746 decollati,
3834 1696 3937 1752 quae

576 1820 583 1825 υ
670 1789 769 1844 ha!
796 1788 893 1843 he!
929 1786 1025 1853 ait,
1051 1798 1212 1855 quam
1234 1783 1440 1854 peritus
1464 1777 1852 1837 obstetricandi
1877 1772 2246 1831 miles.Rul‘i‘us
2278 1783 2320 1843 Β
2348 1786 2397 1842 εί
2444 1787 2596 1841 ωλι-ω
2630 1784 3010 1857 pulcritudinis
3058 1782 3274 1854 peperit
3308 1789 3494 1836 nam“,
3524 1795 3543 1842 ;
3587 1776 3813 1831 [el-liam
3839 1772 3944 1827 εκ.

2357 1877 2637 1949 pbaniam,
2687 1890 2887 1948 genere
2942 1875 3270 1939 Romanam,
3308 1888 3431 1942 quae
3459 1880 3523 1926 et
3550 1869 3734 1924 tilium
3757 1865 3944 1936 peperit

2356 1970 2578 2024 nomine
2629 1966 2988 2033 Tedbaldum,
3028 1980 3188 2036 quem
3206 1962 3566 2035 postmodum
3602 1960 3659 2012 in
3708 1954 3942 2011 Hedick—

2356 2061 2510 2118 nensi
2532 2060 3184 2117 eclesiaarchidiaconem
3208 2074 3274 2114 ea
3296 2056 3510 2112 ratione
3530 2052 3847 2112 constituit,
3871 2058 3939 2113 ut,

2356 2151 2613 2208 defuncto
2664 2151 3098 2221 archiepiscopo,
3145 2148 3263 2219 ejus
3292 2149 3410 2218 ipse
3428 2145 3696 2205 vicarius
3727 2155 3937 2212 ponere-

2361 2249 2476 2297 tur.
2498 2242 2639 2310 Quid
2664 2252 2848 2299 autem
2876 2240 3063 2307 fuerit,
3087 2240 3231 2310 quod
3258 2237 3512 2294 ellectum
3540 2235 3697 2290 Deus
3730 2233 3840 2287 inec
3859 2233 3940 2285 ha—

2355 2333 2486 2391 bere
2537 2348 2644 2390 non
2691 2334 2901 2399 siverit,
2940 2333 3054 2389 vita
3074 2331 3292 2396 comite,
3339 2327 3679 2385 seribendus
3702 2322 3834 2379 ordo
3857 2338 3941 2374 nu-

2358 2426 2527 2482 dabit.
2560 2424 2669 2482 Sed
2699 2434 2753 2482 et
2795 2425 3025 2496 populus
3054 2424 3166 2480 has.
3186 2423 3257 2479 ob
3287 2421 3461 2491 turpis
3490 2416 3849 2488 impudicitia:
3874 2414 3940 2467 fa-

2358 2518 2541 2587 cinus,
2569 2516 2792 2572 dearum
2844 2514 3177 2578 nominibus,
3205 2512 3455 2568 Pezolam
3496 2509 3765 2565 videlicet
3786 2508 3939 2561 Vene-

2359 2622 2496 2672 rem,
2529 2606 2742 2661 Biozam.
2759 2604 3149 2669 Junonem,tob
3174 2602 3514 2659 simultatem
3536 2608 3609 2655 et,
3634 2603 3937 2670 perpetuum

2358 2699 2562 2763 odium,
2593 2698 2855 2768 quoniam.
2875 2696 3093 2767 quidem
3122 2710 3190 2750 ea
3211 2693 3511 2751 secundum
3559 2693 3753 2748 carnis
3777 2700 3939 2761 putre-

2358 2792 2536 2850 dinem
2595 2791 2698 2845 hac
2725 2789 3015 2860 spetiosior
3061 2787 3365 2852 videbatur,
3413 2784 3788 2856 Stephaniana
3819 2797 3931 2836 vero

2360 2882 2609 2939 Semelen
2653 2880 2939 2951 apellabat.
2988 2880 3056 2935 Et
3095 2879 3353 2950 quoniam
3395 2892 3509 2933 non
3561 2892 3668 2932 rex
3699 2877 3843 2932 solus
3863 2876 3935 2930 his

2359 2972 2710 3038 abutebatur,
2727 2986 2915 3027 earum
2940 2970 3053 3027 nati
3079 2985 3145 3025 ex
3169 2968 3392 3025 incertis
3418 2968 3935 3039 patribusoriginem

2344 3104 2345 3107 η
2361 3063 2588 3119 ducunt.

2284 3160 2330 3224 C
2432 3172 2520 3230 η.
2556 3172 2634 3228 Eo
2665 3173 2719 3229 in
2751 3180 2996 3244 tempore
3025 3186 3121 3227 re:
3142 3170 3447 3237 Heinricus,
3479 3168 3801 3225 incastello
3820 3167 3943 3238 quod

2363 3269 2451 3317 est
2477 3261 2530 3316 in
2560 3260 2940 3332 Turinglorum
2968 3269 3024 3316 et
3070 3259 3344 3316 Saxonum
3395 3259 3646 3315 conﬁnio
3685 3269 3745 3313 et
3764 3257 3945 3312 dicitur

2364 3353 2678 3410 llimeuleve
2721 3352 2896 3426 (115),
2948 3353 3271 3424 gravissima
3311 3352 3632 3407 valetudine
3652 3359 3945 3418 correptus.

2365 3444 2620 3517 migravit
2644 3444 2721 3499 ad
2750 3444 3037 3499 Dominum
3067 3442 3180 3515 (an.
3225 3443 3354 3510 936,
3384 3442 3502 3497 Jul.
3524 3442 3607 3511 2).
3634 3441 3811 3511 Cujus
3835 3454 3943 3495 cor-

2365 3549 2466 3605 pus
2492 3534 2548 3589 in
2572 3533 2641 3567 ’⁸⁸
2655 3533 2949 3590 Saxoniam
2962 3534 3326 3604 deportatum,
3342 3533 3394 3587 in
3410 3532 3875 3588 nobilissimarum
3894 3545 3945 3583 κ

2365 3623 2743 3695 religiosarum
2774 3623 3107 3679 monasterio
3155 3622 3479 3692 puellarum,
3517 3622 3669 3691 quod
3701 3621 3759 3675 in
3796 3620 3945 3690 ipsius

2364 3716 2512 3787 regis
2561 3715 2765 3786 pratdio
2814 3714 3089 3771 vocabulo.
3130 3713 3550 3785 Quiteliugburg
3603 3712 3761 3783 (116)
3800 3713 3941 3767 situm

2364 3805 2555 3877 liquet,
2596 3807 2747 3861 intra
2775 3805 3029 3862 eelesiam
3050 3821 3173 3861 cum
3206 3806 3451 3860 inmensa
3480 3812 3572 3858 est
3597 3803 3934 3857 veneratione

2366 3897 2685 3969 repositum.
2735 3895 2834 3954 Ubi
2864 3904 2919 3952 et
2948 3893 3278 3952 venerabilis
3303 3894 3423 3965 ejus
3456 3891 3669 3962 coniux
3694 3892 3938 3961 regnique

2367 4002 2591 4045 consors
2649 4002 2719 4042 ex
2770 3987 2962 4043 eadem
3014 3995 3192 4056 gente,
3248 3984 3468 4040 nomine
3506 3983 3795 4049 Macbtild,
3826 3982 3946 4035 ultra

2367 4093 2556 4136 omnes
2576 4093 2714 4148 quas
2744 4077 2972 4133 viderim
3006 4085 3064 4133 et
3112 4069 3381 4131 audierim
3405 4082 3714 4135 matronas,
3744 4087 3844 4142 pro
3865 4072 3941 4123 de-

2366 4171 2615 4226 lictorum
2642 4169 2949 4240 expiatioue
2981 4167 3211 4224 caelebre
3248 4166 3611 4236 exequiarum
3639 4163 3866 4218 oﬂitium
3884 4161 3949 4213 vi-

688 4248 1108 4328 uterquenimia
1136 4254 1208 4309 sit
1247 4251 1365 4307 auri
1391 4263 1832 4323 gemmarumque
1874 4247 2124 4318 cupidine
2150 4246 2268 4302 ani-

687 4359 890 4409 matus.
1490 4412 1496 4420 I
2368 4348 2496 4405 Haec
2529 4348 2836 4429 ante‘regni
2880 4346 3280 4416 susceptionem
3304 4346 3426 4401 viro
3455 4360 3559 4401 suo
3595 4343 3774 4398 tilium
3803 4356 3947 4413 pepe-

758 4441 848 4497 12.
886 4437 1599 4511 Burgundionumpraeterea
1630 4449 1721 4488 rex
1750 4432 2010 4488 Rodull‘us
2040 4441 2248 4488 morten

2370 4444 2462 4510 rit,
2495 4457 2657 4513 quem
2688 4440 2901 4496 vocavit
2922 4436 3277 4505 OTTONEM,
3308 4437 3496 4503 istum,
3530 4436 3785 4507 inquam,
3817 4433 3949 4502 cujus

687 4533 822 4591 obiit
847 4531 961 4603 (an.
1004 4529 1108 4585 957
1138 4526 1342 4598 Sept.);
1378 4525 1533 4596 cujus
1562 4524 1777 4579 viduam
1806 4523 2024 4579 nomine
2052 4523 2248 4578 Bertau

2370 4535 2555 4593 mundi
2584 4545 2770 4607 partes
2799 4532 3134 4604 aquilonaris
3152 4540 3211 4588 et
3237 4530 3469 4588 occidua
3491 4530 3747 4600 potentia
3776 4542 3952 4598 regun-

688 4642 786 4683 rex
842 4622 1015 4693 Hugo,
1062 4618 1218 4682 Alda,
1250 4616 1493 4671 Lotharii
1540 4616 1681 4685 regis
1718 4615 1809 4670 lilii
1833 4616 1915 4672 sui
1943 4623 2137 4680 matre,
2169 4613 2248 4670 de

2373 4638 2482 4695 tur,
2507 4628 2786 4699 sapiaentia
2814 4625 3192 4698 paciﬁcantur,
3212 4623 3478 4696 religione
3502 4622 3787 4685 hetantur,
3805 4619 3947 4689 justi

689 4717 898 4780 functa,
931 4710 1165 4767 maritali
1194 4708 1299 4764 sibi
1324 4708 1574 4779 conjugio
1626 4708 1872 4763 sotiarat.
1933 4707 2039 4763 Sed
2073 4715 2127 4763 et
2160 4706 2269 4762 lilio
2370 4732 2477 4788 quo
2492 4716 2684 4786 judicia
2715 4717 3006 4773 severitate
3059 4721 3355 4771 ωτι-θηιυιι,
3388 4711 3525 4767 post
3550 4712 3760 4782 regiam
3788 4719 3953 4764 ,ηιεω

690 4824 809 4874 suo,
862 4806 973 4879 regi
1008 4802 1286 4867 Lothario,
1329 4799 1543 4856 ltodulii
1594 4810 1650 4854 et
1684 4800 1855 4870 ipsius
1882 4800 2055 4854 Bertae
2084 4809 2268 4854 natam
2373 4807 2689 4878 dignitatem
2744 4806 2884 4862 duos
2902 4804 3137 4876 peperit,
3155 4817 3323 4858 unum
3355 4815 3521 4872 quem
3548 4801 3731 4868 patris
3754 4798 3953 4854 nomine

690 4902 913 4958 nomine
938 4896 1305 4967 Adelegidam,
1336 4910 1461 4949 cum
1491 4892 1668 4948 forma
1689 4895 2125 4950 honestissimam
2159 4904 2272 4948 tum
2380 4896 2593 4951 vocavit
2640 4894 2980 4959 Heinricum,
3031 4892 3226 4949 facetia
3263 4892 3398 4947 satis
3417 4901 3707 4955 ornatum,
3732 4888 3954 4945 consiliis

693 5007 906 5050 morum
934 4989 1205 5062 probitate
1232 4985 1552 5058 gratiosam,
1595 4986 1877 5057 conjugem
1911 4985 2031 5040 tulit
2063 4985 2263 5057 (Dec.).
2379 4988 2682 5058 providum,
2724 4985 2906 5043 vultus
2939 4985 3120 5042 nitore
3166 4983 3492 5055 gratiosum,
3518 4981 3811 5038 oculorum
3838 4977 3955 5049 vigi-

1976 5099 2065 5154 VA
2074 5100 2209 5155 ΡιΙᾹΞ
2242 5100 2649 5159 LECTIONES.

1770 5189 1837 5223 181
1861 5190 2236 5226 ἷηνιηιηηιιηδῖα
2268 5190 2289 5226 Ι
2397 5193 2465 5223 181
2489 5193 2546 5226 ,δι’
2598 5192 2797 5226 Ton-nni

2368 4276 2600 4330 vanique
2643 4259 2753 4314 Deo
2800 4258 3037 4314 hostiam
3083 4255 3282 4311 oilerre
3331 4270 3440 4309 non
3467 4254 3680 4309 desinit
3696 4254 3770 4286 ²⁹⁶
3800 4251 3947 4322 (lli).

767 5202 837 5226 ιη
862 5196 1132 5226 ,μυ-..σικια
1183 5193 1205 5226 Ι
1312 5191 1382 5225 880
1408 5189 1607 5226 ηηιοιιῖο
1640 5192 1660 5226 l

2896 5192 2967 5225 III
3006 5188 3402 5226 incliti-Insilui:
3431 5189 3453 5226 Ι
3528 5188 3601 5223 ηδ
3628 5189 3808 5226 ραι-,εἷα
3833 5189 3852 5226 Ι
3907 5185 3945 5225 ’ἶ
