4012 5340
66 258 193 313 865

1053 254 1600 311 ANTAPODOSEOS
1642 254 1817 308 LIBRI
1860 255 2013 309 SEX.
2051 286 2119 295 -—
2158 253 2282 310 LIB.
2330 258 2414 311 IV.

3248 257 3350 312 800

62 374 253 426 lautia
281 372 588 443 placidum;
626 385 778 440 cujus
809 371 1008 424 recenti
1036 387 1131 439 pro
1157 371 1347 426 funere
1389 370 1533 441 (H8)
1564 384 1667 422 non
1698 370 1748 429 Α
1776 368 1899 423 dine
1924 370 2216 424 aberravit.
2275 371 2416 441 Ergo
2457 385 2571 441 age,
2612 386 2785 441 neque
2822 371 2965 425 enim
3000 370 3093 425 tibi
3118 371 3349 425 deerunt

64 465 396 517 mediocres
426 464 601 517 adhuc
632 462 885 516 lacrimas
914 460 1206 516 fundimus.
1241 462 1490 515 Tcrcium
1519 460 1669 513 deiu-

66 553 144 605 de
184 552 371 607 Brimo
411 553 628 606 nomine
678 553 844 622 (119),
875 568 1032 621 quem
1071 564 1225 621 pater
1271 562 1510 615 sanctus,
1542 568 1673 620 quo-

63 645 230 697 niam
260 644 593 699 Nordmanni
619 643 1022 711 Trajectenscm
1048 646 1429 701 destruxcrant
1452 645 1673 699 omnino

61 733 366 799 eclesiam,
412 736 479 789 ob
510 735 749 801 ejusdem
780 736 1246 804 recuperationem
1294 736 1469 789 cidem
1505 736 1673 789 voluit

62 825 343 878 militare.
380 826 575 879 Verum
606 834 665 878 ut
695 825 919 879 istorum
946 837 1099 879 actus
1138 825 1250 879 suis
1278 824 1329 878 in
1359 825 1490 879 locis
1513 824 1671 882 latius

63 916 441 985 explicemus,
477 916 541 969 ad
574 917 906 986 propositmu
946 918 1251 971 redeamus.

144 1008 240 1061 15.
285 1008 511 1075 Quanlce
540 1008 1019 1077 fueritprudentim,
1042 1018 1361 1077 quantaeque
1383 1025 1477 1063 rex
1503 1009 1667 1063 llein-

65 1099 231 1152 ricus
259 1099 509 1161 scientie,
544 1098 667 1152 hinc
697 1098 917 1166 probari
948 1107 1141 1167 potest,
1166 1100 1308 1167 quod
1327 1100 1665 1167 potissimum

64 1204 133 1242 ac
193 1190 668 1259 religiosissimum
724 1198 973 1244 natorum
1001 1206 1219 1243 suorum
1252 1208 1429 1262 regem
1460 1195 1668 1247 consti-

66 1283 202 1334 tuit.
248 1281 574 1336 lmminebat
604 1284 770 1347 enim,
800 1298 892 1337 rex
916 1284 1352 1352 prudentissime,
1390 1286 1537 1341 obitu
1576 1295 1668 1341 tuo

66 1373 244 1429 totius
269 1374 450 1443 populi
482 1390 659 1435 casus,
692 1375 735 1428 si
763 1383 941 1429 tantus
968 1376 1386 1445 regiaedignitati
1412 1392 1515 1431 non
1540 1377 1667 1430 sub-

66 1465 175 1518 iret
205 1465 467 1519 vicarius.
521 1464 636 1531 Qua
675 1481 741 1520 ex
771 1481 828 1520 re
867 1466 917 1519 in
949 1466 1228 1521 amborum
1250 1467 1403 1522 laude
1420 1469 1518 1523 hos
1534 1485 1668 1537 pan-

68 1555 253 1625 gimus
295 1571 487 1610 versus
520 1574 533 1608 :

330 1650 450 1718 Ipse
480 1650 570 1719 qui
603 1650 829 1703 condam
863 1664 1121 1718 superare
1147 1660 1336 1720 gentes

332 1741 533 1810 Impias
563 1741 702 1795 bello
733 1740 923 1795 solitus
954 1754 1203 1804 cruento,

327 1834 591 1897 Novimus
622 1851 784 1899 nunc,
816 1852 931 1901 rex,
961 1837 1175 1892 dederis
1204 1838 1415 1907 popello

328 1926 503 1982 Morte
526 1937 580 1983 tu
611 1940 841 1999 quantas
870 1932 1085 1999 propria
1122 1932 1326 1986 ruinas.

327 2021 509 2077 Turba
533 2024 781 2077 certatim
805 2024 1020 2077 viduata
1046 2024 1177 2079 karo

332 2115 500 2185 Rege,
534 2114 645 2184 jam
678 2124 852 2171 cesset
873 2116 1180 2182 lacrimare,
1206 2118 1423 2186 quando

320 2206 479 2260 Alter
514 2208 729 2277 exurgit
760 2207 1101 2262 venerandus
1128 2208 1269 2273 orbi,

325 2295 515 2359 Filius,
556 2298 695 2365 patri
720 2296 915 2351 similis
941 2297 1137 2351 cluenti

324 2384 454 2440 Otto
488 2401 604 2451 rex,
629 2397 814 2454 gentes
844 2388 1054 2443 dicione
1084 2404 1277 2459 magna

330 2478 433 2545 Qui
458 2488 682 2548 premet,
715 2495 1009 2549 pacemque
1033 2482 1171 2535 feret
1201 2482 1432 2535 beatam.

321 2569 591 2639 Quicquid
620 2570 853 2625 lleiurici
883 2572 1042 2641 periit
1068 2586 1305 2637 recessu,

324 2659 575 2715 Prestitit
598 2661 748 2717 claro
772 2662 981 2732 populis
1010 2663 1097 2716 hic
1125 2674 1269 2726 ortu,

323 2751 565 2806 Blandus
590 2760 644 2807 et
672 2752 821 2805 mitis
846 2753 1162 2821 patiensque
1188 2753 1411 2817 sanctis,

321 2840 556 2895 Pestifer
582 2842 747 2896 durus
780 2842 846 2874 ’³⁸
885 2842 1215 2911 rabidusque
1242 2844 1417 2896 suavis.

326 2931 470 2985 Bella
503 2930 775 2986 nonnullis
799 2931 893 2985 tibi
924 2940 1051 2986 sunt
1081 2933 1315 3001 gerenda
1344 2949 1358 2996 ;

323 3024 404 3077 Ex
436 3023 629 3093 quibus
657 3039 853 3078 nomen
886 3024 1129 3079 referens
1162 3024 1213 3077 in
1248 3033 1415 3087 astra,

317 3115 528 3167 (Iuncta
556 3113 792 3168 calcabis
819 3114 1043 3183 pedibus
1070 3129 1167 3183 per
1201 3116 1411 3177 orbem,

318 3203 451 3270 Qua:
481 3204 676 3272 premit
707 3204 893 3258 tardus
922 3205 1139 3259 radians
1160 3205 1374 3269 Bootes,

322 3295 388 3349 Et
411 3296 607 3363 quibus
638 3310 834 3349 nomen
867 3295 1014 3350 dedit
1038 3294 1245 3365 llesper
1268 3296 1476 3350 almus:

316 3388 538 3443 Lucifer
566 3405 754 3445 rursus
778 3389 1043 3445 vocitatus
1068 3390 1230 3455 idem,

314 3479 502 3549 Surgit
516 3482 583 3513 ¹⁹²
598 3480 709 3535 Eoo
724 3479 1009 3552 [sciLcum]
1025 3495 1320 3551 properans
1334 3481 1652 3536 corusco’”.

133 3572 216 3627 16.
258 3571 509 3625 Duxerat
534 3571 672 3625 idem
701 3586 796 3626 rex
838 3569 963 3625 Otto
1011 3578 1134 3624 ante
1168 3586 1315 3640 regni
1344 3570 1653 3640 susceptio-

74 3679 183 3718 nem
230 3678 307 3717 ex
342 3661 639 3732 Anglorum
697 3670 855 3731 gente
906 3661 1241 3715 nobilissima
1284 3662 1428 3732 regis
1458 3660 1653 3716 Hadel-

74 3756 201 3808 stani
222 3754 421 3809 fratris
454 3752 614 3806 tiliam
632 3753 777 3823 (120)
798 3753 897 3807 sibi
924 3768 1166 3817 uxorem,
1198 3754 1417 3806 nomine
1434 3750 1650 3822 Otgith;

73 3859 131 3899 ex
148 3861 250 3914 qua
267 3853 326 3899 et
358 3842 526 3896 filium
551 3843 754 3913 genuit,
785 3844 1004 3896 nomine
1032 3840 1452 3896 LlUTOLFUM.
1486 3841 1654 3909 Cujus

73 3939 131 3991 cb
180 3944 457 3992 recentem
498 3936 765 4005 jacturam
823 3935 967 4005 (IQI)
1024 3936 1283 4005 quociens
1332 3937 1652 3990 memoriam

72 4030 290 4099 agimus,
350 4026 593 4080 lacrimis
624 4026 799 4080 simun
855 4026 1144 4094 replemus.
1176 4024 1220 4080 0
1269 4026 1313 4081 si
1354 4040 1651 4095 numquam

70 4130 237 4186 natus,
259 4129 359 4175 aut
389 4134 494 4173 non
538 4128 643 4172 tam
670 4128 876 4172 mature
899 4118 1187 4173 defunctus
1218 4127 1365 4173 esset
1389 4120 1401 4171 !

134 4213 215 4265 17.
258 4212 389 4283 (An.
431 4208 579 4279 959.)
613 4208 729 4276 Quo
760 4209 813 4263 in
843 4218 1084 4279 tempore
1106 4210 1246 4279 regis
1268 4207 1509 4277 ejusdem
1543 4210 1651 4264 fra-

70 4310 143 4357 ter
177 4302 470 4357 Heinricus
495 4300 836 4371 quorundam
869 4315 1250 4369 perversorum
1277 4299 1536 4353 instinctu
1564 4300 1649 4354 ei-

1778 459 1982 526 copize;
2046 458 2266 514 fratrem
2296 462 2469 524 deice,
2526 477 2748 531 regnum
2780 462 3003 531 accipe;
3041 462 3219 530 sitque
3253 463 3348 515 tibi

1778 552 2035 621 regnandi
2070 552 2319 616 facultas,
2357 555 2442 607 cui
2474 554 2690 620 accidit,
2718 553 2828 608 Deo
2860 554 3144 624 largiente,
3188 563 3245 609 et
3296 554 3348 607 in

1775 644 1962 696 eadem
1994 643 2253 713 dignitate
2291 644 2567 698 nativitas.
2616 663 2634 695 ι

2455 735 2665 790 Versus.

1848 826 1931 880 18.
1984 826 2263 895 Regnandi
2298 826 2392 881 tibi
2422 827 2548 896 quid
2572 826 2831 895 juvenum
2875 836 2980 880 tam
3010 827 3125 879 dira
3150 827 3345 897 cupido

1915 918 2126 986 Optime
2157 918 2483 989 Saxigenum
2516 920 2537 972 ?
2565 919 2823 973 Prohibet
2855 918 3017 983 Deus,

1774 1006 1923 1062 llaud
1949 1017 2102 1077 pater
2122 1007 2438 1075 Heinricus;
2465 1009 2609 1063 dedit
2628 1010 2673 1062 is
2690 1009 2813 1078 quia
2832 1018 3076 1077 sceptra;
3098 1005 3349 1061 monebat

1911 1098 2250 1167 Astripotens
2273 1100 2445 1153 bonus
2476 1100 2587 1167 ipse
2612 1098 2755 1153 Deus
2782 1099 2923 1167 pius,

1772 1188 1887 1255 Quo
1914 1190 2031 1244 sine
2059 1205 2157 1243 nec
2188 1205 2412 1260 regnum
2445 1192 2675 1259 capitur,
2728 1206 2826 1243 nec
2860 1199 3099 1260 tempora
3128 1189 3344 1243 sistunt.

1912 1278 2176 1347 Quicquid
2200 1280 2252 1332 in
2276 1281 2409 1334 orbe
2438 1281 2577 1333 Deus
2599 1278 2988 1351 geriturjubel,

1713 1376 1723 1384 '
1770 1371 1873 1425 Per
1894 1387 2050 1441 quem
2072 1370 2195 1439 jura
2223 1372 2389 1427 duces
2416 1381 2645 1427 cernunt
2691 1387 2954 1442 regesque
2987 1370 3343 1440 triumphant.

1912 1463 2207 1519 Fraternas
2241 1465 2381 1519 acies
2414 1480 2555 1519 nunc
2585 1480 2729 1519 nunc
2761 1465 2901 1518 male

1769 1554 2093 1610 (lonflictare
2127 1557 2298 1625 cupis,
2336 1554 2523 1619 fallax,
2555 1555 2811 1629 crudelis,
2843 1554 3064 1623 inique?

1912 1650 1951 1718 -ξ-
1982 1650 2146 1719 lmpie
2174 1650 2469 1704 Leviathan
2494 1651 2812 1713 Bchemoth,
2840 1665 3001 1720 paras

1692 1735 1737 1793 B
1766 1740 2061 1810 Antiquam
2092 1757 2355 1798 renovare
2386 1754 2473 1797 tua
2499 1742 2613 1812 jam
2642 1744 2832 1798 fraude
2860 1743 3095 1797 duellum
3122 1784 3133 1795 .

1910 1835 2149 1889 Crimine
2177 1852 2275 1905 pro
2308 1846 2503 1891 cuncto
2529 1852 2715 1905 ptenas
2748 1836 2885 1899 lues,

1768 1922 1882 1978 [loc
1907 1925 2195 1993 reprobum
2222 1939 2483 1979 numerus
2508 1925 2734 1995 culpans
2766 1926 2911 1994 quod
2941 1933 3131 1993 peccat
3153 1922 3205 1977 in
3234 1936 3351 1977 aevo

1910 2016 2153 2085 Improbe
2183 2017 2509 2087 supplicium
2534 2017 2741 2074 referes
2778 2018 2975 2084 simul;

1766 2104 1832 2159 Et
1860 2121 2213 2176 quaecumque
2248 2108 2404 2163 malis
2424 2110 2691 2164 debentur
2719 2108 2965 2162 ﬂammea
2995 2109 3209 2164 cunctis

1912 2193 2152 2267 Vincula,
2186 2209 2341 2267 parta
2379 2200 2473 2253 tibi
2512 2200 2739 2265 misero;
2777 2215 2950 2267 neque

1764 2289 2067 2359 lgnivomas
2089 2292 2272 2346 herebi
2301 2294 2445 2363 juste
2475 2294 2742 2348 dimersns
2780 2293 2871 2364 [ad
2898 2294 3067 2347 nudas
3093 2291 3188 2363 “5]

1908 2382 2172 2450 Perpetuo
2202 2392 2379 2437 tecum
2408 2399 2630 2438 arsuros
2661 2384 2842 2437 trabes

1762 2472 2114 2529 Christicolas
2138 2492 2152 2539 ;
2178 2476 2303 2544 quia
2341 2477 2386 2529 si
2435 2490 2539 2545 qua
2570 2490 2724 2529 sacro
2756 2475 3076 2544 baptismate
3103 2473 3197 2528 loti

1906 2566 2097 2621 Debita
2122 2577 2242 2637 post
2279 2578 2520 2631 traxere,
2552 2568 2645 2621 Dei
2675 2576 2855 2621 manet

1761 2660 1969 2725 Gratia,
2016 2677 2135 2730 quae
2160 2661 2337 2730 lapsos
2371 2662 2546 2716 erexit
2580 2662 2841 2729 sanguine
2871 2660 3060 2726 gratis.

1834 2752 1923 2805 19.
1966 2751 2121 2805 Tanti
2155 2751 2316 2819 hujus
2353 2767 2415 2805 ac
2447 2750 2739 2821 perniciosi
2772 2749 3030 2805 facinoris
3075 2749 3197 2803 illex
3240 2748 3348 2802 lle.-

1762 2845 2023 2899 vcrardus
2049 2844 2229 2899 extitit
2258 2859 2461 2897 comes.
2494 2843 2661 2912 ilujus
2687 2842 2827 2897 enim
2872 2842 3061 2911 prima:
3101 2841 3349 2896 rebellio-

1762 2939 1845 2991 nis
1878 2946 2118 3006 tempore
2150 2936 2310 3006 (anno
2341 2937 2467 3007 938)
2502 2936 2790 2991 lleiuricus
2830 2935 2983 2989 fratri
3022 2951 3121 2990 suo
3152 2937 3262 3007 regi
3293 2945 3349 2991 et

1685 3048 1731 3111 ρ
1764 3029 1997 3091 domino,
2031 3036 2191 3097 prout
2213 3029 2491 3093 debuerat,
2533 3028 2878 3082 amminicula
2903 3028 3165 3092 dederat,
3201 3029 3349 3083 nisu-

1765 3138 1870 3193 que
1893 3123 2041 3176 omni
2072 3122 2414 3176 adversarios
2447 3121 2727 3192 fatigabat.
2760 3122 2959 3176 Verum
2989 3122 3114 3191 quia
3140 3121 3348 3176 incuria

1764 3229 1867 3268 non
1920 3213 2094 3267 solum
2150 3212 2534 3281 temporalibus
2568 3213 2747 3276 rebus,
2796 3211 2887 3266 sed
2921 3212 3140 3266 teternis
3183 3212 3349 3265 etiam

1760 3304 1975 3369 deditis,
2016 3313 2177 3373 atque
2227 3304 2278 3356 in
2321 3306 2430 3371 ipsa
2479 3304 2708 3357 interna:
2741 3302 3215 3371 contemplationis
3266 3302 3345 3355 vi-

1760 3396 1912 3451 sione
1938 3396 2269 3460 constitutis,
2306 3395 2513 3465 lapsum
2546 3411 2934 3464 nonnunquam
2975 3404 3153 3465 parat,
3193 3403 3248 3448 et
3289 3401 3349 3447 ut

1759 3488 2009 3558 Vegetius
2066 3488 2309 3541 Renatus
2358 3487 2409 3540 in
2460 3487 2598 3541 libro
2643 3488 2721 3541 rei
2770 3486 3023 3543 militaris
3070 3486 3144 3538 ait
3173 3485 3344 3556 (122),

1756 3574 1895 3642 quod
1928 3574 2217 3626 necessario
2248 3572 2470 3641 amplior
2495 3575 2746 3625 securitas
2768 3573 2975 3642 grai-ius
3005 3570 3134 3625 solet
3158 3570 3348 3624 habere

1756 3666 2060 3732 discrimen,
2102 3666 2411 3719 lleinricum
2445 3665 2679 3733 quodam
2730 3664 2781 3717 in
2822 3664 2981 3733 opido
3032 3670 3345 3717 manentem

1756 3756 2140 3824 incautiusque
2195 3771 2253 3809 se
2324 3764 2596 3817 tuentem,
2649 3756 2941 3824 praedictus
3004 3752 3345 3808 lleverardus

1754 3848 1980 3903 collecta
2012 3847 2358 3901 multitudine
2384 3845 2618 3910 obsedit,
2648 3862 2709 3900 ac
2741 3846 3058 3915 priusquam
3094 3843 3263 3898 frater
3292 3843 3345 3898 ei

1754 3956 1849 3994 rex
1880 3938 2279 3994 amminiculari
2312 3945 2511 4007 posset,
2543 3937 2891 4005 expugnavit,
2940 3949 3231 4003 secumque
3281 3933 3347 3987 il-

1752 4031 1862 4086 lum
1894 4039 1949 4085 et
1977 4045 2165 4100 gazam
2192 4044 2299 4083 non
2333 4044 2554 4097 parvam
2588 4027 2640 4080 in
2673 4026 2889 4095 propria
2930 4025 3341 4094 transportavit.

1752 4122 1868 4176 Rex
1902 4122 2067 4191 igitur
2097 4127 2306 4172 tantum
2337 4117 2545 4181 fratris,
2598 4117 2763 4169 immo
2791 4130 2971 4173 suum.
3001 4115 3224 4184 cupiens
3250 4114 3343 4168 de-

1752 4212 1918 4265 decus
1972 4207 2290 4270 vindicare,
2364 4204 2645 4277 prmfatum
2697 4203 3065 4257 lleverardum
3133 4202 3346 4272 sibique

1750 4302 2066 4357 coniventes
2098 4307 2211 4352 toto
2236 4297 2376 4365 cepit
2417 4295 2700 4350 conamine
2730 4294 3002 4364 persequi.

72 4396 178 4449 dem
200 4406 281 4452 est
314 4396 541 4450 nimium
567 4396 908 4450 adversatus.
943 4392 991 4447 ls
1018 4391 1186 4455 enim,
1214 4391 1305 4460 qui
1335 4399 1457 4460 post
1486 4406 1640 4445 crea-
1669 4403 1718 4463 ι)
1812 4394 1902 4448 20.
1946 4391 2287 4447 lleverardus
2317 4403 2446 4443 sane
2475 4386 2836 4441 Gislebertum
2876 4384 3342 4455 Lotltaringorum

73 4487 221 4542 tionis
273 4503 389 4543 sua;
439 4502 564 4541 mox
603 4485 959 4541 clarissimam
1034 4484 1353 4553 dignitatem
1399 4481 1646 4537 Creatori

74 4599 160 4639 suo
180 4570 243 4640 se
273 4584 508 4639 similem
534 4582 713 4638 facere
734 4582 924 4645 voluit,
948 4596 1043 4649 per
1072 4579 1349 4633 auditores
1376 4592 1501 4631 suos
1528 4576 1644 4631 tali-

72 4676 163 4731 bus
214 4677 529 4732 Heinricum
568 4683 755 4730 contra
805 4672 1010 4733 fratris,
1066 4672 1228 4724 immo
1265 4670 1407 4739 regis
1454 4676 1508 4723 et
1544 4668 1641 4723 do-

75 4768 191 4823 mini
214 4769 306 4833 m,
335 4768 678 4824 sermonibus
700 4766 977 4836 instigavit
1010 4782 1023 4817 :
1064 4782 1080 4813 ι
1112 4762 1410 4817 Rectumne
1436 4769 1641 4830 patrem

75 4858 233 4928 egisse
260 4874 400 4923 rere,
428 4860 571 4927 regia
599 4858 694 4913 tibi
726 4858 780 4911 in
805 4856 1065 4927 dignitate
1086 4854 1289 4923 genito,
1320 4869 1426 4907 non
1461 4852 1511 4905 in
1546 4866 1642 4905 ea-

72 4944 182 5000 dem
242 4950 488 5019 genitum
538 4948 932 5019 proponendo?
964 4947 1130 5000 Piane
1168 4961 1272 4999 non
1299 4938 1645 5000 discretionis

78 5047 169 5099 hoc
211 5056 449 5097 censura
496 5042 835 5112 ponderavit,
861 5056 1047 5096 verum
1078 5038 1349 5110 passionis
1375 5035 1645 5104 magnitu-

1327 5147 1563 5240 “Et?
1606 5148 2013 5240 itetsrtoxtss.

599 5228 668 5236 --ι
705 5224 733 5235 ιιι
846 5226 877 5237 u,
976 5226 1030 5238 QII
1106 5234 1113 5237 .
1418 5220 1453 5240 [Ἄ
1506 5218 1686 5240 0....ῌ9ι
1723 5237 1737 5239 _

1749 4488 1941 4541 ducem
1968 4500 1998 4538 a
2028 4484 2171 4553 regis
2200 4480 2460 4535 fidelitate
2496 4478 2831 4546 sejnnxerat,
2871 4478 3027 4549 cujus
3069 4477 3340 4545 adjutorio

1749 4578 1862 4646 regi
1892 4592 1996 4630 non
2030 4575 2240 4628 modice
2273 4572 2579 4625 resistebat.
2608 4569 2949 4639 Quamquam
2983 4570 3054 4603 ’9⁸
3084 4570 3233 4624 enim
3263 4569 3336 4623 is-

1751 4668 1872 4722 dem
1907 4666 2241 4721 Gislebertus
2269 4662 2411 4732 regis
2438 4678 2681 4715 sororem
2706 4662 2930 4716 haberet
2956 4674 3203 4725 uxorein,
3235 4674 3343 4714 ma-

1751 4758 1851 4812 luit
1883 4767 2084 4818 tamen.
2127 4754 2452 4823 suscipiendi
2506 4756 2655 4822 regni
2707 4769 2802 4825 spe
2864 4755 3158 4814 animatus,
3228 4750 3342 4819 regi

1753 4855 2027 4916 resistere,
2059 4868 2220 4922 quam
2251 4866 2397 4914 eum,
2425 4860 2481 4905 ut
2506 4849 2789 4916 debuerat,
2818 4860 3011 4903 contra
3034 4862 3162 4901 suos
3192 4858 3345 4900 emu-

1753 4948 1832 5002 los
1869 4944 2142 5014 adjuvare.
2199 4943 2305 5000 Sed
2366 4958 2489 4997 cum
2540 4959 2599 4998 se
2649 4958 2748 4997 nec
2778 4941 2856 4995 sic
2913 4939 3171 4995 resistere
3222 4932 3340 5002 regi

1754 5051 1912 5106 posse
1937 5036 2330 5107 conspicerent,
2363 5048 2472 5087 non
2522 5033 2777 5087 incallide
2810 5031 2876 5063 ’⁸⁷
2922 5028 3219 5085 secundum
3248 5026 3352 5079 ho-

3057 5210 3351 5242 {atatim-In-

2133 5222 2160 5241 ν
2192 5236 2213 5242 ι.
2271 5234 2388 5242 μοι--
2456 5232 2478 5242 ι-
2567 5211 2819 5242 Ῐι-ΑξιξΑΑΙῖ
2868 5227 3007 5242 ...κιο
