4012 5340
640 244 741 302 867
791 285 800 305 .

1632 241 2049 302 LIUTPRANDI
2083 242 2565 301 CREMONENSIS
2605 247 2910 308 EPISCOPI

3796 262 3889 319 888

639 356 862 421 minem,
890 355 980 412 sed
1015 353 1161 412 fatuo
1189 355 1485 412 secundum
1504 355 1701 424 Deum,
1720 362 1944 427 accepto
1964 354 2208 420 consilio,
2243 356 2286 416 Α
2315 356 2500 423 etiam,
2528 362 2774 429 quamvis
2796 363 3060 427 volentes.
3090 365 3179 423 illo
3220 368 3397 424 redire
3445 385 3553 424 non
3584 371 3749 436 sinit;
3802 391 3889 430 nec

639 448 944 519 hujusmodi
978 447 1286 504 Heinricum
1326 449 1508 505 verbis
1532 448 1880 504 conveniunt.

709 541 800 595 2i.
849 561 866 592 ι
907 540 964 597 Si
1005 542 1248 598 consiliis
1290 542 1491 598 uOstris
1539 550 1591 598 te
1622 557 1815 614 parere
1863 540 2018 597 nobis
2060 538 2213 612 jura-

638 642 824 691 mento
857 636 1151 704 promittis,
1184 651 1288 691 non
1319 635 1513 698 solum,
1559 635 1686 706 quia
1713 643 1903 706 captus
1930 648 2009 699 es,
2039 632 2215 688 dimit-

642 728 833 792 timus;
866 728 959 783 sed
988 728 1133 798 quod
1168 727 1339 797 majus
1369 735 1476 794 est,
1506 728 1553 784 si
1587 736 1765 784 tamen
1789 742 1881 782 rex
1912 726 2045 782 velis
2075 724 2212 791 ﬁeri,

645 830 885 877 nostrum
927 829 979 878 te
1028 821 1307 878 dominum
1357 821 1758 878 constituimus.
1795 840 1813 871 ι
1858 819 1985 877 Haec
2034 826 2217 875 autem

646 925 741 967 non
793 926 858 966 eo
921 912 1192 978 dicebant,
1236 922 1295 968 ut
1346 911 1608 979 facerent,
1639 912 1733 981 sed
1764 920 1823 968 ut
1860 912 1977 967 eius
2016 911 2216 967 auxilio

638 1014 823 1071 regem
859 1002 1072 1057 facilius
1094 1003 1447 1060 debellarcnt.

707 1091 798 1145 22.
842 1092 1109 1148 Habuerat
1140 1093 1297 1165 plane
1323 1110 1414 1151 rex
1445 1093 1730 1153 nonnullas
1775 1096 2100 1152 fortissimas
2126 1112 2219 1153 co-

651 1184 787 1253 pias,
826 1183 1213 1241 Herimanuum
1246 1186 1454 1243 scilicet
1500 1186 1799 1243 Suevorum
1850 1188 2060 1255 ducem,
2109 1187 2217 1245 fra-

641 1286 887 1346 tremque
926 1274 1043 1344 ejus
1082 1276 1374 1345 Hutonem,
1416 1287 1577 1349 atque
1601 1278 1982 1336 Chuonradum
2017 1294 2217 1348 cogno-

638 1367 783 1421 mine
803 1365 1134 1437 Sapientem.
1155 1366 1256 1436 Qui
1277 1383 1601 1439 quamquam
1622 1368 1932 1425 Heverardo
1945 1369 2218 1427 afﬁnitatis

636 1459 776 1514 linea
826 1460 1200 1532 jungerentur,
1255 1460 1564 1517 maluerunt
1614 1470 1792 1517 tamen
1831 1459 1994 1530 juste,
2052 1463 2095 1517 si
2146 1462 2216 1498 ’θ’

637 1552 938 1607 necessitas
964 1552 1325 1619 incubuisset,
1372 1552 1520 1622 justo
1564 1568 1686 1609 cum
1720 1568 1843 1625 rege
1874 1554 2212 1618 occumbere,

633 1656 797 1710 quam
832 1640 1029 1709 injuste
1061 1657 1183 1699 cum
1214 1645 1615 1715 consanguineo
1654 1643 2009 1714 triumphare.
2055 1643 2219 1699 Hein-

2313 447 2453 502 clam
2487 451 2645 506 nobis
2682 461 2787 517 est,
2817 470 2981 524 quam
3027 457 3311 513 ridiculum
3365 460 3566 515 nostris
3608 467 3889 530 presertim

2314 538 2385 593 sit
2408 540 2722 598 nacionibus
2774 542 2943 601 fortes
2971 547 3115 603 viros
3150 564 3209 605 se
3247 551 3458 606 ostibus
3489 548 3560 583 ’”
3589 554 3808 609 tradere
3848 570 3895 610 et

2310 642 2420 683 non
2447 630 2746 687 resistendo
2775 642 3000 689 mortem
3021 634 3228 707 fugere,
3255 640 3530 708 vitamque
3557 643 3898 714 sempiternis

2310 720 2614 790 obpropriis
2640 736 2977 794 comparare.
3019 726 3357 798 Quamquam
3400 731 3548 785 enim
3596 733 3897 789 evadendi.

2312 825 2434 882 quae
2475 827 2879 884 nonnumquam
2923 816 3172 873 hostibus
3230 818 3421 881 obest,
3479 820 3667 875 oblata
3718 822 3901 892 despc-

2314 902 2452 957 ratio
2483 911 2539 957 et
2585 905 2923 975 supplicandi
2972 909 3362 978 sempiternum
3399 911 3762 983 ohpmprium
3812 929 3902 984 pn-

2314 992 2513 1063 gnandi
2542 993 2696 1050 nobis
2723 994 2973 1051 ﬁduciam
3004 1009 3246 1069 prestent
3272 1014 3288 1054 :
3336 1015 3398 1055 ea
3442 1012 3623 1057 tamen
3654 1012 3760 1070 est,
3795 1019 3906 1073 qua:

2313 1095 2414 1137 nos
2455 1083 2765 1152 presertim,
2807 1086 3050 1144 veritatis
3093 1088 3299 1145 scilicet
3344 1105 3405 1147 ac
3449 1092 3701 1161 iustitiae,
3742 1109 3904 1148 causa

2313 1185 2553 1243 pugnare
2574 1173 2864 1243 compellit.
2898 1173 2955 1231 Si
2985 1178 3129 1233 cnim
3158 1181 3435 1236 terrestris
3477 1182 3681 1238 domus
3720 1162 3925 1238 nostra!

2315 1263 2619 1321 resistendo
2644 1265 2920 1337 injustitite
2946 1269 3290 1337 dissolvatur,
3320 1281 3583 1328 aeternam
3609 1290 3719 1329 non
3749 1292 3907 1331 maeu

2315 1351 2513 1408 factam
2546 1354 2870 1424 recipiemus
2898 1358 2953 1412 itt
2983 1358 3157 1416 ccelis.
3197 1378 3216 1412 ι
3258 1359 3355 1416 His
3386 1362 3572 1433 itaque
3616 1363 3789 1419 dictis
3827 1381 3907 1419 ac-

2315 1450 2485 1515 censi,
2531 1451 2715 1523 hostes
2769 1452 2914 1509 inter
2959 1467 3119 1510 cursu
3168 1456 3391 1528 praepeti
3429 1465 3744 1512 transeunt.
3800 1455 3904 1511 Rex

2316 1543 2547 1615 denique
2578 1552 2780 1609 tantam
2808 1560 3028 1603 suorum
3057 1550 3414 1605 constantiam
3437 1565 3548 1605 non
3576 1550 3703 1607 sine
3730 1550 3905 1605 divino

2318 1634 2575 1690 instinctu
2609 1635 2678 1668 ³⁰⁰
2725 1651 2849 1694 esse
2893 1639 3275 1707 considerans,
3321 1643 3606 1714 quoniam,
3639 1642 3808 1697 ﬂuvio
3843 1644 3903 1674 ³³¹

635 1732 781 1788 ricus
829 1733 993 1805 igitur
1035 1735 1314 1805 prmmissa
1359 1733 1474 1804 jam
1520 1734 1878 1805 promissione
1933 1734 2212 1805 deceptus,
2243 1724 2287 1784 Β
2316 1727 2700 1795 intercedente,
2754 1732 3025 1803 corporali
3094 1735 3378 1804 praesentia
3432 1736 3739 1792 subvenire
3803 1738 3904 1791 suis

634 1823 867 1894 prepriis
898 1837 1021 1879 mox
1056 1824 1295 1880 collectis
1319 1825 1511 1895 copiis,
1543 1824 1672 1879 totis
1701 1823 1910 1879 viribus
1937 1823 2083 1894 ipsos
2121 1823 2216 1877 ad-

629 1909 823 1981 juvare
847 1927 1135 1985 regemque
1171 1924 1410 1987 coeperat
1442 1916 1760 1988 impugnare
1806 1917 1918 1989 (an.
1958 1914 2219 1990 959).Ve-

644 2019 762 2058 rum
793 2005 918 2074 quia
949 2006 1211 2077 scriptum
1251 2014 1335 2062 est
1390 2021 1405 2061 :
1436 2006 1657 2062 Mentita
1708 2018 1782 2063 est
1826 2008 2077 2076 iniquitas
2116 2008 2217 2064 sibi

635 2092 808 2165 (Ρεηι.
843 2112 990 2163 xxvr,
1028 2098 1141 2168 15),
1169 2097 1301 2154 libet
1324 2098 1598 2170 paululum
1629 2099 2005 2167 immorari,et
2029 2115 2218 2171 quem-

634 2185 921 2240 admodum
955 2196 1082 2242 tunc
1108 2189 1334 2245 mentita
1363 2188 1436 2245 sit
1462 2190 1567 2246 sibi
1594 2189 1851 2262 iniquitas
1872 2231 1888 2255 ,
1921 2191 2212 2261 explicare.

636 2275 994 2334 Haererardus
1048 2280 1190 2337 haud
1235 2295 1392 2338 secus
1438 2282 1799 2339 Gislcbcrtum
1850 2298 1879 2338 a
1923 2284 2067 2355 regis
2110 2283 2216 2341 ﬁde

634 2368 917 2442 seiungere
943 2372 1128 2439 valuit,
1154 2373 1327 2431 donec
1355 2389 1536 2446 regem
1564 2391 1687 2431 eum
1715 2391 1776 2432 se
1805 2375 2073 2432 facturum
2098 2391 2216 2447 pro-

636 2462 805 2517 misit.
840 2461 1178 2522 Gislebertus
1206 2475 1386 2523 autem
1435 2467 1744 2524 Heiuricum
1774 2468 1875 2524 hac
1918 2477 2037 2525 arte
2070 2469 2216 2525 deci-

634 2566 763 2621 pere
792 2552 979 2620 voluit,
1012 2564 1071 2609 ut
1097 2556 1221 2611 dum
1249 2573 1349 2613 suo
1374 2557 1642 2630 adjutorio
1672 2574 1849 2632 regem
1881 2560 2211 2628 devinceret,

636 2645 810 2714 ipsum
837 2646 1170 2717 deponeret,
1219 2651 1431 2723 sibique
1480 2654 1630 2725 regni
1680 2654 1873 2711 solium
1924 2656 2213 2713 obtineret.

636 2737 834 2791 Verum
872 2736 1228 2798 llaeverardus
1257 2739 1418 2814 longe
1462 2743 1621 2800 aliter
1647 2745 2005 2817 disposuerat.
2034 2747 2218 2803 Voluit

635 2828 801 2893 enim,
846 2830 889 2884 si
929 2845 1110 2901 regem
1153 2842 1338 2904 posset
1384 2835 1689 2901 devincere,
1738 2846 1998 2909 utrosque
2045 2854 2216 2912 regno

637 2921 852 2989 privare
877 2922 1087 2993 sibique
1124 2941 1410 2996 usurpare,
1442 2929 1894 2998 quemadmodum
1937 2947 2003 2987 ex
2036 2933 2216 2988 verbis

636 3012 825 3083 ipsius,
862 3029 983 3084 qua:
1028 3016 1188 3087 paulo
1234 3027 1521 3090 antequam
1558 3032 1863 3078 moreretur
1902 3025 2056 3080 uxori
2105 3041 2215 3082 suae

637 3102 793 3169 dixit,
820 3105 1072 3163 conicere
1095 3123 1403 3179 possumus.
1444 3110 1615 3178 Quam
1646 3112 1774 3167 dum
1801 3112 2008 3170 foveret
2041 3116 2094 3171 in
2144 3118 2217 3172 si—
2243 3079 2288 3143 Ο

637 3212 708 3251 nu
747 3212 762 3251 :
798 3198 1127 3267 Jucundare,
1152 3201 1346 3273 inquit,
1376 3203 1432 3257 in
1451 3206 1647 3276 gremio
1677 3207 1901 3272 comitis,
1939 3208 2077 3263 brevi
2119 3209 2214 3264 ιω-

636 3296 816 3342 tatura
878 3288 934 3344 in
996 3290 1318 3357 amplexibus
1379 3294 1531 3366 regis.
1582 3293 1735 3362 Quod
1786 3311 1892 3353 non
1948 3298 2022 3353 ita
2070 3300 2217 3355 acci-

636 3376 780 3433 disse
806 3386 861 3435 et
888 3379 1229 3450 iniquitatem
1272 3383 1377 3439 sibi
1419 3385 1701 3441 mentitam
1748 3402 1869 3445 esse
1926 3397 2219 3461 tempestas

638 3470 842 3526 indicat
870 3487 1129 3542 pra-scus.

704 3560 797 3615 23.
837 3560 1026 3632 Igitur,
1058 3571 1117 3617 ut
1152 3563 1362 3634 praefati
1407 3581 1612 3632 sumus,
1642 3566 1948 3639 lmjusmodi
1989 3572 2218 3643 promis-

633 3649 786 3705 sione
812 3652 1081 3709 animatus
1119 3656 1285 3710 immo
1325 3656 1585 3728 deceptus
1610 3700 1625 3725 ,
1665 3660 1890 3717 collecto
1928 3664 2170 3720 exercitu
2198 3707 2212 3732 ,

637 3754 760 3798 cum
789 3743 1093 3801 Gisiebcrto
1120 3748 1324 3816 pariter
1347 3757 1507 3821 atque
1536 3751 1845 3810 Heverardo
1875 3757 1986 3827 regi
2017 3772 2215 3828 prepa-

637 3845 760 3891 rant
786 3837 1004 3893 bellum.
1033 3840 1179 3907 Quos
1219 3838 1409 3898 contra
1454 3859 1548 3900 rex
1591 3855 1848 3917 properat
1896 3847 2073 3914 Iratus,
2111 3864 2216 3905 non

634 3942 825 3982 eorum
862 3928 1202 3986 multitudine
1232 3932 1473 3999 territus,
1523 3936 1617 3991 sed
1642 3936 1709 3991 de
1733 3936 1828 3991 Dei
1856 3938 2056 4008 pietate
2085 3954 2216 3994 con-

592 4034 597 4037 -
638 4017 785 4071 ﬁsus.
814 4017 921 4073 Sed
947 4028 1004 4073 ut
1036 4019 1178 4076 scias
1223 4036 1384 4092 quam
1432 4022 1590 4081 facile
1635 4034 1718 4082 est
1776 4025 1884 4082 Deo
1929 4027 1983 4082 in
2032 4029 2218 4098 paucis

638 4107 821 4177 plures
874 4109 1110 4176 vincere,
1160 4122 1215 4167 et
1261 4115 1404 4183 quod
1452 4117 1737 4185 quisquam
1786 4117 1839 4172 in
1888 4119 2218 4175 abundantia

636 4199 856 4261 virtutis
884 4215 993 4255 suae
1037 4216 1142 4257 non
1169 4201 1465 4258 salvabitur
1492 4199 1662 4275 (Paul.
1702 4223 1895 4271 χχχιιι,
1936 4208 2048 4278 i7),
2094 4209 2217 4264 audi

639 4290 919 4360 antiquum
959 4307 987 4355 a
1030 4293 1259 4349 Domino
1305 4304 1620 4351 renovatum
1666 4298 2005 4354 miraculum.
2057 4300 2218 4373 Regis

638 4382 840 4439 milites
870 4399 1030 4455 supra
1058 4384 1305 4442 Rhenum
1336 4388 1402 4441 ad
1435 4388 1606 4443 locum
1654 4390 1917 4446 vocabulo
1964 4391 2215 4449 Bierzuni

2318 1834 2425 1874 non
2471 1828 2704 1891 poterat,
2741 1823 3057 1878 recordatus
3103 1824 3285 1895 populi
3328 1826 3569 1894 Domini,
3613 1829 3714 1899 qui
3758 1844 3905 1897 repu-

2316 1922 2545 1983 gnantes
2606 1915 2709 1971 sibi
2741 1915 3107 1974 Amalechitas
3150 1920 3490 1977 orationibus
3539 1921 3727 1994 lysi
3771 1924 3901 1979 seni

2318 2005 2411 2060 Dei
2442 2005 2734 2073 devicerat,
2764 2007 3012 2078 protinus
3041 2008 3108 2064 de
3145 2022 3285 2079 equo
3322 2011 3633 2080 descendit,
3688 2028 3907 2082 seseque

2317 2112 2440 2153 cum
2465 2098 2613 2153 omni
2654 2099 2851 2170 populo
2890 2099 3142 2155 lacrimas
3187 2099 3415 2158 fundens
3448 2089 3581 2159 ante
3628 2105 3893 2160 victorife.

2315 2202 2407 2244 ros
2442 2188 2626 2245 clavos
2652 2189 2902 2247 manibus
2924 2190 3125 2246 domini
3151 2200 3208 2247 et
3234 2192 3521 2249 salvatoris
3561 2195 3741 2250 nostri
3787 2194 3901 2250 Iesu

2315 2277 2520 2336 Christi
2566 2281 2774 2337 adﬁxos
2811 2297 3029 2353 altaeque
3060 2283 3263 2339 lanceae
3286 2285 3572 2355 impositos
3603 2287 3659 2341 in
3708 2288 3901 2341 oratio-

2314 2389 2437 2430 nem
2467 2372 2654 2441 dedit;
2696 2384 3062 2447 quantumque
3103 2376 3235 2448 justi
3285 2378 3420 2445 viri,
3448 2380 3755 2434 secundum
3787 2380 3900 2436 bea-

2315 2464 2355 2518 ti
2379 2465 2450 2497 ³⁰²
2480 2465 2804 2521 sententiam
2830 2463 3050 2531 Jacobi,
3077 2475 3204 2523 tunc
3226 2466 3434 2523 valeret
3468 2469 3653 2525 oratio
3684 2468 3825 2541 (Jac.
3850 2484 3896 2533 v,

2314 2554 2427 2627 16),
2475 2569 2563 2611 res
2612 2556 2900 2612 manifesta
2951 2557 3220 2625 probavit.
3271 2557 3349 2614 Eo
3394 2574 3641 2630 namque
3694 2571 3894 2625 orante,

2315 2660 2435 2701 cum
2463 2647 2669 2707 exsuis
2702 2646 2882 2701 nullus
2911 2649 3278 2714 occumberet,
3319 2649 3507 2704 hostes
3548 2660 3683 2705 sunt
3724 2666 3895 2705 omnes

2314 2736 2368 2791 in
2394 2736 2571 2808 fugam
2594 2736 2869 2804 conversi;
2902 2737 3251 2808 nonnullique
3270 2753 3481 2807 eorum,
3506 2755 3612 2795 cur
3637 2740 3893 2812 fugerent,

2314 2828 2552 2898 ptenitus
2579 2828 2917 2899 ignorabant,
2946 2832 3200 2899 quoniam
3230 2831 3447 2902 quidem
3493 2847 3598 2902 pre
3639 2835 3895 2905 paucitate

2314 2933 2432 2974 sese
2478 2918 2825 2989 insequentes
2862 2918 3047 2974 hostes
3075 2919 3257 2975 videre
3286 2936 3389 2975 non
3426 2932 3709 2993 poterant.
3764 2924 3896 2980 Ccsis

2318 3009 2479 3081 igitur
2504 3008 2768 3080 plurimis,
2799 3009 3089 3066 Heinrieus
3118 3013 3467 3068 vehementer
3493 3013 3548 3067 in
3580 3015 3807 3071 brachio
3828 3027 3902 3070 est

2321 3116 2630 3171 percussus,
2658 3108 2712 3157 et
2739 3116 3065 3172 quamquam
3091 3102 3272 3158 lorica:
3298 3103 3527 3173 triplicis
3553 3104 3818 3161 fortitudo
3841 3108 3902 3158 ad

2322 3206 2540 3247 carnem
2574 3206 2746 3261 usque
2775 3192 2922 3249 ensis
2948 3193 3119 3248 aciem
3150 3208 3256 3249 non
3295 3193 3636 3259 admitteret,
3670 3195 3900 3264 pondere

2324 3288 2503 3336 tamen
2548 3282 2912 3351 percussionis
2958 3284 3169 3339 acerbae
3219 3283 3505 3339 brachium
3541 3294 3630 3340 est
3673 3285 3813 3340 adeo
3852 3285 3901 3339 in

2322 3375 2546 3430 livorem
2570 3390 2910 3442 conversum,
2954 3385 3015 3432 ut
3041 3376 3202 3432 nullis
3245 3376 3582 3432 medicorum
3633 3378 3785 3433 curis
3833 3378 3901 3432 ita

2320 3466 2527 3521 mederi
2550 3474 2751 3537 posset,
2781 3482 2850 3523 ne
2878 3476 3191 3522 recurrente
3226 3480 3370 3521 anno
3416 3480 3777 3536 permagnum
3813 3469 3903 3522 do-

2322 3555 2491 3612 iorem
2524 3557 2768 3614 sentiret.
2794 3555 2951 3614 Unde
2975 3567 3033 3614 et
3060 3557 3229 3612 multo
3277 3566 3398 3627 post
3432 3556 3594 3625 hujus
3646 3556 3903 3614 facinoris

2321 3649 2610 3705 occasione
2656 3648 2831 3719 ipsum
2882 3647 3015 3704 fassi
3070 3656 3199 3706 sunt
3242 3648 3520 3704 hominem
3548 3649 3620 3681 ³⁸³
3647 3650 3898 3705 exivisse.

2323 3740 2430 3795 Sed
2472 3741 2597 3811 quia
2620 3740 2820 3796 lanceae
2845 3741 3014 3813 ipsius
3043 3750 3248 3797 sanctae
3274 3742 3597 3797 memoriam
3628 3741 3858 3798 fecimus
3883 3783 3899 3807 ,

2322 3831 2432 3897 hic,
2469 3830 2701 3901 qualiter
2726 3831 2794 3886 ad
2822 3846 2946 3887 eum
2971 3831 3300 3902 pervenerit,
3322 3831 3652 3888 inseramus.

2391 3919 2481 3974 24.
2522 3919 2965 3991 Burgundionum
3016 3936 3114 3976 rex
3158 3920 3457 3987 Rodulfus,
3500 3924 3595 3994 qui
3639 3924 3903 3980 nonnullis

2323 4012 2481 4067 annis
2511 4011 2711 4068 Italicis
2748 4011 3064 4083 imperavit,
3094 4012 3336 4068 lanceam
3382 4013 3527 4069 illam
3588 4030 3621 4070 a
3680 4015 3901 4072 Samson

2323 4104 2524 4160 comite
2551 4104 2694 4159 dono
2732 4104 2963 4176 accepit.
3004 4104 3136 4160 Erat
3178 4104 3324 4160 enim
3357 4114 3554 4176 excpta
3579 4105 3654 4138 ³⁸³
3681 4116 3901 4162 uetera-

2325 4213 2444 4251 rum
2471 4197 2652 4266 specie
2677 4196 3007 4263 lancearum,
3039 4213 3178 4253 novo
3204 4198 3437 4269 quodam
3468 4200 3635 4254 modo
3664 4215 3903 4269 novaque

2325 4286 2601 4342 elaborata
2631 4286 2700 4319 ³⁸⁸
2728 4286 2919 4358 ﬁgura,
2950 4289 3156 4345 habens
3191 4289 3347 4361 juxta
3378 4288 3624 4345 lumbum
3672 4291 3901 4346 medium

2326 4377 2613 4448 utrobique
2658 4375 2944 4432 fenestras.
2999 4378 3092 4435 Hae
3138 4394 3238 4450 pro
3277 4380 3565 4452 pollicibus
3608 4383 3900 4452 perpulere

633 4475 785 4550 (123)
814 4437 1190 4547 pervenerant,
1239 4479 1521 4550 Rhenique
1573 4480 1780 4537 alveum
1829 4484 2060 4540 transire
2098 4484 2210 4554 jam
2243 4437 2438 4524 Dd‘m
2486 4470 2629 4525 (ποίεε
2658 4484 2829 4540 usque
2879 4471 2946 4525 ad
2988 4471 3253 4527 ἀθοιίνυῐη
3283 4474 3520 4528 medim“
3572 4474 3903 4550 lam!“

630 4577 914 4638 ceperant,
945 4571 1317 4641 ingnorantes,
1364 4573 1507 4643 quod
1557 4572 1844 4630 Hcinricus
1869 4591 1990 4631 cum
2021 4575 2214 4646 praefa-

634 4661 702 4717 tis
736 4661 1026 4717 comitibus
1046 4670 1195 4716 tanta
1219 4663 1299 4718 eis
1318 4663 1597 4719 vicinitate
1614 4674 1755 4721 esset
1773 4662 1885 4734 jam
1912 4667 2212 4737 proximus.

633 4736 1153 4823 l’crpauci‘dcnique
1178 4768 1209 4808 e
1230 4754 1700 4826 navibus'egressi,
1725 4758 1814 4811 vix
1843 4773 2012 4829 equos
2032 4775 2219 4815 ascen-

635 4843 765 4896 t'cre
800 4856 1029 4913 seseque
1060 4843 1226 4898 armis
1265 4843 1407 4898 indui
1436 4852 1704 4914 poterant,
1728 4863 1851 4902 cum
1878 4850 2222 4918 prenomina-

643 4942 818 4989 lorum
834 4934 1072 5005 legiones
1092 4948 1195 4988 non
1207 4935 1524 4989 nuntiantur
1536 4946 1901 5006 properantes,
1919 4941 2012 4995 sed
2026 4941 2223 4996 intuitu

630 5022 759 5101 ipso
785 5034 1082 5081 cernuntur
1102 5026 1517 5094 presentes.Tali
1545 5027 1708 5098 igitur
1728 5044 1847 5085 sese
1883 5038 2009 5086 sunt
2035 5041 2222 5087 mutuo

643 5127 897 5168 sermone
953 5115 1193 5168 aduressi
1252 5133 1265 5168 :
1324 5115 1588 5168 Fluminis
1640 5116 1817 5168 huius.
1866 5126 1927 5168 ut
1974 5120 2216 5168 cernitis-

2321 4561 2634 4617 tenduntur.
2676 4561 2826 4617 Hane
2863 4562 3026 4631 igitur
3066 4561 3403 4618 Constantini
3451 4563 3658 4634 Magni,
3711 4574 3902 4620 sancta:

2324 4655 2415 4710 ﬁlii
2448 4654 2683 4721 Helenae,
2715 4655 2941 4711 viviﬁcae
2966 4658 3144 4713 crucis
3169 4657 3500 4721 inventricis,
3529 4658 3705 4714 fuisse
3753 4661 3904 4713 adﬁr-

2326 4755 2495 4813 mant,
2529 4762 2649 4818 quae
2677 4748 2853 4803 media
2884 4748 2936 4803 in
2967 4750 3147 4817 spina,
3174 4764 3336 4819 quam
3363 4748 3609 4805 lumbum
3661 4752 3902 4822 superius

2330 4839 2624 4919 nominavi,
2654 4855 2720 4896 ex
2761 4840 2951 4905 clavis,
2976 4842 3223 4898 manibus
3246 4842 3582 4913 pedibusque
3616 4842 3826 4899 domini
3852 4850 3898 4895 et

2335 4932 2690 5002 redemptoris
2719 4934 2890 4988 nostri
2933 4933 3056 4991 Jesu
3081 4933 3282 4991 Christi
3311 4934 3528 5001 adﬁxis,
3558 4951 3760 4991 cruces
3813 4934 3900 4989 ba-

2325 5021 2436 5076 het.
2469 5020 2754 5078 Heinricus
2792 5024 2974 5094 itaque
3005 5039 3121 5089 rex,
3167 5033 3229 5079 ut
3270 5033 3390 5080 erat
3428 5024 3523 5080 Dei
3574 5026 3780 5081 timens
3827 5035 3899 5077 to-

2329 5114 2539 5168 tiusaue
2585 5115 2861 5168 religionis
2918 5126 3161 5168 amator.
3212 5117 3395 5168 audito
3441 5117 3739 5168 Rodulfnm
3795 5129 3894 5168 tam
