4012 5340
231 177 345 237 869

1237 173 1781 232 ANTAPODOSEOS
1819 174 1995 228 LIBRI
2034 175 2415 251 SEX—.LIB.
2459 180 2545 234 IV.

3395 188 3498 243 870

229 290 539 361 temptavit,
567 289 609 343 si
642 288 878 360 praemiis
905 286 1171 355 aliquibus
1218 287 1270 341 id
1303 296 1483 358 posset
1531 286 1817 355 adquirere
1844 286 1891 345 Α
1921 292 2131 339 suetum
2158 302 2364 341 morem
2389 302 2580 357 panem
2602 289 2895 358 benedixit,
2920 292 3095 365 fregit,
3120 308 3183 350 ac
3203 294 3369 363 dedit,
3392 314 3500 353 non

229 384 450 452 sibique
494 383 751 434 adversus
797 378 1032 432 visibiles
1083 387 1243 446 atque
1293 378 1587 432 invisibiles
1637 379 1819 431 hostes

228 492 389 528 arma
426 472 775 527 invictiSsima
807 470 1244 540 triumphumque
1273 478 1587 539 perpetuum
1614 485 1820 539 pra-pa-

230 580 387 626 rare,
430 563 582 630 Quod
623 580 743 617 cum
798 578 891 613 rex
947 560 1207 615 llodulfus
1254 561 1425 615 modis
1470 560 1719 613 omnibus
1760 574 1817 613 se

226 670 531 724 numquam
586 654 686 707 hoc
751 662 999 706 acturum
1057 652 1313 716 ediceret,
1364 667 1457 705 rex
1512 649 1815 714 ileinricus,

222 747 359 815 quia
420 744 630 800 mollire
697 744 840 797 hunc
888 742 1205 797 muneribus
1253 758 1356 795 non
1410 742 1602 811 potuit,
1658 742 1819 794 minis

226 850 447 892 terrere
490 850 814 905 magnopere
863 834 1093 887 curavit.
1143 833 1313 887 Omne
1358 832 1554 902 quippe
1596 846 1817 901 regnum

224 945 348 997 (‘jllS
380 929 511 984 cede
562 937 723 998 atque
774 925 1036 979 incendiis
1087 940 1144 979 se
1197 923 1642 994 depopulaturum
1700 939 1818 977 esse

224 1021 503 1089 promisit.
547 1018 682 1085 Quia
732 1032 860 1070 vero
913 1016 1055 1085 quod
1110 1016 1395 1084 p'tehatur
1435 1030 1630 1067 munus
1674 1021 1817 1077 erat,

224 1128 341 1181 quo
373 1111 674 1165 cmlestibus
709 1119 851 1162 terra
882 1108 1023 1160 Deus
1053 1106 1408 1173 coniunxerat
1432 1105 1521 1169 3",
1552 1105 1684 1174 lapis
1715 1106 1819 1159 sci-

224 1203 660 1275 licct'angularis
688 1201 891 1256 faciens
920 1211 1147 1279 utraque
1182 1215 1368 1263 unum,
1414 1196 1624 1252 Rodulﬁ
1677 1197 1817 1266 regis

224 1314 328 1349 cor
355 1295 640 1357 emollivit,
682 1293 938 1361 justeque
972 1292 1082 1362 regi
1122 1288 1266 1359 justa
1311 1289 1455 1357 juste
1504 1289 1705 1359 petenti
1749 1289 1815 1319 ³⁰⁷

224 1389 480 1441 cominus
514 1386 755 1439 tradidit.
796 1385 975 1454 Neque
1001 1382 1143 1436 enim
1177 1396 1308 1451 pace
1336 1390 1600 1451 praesente
1627 1378 1813 1434 simul-

226 1480 327 1534 tati
360 1480 508 1533 locus
538 1488 671 1533 erat.
718 1477 848 1530 Nam
891 1486 943 1531 et
975 1491 1061 1540 eo,
1110 1475 1199 1545 qui
1252 1475 1337 1528 his
1385 1473 1677 1527 cruciﬁxus
1709 1482 1813 1536 est,

225 1590 255 1623 a
290 1572 461 1625 Pilato
490 1572 553 1625 ad
584 1571 849 1626 ilcrodem
883 1576 1230 1639 properante,
1261 1567 1386 1621 facti
1416 1578 1538 1621 sunt
1567 1566 1727 1620 amici
1760 1567 1813 1619 in

1922 377 2128 444 credis;
2160 380 2409 435 erunibus
2445 391 2623 435 tamen
2665 384 3072 454 condiscipulis,
3096 386 3290 455 quibus
3321 388 3500 458 januis

1921 466 2115 523 clausis
2167 472 2450 540 apparuit,
2500 473 2629 542 quid
2684 474 2840 529 ﬁdem
2891 493 2994 530 non
3054 480 3312 534 adhibere
3366 495 3499 535 con-

1923 560 2137 615 tendis?
2184 561 2578 630 Meministine,
2621 566 2870 636 inquam,
2932 571 3161 625 eundem
3216 572 3504 631 Dominum

1920 659 1975 702 et
2023 662 2408 721 przeceptorem
2461 664 2645 721 tuum,
2686 656 2769 710 cui
2814 666 2865 712 te
2903 661 3346 715 conunoriturum
3380 678 3507 732 pro-

1922 741 2208 808 mittebas,
2254 754 2379 799 ante
2412 746 2718 815 passionem
2774 749 2888 805 hacc
2931 751 3110 804 omnia
3147 753 3508 821 praedixisse?

1920 832 2007 887 Ait
2038 851 2269 904 namque
2304 855 2315 889 :
2349 856 2367 889 ι
2402 837 2542 893 Ecce
2589 840 2927 895 ascendimus
2970 839 3383 897 Jherosolimam
3407 885 3420 908 ,
3454 850 3509 897 ct

1921 929 2446 983 consummabuntur
2474 931 2652 985 omnia
2703 948 2823 1002 qua:
2858 934 3059 1004 scripta
3105 943 3231 989 sunt
3259 950 3355 1006 per
3384 950 3507 1004 pro-

1920 1016 2110 1086 phetas
2157 1018 2223 1072 de
2270 1018 2377 1074 ﬁlio
2422 1021 2679 1075 hominis.
2731 1022 2996 1079 Tradetur
3041 1026 3181 1081 enim
3222 1027 3506 1097 gentibus,

1920 1117 1974 1161 et
2026 1107 2279 1165 illudetur
2308 1152 2322 1176 ,
2369 1120 2424 1165 et
2472 1110 2828 1181 ﬁagellabitur
2858 1154 2872 1179 ,
2926 1124 2982 1169 et
3030 1124 3355 1185 conspuetur
3388 1157 3402 1182 ,
3452 1127 3508 1171 et

1920 1207 2202 1269 postquam
2250 1199 2669 1273 ﬂagellaverint,
2712 1206 2959 1261 occident
2988 1222 3142 1274 eum,
3187 1216 3242 1263 et
3280 1208 3366 1264 die
3402 1220 3509 1262 ter-

1920 1292 2001 1346 cia
2043 1302 2290 1363 resurget
2341 1293 2493 1366 (Luc.
2544 1312 2717 1355 xvnt.
2767 1298 2878 1369 51).
2943 1319 2960 1351 ι
2996 1299 3104 1355 Cur
3150 1300 3331 1371 itaque
3384 1317 3510 1356 eum

1922 1384 2285 1439 resurrexisse
2334 1385 2585 1453 dubitas,
2633 1403 2755 1442 cum
2801 1388 3051 1458 gentibus
3090 1391 3378 1456 traditum,
3416 1392 3511 1445 lla-

1919 1476 2209 1547 gellatum,
2258 1487 2613 1549 consputum.
2648 1481 2999 1547 cruciﬁxum,
3053 1482 3192 1537 sicut
3244 1484 3508 1553 praedixe-

1923 1579 2037 1633 rat,
2088 1572 2315 1627 videas?
2348 1572 2500 1628 Haud
2558 1574 2626 1629 ab
2679 1589 2736 1629 re
2777 1582 2894 1637 est,
2946 1575 3089 1643 quod
3140 1575 3305 1631 Deum
3356 1585 3508 1630 tuum

224 1664 319 1717 illa
346 1664 452 1727 die,
482 1664 570 1733 qui
601 1664 748 1733 prius
776 1662 977 1716 inimici
1012 1669 1171 1716 erant
1201 1660 1266 1713 ad
1299 1660 1553 1713 invicem.
1598 1657 1811 1724 Quanto
1845 1652 1889 1711 Β
1921 1662 2172 1716 manibus
2221 1662 2457 1733 propriis
2504 1672 2739 1718 tractare
2778 1664 3080 1719 contendis.
3128 1665 3245 1735 ipse
3277 1681 3509 1735 namque

222 1763 411 1808 autem
437 1768 619 1808 amore
652 1769 742 1806 rex
795 1751 1079 1806 ileinricus
1126 1750 1405 1821 prmfatum
1459 1749 1819 1803 inestimahile

222 1845 430 1899 donum
480 1846 768 1915 acceperit,
808 1859 931 1898 cum
960 1844 1012 1896 in
1061 1841 1331 1895 nonnullis
1380 1840 1563 1906 rebus,
1600 1850 1709 1893 tum
1764 1840 1819 1893 in

224 1938 334 1990 hoc
374 1937 670 2005 przcsertim
702 1934 921 1998 claruit,
951 1932 1095 2003 quod
1141 1948 1247 1985 non
1300 1930 1472 1985 solum
1501 1946 1566 1985 eo
1598 1931 1816 1984 dantem

222 2042 289 2080 se
327 2026 440 2078 auri
486 2026 802 2095 argentique
835 2022 1171 2085 muneribus,
1223 2036 1410 2075 verum
1468 2021 1629 2074 etiam
1680 2020 1815 2074 Sue-

224 2133 421 2170 vornm
466 2116 745 2186 provincie
787 2125 938 2183 parte
967 2130 1071 2167 non
1102 2114 1325 2168 minima
1350 2114 1651 2167 honoravit.
1680 2113 1819 2167 Deus

225 2217 433 2270 autem,
461 2208 549 2277 qui
580 2222 686 2277 quo
710 2207 939 2276 quisque
982 2205 1109 2276 quid
1138 2205 1317 2259 animo
1346 2212 1591 2276 peragat,
1641 2205 1818 2258 inlue—

227 2311 344 2366 tur,
387 2316 489 2354 non
540 2301 781 2355 muneris
819 2298 1139 2369 quantitatis
1187 2298 1281 2353 sed
1324 2300 1478 2352 bona:
1530 2297 1819 2351 voluntatis

215 2396 507 2465 inspector
537 2410 599 2448 ac
627 2392 936 2458 retributor,
969 2399 1171 2462 quanta
1215 2391 1285 2446 ob
1326 2391 1657 2462 praelibatam
1707 2406 1817 2446 rem

228 2486 482 2541 mercede
508 2493 711 2539 alterno
742 2486 793 2538 in
827 2485 1022 2539 s:eculo
1070 2484 1217 2554 pium
1257 2482 1539 2537 donaverit
1592 2497 1772 2552 regem
1802 2523 1816 2547 ,

234 2577 455 2632 iudiciis
492 2577 812 2646 quibusdam
858 2576 961 2630 hoc
985 2575 1148 2629 etiam
1199 2574 1253 2629 in
1280 2583 1519 2645 tempore
1560 2574 1815 2644 prodidit,

230 2669 358 2721 dum
406 2677 593 2722 contra
632 2682 691 2723 se
722 2667 1064 2736 insurgentes
1106 2665 1207 2721 hoc
1237 2662 1546 2719 victorifero
1570 2678 1817 2734 prmeun-

230 2766 287 2811 te
316 2758 469 2829 signo
522 2771 735 2827 semper
764 2757 947 2813 hostes
996 2756 1192 2809 terruit
1239 2764 1399 2825 atque
1439 2753 1662 2824 fugavit.
1705 2751 1817 2807 llac

230 2850 397 2919 igitur
430 2850 732 2911 occasione,
765 2848 927 2901 immo
956 2848 1047 2901 Dei
1082 2846 1387 2911 voluntate,
1438 2855 1678 2900 sanctam
1724 2860 1816 2899 rex

232 2940 519 2995 ileinricus
567 2939 881 3007 romphcam
927 2936 1152 3005 adeptus
1182 2945 1295 3000 est;
1339 2951 1499 3005 quam
1538 2934 1646 2987 ﬁlio
1692 2950 1811 2998 suo.

1924 1770 2016 1808 rex
2068 1763 2283 1820 noster,
2329 1756 2419 1824 qui
2473 1765 2597 1811 ante
2646 1756 2840 1811 saecula
2871 1767 3125 1827 Operatus
3168 1767 3251 1812 est
3280 1758 3511 1811 salutent

1923 1846 1976 1900 in
2020 1848 2195 1902 medio
2226 1854 2382 1902 terrae
2428 1846 2599 1916 (Psal.
2628 1864 2821 1915 Lxxm,
2856 1848 2977 1918 12),
3016 1850 3108 1919 qui
3144 1850 3295 1904 novit
3330 1849 3512 1913 omnia

1924 1949 2212 2009 antequam
2259 1940 2390 1995 ﬁant
2409 1981 2424 2007 ,
2456 1940 2652 1997 multos
2678 1941 2999 2012 praividerat
3044 1944 3147 1997 hoc
3174 1958 3361 1998 errore
3390 1958 3511 2010 per-

1928 2032 2137 2097 ituros,
2183 2041 2243 2085 ut
2298 2042 2383 2087 est
2448 2032 2760 2089 misericors
2804 2042 2859 2089 et
2906 2034 3145 2089 clemens
3191 2052 3203 2087 :
3258 2054 3275 2085 ι
3324 2033 3507 2100 Inter,

1924 2127 2037 2192 ait,
2096 2125 2323 2197 digitum
2373 2125 2512 2192 huc,
2544 2134 2597 2180 et
2644 2126 2799 2181 mitte
2840 2141 3057 2180 manum
3100 2134 3243 2180 tuam
3286 2126 3512 2181 inlatus

1923 2232 2136 2283 meum,
2181 2226 2236 2271 et
2272 2215 2383 2271 noli
2425 2230 2545 2272 esse
2587 2216 2928 2282 incredulus,
2968 2216 3062 2272 sed
3107 2216 3279 2271 ﬁdelis
3324 2215 3508 2287 (Joan.

1924 2323 2014 2372 xx,
2038 2306 2151 2377 27).
2198 2326 2217 2360 ›
2251 2304 2470 2373 Ἐξαύδα
2511 2305 2589 2372 δέ,
2626 2308 2767 2380 Θομὰ
2792 2306 2926 2381 ἅγιε,
2965 2307 3172 2362 exauda
3213 2307 3280 2361 de
3306 2306 3513 2362 Thoma

1922 2399 2065 2467 agie,
2109 2398 2254 2469 quod
2296 2406 2418 2454 est:
2447 2397 2705 2454 conﬁtere
2735 2409 2916 2453 autem
2956 2398 3161 2453 'l‘homa
3212 2407 3418 2461 sancte,
3458 2408 3515 2454 ct

1923 2500 2012 2544 tua
2041 2490 2314 2547 dubietate
2358 2505 2519 2546 omne
2562 2500 2806 2547 nostrum
2854 2490 3078 2546 exclude
3121 2488 3509 2560 amphibolum.

1922 2577 2177 2633 Dominus
2202 2618 2217 2644 ,
2260 2580 2469 2651 inquit,
2507 2596 2651 2634 meus
2681 2589 2729 2633 et
2764 2580 2906 2634 Deus
2936 2597 3101 2635 naeus.
3131 2579 3173 2635 Ο
3198 2580 3510 2651 ambiguum

1920 2670 2069 2724 omni
2118 2670 2277 2726 laude
2326 2672 2741 2742 dignissimum!
2793 2672 2837 2728 Ο
2880 2672 3102 2728 dubium
3152 2673 3361 2728 cunctis
3410 2689 3510 2728 sa:-

1921 2764 2058 2819 culis
2094 2764 2531 2833 przedicanduml
2570 2764 2625 2819 Si
2654 2770 2711 2818 tu
2754 2780 2860 2820 non
2903 2765 3218 2831 dubitares,
3257 2781 3363 2819 non
3412 2780 3512 2834 ego

1922 2862 2030 2907 tam
2077 2854 2305 2908 ﬁrmiter
2328 2856 2625 2911 crederem.
2654 2853 2712 2910 Si
2738 2854 3022 2910 mulierum
3070 2855 3402 2911 credentium
3423 2895 3436 2921 ,
3468 2854 3515 2909 si

1922 2943 2411 3015 condiscipulorum
2429 2945 2589 3001 ﬁdem
2611 2946 2886 3011 hereticis,
2905 2947 2996 3016 qui
3021 2963 3128 3002 non
3144 2963 3271 3001 vero
3288 2961 3514 3015 corpore

230 3036 298 3089 de
335 3049 440 3104 quo
471 3032 539 3065 ³⁰⁸
567 3031 1035 3102 inpraesentiarum
1056 3029 1209 3084 nobis
1231 3045 1411 3084 sermo
1438 3036 1521 3083 est
1548 3028 1815 3083 decedens
1844 3013 1887 3074 Ο
1921 3013 2197 3090 dominum
2234 3045 2478 3091 nostrum
2507 3036 2689 3092 Jesum
2720 3013 2995 3093 Christum
3042 3013 3401 3093 resurrexisse
3432 3036 3512 3089 ta-

230 3143 353 3181 cum
392 3141 561 3195 regno
585 3124 744 3179 simul
796 3122 1126 3179 hereditario
1154 3121 1440 3191 dereliquit
1484 3119 1584 3188 Qui
1611 3129 1813 3193 quanta

230 3221 428 3274 donum
484 3215 849 3272 inestimahile
880 3214 1229 3269 veneratione
1290 3212 1538 3278 coluerit,
1588 3213 1812 3267 victoria

228 3327 336 3365 non
373 3309 544 3364 solum
583 3308 785 3363 indicat
834 3321 1093 3377 praesens,
1142 3320 1330 3361 verum
1374 3306 1700 3371 divinorum,
1758 3313 1817 3358 ut

227 3399 494 3471 promturi
525 3414 732 3463 sumus,
773 3397 1087 3457 adtninnda
1112 3396 1325 3467 largitio
1370 3412 1675 3451 munerum.
1722 3394 1817 3451 llis

229 3496 413 3563 itaque
459 3491 766 3563 perterritis
815 3498 975 3560 atque
1029 3489 1266 3560 fugatis,
1320 3502 1411 3542 rex
1467 3488 1655 3551 rediit,
1710 3502 1815 3540 non

229 3595 438 3639 tantum
466 3584 531 3638 de
580 3583 763 3638 divina
795 3582 1148 3637 miseratione
1177 3580 1517 3650 magniﬁcus.

295 3675 387 3730 25.
431 3676 585 3729 Libet
640 3682 817 3729 autem
874 3671 1147 3743 paululum
1204 3672 1513 3735 immorari,
1563 3679 1617 3725 et
1672 3671 1815 3741 quod

228 3786 336 3824 non
380 3769 606 3823 fortuitu
656 3767 750 3823 sed
800 3767 913 3821 Deo
958 3764 1277 3833 disponente
1326 3765 1439 3819 hare
1494 3764 1565 3819 ita
1606 3766 1815 3819 accide-

227 3864 369 3925 rint,
410 3873 685 3915 enarrare.
740 3858 893 3926 Quod
943 3856 1062 3911 luce
1118 3857 1272 3910 nobis
1345 3856 1542 3911 clarius
1605 3867 1815 3911 consta-

227 3956 308 4011 bit
328 3955 417 4015 3",
446 3953 490 4006 si
525 3951 725 4006 domini
752 3960 803 4003 et
829 3936 1114 4003 salvatoris
1146 3950 1313 4003 nostri
1338 3949 1462 4003 Jcsu
1490 3950 1688 4005 Christi
1723 3966 1809 4020 ap-

224 4046 549 4118 paritionem
586 4083 600 4107 ,
649 4058 767 4112 qua:
820 4048 940 4109 post
996 4040 1445 4094 resurrectionem
1500 4041 1815 4096 mulieribus

227 4155 288 4192 ac
336 4134 622 4211 discipulis
655 4133 791 4187 facta
828 4142 944 4196 est,
978 4132 1030 4185 in
1062 4133 1293 4187 medium
1320 4133 1680 4202 proferamus.
1722 4134 1816 4187 Fi-

225 4231 344 4283 dem
394 4228 577 4290 I‘etri,
629 4225 968 4280 dilectionem
1018 4222 1241 4280 Joannis
1268 4240 1432 4295 supra
1478 4234 1667 4294 pectus
1707 4242 1819 4280 ma-

227 4320 378 4389 gistri
426 4320 477 4373 in
528 4332 662 4371 cena
717 4315 1111 4380 recumbentis,
1157 4314 1395 4370 Thomas
1438 4315 1666 4370 ﬁrmiter
1720 4332 1809 4371 no-

227 4419 406 4470 verat,
443 4425 538 4464 eos
567 4408 634 4461 ad
667 4407 966 4477 sepulcrum
1000 4408 1334 4471 cucurrisse,
1370 4408 1644 4478 nichilquc
1674 4427 1813 4480 pra:-

227 4512 307 4556 tcr
348 4500 663 4557 linteamina
694 4500 960 4553 invenisse
1001 4500 1277 4564 audierat,
1308 4500 1619 4572 angelorum
1650 4506 1814 4562 etiam

225 4593 458 4648 visiones
490 4633 505 4657 ,
563 4592 655 4661 qui
692 4607 815 4645 eum
868 4592 1048 4645 vivere
1105 4600 1441 4659 assct'erent,
1502 4595 1817 4654 mulieribus

228 4690 543 4758 apparuisse
586 4696 933 4757 cognoverat.
987 4685 1090 4740 Sed
1141 4696 1287 4753 esto;
1336 4687 1472 4743 forte
1523 4690 1667 4745 enim
1700 4708 1817 4745 mu—

229 4779 414 4833 lierqu
476 4776 851 4831 inﬁrmitatem
911 4777 1291 4843 considerans,
1343 4777 1660 4834 mulieribus
1711 4797 1815 4836 non

225 4868 499 4922 credebat.
526 4866 704 4929 Cedo,
740 4865 988 4935 inquam,
1024 4876 1211 4921 sancte
1244 4867 1449 4923 Thema
1473 4909 1487 4932 ,
1541 4869 1584 4923 si
1613 4870 1818 4927 duobus

224 4957 505 5027 diseipulis
567 4956 633 5009 ad
693 4955 971 5008 castellum
1034 4956 1287 5012 Emmaus
1350 4959 1813 5028 properantibus,

222 5050 419 5118 quibus
452 5063 560 5100 non
609 5046 784 5100 solum
820 5048 1093 5115 apparuit,
1142 5050 1236 5103 sed
1283 5059 1336 5105 et
1365 5049 1662 5118 scripturas
1696 5066 1815 5120 qua:

219 5141 283 5196 de
304 5157 363 5196 se
387 5148 550 5195 erant
572 5138 825 5207 appcruit
851 5138 937 5205 ³¹⁰,
967 5139 1128 5193 immo
1156 5140 1318 5196 etiam
1357 5128 1652 5197 secundum
1687 5157 1815 5198 con-

1924 3128 2137 3183 trabant
2160 3170 2173 3195 ,
2216 3130 2547 3197 diceremus,
2578 3130 2748 3185 multa
2791 3131 2949 3186 nobis
2976 3140 3296 3199 argumenta
3324 3130 3512 3183 diabo«

1920 3222 2021 3274 lica
2071 3220 2371 3276 calliditate
2426 3230 2781 3292 opponerent.
2841 3222 2948 3277 Sed
3002 3237 3126 3277 cum
3176 3221 3513 3277 dubitantem

1921 3310 2184 3366 Thomam
2236 3326 2432 3381 corpus
2467 3320 2760 3378 tractasse,
2793 3311 3078 3367 vulnerum
3121 3310 3405 3366 cicatrices
3437 3320 3515 3364 te-

1922 3400 2144 3469 tigisse,
2189 3415 2252 3454 ac
2293 3415 2420 3455 mox
2464 3400 2809 3456 dubitacione
2849 3408 3054 3455 remota
3091 3398 3262 3454 Deum
3308 3406 3363 3453 et
3410 3398 3516 3453 Do-

1922 3493 2125 3546 minum
2168 3490 2506 3546 exclamasse
2544 3491 2801 3556 audiunt,
2843 3491 2936 3561 qui
2977 3491 3125 3560 prius
3173 3497 3332 3544 erant
3372 3488 3512 3542 mul-

1923 3584 2117 3649 tisoni,
2157 3599 2279 3638 mox
2323 3591 2382 3637 ut
2424 3584 2603 3652 pisces
2645 3582 2900 3637 videntur
2938 3581 3152 3647 insani;
3184 3595 3513 3653 cognoscen-

1920 3686 2001 3732 tes
2057 3676 2181 3745 quia
2239 3683 2294 3729 et
2344 3688 2470 3746 vera
2526 3686 2655 3727 caro
2696 3680 2815 3738 est,
2864 3687 2983 3742 qua:
3024 3671 3246 3727 tractari
3294 3671 3509 3741 potuit,

1920 3778 1972 3823 et
2017 3767 2185 3831 Deus,
2234 3765 2325 3835 qui
2370 3763 2570 3819 clausis
2604 3764 2787 3833 jannis
2826 3762 3064 3819 intravit.
3107 3762 3173 3816 Et
3199 3761 3341 3831 quod
3370 3759 3512 3814 Tho-

1920 3875 2035 3913 mas
2073 3857 2369 3923 dubitavit,
2412 3872 2518 3911 non
2551 3854 2663 3910 fors
2693 3855 2788 3911 sed
2814 3855 2995 3910 divina
3023 3852 3362 3923 dispensacio
3388 3850 3508 3904 fuit.

1921 3947 2010 4003 Sic
2040 3949 2250 4017 itaque,
2284 3948 2392 4013 sic,
2426 3962 2518 4002 rex
2547 3946 2817 4016 piissime,
2858 3948 3128 4014 insperata
3171 3943 3241 3998 ob
3280 3940 3511 3995 militum

1919 4039 2246 4110 paucitatem
2307 4036 2532 4092 victoria
2593 4036 2786 4091 divinae
2828 4035 3112 4090 consilium
3161 4032 3512 4105 providentia}

1920 4135 2049 4200 fuit,
2105 4134 2292 4190 volens
2334 4132 2651 4189 mortalibus
2697 4133 2939 4187 indicare
2987 4146 3150 4202 quam
3194 4146 3354 4185 carus
3402 4132 3512 4185 Deo

1920 4222 2065 4283 esset
2118 4227 2211 4297 qui
2264 4226 2469 4283 orando
2514 4234 2623 4279 tam
2667 4225 2969 4280 inmensum
2998 4240 3123 4281 cum
3165 4223 3511 4293 paucissimis

1924 4321 2254 4391 triumphum
2299 4319 2546 4388 optinere
2584 4318 2903 4388 promeruit.
2932 4317 3096 4373 Forte
3134 4317 3279 4373 enim
3300 4357 3314 4383 ,
3346 4318 3511 4372 immo

1922 4423 2101 4479 certe,
2133 4420 2188 4467 et
2232 4421 2284 4465 tu
2314 4410 2466 4482 prius
2510 4411 2832 4481 ignorabas,
2865 4426 3027 4481 quam
3059 4425 3221 4465 carus
3260 4410 3369 4463 Deo
3394 4409 3511 4461 exi-

1922 4516 2130 4577 steres;
2173 4504 2316 4575 quod
2365 4511 2486 4572 post
2538 4510 2588 4557 te
2627 4516 2956 4573 cognoscere
2994 4500 3151 4563 fecit,
3198 4514 3320 4553 cum
3362 4507 3509 4552 tanta

1921 4595 2148 4651 victoria
2184 4594 2490 4648 honoravit.
2528 4591 2713 4646 Sancti
2745 4592 2946 4647 etenim
2987 4590 3091 4644 viri
3133 4589 3263 4658 quid
3293 4587 3509 4641 virtutis

1922 4686 2187 4749 habeant,
2247 4692 2301 4737 et
2341 4682 2528 4752 quanti
2586 4681 2641 4735 in
2681 4692 2971 4751 conspectu
3018 4679 3186 4734 divini
3246 4678 3511 4733 examinis

1921 4776 2254 4839 consistant,
2304 4775 2406 4829 nisi
2465 4774 2848 4844 probaverint,
2906 4773 3190 4843 ignorant;
3243 4770 3385 4841 quod
3442 4769 3510 4824 ad

1924 4865 2193 4920 Abraham
2243 4864 2409 4918 ﬁlium
2466 4863 2748 4919 immolare
2798 4862 3067 4931 cupientis
3110 4860 3180 4892 ³¹⁸
3219 4876 3283 4915 ex
3328 4858 3512 4913 verbis

1926 4956 2098 5027 angeli
2141 4957 2369 5011 dicentis
2396 4956 2650 5026 colligere
2694 4968 3009 5025 possumus;
3047 4952 3125 5006 ait
3166 4952 3352 5008 enim:
3384 4967 3401 4998 ι
3433 4948 3514 5004 Ne

1925 5048 2182 5103 extendas
2213 5063 2430 5102 manum
2461 5056 2608 5100 tuam
2647 5060 2808 5114 super
2840 5058 3070 5113 puerum
3091 5083 3105 5109 ,
3136 5056 3314 5116 neque
3344 5038 3517 5097 facias

1927 5140 2003 5195 illi
2051 5142 2380 5210 quicquam;
2430 5153 2573 5193 nunc
2620 5136 2846 5207 cognovi
2893 5135 3037 5205 quod
3082 5137 3276 5194 timeas
3331 5131 3518 5187 Domi-
