4012 5340
527 235 626 292 871

1534 226 1952 284 LlUTPRA'NDl
1985 226 2473 286 CREMONENSIS
2508 226 2812 285 EPISCOPI

3700 234 3819 292 ετξ

462 332 469 337 ’
527 371 657 412 num
706 349 858 425 (Gen.
894 366 1032 416 amt,
1065 348 1175 420 12),
1225 367 1244 402 ι
1281 347 1333 404 id
1371 356 1456 403 est
1497 357 1548 403 te
1593 347 1767 417 ipsum
1794 357 1849 403 et
1872 357 2118 419 posteros
2146 348 2190 407 Α
2221 346 2377 401 saluti
2410 355 2545 409 tuae,
2597 346 2715 403 loca
2751 348 2867 403 brec
2903 349 3159 406 deserens
3188 362 3242 406 et
3274 351 3569 408 Saxoniam
3599 366 3817 424 petens.

526 461 853 520 cognoscere
911 445 1032 500 feci.
1091 442 1325 497 Noverat
1374 441 1517 497 enim
1566 439 1828 495 Dominus
1882 449 1939 496 et
1994 450 2119 497 ante

528 556 692 611 quam
740 538 909 593 ﬁlium
941 532 1219 591 immolare
1247 531 1435 596 vellet,
1487 539 1688 601 quanta
1723 531 1995 586 Abraham
2027 546 2122 601 pa-

525 629 769 685 triarcha
822 635 1043 683 sanctus
1091 639 1214 680 eum
1257 623 1486 678 caritate
1518 622 1790 693 diligeret;
1826 621 1919 677 sed
1949 622 1994 678 is
2024 622 2116 693 qui

525 718 817 788 diligebat,
854 731 1014 785 quam
1058 712 1300 785 perfecte
1330 713 1607 783 diligeret,
1657 728 1762 767 non
1808 712 1991 778 novit,
2024 711 2121 768 do-

526 823 627 863 nec
650 822 748 877 per
766 805 946 861 dilecti
968 804 1060 859 ﬁlii
1084 804 1505 859 immolationem
1533 803 1871 874 apertissime
1899 802 2113 859 claruit.

524 893 820 952 Possumus
850 902 903 949 et
948 896 1089 950 hanc
1129 909 1196 949 ex
1226 894 1368 950 beati
1411 892 1556 949 Petri
1606 894 1963 964 promissione
1992 910 2118 949 sen-

524 986 752 1040 tentiam
778 986 1094 1055 approbare.
1124 1004 1142 1036 c
1169 985 1394 1040 Domine
1413 1025 1428 1050 ,
1454 984 1659 1053 inquit,
1693 995 1865 1040 tecum
1893 995 2115 1054 paratus

526 1092 646 1132 sum
684 1087 739 1133 et
784 1077 836 1132 in
876 1090 1150 1145 carcerem
1202 1085 1256 1132 et
1307 1076 1362 1130 in
1398 1084 1625 1132 mortem
1680 1078 1775 1131 ire.
1816 1096 1834 1129 ι
1861 1076 1958 1132 Cui
2006 1078 2113 1132 Do-

526 1167 756 1223 minus:
797 1186 817 1219 ‹
864 1166 992 1222 Dico
1042 1166 1175 1231 tibi,
1219 1165 1326 1231 ait,
1378 1165 1576 1230 Petre,
1618 1181 1725 1220 non
1781 1166 2024 1221 cantabit
2060 1167 2114 1221 in

527 1260 631 1315 hac
659 1268 820 1315 nocte
846 1259 1051 1330 gallus,
1084 1260 1255 1315 donec
1284 1267 1368 1313 ter
1396 1257 1631 1329 abneges
1660 1274 1818 1315 nosse
1844 1275 1930 1315 me
1960 1259 2113 1333 (Luc.

525 1366 678 1418 xxu,
712 1352 823 1423 '53).
869 1372 888 1405 ι
928 1350 973 1406 Ο
1022 1359 1210 1407 sancte
1256 1351 1448 1418 Petre,
1506 1351 1699 1408 melius
1751 1368 1912 1423 quam
1969 1362 2022 1408 tu
2065 1363 2117 1410 te

525 1444 679 1499 novit
729 1444 819 1515 qui
871 1444 999 1501 fecit
1048 1453 1121 1499 te.
1174 1444 1255 1499 Tu
1305 1442 1612 1515 proﬁteris,
1661 1445 2114 1515 quemadmodum

524 1546 716 1608 putas,
748 1554 934 1594 veram
977 1537 1167 1605 ﬁdem;
1196 1536 1289 1593 sed
1315 1538 1406 1609 qui
1433 1538 1747 1609 priusquam
1780 1538 1909 1594 ﬁant
1935 1539 2115 1593 omnia

526 1628 711 1694 novit,
765 1637 848 1684 ter
897 1644 956 1686 se
1000 1638 1321 1701 negaturum
1380 1641 1432 1685 te
1477 1644 1596 1686 esse
1643 1629 1912 1701 praedixit.
1946 1626 2116 1700 Hujus

2222 434 2332 491 Nec
2374 436 2513 491 clam
2562 446 2612 491 te
2641 446 2754 501 est,
2805 439 2948 508 quod
2992 436 3279 497 Heinricus
3325 440 3494 497 frater
3549 452 3673 499 tuus
3702 445 3824 499 bel-

2221 523 2330 580 lutu
2372 525 2465 580 tibi
2518 523 2718 581 inferre
2758 534 3014 595 conetur;
3047 528 3138 599 qui
3173 527 3219 585 si
3251 538 3360 585 tam
3403 548 3605 602 parvas
3632 541 3822 589 tecum

2220 632 2341 673 esse
2372 616 2555 688 copias
2577 620 2860 686 ._senserit,
2910 619 2984 675 ita
3015 623 3185 677 irruet
3232 626 3552 693 repentinus
3573 666 3588 690 ,
3624 637 3684 680 ut
3714 641 3827 681 nec

2219 706 2456 779 fugiendi
2505 708 2720 780 quidem
2770 708 2842 765 sit
2894 709 3063 766 locus.
3118 705 3307 768 Melius
3357 722 3443 769 est
3501 714 3671 785 igitur
3727 729 3827 771 re-

2216 809 2408 871 parato
2453 802 2694 857 exercitu
2746 801 2940 858 iterum
2988 804 3192 869 redire,
3224 821 3387 876 quam
3417 816 3511 862 aut
3540 802 3683 862 mori
3718 807 3831 862 mi-

2217 908 2370 959 sere,
2409 901 2502 948 aut
2532 895 2761 964 turpiter
2807 892 3011 966 fugere.
3050 914 3070 947 ι
3100 894 3307 963 Quibus
3348 912 3445 952 rex
3494 896 3829 968 inperterri-

2218 991 2338 1051 tus,
2382 991 2442 1041 ut
2481 983 2747 1054 quondam
2806 982 2918 1040 suis
2974 980 3139 1040 Judas
3184 997 3543 1057 cognomento
3588 987 3823 1043 Macha-

2213 1076 2407 1131 baeus:
2445 1094 2464 1128 ι
2501 1073 2707 1141 Nolite,
2749 1076 2856 1143 ait,
2902 1077 3068 1133 nolite
3118 1078 3241 1134 talia
3287 1080 3469 1150 loqui;
3509 1091 3567 1136 et
3610 1083 3659 1136 si
3717 1082 3824 1137 ad-

2216 1167 2595 1239 propinquavit
2642 1176 2855 1237 tempus
2896 1178 3175 1238 nostrum,
3225 1171 3527 1226 moriamur
3581 1173 3636 1227 in
3699 1174 3823 1228 vir-

2218 1268 2363 1326 tute,
2392 1267 2447 1314 et
2471 1275 2577 1315 non
2610 1258 2907 1316 inferamus
2936 1260 3138 1317 crimen
3176 1261 3358 1333 gloria:
3382 1273 3584 1318 nostra
3612 1262 3667 1335 (1
3693 1262 3825 1318 Ha-

2215 1350 2366 1405 cltab.
2418 1366 2513 1418 rx,
2561 1348 2669 1422 10).
2707 1349 2896 1406 Melius
2940 1362 3023 1407 est
3070 1353 3213 1408 enim
3262 1367 3361 1425 pro
3415 1368 3541 1409 vera
3595 1352 3824 1423 justiti:

2216 1451 2449 1507 mortem
2473 1442 2654 1498 subire
2671 1483 2685 1508 ,
2723 1458 2885 1513 quam
2912 1459 3031 1498 eam
3059 1443 3309 1514 fugiendo
3351 1442 3583 1514 turpiter
3603 1445 3820 1502 vivere.

2217 1533 2457 1603 Denique
2508 1530 2551 1589 si
2602 1531 2722 1589 illos
2771 1531 2865 1588 Dei
2908 1532 3232 1590 ordinationi
3274 1532 3627 1603 resistentes,
3662 1534 3825 1593 auxi-

2216 1622 2346 1678 lium
2395 1640 2427 1678 a
2482 1623 2826 1680 multitudine
2870 1625 2986 1680 sola
3037 1632 3094 1681 et
3138 1641 3245 1692 non
3276 1641 3305 1679 a
3332 1626 3443 1681 Deo
3489 1636 3822 1698 sperantes,

526 1720 724 1791 quippe
761 1722 1038 1777 sententiae
1088 1737 1193 1777 non
1249 1721 1548 1788 inmemor,
1597 1738 1719 1778 cum
1774 1731 1827 1777 te
1878 1732 2118 1791 postmo-
2150 1714 2420 1786 Binjuste
2460 1714 2726 1787 praeliari,
2773 1712 2910 1772 mori
2953 1723 3009 1772 et
3060 1719 3126 1773 ad
3173 1718 3577 1774 irremissibiles
3623 1720 3820 1774 herebi

528 1810 688 1875 dum,
726 1826 792 1866 an
834 1827 893 1867 se
930 1811 1181 1883 diligeres
1228 1811 1319 1878 ⁸η,
1372 1811 1764 1884 interrogaret,
1815 1811 1988 1883 magis
2022 1809 2123 1881 ipsi

527 1899 755 1956 credens
804 1916 963 1971 quam
1012 1902 1146 1966 tibi,
1187 1915 1427 1957 amorem
1476 1909 1625 1955 tuum
1680 1901 1784 1957 bac
1820 1908 2119 1970 temperata

526 1991 879 2062 responsione
906 1992 1222 2058 declarasti,
1253 1992 1437 2048 dicens
1465 2009 1478 2045 :
1510 2012 1530 2044 ι
1561 1992 1789 2047 Domine
1808 2033 1824 2058 ,
1856 2001 1912 2046 tu
1943 1991 2121 2047 omnia

527 2085 711 2149 nosti,
758 2092 816 2139 tu
865 2085 973 2140 scis
1011 2084 1137 2155 quia
1188 2100 1311 2139 amo
1356 2092 1409 2140 te
1452 2084 1635 2155 (Joan.
1691 2084 1953 2156 xx1,15).
1984 2081 2127 2140 Con-

525 2174 754 2231 scientia
784 2175 998 2245 quidem
1047 2191 1164 2231 mea
1210 2175 1331 2245 plus
1375 2175 1539 2246 diligo
1567 2182 1620 2232 te
1668 2192 1830 2247 quam
1866 2191 1985 2240 me,
2017 2174 2123 2232 nisi

526 2267 651 2339 quia
687 2275 741 2322 te
787 2267 1057 2339 diligendo
1106 2268 1269 2340 diligo
1301 2284 1406 2325 me.
1441 2268 1634 2325 Utrum
1680 2278 1891 2334 autem,
1922 2277 1981 2324 ut
2009 2268 2124 2324 exi-

525 2358 718 2423 stimo,
774 2358 848 2413 ita
916 2373 1036 2414 sese
1081 2360 1284 2414 veritas
1328 2359 1523 2414 habeat
1552 2400 1566 2423 ,
1596 2344 1747 2430 'ipse
1803 2372 1965 2429 quam
2020 2375 2121 2430 ego

525 2450 719 2506 melius
771 2451 947 2515 nosti,
997 2451 1099 2521 qui.
1134 2466 1221 2507 me
1267 2460 1327 2506 ut
1364 2466 1542 2507 essem
1596 2450 1804 2518 fecisti,
1854 2452 1903 2507 ei
1956 2459 2017 2506 ut
2068 2459 2121 2506 te

527 2538 819 2610 diligerem.
842 2553 1029 2593 amore
1049 2538 1345 2608 justissimo
1375 2538 1741 2615 inflammasti.
1790 2559 1808 2593 ι
1838 2538 1987 2596 Bone
2015 2539 2119 2595 ita-

527 2644 633 2699 que
655 2644 751 2683 rex
772 2668 786 2693 ,
828 2644 933 2683 non
962 2629 1032 2684 ob
1054 2637 1199 2684 tuam
1222 2630 1326 2685 hoc
1351 2629 1444 2686 sed
1485 2630 1554 2686 ob
1583 2630 1917 2685 inﬁrmorum
1940 2637 2118 2686 actum

527 2726 612 2773 est
649 2716 841 2781 ﬁdem,
890 2718 982 2787 qui
1035 2718 1317 2773 victoriam
1361 2734 1467 2774 non
1524 2719 1626 2775 nisi
1681 2720 1736 2774 in
1778 2719 2119 2776 multitudine

526 2817 722 2879 putant
761 2808 1060 2864 consistere
1100 2818 1157 2863 et
1201 2809 1465 2863 humanas
1498 2823 1585 2864 res
1619 2823 1726 2863 non
1759 2810 1862 2864 nisi
1893 2808 2117 2865 fortuitu

529 2899 832 2969 provenire.
879 2899 1093 2955 Scimus
1118 2900 1295 2964 enim,
1324 2901 1451 2971 quia
1498 2910 1552 2956 et
1603 2902 1648 2956 si
1695 2917 1817 2956 cum
1866 2902 1933 2957 12
1975 2902 2118 2957 mili-

526 2993 631 3049 bus
645 2993 714 3025 ³¹³
729 2993 1027 3064 legionibus
1049 2994 1215 3049 transi
1225 3009 1311 3050 res
1326 3010 1390 3049 ac
1402 2995 1685 3051 victoriam
1701 2996 1990 3065 optineres,
2006 3010 2113 3051 non

2225 1824 2415 1880 poenas
2470 1808 2796 1865 descendere
2837 1805 3019 1879 juvat,
3068 1806 3450 1866 nichilominus
3498 1826 3601 1865 nos
3649 1811 3823 1865 immo

2226 1901 2405 1957 acrius
2448 1916 2690 1972 pugnare
2718 1900 2977 1965 delectet,
3007 1901 3099 1970 qui
3124 1910 3177 1956 et
3206 1901 3439 1971 praeliari
3471 1917 3572 1972 pro
3595 1900 3820 1971 justicia

2224 1994 2435 2060 securi,
2466 2003 2520 2049 et
2547 1993 2871 2064 prmliando,
2903 1992 2948 2047 si
2996 2007 3117 2048 sors
3163 1992 3343 2048 carnis
3372 1992 3644 2047 universa:
3676 1992 3820 2046 acci-

2222 2086 2394 2152 derit,
2438 2087 2684 2142 securius
2734 2100 3022 2158 possumus
3058 2086 3217 2141 mori.
3261 2084 3396 2141 Nam
3446 2102 3548 2157 pro
3592 2084 3819 2153 justicia

2222 2187 2590 2250 pugnaturos,
2636 2178 2705 2233 ob
2748 2178 3026 2248 copiarum
3067 2178 3392 2248 paucitatem
3443 2186 3577 2233 ante
3623 2191 3817 2247 pugnae

2221 2270 2653 2340 erperimentum
2709 2278 2860 2339 terga
2910 2267 3071 2335 dare,
3115 2270 3226 2325 Deo
3256 2269 3499 2324 diuidere
3527 2278 3635 2323 est.
3673 2288 3694 2311 ι
3724 2267 3817 2323 [iis

2219 2368 2381 2424 dictis
2431 2382 2538 2422 non
2582 2364 2753 2421 solum
2808 2380 2902 2422 eos
2932 2381 2962 2420 a
2993 2364 3131 2436 fuga:
3177 2366 3455 2437 proposito
3502 2364 3814 2430 revocavit,

2219 2477 2405 2517 verum
2456 2459 2618 2517 etiam
2646 2501 2659 2527 ,
2696 2467 2755 2515 ut
2793 2457 3140 2515 vehementer
3176 2468 3481 2531 pugnarent
3516 2500 3531 2526 ,
3566 2459 3817 2530 protinus

2221 2551 2500 2608 animavit.

2289 2641 2378 2698 27.
2420 2640 2598 2697 Unum
2651 2648 2866 2707 autem,
2918 2655 3114 2706 unum,
3159 2648 3311 2711 pater
3353 2639 3605 2713 egregie,
3657 2640 3816 2697 velim

2216 2733 2500 2806 diligenter
2533 2731 2831 2798 adtendas;
2872 2729 3014 2801 quod
3044 2747 3165 2788 cum
3197 2731 3436 2788 audieris
3456 2772 3474 2796 ,
3528 2733 3656 2801 plus
3688 2748 3811 2788 eum

2216 2827 2383 2882 animi
2409 2826 2691 2897 passiones
2725 2839 2887 2894 quam
2915 2823 3100 2879 hostes
3128 2822 3321 2880 vicisse
3359 2823 3675 2880 miraberis.
3709 2824 3818 2879 Ilu-

2211 2914 2447 2989 jusmodi
2477 2900 2700 2972 vincere
2722 2913 3064 2973 adversarios
3084 2955 3099 2980 .
3132 2914 3480 2984 permittente
3507 2914 3655 2980 Deo,
3688 2931 3819 2971 non-

2219 3022 2514 3077 numquam
2562 3013 2616 3061 et
2660 3013 2974 3075 peccatores
3017 3012 3275 3074 possunt;
3310 3004 3694 3060 inconcussam
3724 3021 3820 3059 an.

528 3099 650 3138 cam
684 3084 801 3149 tibi,
840 3083 933 3139 sed
979 3084 1229 3148 Domino,
1262 3084 1579 3156 imputares.
1612 3085 1680 3139 Et
1707 3086 1823 3142 haec
1848 3086 1989 3140 ratio
2015 3094 2116 3152 est,

2224 3108 2332 3155 tem
2370 3076 2536 3153 animi
2571 3107 2769 3179 tenere.
2799 3094 3054 3150 virtutem
3075 3136 3088 3158 ,
3137 3096 3428 3166 prospzeris
3458 3097 3670 3152 scilicet
3709 3113 3816 3152 non

529 3173 671 3245 quod
723 3182 775 3228 le
824 3174 877 3228 in
914 3175 1101 3245 paucis
1145 3174 1351 3230 orando
1374 3175 1545 3231 voluit
1584 3174 1832 3238 vincere,
1877 3184 1938 3230 ut
1966 3184 2023 3232 et
2061 3177 2119 3231 iu

529 3277 589 3321 se
636 3273 916 3335 sperantes
943 3265 1011 3320 ad
1046 3280 1285 3321 amorem
1312 3266 1395 3321 sui
1426 3266 1599 3337 magis
1644 3268 2001 3335 accenderet,
2029 3276 2117 3335 et,

528 3364 584 3412 te
636 3367 894 3426 quantum
938 3355 1215 3428 diligeret,
1270 3356 1637 3413 nescientibus
1675 3358 1957 3414 indicaret.
2010 3357 2117 3416 Sed

528 3448 615 3504 bis
643 3447 926 3514 obmissis,
960 3450 1025 3502 ad
1060 3450 1314 3504 narrandi
1347 3451 1543 3505 seriem
1575 3452 1858 3508 redeamus
1884 3450 1973 3506 ³³⁸.

599 3537 687 3592 26.
730 3537 825 3593 Est
869 3537 920 3592 in
970 3538 1199 3595 Alsaciae
1229 3540 1475 3611 partibus
1521 3542 1799 3598 castellum
1825 3585 1840 3610 ,
1874 3543 2119 3600 Brisicau

533 3626 681 3699 (εει)
710 3628 887 3696 patrio
909 3630 1168 3689 vocabulo
1194 3643 1559 3704 nuncupatum
1580 3677 1595 3702 ,
1638 3638 1778 3707 quod
1814 3646 1869 3695 et
1897 3638 2120 3694 Rhenus

530 3718 822 3773 immodum
870 3719 1055 3775 insula:
1107 3723 1375 3795 cingens,
1418 3734 1473 3781 et
1529 3729 1792 3785 naturalis
1846 3730 1959 3799 ipsa
2014 3730 2119 3786 loci

530 3809 794 3878 asperitas
843 3811 1034 3866 munit.
1086 3811 1141 3867 lu
1197 3814 1299 3870 hoc
1347 3818 1534 3887 itaque
1571 3834 1792 3875 suorum
1849 3821 2118 3876 Heverar-

531 3897 631 3952 dus
660 3910 911 3968 posuerat
935 3902 1333 3961 multitudinem
1359 3908 1589 3963 militum
1609 3950 1624 3977 ,
1655 3925 1879 3980 quorum
1914 3920 2121 3968 terrore

530 4003 636 4043 non
677 3990 1121 4063 solum'maguam
1163 3997 1263 4051 sibi
1311 4008 1516 4067 partem
1563 4001 1801 4069 praefatae
1831 4003 2121 4071 provincia:

531 4079 883 4145 veudicabat,
915 4098 1098 4137 verum
1151 4087 1314 4140 etiam
1361 4088 1714 4145 circumcirca
1755 4091 1897 4163 regis
1939 4093 2122 4150 ﬁdeles

532 4168 732 4223 misere
774 4170 1033 4227 laniabat.
1073 4173 1187 4230 Rex
1219 4175 1450 4247 denique
1490 4179 1692 4244 bonus,
1735 4196 1839 4235 non
1870 4197 1991 4252 qua“:
2025 4198 2121 4238 sua

534 4263 627 4316 sed
657 4277 776 4332 qua:
818 4280 1037 4319 suorum
1085 4276 1242 4322 erant
1272 4270 1657 4339 considerans,
1706 4273 1935 4329 collecto
1966 4290 2122 4330 exer-

532 4351 643 4405 citu
666 4352 699 4416 ,‘
735 4351 786 4405 in
831 4351 1125 4420 Alsatiam,
1156 4364 1215 4410 ut
1255 4357 1539 4427 praefatum
1575 4368 1814 4416 castrum
1842 4363 2120 4430 obsideat,

2222 3187 2423 3245 elevari
2448 3196 2504 3242 et
2549 3184 2791 3241 adversis
2824 3200 2928 3240 non
2960 3182 3166 3256 frangi,
3216 3185 3581 3255 perfectorum
3612 3185 3819 3243 solum-

2222 3279 2382 3336 modo
2411 3286 2515 3334 εει.
2552 3277 2691 3333 Audi
2737 3274 2905 3347 igitur
2943 3273 2996 3330 in
3026 3284 3177 3331 tanta
3212 3273 3313 3331 hac
3349 3273 3651 3331 ﬂuctuante
3696 3292 3821 3347 pro-

2221 3371 2392 3436 cella,
2433 3383 2542 3440 quo
2576 3368 2699 3424 ﬁdei
2754 3382 2917 3439 supra
2959 3376 3204 3437 petram,
3251 3383 3372 3438 qua:
3416 3366 3675 3424 Christus
3701 3378 3817 3436 est,

2221 3463 2293 3519 sit
2342 3463 2537 3519 ardore
2587 3460 2861 3517 fundatus.
2907 3459 3103 3515 Comes
3136 3461 3351 3532 quidam
3386 3469 3517 3517 tunc
3549 3463 3821 3534 praedives

2222 3570 2403 3612 secum
2461 3562 2609 3619 erat,
2663 3551 2816 3622 cujus
2864 3550 3148 3607 multitudo
3188 3552 3416 3608 militum
3466 3554 3612 3625 regis
3646 3555 3818 3611 aciem

2222 3642 2639 3701 condecorabat.
2690 3641 2791 3697 Hic
2842 3642 3025 3712 itaque
3073 3642 3283 3707 videns,
3340 3659 3503 3713 quam
3555 3645 3819 3714 plurimos

2222 3750 2289 3790 ex
2347 3734 2489 3807 regis
2526 3734 2643 3789 acie
2695 3733 3001 3790 desertores
3048 3749 3112 3788 ac
3161 3732 3467 3805 transfugas
3516 3734 3669 3800 ﬁeri,
3714 3753 3820 3792 non

2223 3827 2536 3883 interiorem
2589 3823 2681 3881 sed
2727 3824 3055 3881 exteriorem
3090 3824 3443 3881 considerans
3493 3822 3817 3895 hominem,

2223 3918 2420 3975 tacitus
2444 3918 2559 3972 haec
2599 3931 2783 3971 secum
2814 3914 3030 3971 volvere
3055 3915 3197 3987 cepit
3227 3934 3241 3970 :
3278 3934 3297 3967 ι
3335 3915 3605 3988 Quicquid
3639 3934 3819 3990 regem

2223 4010 2277 4064 in
2329 4009 2429 4063 hac
2473 4005 2779 4060 turbatione
2826 4004 3179 4060 constitutum
3224 4005 3466 4075 petiero,
3503 4007 3623 4062 sine
3656 4007 3820 4064 dubio

2224 4095 2555 4170 impetrabo,
2610 4096 2911 4165 praesertim
2955 4111 3078 4153 cum
3133 4103 3187 4150 et
3238 4112 3364 4151 acre
3413 4097 3615 4152 bellum
3666 4100 3820 4154 nobis

2226 4192 2553 4257 immineat,
2612 4207 2678 4247 ac
2722 4208 2791 4248 ne
2843 4208 2903 4248 se
2960 4194 3206 4248 deseram
3252 4195 3459 4250 timeat.
3525 4215 3544 4247 ι
3605 4191 3820 4250 Nuntiis

2226 4282 2407 4354 itaque
2455 4282 2708 4348 directis,
2747 4283 2862 4357 regi
2911 4286 3210 4355 supplicat,
3242 4294 3301 4341 ut
3343 4287 3618 4343 abbatiam
3651 4305 3820 4361 quan-

2226 4371 2350 4428 dam
2401 4371 2714 4429 Laresbeim
2766 4374 2963 4429 dictam
2996 4372 3088 4441 “',
3119 4376 3335 4445 praediis
3363 4375 3690 4432 ditissimam
3715 4419 3730 4443 ,
3769 4379 3817 4432 ei

533 4440 915 4536 proﬁciscitur.
939 4441 1179 4514 Cumque
1206 4448 1394 4503 eodem
1421 4451 1790 4519 pervenisset,
1820 4451 2119 4520 Frederici,
2153 4453 2198 4512 D
2225 4463 2525 4530 concedat;
2566 4463 2720 4536 cujus
2746 4440 3177 4534 possessionibus
3214 4466 3355 4536 quod
3398 4463 3502 4522 sibi
3533 4440 3729 4525 deerat
3758 4486 3819 4526 ac

532 4531 623 4599 qui
670 4547 793 4586 cum
836 4547 902 4587 eo
953 4541 1080 4589 tunc
1130 4536 1287 4592 simul
1335 4539 1558 4610 aderat,
1607 4541 1927 4615 Mogontinm
1977 4546 2121 4602 sedis

534 4623 971 4695 archiepiscopi,
1001 4628 1375 4686 exhortatione
1408 4633 1785 4705 episcoporum
1833 4638 2117 4708 quamplu-

535 4715 689 4783 rimi,
746 4718 937 4774 deﬁxis
981 4730 1145 4775 noctu
1191 4737 1290 4793 per
1339 4723 1513 4794 girum
1566 4727 1779 4782 amissis
1834 4730 2119 4798 tentoriis,

536 4817 819 4877 creperum
846 4824 1026 4879 regem
1061 4806 1313 4869 deserere
1352 4813 1598 4885 clamque
1626 4817 1693 4871 ad
1719 4818 1966 4873 civitates
1997 4835 2122 4890 pro-

537 4898 686 4965 prias
734 4897 949 4969 fugere,
1000 4900 1287 4959 Frederieo
1333 4920 1455 4959 cum
1495 4906 1683 4962 eodem
1730 4908 1952 4967 subdole
1996 4926 2122 4982 per-

540 4988 815 5046 manente.
845 4992 997 5058 Quod
1043 4995 1187 5066 regis
1236 4994 1436 5053 milites
1468 4998 1899 5067 considerantes,
1934 5003 2122 5072 hujus-

543 5079 685 5135 modi
715 5095 897 5152 regem
928 5092 1053 5138 sunt
1081 5099 1330 5142 sermone
1351 5086 1591 5158 adgressi
1617 5107 1630 5141 :
1663 5108 1682 5141 ι
1710 5089 1944 5147 Consule
1962 5134 1977 5159 ,
2022 5109 2118 5149 rex

2226 4553 2489 4610 militibus
2542 4555 2655 4611 suis
2707 4554 3020 4610 ministrare
3076 4555 3381 4625 praevaleat.
3426 4554 3545 4612 Rex
3595 4568 3816 4621 autem.

2224 4643 2531 4699 columbina
2579 4660 2687 4700 non
2732 4644 2905 4701 solum
2935 4646 3050 4713 sed,
3082 4654 3143 4701 ut
3177 4655 3316 4713 erat,
3353 4633 3639 4719 vipperina
3673 4649 3820 4703 calli-

2227 4735 2394 4791 ditate
2437 4734 2848 4801 suffarcinatus,
2894 4752 3000 4792 non
3043 4737 3145 4794 hoc
3180 4739 3323 4810 quod
3369 4739 3724 4809 portenderet
3755 4740 3818 4772 ³¹⁶

2227 4826 2659 4884 animadvertere
2709 4829 2933 4885 minime
2968 4831 3174 4901 potuit;
3216 4831 3358 4887 unde
3402 4841 3460 4887 et
3508 4814 3817 4901 huiusmodi

2227 4918 2433 4973 nuntiis
2466 4919 2858 4992 apologeticum
2914 4921 3063 4976 dedit
3096 4940 3109 4975 :
3144 4941 3163 4974 ι
3206 4922 3317 4986 llli,
3346 4922 3475 4992 quid
3523 4939 3695 4995 super
3723 4925 3820 4979 hac

2225 5026 2286 5067 re
2311 5011 2541 5067 sentiam
2564 5053 2579 5078 ,
2610 5014 2790 5068 verbis
2830 5013 2943 5084 ipse
2972 5014 3153 5084 potius
3176 5011 3452 5085 explicabo
3479 5030 3650 5085 quam
3686 5032 3820 5076 nun-

2228 5102 2337 5157 tiis.
2378 5122 2395 5155 ι
2425 5101 2576 5169 Quod
2606 5103 2697 5173 qui
2721 5103 2826 5159 hoc
2857 5104 3134 5160 direxerat
3167 5105 3425 5175 audiens,
3457 5106 3715 5164 inmensa
3742 5115 3822 5162 est

1816 5267 2050 5323 VABUE
2083 5269 2488 5330 LECTIONES.
