4012 5340
237 194 356 261 873

1208 196 1751 256 ANTAPODOSEOS
1790 194 1966 253 LlBlll
2004 194 2265 255 SEX.,-—
2302 196 2427 254 LIB.
2468 196 2556 255 lV.

3422 204 3530 266 874

236 292 410 347 animi
443 289 665 347 affectus
703 288 880 348 letieia
903 332 917 357 ,
949 306 1205 362 sperans,
1248 310 1306 348 se
1337 294 1478 363 quod
1517 301 1833 364 poposcerat
1863 297 1907 353 Α
1938 291 2209 347 sacerdos.
2243 294 2344 360 Qui
2387 304 2607 365 rogatus
2659 295 2728 351 ab
2762 295 2839 352 eis
2866 297 3008 352 unde
3039 297 3160 364 iret,
3193 312 3290 355 cur
3327 298 3533 360 ﬂeret?

238 386 586 455 impetrasse.
633 384 785 440 Unde
835 392 892 439 et
942 400 1105 440 morte
1153 384 1221 417 ³⁸⁷
1271 386 1588 455 inpaciens,
1656 402 1835 457 regem

237 478 384 543 adit,
442 493 673 548 eumque
725 478 1055 533 sentenciam
1115 493 1276 548 super
1327 479 1427 532 hac
1475 493 1533 533 re
1588 494 1836 548 promere

236 568 557 640 postulavit.
611 568 708 624 Cui
739 584 869 629 rex,
913 570 1107 639 populo
1150 571 1536 626 circumstante
1571 589 1583 623 :
1623 589 1641 622 ι
1675 569 1837 627 Obre—

237 658 394 722 dire,
442 658 648 728 inquit,
683 674 855 730 magis
888 669 1100 729 Oportet
1149 660 1258 716 Deo
1308 677 1470 731 quam
1505 661 1832 717 hominibus.

237 750 375 820 Quis
423 752 570 807 enim
596 766 788 806 sanum
820 753 1036 822 sapiens
1085 754 1325 824 ignorat,
1363 766 1412 809 te
1442 754 1558 808 haec
1608 770 1713 808 non
1744 770 1837 824 pe-

236 842 446 899 titionis
484 842 787 898 humilitate
812 844 905 898 sed
933 844 1369 899 comminationis
1396 845 1719 900 auctoritate
1750 846 1834 900 di-

234 935 427 990 xisse?
475 934 745 1007 Scriptum
791 947 917 991 est:
963 937 1141 992 Nolite
1169 951 1409 992 sanctum
1460 940 1588 993 dare
1617 940 1833 995 canibus

236 1027 457 1100 (Matth.
484 1046 579 1093 vn,
611 1032 689 1099 ὁ).
743 1031 897 1099 Quod
944 1034 1191 1103 quamvis
1237 1051 1265 1089 a
1309 1036 1620 1092 doctoribus
1675 1036 1835 1107 spiri~

236 1120 424 1176 taliter
474 1122 881 1194 intelligendum
935 1140 1059 1180 esse
1102 1128 1453 1197 praedicetur,
1500 1144 1599 1198 ego
1651 1137 1830 1183 tamen

233 1213 372 1269 satis
427 1229 515 1270 me
553 1215 681 1270 dare
735 1226 982 1271 sanctum
1028 1220 1253 1273 canibus
1284 1235 1513 1285 censeo,
1551 1221 1594 1275 si
1644 1236 1831 1275 mona-

232 1304 523 1361 steriorum
568 1308 797 1376 praedia,
838 1323 955 1377 qua:
1006 1324 1035 1363 a
1080 1309 1344 1381 religiosis
1393 1311 1526 1366 viris
1564 1312 1673 1365 Deo
1704 1319 1832 1366 sunt

232 1396 593 1453 militantibus
624 1400 816 1454 tradita
840 1441 856 1466 ,
904 1401 1107 1465 tulero,
1138 1403 1444 1473 saeculoque
1476 1403 1832 1459 militantibus

232 1488 453 1543 dedero.
502 1488 621 1544 Tibi
675 1506 805 1546 vero
857 1498 964 1545 tam
1013 1494 1317 1561 procaciter
1364 1494 1559 1564 injusta
1589 1494 1831 1563 petenti,

232 1580 335 1635 sub
378 1581 689 1638 testimonio
741 1584 906 1639 totius
932 1585 1147 1654 populi,
1197 1601 1296 1641 nec
1338 1586 1441 1640 hoc
1472 1602 1571 1643 nec
1601 1588 1746 1641 aliud
1781 1596 1831 1642 te

1944 402 1962 434 ι
1999 383 2081 438 Ab
2116 386 2250 449 istis,
2306 387 2499 456 inquit,
2531 388 2872 457 praedonibus
2920 405 3020 462 ego
3046 393 3225 459 venio,
3264 394 3356 465 qui
3386 412 3526 469 pau-

1936 475 2165 543 pertatis
2196 491 2327 531 mea:
2353 493 2635 532 ermnnam
2662 496 2767 535 uno
2793 484 2935 551 quod
2976 482 3148 538 solum
3178 487 3526 555 possederam

1932 564 2178 636 jumento
2220 569 2399 624 ablato
2430 571 2741 628 dilatarunt.
2783 592 2803 627 ι
2837 574 2989 642 Quod
3020 593 3143 632 eum
3196 580 3405 650 prtefati
3450 580 3525 615 ³⁸⁸

1938 656 2082 712 lluto
2112 675 2176 715 ac
2207 661 2563 720 Chuonradus
2586 666 2860 729 audirent,
2884 669 2929 723 si
2955 668 3318 728 Gislebertum
3352 684 3519 746 atque

1940 746 2305 806 lleverardum
2330 755 2551 823 viderit,
2573 760 2904 814 examussim
2938 770 3062 816 sunt
3084 763 3363 820 sciscitati.
3409 766 3531 835 Quo

1938 842 2295 910 respondente
2329 862 2343 897 :
2389 863 2409 897 ι
2450 846 2714 914 Quoniam
2742 864 2863 905 cum
2900 853 3082 921 prmda
3126 855 3338 912 cunctis
3366 870 3528 926 paene

1936 940 2089 988 trans
2118 933 2363 991 Rhenum
2396 938 2597 1005 missis,
2632 940 2731 1010 ipsi
2780 942 2879 997 soli
2932 958 3055 999 cum
3099 960 3288 1001 eorum
3340 946 3528 1005 electis

1934 1025 2212 1092 militibus,
2228 1028 2368 1097 quod
2386 1044 2483 1083 nec
2499 1029 2636 1085 bene
2650 1036 2852 1103 veuat!
2873 1035 3091 1105 capiant
3108 1037 3284 1092 cibum
3301 1054 3315 1104 ;
3330 1057 3347 1089 ι
3370 1047 3524 1096 tanta

1932 1116 2223 1173 celeritate
2263 1136 2423 1190 super
2447 1137 2540 1177 eos
2570 1122 2801 1189 irruunt,
2832 1135 2912 1189 ut,
2942 1128 2986 1181 si
3018 1128 3250 1195 videres,
3280 1145 3387 1185 non
3430 1146 3527 1189 eos

1933 1223 2153 1266 currere
2184 1212 2253 1243 ³⁸³
2287 1215 2381 1269 sed
2415 1216 2626 1273 diceres
2676 1219 3015 1276 transvolare
3041 1221 3134 1276 m.
3160 1222 3298 1291 Quid
3327 1224 3528 1296 plura?

1933 1300 2279 1359 Heverardus
2304 1307 2496 1377 gladiis
2535 1310 2825 1378 occiditur,
2857 1310 3193 1371 Gislebertus
3219 1316 3393 1373 Rheni
3424 1334 3529 1374 un-

1935 1396 2020 1452 dis
2082 1399 2467 1470 submergitur,
2518 1418 2653 1473 quas
2710 1405 2964 1475 quoniam
3019 1423 3131 1477 pra:
3180 1409 3527 1468 multitudine

1934 1490 2157 1545 sorbere
2189 1492 2260 1523 ³³⁸
2284 1508 2391 1548 non
2419 1496 2612 1564 potuit,
2638 1498 2821 1551 anima
2854 1498 3137 1555 recedente
3159 1500 3374 1557 defecit.
3402 1502 3525 1560 Cte-

1937 1588 2178 1635 terorum
2204 1598 2333 1637 vero
2368 1600 2528 1639 nemo
2548 1585 2796 1657 aufugiit,
2823 1588 2914 1657 qui
2943 1604 3045 1642 non
3080 1597 3173 1643 aut
3200 1589 3355 1647 vivus
3391 1590 3527 1669 liga-

231 1686 493 1743 umquam
522 1689 552 1728 a
596 1690 682 1729 me
711 1686 1063 1746 accepturum
1104 1692 1225 1733 esse
1263 1678 1543 1735 testificor.
1592 1679 1647 1734 Si
1680 1679 1828 1734 cordi
1860 1672 1905 1732 Β
1936 1680 2105 1739 relur.
2143 1683 2238 1729 aut
2264 1675 2441 1745 gladio
2466 1686 2834 1733 truncaretur.
2863 1678 3025 1735 Vides
3053 1681 3239 1752 igitur,
3264 1685 3527 1753 quemad-

240 1764 338 1821 tibi
398 1774 485 1821 est
535 1768 731 1823 ceteris
775 1784 898 1823 cum
951 1769 1257 1827 inﬁdelibus
1306 1772 1522 1826 avolare
1557 1812 1571 1837 ,
1628 1780 1831 1841 quanto

237 1857 430 1923 citius,
458 1867 605 1915 tanto
634 1860 846 1915 melius.
885 1881 903 1914 ι
940 1861 1035 1917 llis
1071 1864 1297 1929 auditis,
1323 1866 1447 1933 quia
1480 1865 1646 1920 facies
1677 1881 1830 1920 men-

229 1951 302 2008 tis
343 1961 427 2008 est
461 1953 737 2023 speculum
772 1956 953 2011 cordis
984 1958 1077 2020 3“,
1109 1958 1493 2013 verecundiam
1532 1958 1712 2013 vultus
1741 1974 1835 2014 ru-

226 2046 364 2105 bore
389 2049 645 2116 nudavit,
679 2050 1027 2122 concitusque
1072 2052 1213 2121 regis
1244 2053 1309 2106 ad
1340 2053 1503 2122 pedes
1533 2067 1828 2124 corruens,

218 2140 289 2195 'se
330 2155 620 2211 peccasse,
649 2156 707 2197 se
742 2143 979 2212 graviter
1019 2143 1338 2213 deliquisse,
1397 2142 1675 2199 confessus
1724 2153 1828 2199 est.

228 2228 510 2301 Perpende
561 2233 741 2303 itaque
771 2217 799 2295 ,'
840 2249 945 2303 qua
996 2236 1299 2290 constantia
1356 2234 1426 2266 ³¹⁹
1476 2236 1676 2290 athelta
1736 2237 1829 2291 Dei

228 2337 337 2377 non
386 2323 559 2378 solum
608 2324 882 2391 visibiles,
931 2341 1118 2381 verum
1169 2329 1332 2382 etiam
1371 2328 1665 2384 invisibiles
1700 2345 1831 2385 con-

234 2423 377 2470 terat
423 2415 638 2482 hostes;
689 2418 945 2489 antiquus
986 2418 1187 2473 etenim
1235 2419 1406 2474 hostis
1462 2436 1565 2474 non
1616 2437 1736 2474 cum
1770 2436 1829 2475 se

225 2507 475 2563 nocuisse
506 2509 747 2578 putavit,
777 2510 903 2565 dmn
948 2518 1026 2565 tot
1050 2510 1376 2566 fortissimos
1399 2512 1672 2582 principes
1698 2512 1835 2567 con?

226 2611 309 2658 tra
340 2601 488 2657 illum
538 2619 759 2674 surgere
799 2605 1102 2674 persuasit,
1143 2603 1366 2658 fratrem
1405 2606 1599 2669 etiam,
1654 2607 1743 2674 qui
1776 2605 1826 2660 ci

227 2709 450 2766 regnum
478 2696 749 2760 auferret,
780 2697 1089 2767 instigavit,
1116 2698 1371 2767 quoniam
1414 2698 1680 2752 exteriora
1714 2700 1826 2753 [nec

226 2801 343 2842 esse
389 2787 587 2841 damna
635 2788 914 2859 cognovit;
950 2790 1091 2843 unde
1134 2798 1189 2843 et
1233 2788 1516 2859 prtefatnm
1567 2790 1824 2844 comitem

225 2878 290 2931 ad
340 2879 701 2946 expetendam
766 2888 1075 2933 sanctorum
1132 2878 1487 2933 hereditatem
1534 2880 1822 2947 incitavit,

224 2968 481 3038 quatinus
528 2983 594 3024 eo
626 2985 718 3024 rex
758 2969 994 3026 velocius
1037 2969 1296 3027 offensam
1338 2972 1432 3027 Dei
1478 2973 1835 3038 incurreret.

1926 1764 2156 1833 modum
2225 1781 2387 1835 super
2454 1783 2636 1838 regem
2698 1770 3017 1827 tribulanles
3089 1774 3349 1831 Dominus
3403 1791 3525 1832 ma-

1935 1870 2063 1908 num
2116 1856 2369 1923 miserit,
2417 1873 2578 1927 quem
2628 1859 2683 1913 in
2747 1860 2850 1916 viis
2905 1862 3018 1917 suis
3067 1864 3377 1921 ambulasse
3424 1881 3525 1922 co-

1934 1946 2139 2033 gnov'it.

2005 2039 2093 2093 29.
2122 2038 2257 2094 Dum
2292 2040 2406 2096 inec
2429 2051 2683 2111 aguntur,
2721 2060 2815 2099 rex
2862 2044 2915 2100 in
2967 2045 3173 2102 Alsatia
3208 2047 3405 2105 horum
3434 2050 3524 2107 in-

1935 2130 2097 2193 scius,
2138 2132 2273 2186 mori
2304 2133 2482 2202 potius
2519 2150 2681 2203 quam
2722 2137 3065 2192 adversarios
3090 2138 3278 2209 fugere
3306 2149 3390 2196 est
3427 2157 3526 2212 pa-

1934 2230 2103 2277 ratus.
2130 2225 2340 2278 Accidit
2386 2226 2587 2296 itaque,
2628 2236 2710 2291 ut,
2741 2228 3194 2297 quemadmodum
3249 2232 3299 2286 ei
3353 2233 3525 2290 moris

1932 2325 2070 2381 erat,
2100 2332 2257 2371 mane
2309 2318 2504 2387 primo,
2555 2321 2806 2389 quoniam
2851 2320 3064 2375 azclesia
3102 2320 3260 2392 longe
3307 2324 3519 2391 aberat,

1931 2423 2096 2477 super
2141 2425 2336 2478 equum
2371 2413 2759 2466 conscenderet
2786 2413 2875 2478 ³⁸³,
2929 2429 3103 2485 eoque
3155 2429 3215 2469 se
3252 2418 3521 2473 munitum

1931 2501 2267 2555 orationibus
2299 2503 2419 2565 iret,
2447 2502 2575 2557 dum
2618 2504 2839 2559 directis
2885 2505 3071 2575 procul
3095 2507 3395 2574 obtutibus,
3424 2510 3523 2565 ob-

1930 2596 2080 2650 viare
2132 2595 2232 2651 sibi
2302 2598 2468 2651 nimia
2521 2597 2797 2653 celeritate
2844 2598 3118 2654 hominem
3173 2600 3327 2665 vidit,
3355 2616 3520 2671 quem

1931 2687 2055 2742 ilico
2085 2689 2331 2742 nuntimn
2360 2704 2479 2743 esse
2507 2688 2775 2745 intellexit
2798 2688 2888 2743 “7.
2918 2689 2984 2743 Et
3008 2690 3133 2760 quia
3164 2690 3210 2745 is
3232 2691 3323 2761 qui
3354 2707 3521 2748 vene-

1927 2790 2013 2835 rat
2059 2796 2315 2852 prospera
2348 2783 2653 2846 nuntiabat,
2688 2797 2809 2836 mox
2840 2794 2896 2836 ut
2940 2798 3122 2853 regem
3149 2783 3303 2850 vidit,
3332 2786 3523 2841 subse-

1926 2884 2173 2929 cuturam
2197 2874 2420 2928 letitiam
2449 2876 2679 2944 quodam
2723 2875 2971 2945 proludio
2998 2875 3289 2931 hilaritatis
3331 2884 3520 2932 osten-

1927 2969 2023 3022 dit.
2068 2967 2177 3022 lloc
2203 2967 2365 3037 igitur
2405 2968 2621 3033 inditio,
2672 2968 2797 3035 quia
2848 2968 3082 3023 secunda
3126 2984 3248 3023 eum
3299 2969 3389 3038 qui
3426 2969 3523 3023 ad-

223 3078 331 3133 quo
380 3076 660 3119 servorum
850 3066 1114 3135 stipendia
1162 3068 1277 3123 suis
1321 3065 1519 3136 injuste
1558 3067 1819 3123 militibus
1846 3044 1890 3108 Ο
1923 3068 2078 3115 erant
2105 3061 2355 3114 nuntiare
2403 3059 2742 3130 intellegunt,
2783 3061 3017 3115 arrectis
3055 3062 3279 3116 auribus
3307 3071 3365 3115 ιιι
3393 3076 3521 3117 eum

224 3155 481 3211 traderet.
514 3153 713 3210 Verum
739 3156 863 3227 quia
904 3157 1145 3227 nequivit
1167 3199 1181 3223 ,
1228 3175 1397 3226 nunc,
1428 3168 1689 3230 quantum
1723 3175 1818 3214 rex

224 3257 474 3315 sanctus,
517 3248 586 3303 ob
612 3250 982 3320 temptationis
1007 3250 1164 3319 hujus
1189 3253 1549 3307 constantiam
1582 3253 1691 3307 Deo
1718 3267 1816 3322 pro

223 3354 281 3396 se
309 3350 587 3413 pugnante
608 3382 622 3407 ,
649 3341 916 3408 creverit,
948 3341 1003 3396 in
1032 3344 1265 3397 medium
1294 3342 1649 3413 proferamus.

288 3432 380 3489 28.
414 3433 583 3489 David
612 3444 833 3490 sanctus
858 3451 925 3489 ex
957 3450 1187 3505 persona
1213 3434 1430 3489 Domini
1482 3436 1613 3490 dicit
1647 3453 1660 3488 :
1692 3454 1710 3486 ι
1754 3433 1815 3491 Si

224 3524 453 3597 populus
478 3542 629 3582 meus
662 3527 906 3583 audisset
932 3542 1037 3590 me,
1064 3526 1230 3582 Israel
1259 3528 1303 3580 si
1329 3527 1381 3581 in
1409 3527 1510 3581 viis
1541 3528 1676 3582 meis
1699 3544 1815 3581 am-

224 3618 480 3682 bulasset,
514 3632 614 3688 pro
637 3617 840 3673 nicbilo
870 3617 1099 3673 forsitan
1127 3618 1377 3673 inimicos
1404 3617 1471 3649 ³¹⁰
1496 3634 1681 3674 eorum
1716 3621 1815 3673 hu-

224 3710 544 3777 miliassem,
568 3720 625 3767 et
648 3727 810 3782 super
833 3710 1154 3766 tribulanles
1181 3727 1275 3766 eos
1300 3711 1563 3765 misissem
1593 3726 1812 3763 manum

223 3817 401 3858 meam
432 3800 607 3873 (Psal.
627 3818 792 3869 Lxxx,
818 3801 927 3872 14).
952 3821 971 3852 ι
994 3802 1146 3868 Quod
1168 3802 1220 3855 in
1244 3803 1345 3856 hoc
1376 3816 1501 3870 rege
1526 3802 1811 3855 Dominum

222 3892 475 3948 audiente
520 3900 682 3962 atque
724 3892 777 3947 in
807 3892 907 3948 viis
935 3890 1052 3960 ejus
1082 3891 1394 3947 ambulante
1421 3907 1542 3946 esse
1574 3890 1815 3959 comple-

222 3993 359 4048 tum,
387 3999 551 4054 quam
571 3992 919 4055 prompturus
941 4000 1084 4048 sum,
1118 3983 1254 4037 ratio
1302 3982 1616 4037 declarabit.
1641 3980 1812 4047 [leve-

220 4075 421 4130 rardus
474 4083 636 4144 atque
662 4072 1018 4140 Gislebertus,
1045 4073 1229 4128 audito
1278 4089 1461 4144 regem
1521 4073 1575 4128 in
1606 4073 1811 4129 Alsatia

218 4181 365 4231 esse,
406 4167 666 4238 quoniam
706 4166 1001 4231 neminem,
1036 4166 1125 4236 qui
1172 4165 1251 4219 eis
1304 4166 1611 4230 resisteret,
1649 4181 1809 4221 vere-

218 4257 439 4321 bantur,
475 4272 771 4329 permagno
814 4256 1044 4312 collecto
1072 4256 1339 4320 exercitu,
1371 4255 1547 4310 Rheni
1598 4256 1811 4311 alveum

219 4348 291 4404 ad
338 4348 704 4404 Andernacha
747 4355 1150 4419 pertranseunt,
1186 4346 1435 4418 regisque
1481 4348 1664 4403 fideles
1703 4350 1811 4403 cir-

1920 3152 2143 3205 audiant
2166 3160 2412 3206 currunt.
2443 3151 2652 3218 Quibus
2688 3152 2968 3206 moderata
3014 3152 3173 3223 hujus
3211 3152 3516 3223 processio,

1918 3244 2233 3314 capillorum
2266 3262 2328 3299 ac
2358 3246 2589 3299 vestium
2620 3246 2961 3315 compositio,
2984 3246 3209 3300 honesta
3235 3244 3514 3311 salutatio,

1918 3357 2093 3395 annus
2117 3348 2254 3395 erat.
2291 3340 2437 3395 Vidit
2487 3355 2584 3394 rex
2633 3340 2894 3409 p0pulnm
2955 3338 3232 3403 anhelare,
3265 3347 3319 3393 et
3369 3339 3517 3408 quod

1918 3431 2129 3487 dicendi
2172 3446 2377 3485 moram
2410 3430 2482 3461 ³²³
2518 3430 2739 3485 nuntius
2786 3429 3010 3496 faceret,
3056 3430 3297 3501 graviter
3342 3429 3509 3486 ferre.

1922 3542 1940 3573 ι
1975 3523 2105 3593 Age,
2133 3522 2230 3587 ait,
2259 3521 2324 3576 ad
2351 3522 2494 3592 quod
2523 3522 2719 3576 missus
2754 3537 2813 3576 es
2836 3519 2973 3586 fare,
3004 3528 3394 3591 pneposterato
3418 3535 3516 3577 or-

1918 3614 2042 3670 dine
2099 3629 2212 3668 rem
2264 3613 2414 3683 prius
2461 3612 2621 3681 injice
2668 3613 2760 3681 "9,
2812 3612 3280 3668 circumstantium
3330 3620 3513 3671 metus

1916 3706 2114 3770 adime,
2139 3721 2434 3775 eorumque
2460 3706 2671 3760 animos
2717 3706 2913 3775 gaudio
2952 3704 3136 3774 exple;
3178 3705 3375 3760 dehinc
3412 3722 3515 3777 per

1914 3796 2073 3869 longa
2101 3813 2301 3853 exorsa
2340 3806 2394 3851 et
2430 3799 2709 3852 rhetorum
2744 3798 3049 3867 prohoemia
3092 3796 3516 3855 salutationibus

1914 3905 2014 3945 nos
2035 3890 2298 3945 demulee.
2331 3888 2445 3945 Non
2488 3889 2745 3960 qualiter,
2776 3890 2872 3945 sed
2895 3890 3022 3959 quid
3063 3889 3235 3955 dicas,
3273 3906 3517 3960 praesens

1917 3994 2129 4053 tempus
2156 3991 2428 4055 expectat.
2472 3982 2737 4036 Malumus
2782 3982 2930 4036 enim
2974 3982 3253 4036 rusticana
3304 3982 3517 4053 simpli-

1915 4076 2079 4132 citate
2108 4076 2299 4140 laetari,
2322 4091 2485 4146 quam
2517 4073 2761 4130 Tulliana
2784 4073 2980 4129 facetia
3012 4072 3335 4143 periclitari.
3369 4094 3387 4127 ι
3417 4074 3517 4133 llis

1914 4171 2136 4237 auditis,
2187 4170 2556 4226 Heverardum
2606 4179 2769 4239 atque
2820 4167 3182 4239 Gislebertmn
3231 4167 3509 4223 hominem

1914 4271 2106 4318 exutos
2152 4276 2294 4326 esse,
2326 4261 2503 4331 primo
2540 4260 2742 4329 impetu
2782 4258 3072 4322 nuntiavit,
3104 4257 3509 4328 volentemque,

1920 4351 2152 4423 qualiter
2181 4351 2283 4405 hoc
2321 4350 2605 4416 acciderit,
2632 4350 2912 4420 prosequi,
2954 4362 3052 4403 rex
3093 4363 3255 4403 manu
3288 4364 3509 4418 compe-

220 4458 569 4513 cumquaque
605 4418 853 4497 demoliri
906 4441 1225 4511 procedunt.
1281 4441 1421 4497 Huto
1463 4458 1614 4509 sane,
1652 4443 1811 4517 lleri-
1841 4418 1895 4477 Β
1923 4446 2085 4511 seuit,
2130 4459 2195 4500 ac
2241 4460 2364 4499 mox
2422 4443 2490 4498 de
2523 4457 2664 4513 equo
2720 4442 3024 4508 descendit,
3070 4455 3323 4511 seseque,
3387 4454 3517 4495 cum

220 4535 412 4591 manui
451 4534 757 4591 Suevorum
786 4533 941 4590 ducis
970 4533 1161 4600 frater,
1196 4549 1404 4589 necnon
1442 4542 1497 4590 et
1533 4534 1806 4592 Chuonraa

225 4627 326 4684 dus
354 4636 717 4700 cognomento
742 4626 990 4697 Sapiens,
1014 4642 1150 4698 quos
1171 4626 1419 4696 superius
1449 4627 1560 4699 regi
1581 4627 1815 4686 diximus

226 4734 351 4777 esse
376 4720 580 4788 fideles,
614 4720 749 4790 ipsis
778 4720 831 4774 in
855 4719 1101 4791 partibus
1129 4728 1308 4774 erant.
1333 4718 1440 4776 Sed
1470 4720 1597 4791 quia
1625 4736 1814 4777 eorum

228 4812 396 4884 copia:
421 4813 653 4870 istorum
683 4810 855 4881 c0piis
880 4810 1050 4866 multo
1076 4810 1362 4867 inferiores
1389 4814 1705 4877 extiterant,
1729 4814 1814 4870 bis

227 4917 514 4963 occurrere
548 4904 617 4938 ³¹¹
649 4904 1012 4974 trepidabant.
1043 4904 1242 4961 Verum
1278 4904 1505 4974 jubente
1545 4905 1676 4973 Deo,
1709 4925 1819 4966 non

230 4994 514 5054 locutionis
542 4998 641 5054 sed
676 4995 1048 5066 inspirationis
1090 4997 1272 5061 modo,
1303 4998 1401 5054 hos
1454 4997 1641 5055 multis
1694 5016 1819 5057 cum

234 5088 411 5160 Spoliis
440 5091 739 5147 redeuntes
774 5104 913 5159 pone
942 5098 1219 5145 secuntur.
1250 5088 1495 5163 Cumque
1540 5092 1820 5160 paululum

234 5183 641 5253 processissent,
685 5180 906 5251 quidam
961 5182 1040 5239 eis
1079 5180 1213 5239 ﬂens
1255 5191 1312 5239 et
1338 5183 1543 5255 ejulans
1583 5183 1823 5245 obviavit

1922 4536 2162 4593 lacrimis
2220 4535 2332 4591 Deo
2380 4534 2587 4608 gratias
2634 4549 2837 4607 agens,
2900 4533 2955 4588 in
2995 4533 3298 4589 orationem
3342 4528 3513 4586 dedit.

1924 4629 2041 4698 Qua
2087 4627 2301 4699 expleta
2335 4666 2352 4694 ,
2408 4626 2689 4694 surrexit,
2756 4635 2922 4696 atque
2973 4623 3171 4680 itinere
3233 4636 3342 4693 quo
3405 4636 3518 4678 ete-

1921 4731 2079 4795 perat
2134 4721 2244 4777 Deo
2303 4734 2363 4776 se
2405 4718 2914 4776 commendaturum
2963 4714 3032 4770 ad
3080 4712 3340 4771 eclesiam
3387 4719 3511 4768 ten-

1924 4817 2022 4873 dit.

1992 4908 2083 4965 50.
2122 4908 2238 4965 Hoc
2264 4907 2318 4964 in
2359 4915 2607 4980 tempore
2644 4900 2936 4960 Bertaldus
2963 4898 3359 4971 Bagoariorum
3388 4894 3526 4964 dux,

1921 5002 2133 5059 Arnnlft
2154 5000 2311 5058 ducis
2336 5000 2525 5068 frater,
2554 4997 2638 5052 vir
2663 5006 2938 5061 strenuus,
2963 4991 3106 5062 regis
3129 4992 3381 5062 partibus
3404 4995 3527 5046 toto

1924 5095 2140 5153 favebat
2184 5094 2491 5152 conamine.
2522 5089 2721 5147 Volens
2762 5088 2950 5159 itaque
3000 5099 3116 5149 rex,
3150 5093 3214 5139 ut
3259 5082 3532 5157 quemad-

1924 5187 2145 5243 modum
2169 5185 2535 5242 tribulationis
2553 5179 2845 5253 prazteritze
2882 5180 2957 5235 ita
2987 5184 3042 5233 ct
3067 5175 3266 5234 laeticie
3286 5187 3534 5250 prasen-
