4012 5340
521 243 629 302 875

1525 243 1942 303 l.lU'l‘PRAl\Dl
1975 244 2258 303 CREMON
2274 243 2471 303 ENSIS
2503 243 2813 305 EPISCOPI
2854 294 2861 309 .

3692 251 3786 312 876

453 354 460 360 ’
524 357 596 413 tis
628 354 792 411 ﬁeret
819 355 1113 426 particeps,
1141 357 1389 426 sequenti
1425 357 1534 423 die,
1579 368 1776 430 quanta
1805 376 1932 432 erga
1985 377 2108 416 eum
2139 366 2188 426 Α
2216 360 2536 430 suscipiunt.
2583 360 2737 417 Unde
2783 359 2985 417 factum
3033 368 3138 429 est;
3182 368 3381 418 utnon
3414 360 3590 419 multo
3616 377 3786 436 posta

523 448 787 505 Dominus
814 447 1073 504 beneﬁcia
1103 449 1300 520 egerit,
1329 451 1545 507 nunciis
1571 452 1796 508 directis
1840 454 2105 524 apperuit.

521 536 621 593 Cui
651 538 815 594 etiam
867 539 919 592 in
975 549 1323 609 augmentum
1356 539 1584 608 laeticiaa,
1626 543 1880 613 quoniam
1920 542 2111 613 conju-

521 629 628 702 gali
652 628 743 694 ³⁸⁰,
763 629 981 685 minime
1000 631 1286 688 tenebatur
1301 632 1538 698 vinculo,
1558 634 1906 691 demandavit
1932 652 1996 691 ac
2023 636 2112 705 ju-

522 730 771 777 ramento
786 722 1100 792 promittere
1117 721 1268 792 fecit,
1292 734 1351 779 ut
1377 726 1421 779 si
1451 740 1692 782 sororem
1715 744 1889 793 suam,
1906 728 2112 785 scilicet

521 810 806 869 Cisleberti
847 830 1093 883 uxorem,
1132 815 1332 873 habere
1372 828 1573 889 posset,
1599 834 1715 874 eam
1758 820 1833 874 illi
1861 819 2111 892 coniugio

521 905 830 977 copularet;
879 908 1024 979 quod
1058 909 1105 964 si
1133 909 1316 966 minus
1361 913 1699 981 procederet,
1731 912 1899 982 ipsius
1935 911 2111 969 Gisle-

520 1000 661 1061 uerti
701 1015 766 1056 ex
789 1001 980 1057 eadem
1008 1017 1197 1059 sorore
1224 1003 1487 1076 genitam,
1519 1021 1681 1076 quam
1714 1020 1902 1076 pmnes
1927 1021 1986 1062 se
2017 1006 2112 1061 ha-

520 1100 731 1161 buerat,
778 1093 891 1149 fere
911 1093 1026 1163 jam
1055 1096 1579 1165 nubilemLmaritali
1617 1099 1666 1153 ei
1708 1098 1960 1171 conjugio
2002 1108 2111 1154 t-ra-

520 1182 692 1239 deret.
744 1183 862 1252 Quo
916 1186 1141 1255 audito,
1187 1186 1472 1243 Bertaldus
1528 1189 1796 1244 immenso
1837 1198 1921 1245 est
1976 1205 2113 1262 gau-

520 1274 609 1329 dio
638 1274 897 1339 allectus;
953 1277 1225 1351 elegitque
1285 1280 1466 1351 potius
1511 1282 1749 1336 nondum
1778 1280 2014 1337 nubilem
2040 1280 2107 1336 ﬁ-

520 1366 646 1422 liam
674 1378 985 1439 expectare,
1017 1386 1181 1441 quam
1230 1380 1485 1440 matrem,
1517 1388 1638 1445 quae
1656 1370 1771 1442 jam
1828 1381 2106 1445 nupserat,

521 1457 726 1516 tollere.

585 1562 675 1617 '51.
726 1562 1038 1622 Fridericus
1088 1568 1319 1638 denique
1375 1568 1837 1641 Magonciacensis
1893 1570 2108 1627 eclesi:e

520 1654 992 1728 archiaepiseopus,
1026 1660 1182 1731 cujus
1206 1660 1432 1715 consilio
1459 1662 1836 1732 episcoporum
1867 1663 2106 1717 nonnulli

2218 454 2366 525 regis
2394 453 2640 511 fidelibus
2669 465 2877 526 captus,
2912 465 2966 510 et
2989 464 3117 511 ante
3150 455 3233 510 sui
3257 458 3603 527 praesentiam
3630 459 3785 516 addu-

2213 556 2354 611 ctus,
2382 547 2639 603 custodia:
2668 547 2740 603 sit
2792 547 2846 602 in
2880 546 3117 604 Saxonia
3172 548 3421 605 traditus.
3458 549 3519 604 In
3569 566 3674 622 qua
3700 551 3788 609 ali—

2213 638 2451 707 quandiu
2480 650 2871 707 commoratus,
2896 639 3248 698 miseratione
3266 640 3409 711 regis
3427 639 3684 714 dignitati
3716 653 3790 699 est

2211 732 2455 803 pristina).
2477 735 2776 790 restitutus.

2283 827 2374 883 ὃὸ.
2406 827 2691 885 l-leiuricus
2716 828 2950 900 denique
2996 828 3160 900 regis,
3193 826 3380 884 fratris
3427 826 3646 885 scilicet
3690 829 3789 896 sui,

2212 928 2425 976 terrore
2462 921 2826 987 exanimatus,
2873 921 2927 976 iu
2971 920 3253 977 castellum
3282 918 3548 977 vocabulo
3593 918 3792 991 ϐενε-ε-
3838 939 3842 943 ⁴

2212 1031 2392 1082 mons,
2421 1014 2652 1086 ingeniis
2701 1032 2809 1071 non
2842 1013 3015 1071 solum
3052 1013 3359 1080 hominum,
3396 1028 3590 1069 rerum
3612 1023 3790 1068 natura

2212 1106 2327 1177 ipsa
2351 1107 2640 1174 munitum,
2665 1106 2871 1178 ingredi
2898 1106 3084 1162 voluit.
3110 1105 3264 1174 Quod
3288 1120 3446 1161 soror
3467 1102 3612 1174 eius,
3642 1105 3786 1160 vidua

2210 1200 2466 1256 videlicet
2516 1199 2829 1264 Gislenerti,
2856 1214 3226 1270 praenoscens,
3254 1214 3361 1254 non
3392 1200 3576 1254 solum
3629 1212 3696 1253 ne
3740 1197 3787 1253 id

2211 1291 2392 1349 facere
2429 1303 2612 1365 posset
2640 1293 2937 1364 prohibuit,
2966 1306 3152 1348 verum
3180 1290 3495 1363 huiusmodi
3525 1305 3650 1345 eum
3690 1303 3791 1345 ser-

2210 1386 2463 1442 monibus
2501 1386 2813 1443 convenit:
2867 1404 2887 1437 ι
2932 1384 3067 1440 Prol
3123 1398 3230 1440 non
3293 1392 3402 1441 tete
3463 1381 3792 1438 miseriarum

2211 1492 2455 1533 mearum
2491 1479 2655 1539 tedet.
2695 1491 2833 1547 quas
2863 1475 3092 1546 conjuge
3137 1475 3465 1545 interempto
3507 1471 3789 1544 perpetior,

2212 1570 2314 1625 nisi
2342 1570 2503 1625 etiam
2537 1570 2668 1625 meis
2701 1578 2750 1623 te
2776 1569 2830 1623 in
2860 1565 3256 1622 municionibus
3280 1564 3624 1622 occludendo
3658 1564 3785 1635 regis

2213 1662 2348 1717 iram
2380 1677 2544 1732 super
2597 1661 2869 1733 regionem
2898 1661 3040 1716 hanc
3095 1658 3240 1714 velut
3271 1674 3471 1728 aquam
3510 1656 3783 1712 eﬂ’undas?

520 1762 701 1818 regem
766 1750 1107 1817 dimiserant,
1140 1763 1197 1806 nt
1242 1770 1407 1825 quam
1460 1755 1671 1809 occulte
1717 1756 1965 1827 gestabat
1996 1755 2106 1824 jam
2141 1744 2184 1804 Β
2212 1753 2328 1811 Non
2393 1755 2588 1821 feram,
2647 1772 2753 1810 non
2811 1755 3026 1825 patiar,
3071 1769 3179 1809 non
3228 1753 3454 1819 sinam;
3508 1768 3616 1806 non
3663 1758 3793 1806 tanta

520 1839 811 1898 inﬁdelitas
835 1846 1049 1900 cunctis
1076 1854 1305 1915 pateret,
1340 1847 1527 1901 decem
1554 1847 1723 1901 l‘erme
1752 1855 1878 1901 ante
1906 1862 2110 1917 praeno-

521 1932 849 1988 lninatort‘lm
874 1936 1064 1991 diebus
1093 1937 1374 1992 interitum
1407 1953 1586 2008 regem
1615 1938 1872 2004 deseruit,
1905 1954 1968 1994 ac
1999 1939 2110 1993 Ma-

519 2025 764 2095 gonciatn
793 2028 1042 2083 concitus
1066 2030 1247 2095 venit;
1298 2029 1349 2083 in
1374 2046 1480 2098 qua
1506 2028 1673 2085 nichil
1704 2040 1967 2095 moratus,
2001 2030 2110 2085 Me-

519 2123 724 2173 tensem
752 2120 938 2174 urbem
987 2122 1121 2175 adit.
1184 2120 1533 2190 Disposuerat
1563 2123 1708 2178 enim
1748 2122 1892 2194 regis
1941 2122 2110 2176 frater

519 2208 823 2275 licinricus,
853 2212 1204 2267 redeuntibus
1247 2211 1555 2268 Hererardo
1586 2222 1751 2282 atque
1776 2211 2105 2277 Gisleberto,

518 2318 637 2359 eum
670 2305 859 2359 eodem
888 2304 1166 2361 Friderieo
1207 2305 1369 2361 isthic
1406 2307 1705 2361 exercitum
1754 2320 2105 2377 congregare,

518 2394 698 2466 sicque
723 2397 834 2468 regi
866 2399 918 2451 in
949 2397 1386 2469 Alsatiadcgenti
1414 2398 1616 2453 bellum
1642 2399 1942 2452 maximum
1979 2412 2111 2467 prte-

518 2501 724 2556 parare.
771 2486 1015 2558 Cumque
1058 2488 1149 2543 illo
1182 2490 1521 2560 pervenisset
1568 2488 1884 2543 nominatus
1929 2487 2110 2541 archi-

518 2579 841 2653 episcopus,
901 2581 1171 2653 insperate
1225 2590 1281 2638 et
1331 2598 1437 2636 non
1499 2589 1766 2653 oportune
1828 2578 2004 2635 nuntii
2056 2577 2108 2633 ei

517 2680 823 2735 accurrunt,
855 2671 948 2742 qui
990 2667 1102 2743 ja'm
1154 2671 1466 2743 praelibatos
1492 2673 1771 2743 principes
1820 2679 1998 2727 morte
2030 2669 2110 2724 in-

517 2764 824 2821 tercedente
874 2782 981 2822 non
1025 2766 1208 2822 vivere
1251 2767 1460 2822 dicunt.
1518 2767 1636 2834 Quo
1682 2766 1890 2833 audito,
1923 2765 2107 2821 animo

516 2867 916 2921 consternatus.
941 2859 1068 2931 quid
1100 2860 1302 2917 faceret
1326 2863 1540 2932 penitus
1564 2862 1870 2933 ignorabat.

583 2949 673 3006 32.
706 2950 824 3006 Rex
848 2951 1080 3018 interea,
1104 2951 1371 3007 Alsatiam
1394 2952 1675 3019 deserens,
1708 2951 1994 3007 Franciam
2015 2966 2108 3008 oc-

518 3047 746 3116 cupabat
781 3047 873 3102 ‘3‘.
901 3046 1068 3120 Cujus
1098 3049 1168 3105 ob
1221 3059 1427 3105 metum
1478 3049 1772 3122 Magoncitze
1802 3050 1950 3105 cives
1979 3047 2103 3105 red-

518 3146 733 3194 euntem
796 3138 1267 3212 archiepiscopum
1325 3139 1468 3197 intra
1518 3140 1669 3195 urbis
1737 3138 1938 3195 moenia
2000 3154 2109 3194 non

2213 1847 2461 1903 vecordia
2495 1846 2658 1901 michi
2693 1847 2878 1900 innata
2911 1845 3172 1911 inerit,ut
3197 1860 3266 1901 ex
3286 1843 3426 1900 meis
3450 1841 3797 1899 incommodis

2215 1945 2310 1994 tua
2338 1952 2621 2007 compares
2650 1935 2959 1992 commoda.
2998 1955 3016 1985 ›

2283 2029 2370 2083 54.
2406 2029 2499 2084 llis
2525 2028 2808 2084 Heinricus
2830 2028 3050 2095 auditis,
3090 2042 3214 2082 cum
3243 2025 3387 2081 aliud
3410 2023 3562 2095 quod
3600 2021 3780 2079 faceret

2212 2121 2509 2194 ignoraret,
2539 2120 2837 2191 adsumptis
2874 2134 3080 2184 serum,
3116 2134 3347 2189 quorum
3380 2116 3637 2186 pnnsidio
3656 2112 3789 2181 jura-

2213 2222 2388 2276 retur,
2417 2212 2741 2282 quibusdam
2771 2211 3060 2281 episcopis,
3086 2210 3173 2265 die
3199 2209 3433 2281 quadam
3480 2207 3639 2262 nudis
3659 2204 3787 2276 pedi-

2212 2304 2314 2362 bus
2340 2306 2481 2377 regis
2509 2306 2576 2360 ad
2600 2308 2763 2376 pedes
2788 2306 2904 2377 ipso
2926 2305 3207 2377 ignorante
3241 2303 3516 2374 pervenit,
3559 2298 3789 2371 supplex-

2212 2414 2318 2469 que
2344 2398 2773 2454 ntisericordiain
2807 2397 3139 2468 imploravit.
3163 2395 3259 2451 Cui
3287 2410 3412 2450 rex:
3448 2413 3469 2445 ε
3509 2391 3785 2462 Indignum,

2213 2491 2408 2563 inquit,
2437 2490 2647 2547 facinus
2695 2501 2844 2546 tuum
2900 2490 3332 2547 misericordiam
3384 2503 3498 2542 non
3555 2492 3785 2541 meretur.

2212 2586 2416 2643 Verum
2441 2588 2566 2659 quia
2606 2588 2762 2642 video
2785 2598 2839 2643 te
2874 2587 3215 2642 humiliatnm
3241 2601 3424 2642 coram
3457 2600 3568 2648 me,
3606 2596 3702 2636 non
3722 2580 3787 2635 in-

2212 2676 2406 2733 ducam
2445 2677 2643 2732 malum
2669 2692 2833 2748 super
2859 2686 2928 2731 te.
2965 2696 2984 2729 ι
3028 2675 3198 2733 Iussit
3230 2690 3353 2732 eum
3394 2674 3589 2745 itaque
3613 2685 3699 2727 rex
3723 2667 3779 2723 ad

2210 2769 2472 2843 palatium
2512 2787 2691 2837 suum,
2714 2770 2857 2841 quod
2882 2771 2934 2824 in
2960 2769 3188 2825 Francia
3216 2767 3270 2823 in
3297 2768 3417 2823 loco
3441 2767 3541 2837 qui
3570 2762 3783 2835 lngeleu-

2208 2859 2358 2918 heim
2390 2862 2591 2918 dicitur
2624 2862 2979 2919 constitutum
3029 2870 3134 2924 est,
3161 2859 3456 2932 proﬁcisci,
3505 2856 3788 2924 sollertique

2209 2948 2361 3011 illum
2376 2954 2649 3024 vigilantia
2673 2954 2957 3021 custodiri,
2979 2953 3160 3024 quoad
3182 2953 3277 3008 ira:
3304 2957 3522 3006 remota
3544 2946 3787 3020 paululum

2209 3046 2536 3119 egritudine,
2564 3046 2694 3120 quid
2720 3060 2884 3117 super
2905 3062 2971 3103 eo
2990 3045 3221 3113 faceret,
3253 3043 3565 3116 sapientum
3588 3036 3783 3098 oonsilio

2215 3138 2489 3196 deﬁniret.

1494 3269 1790 3315 EXPLICIT
1825 3269 2012 3313 LIBER
2049 3268 2342 3323 QUARTUS
2374 3269 2500 3315 DEO
2535 3268 2825 3314 GRATIAS.

1428 3402 1831 3466 INCIPIUNT
1874 3402 2272 3466 CAPITULA
2327 3403 2544 3466 LIBRI
2595 3402 2894 3478 QUINTI.

551 3549 602 3606 1.
657 3545 900 3617 Qualiter
928 3546 1292 3605 Herimannus
1317 3545 1616 3604 Suevorum
1638 3547 1743 3604 dux
1774 3545 2013 3603 Liutnlt‘o
2054 3546 2117 3601 ﬁ-
2142 3550 2188 3615 ο

656 3626 729 3695 lio
781 3640 925 3711 regis
979 3638 1147 3695 ﬁliam
1181 3655 1337 3696 suam
1390 3638 1608 3696 nomine
1640 3640 1776 3695 ltam
1822 3639 2107 3711 conjugem

658 3735 837 3791 daret.
916 3792 920 3795 γ

547 3827 603 3884 2.
654 3828 729 3885 De
762 3828 948 3899 eclipsi
980 3829 1109 3887 solis
1148 3839 1204 3886 et
1229 3828 1567 3901 apparitione
1597 3836 1845 3886 comette.

549 3919 606 3977 5.
655 3919 731 3978 De
757 3937 822 3978 eo
838 3926 982 3993 quod
1012 3938 1105 3979 rex
1135 3922 1287 3994 Hugo
1313 3922 1544 3979 Romam
1564 3921 1857 3994 quotannis
1886 3935 2110 3992 oppres-

654 4023 828 4070 56PM.

549 4103 605 4160 4.
657 4105 735 4161 De
779 4105 1106 4180 Berengario
1140 4114 1196 4163 et
1249 4106 1514 4163 Anscario
1554 4104 1830 4172 fratribus,
1877 4119 2107 4177 quorum

659 4196 984 4253 Anscarium
1015 4198 1069 4255 in
1096 4198 1385 4256 Camerino
1412 4207 1467 4255 et
1494 4192 1712 4269 Spoleto
1738 4196 2107 4252 marchionem

658 4291 1035 4346 constituerat.

555 4378 610 4436 5.
662 4379 741 4437 De
766 4380 1013 4438 Serlione
1038 4398 1198 4454 quem
1239 4398 1335 4439 rex
1378 4378 1535 4452 [lngo
1560 4389 1751 4438 contra
1782 4378 2106 4435 Anscarium

658 4475 850 4544 mittit,
887 4486 940 4533 et
961 4478 1029 4533 de
1059 4477 1241 4533 verbis
1265 4475 1512 4532 Anscarii
1546 4475 1635 4529 ³³³.

552 4565 608 4623 6.
661 4567 738 4624 De
765 4568 908 4626 bono
937 4570 1165 4627 consilio
1193 4566 1460 4625 Wikberti
1486 4566 1616 4625 boni
1644 4565 1854 4634 militis,
1882 4572 1937 4621 et
1966 4563 2108 4620 malo

657 4658 854 4716 Arcodi
885 4661 1009 4721 mali
1037 4660 1226 4716 militis
1252 4659 1342 4714 ³³³.

552 4748 609 4805 7.
659 4750 736 4807 De
762 4753 934 4825 prima
966 4768 1141 4827 pugna
1174 4753 1316 4806 inter
1342 4750 1648 4808 Sarlionem
1675 4759 1732 4808 et
1757 4748 2106 4816 Anscarium,

662 4844 718 4901 in
765 4862 871 4918 qua
901 4844 1211 4901 Wikbertus
1241 4844 1455 4901 occisus
1499 4852 1584 4900 est
1630 4843 1895 4917 fugiitque
1929 4844 2104 4898 Areo-

660 4938 782 4995 dus.

547 5033 605 5089 8.
660 5031 736 5087 De
764 5031 872 5087 alia
907 5046 1110 5102 pugna,
1144 5029 1197 5087 in
1230 5047 1337 5103 qua
1363 5030 1665 5086 Anscarius
1693 5027 1980 5085 Hatlonem
2019 5041 2111 5096 cp-

657 5123 847 5180 mitem
895 5124 1052 5178 hasta
1103 5123 1325 5189 occidit,
1374 5138 1437 5178 ac
1484 5120 1826 5193 postmodum
1864 5119 1931 5172 de
1968 5131 2110 5186 equo

658 5213 859 5270 cadens
882 5215 950 5271 ab
978 5214 1226 5274 hostibus
1255 5224 1339 5271 est
1368 5214 1484 5284 ipse
1523 5213 1757 5280 occisus,
1793 5209 2111 5280 Sarliusque

659 5319 844 5340 man-nn
878 5304 1085 5340 nnlilnn

2134 4922 2190 4985 D
2216 4921 2305 4983 15.

2363 3546 2548 3620 dirigit
2576 3554 2796 3619 prepter
2830 3559 2997 3602 naves
3026 3553 3081 3601 et
3102 3543 3332 3601 Grecum
3360 3543 3567 3614 ignem.

2215 3641 2302 3698 10.
2354 3642 2431 3698 De
2464 3657 2590 3714 rege
2630 3641 2885 3713 llugone,
2929 3640 3021 3711 qui
3067 3638 3453 3711 Berengarium
3487 3629 3783 3692 execal'e'“

2355 3732 2543 3796 voluit,
2575 3732 2667 3788 sed
2712 3740 2932 3803 propter
2961 3729 3277 3785 Lotharium
3328 3741 3433 3781 non
3476 3725 3668 3796 potuit,
3689 3722 3767 3794 qui

2354 3826 2458 3882 hoc
2486 3823 2815 3896 Bercngario
2846 3821 3151 3889 nuntiavit;
3197 3828 3252 3876 et
3292 3819 3361 3876 de
3389 3817 3517 3891 fuga
3559 3816 3774 3890 ejusdem

2352 3915 2667 3988 Berengarii
2700 3912 2994 3986 uxorisque
3027 3911 3165 3983 ejus.

2212 4007 2299 4065 11.
2355 4006 2659 4079 lnprecatio
2689 4014 2878 4061 contra
2932 4012 3142 4059 montes
3189 4001 3280 4073 qui
3322 3998 3697 4073 Berengariun
3731 4001 3775 4049 et

2353 4097 2570 4154 Willam
2605 4098 2837 4152 transire
2866 4095 3249 4166 permiserunt.

2213 4190 2301 4247 12.
2353 4190 2600 4259 Qualiter
2622 4191 2985 4245 Herimannus
3014 4188 3120 4243 dux
3152 4184 3540 4257 Berengarium
3564 4178 3774 4250 suscepit

2355 4293 2410 4340 et
2439 4292 2562 4338 ante
2593 4282 2732 4354 regis
2759 4280 3102 4353 prmsentiam
3127 4277 3295 4334 duxit.

2214 4375 2303 4431 15.
2355 4375 2432 4430 De
2460 4390 2524 4429 eo
2550 4374 2692 4445 quod
2725 4388 2818 4428 rex
2862 4371 3016 4443 llugo
3044 4370 3261 4426 nuntios
3302 4384 3428 4425 suos
3472 4368 3583 4439 regi
3612 4359 3771 4422 Ottoni
3812 4434 3819 4439 _

2358 4463 2562 4535 dirigit.
2594 4462 2853 4534 pollicens
2882 4459 3166 4531 pecuniam
3197 4459 3240 4515 si
3270 4457 3653 4530 Berengarium
3682 4466 3770 4507 nou

2359 4556 2608 4626 recipiat,
2637 4554 2779 4624 quod
2804 4552 3025 4608 omnino
3051 4552 3342 4622 impetrare
3370 4564 3477 4605 non
3502 4546 3679 4602 valuit.

2217 4644 2306 4701 14.
2359 4643 2436 4700 De
2460 4660 2526 4700 eo
2555 4645 2697 4713 quod
2728 4644 3023 4714 imperator
3046 4640 3344 4698 Grecorum
3379 4640 3644 4695 Romanos
3677 4632 3772 4688 llu-

2356 4751 2549 4810 gonem
2580 4745 2755 4807 rogat,
2788 4747 2848 4791 ut
2879 4751 3032 4791 suam
3064 4734 3228 4790 ﬁliam
3257 4731 3536 4805 coniugem
3566 4743 3660 4785 suo
3693 4725 3770 4782 det

2355 4831 2535 4900 nepoti
2559 4828 2671 4884 ﬁlio
2696 4827 3054 4884 Constantini.

2356 4921 2432 4978 De
2480 4935 2656 4993 pugna
2708 4918 2885 4975 naVadi
2932 4934 3091 4989 quam
3142 4918 3415 4974 Romanos
3455 4929 3574 4970 cum
3602 4910 3769 4981 Iugero

2352 5029 2482 5085 rege
2512 5011 2813 5068 Russorum
2848 5009 2995 5075 fecit,
3025 5025 3184 5081 quem
3217 5005 3536 5064 mirabiliter
3556 5001 3696 5056 vicit.

2208 5108 2299 5166 16.
2330 5105 2430 5161 'De
2462 5120 2527 5160 eo
2556 5105 2702 5176 quod
2732 5119 2828 5158 rex
2868 5102 3021 5174 llugo
3052 5102 3119 5156 ad
3149 5100 3495 5155 Fraxinetum
3536 5102 3763 5167 pergens,

2350 5199 2553 5257 Grecos
2577 5213 2699 5253 cum
2729 5196 2957 5251 navibus
2994 5209 3060 5251 eo
3089 5193 3289 5264 dirigit.

2208 5297 2294 5340 4'1.
2347 5295 2422 5340 De.
2465 5308 2531 5340 en
2588 5291 2730 5340 nnod
2776 5306 2869 5340 rex
2916 5289 3068 5340 Hnno
3111 5285 3458 5340 Fraxinetum
3504 5281 3767 5340 destruet!
