4012 5340
205 281 312 335 877

351 494 404 549 in
432 492 643 548 Italiam
677 492 842 547 venit.

206 583 295 640 I9.
350 582 426 637 De
457 599 522 638 eo
550 582 693 652 quod
728 598 820 636 rex
866 580 1020 654 llugo
1050 589 1271 653 pactum
1315 579 1608 652 Hungariis
1645 578 1792 636 dedit

349 689 550 744 eosque
580 673 634 729 in
667 671 976 744 Hispaniam
1013 661 1177 728 misit.

201 763 294 822 20.
345 767 422 821 De
470 783 537 822 eo
585 765 726 839 quod
769 783 863 822 rex
916 766 1069 838 IIugo
1097 767 1260 822 ﬁliam
1309 782 1497 832 suam,
1525 781 1686 836 quam
1722 779 1791 821 ex

350 859 646 916 concubina
677 859 959 925 habuerat,
987 858 1509 928 Constantinopolim
1538 857 1720 912 mittit.

198 948 292 1006 21.
347 949 421 1006 De
451 949 767 1006 fortitudine
797 961 853 1007 et
891 949 1296 1021 pulchritudine
1336 948 1790 1018 Constantinopo-

347 1041 497 1096 litani
525 1041 736 1113 palatii,
767 1048 824 1098 et
849 1041 1084 1113 qualiter
1122 1039 1429 1111 Stephanus
1463 1050 1624 1112 atque
1651 1038 1794 1095 Con-

345 1135 620 1191 stantinus
666 1151 823 1190 suum
869 1145 1078 1207 patrem
1127 1135 1193 1190 de
1227 1133 1426 1205 palatio
1455 1133 1714 1205 ejecerint
1737 1137 1794 1188 et

343 1225 670 1284 monachum
703 1223 956 1280 fecerint.

195 1316 292 1373 22.
346 1315 423 1372 De
460 1333 528 1374 eo
556 1318 698 1388 quod
729 1318 868 1373 idem
896 1317 1182 1373 voluerunt
1214 1315 1629 1373 Constantinum
1659 1314 1794 1371 Por-

346 1411 762 1482 phyrogenitum
793 1411 1042 1478 deicere;
1073 1427 1101 1464 a
1132 1426 1238 1480 quo
1273 1420 1398 1464 sunt
1439 1419 1493 1464 et
1520 1409 1622 1479 ipsi
1652 1407 1794 1479 capti

349 1514 510 1575 atque
535 1505 587 1559 in
612 1504 1000 1560 monasterium
1023 1503 1205 1569 missi;
1229 1512 1284 1560 et
1305 1519 1400 1574 per
1421 1519 1582 1575 quem
1605 1517 1793 1558 eorum

349 1596 631 1652 consilium
660 1597 730 1651 sit
764 1596 938 1667 palam
969 1595 1191 1650 factum.

197 1684 292 1742 23.
348 1687 423 1742 De
471 1687 694 1758 yronica
751 1687 921 1757 patris
985 1686 1330 1757 susceptione
1391 1695 1446 1742 et
1499 1686 1791 1756 locutione,

346 1781 564 1851 quando
600 1780 694 1834 lilii
724 1781 790 1836 ad
830 1780 1219 1835 monasterium
1244 1788 1532 1836 venerunt.

197 1869 293 1926 24.
343 1871 532 1928 Oratio
569 1871 910 1944 imperatoris
955 1871 1238 1936 Romanu,
1288 1887 1450 1942 quam
1509 1887 1608 1943 pro
1663 1872 1788 1929 ﬁliis

343 1963 474 2033 egit,
503 1963 612 2018 Deo
645 1964 846 2036 gratias
871 1980 1053 2036 agens.

193 2052 290 2111 25.
345 2051 422 2109 De
455 2068 519 2110 eo
554 2056 695 2124 quod
720 2055 1107 2114 Constantinus
1131 2065 1187 2114 et
1208 2055 1514 2130 Stephanus
1543 2055 1788 2112 custodia

341 2147 724 2205 observantur.

1167 275 1707 335 AN'I'APODOSEOS
1745 275 1922 332 LIBRI
1961 275 2111 332 SEX.
2152 305 2222 318 —-
2260 274 2388 330 LIB.
2427 275 2491 330 ν.

205 403 295 460 l8.
346 401 425 458 De
454 399 691 458 Amedeo
733 399 1046 472 Berengarii
1095 399 1297 466 milite,
1327 398 1418 469 qui
1448 396 1786 468 exploratum
1817 404 1864 466 Α
1889 393 1982 449 26.

1817 1784 1867 1846 Β

3377 276 3480 333 8¹ῑ8

2034 393 2108 448 De
2138 394 2370 450 adventu
2404 392 2694 448 desiderati
2742 393 3049 467 Berengarii
3083 392 3136 449 iu
3165 391 3397 461 Italiam,
3424 401 3482 452 et

2033 489 2174 558 quod
2205 486 2518 544 Mannasses
2544 486 2660 556 ejus
2685 489 2930 557 partibus
2957 489 3118 544 favet.

1891 577 1983 634 27.
2034 579 2137 646 Qui
2187 579 2460 652 principes
2517 579 2665 650 prius
2712 578 2990 652 Ilugonem
3041 580 3380 646 desererent,
3425 587 3483 636 et

2036 685 2154 726 ειη.

1890 761 1982 819 28.
2035 762 2110 817 De
2141 778 2207 818 eo
2235 763 2377 836 quod
2410 769 2512 819 rex
2539 763 2690 837 llugo
2743 765 2910 820 ﬁlium
2957 781 3112 821 suum
3161 765 3481 821 Lotharium

2037 853 2420 910 Mediolanium
2451 856 2650 922 mittit,
2681 857 2749 912 ad
2777 857 3207 912 misericordiam
3237 858 3482 912 omnium

2035 950 2312 1008 Italorum.

1892 1041 1982 1098 29.
2033 1042 2110 1098 De
2155 1039 2352 1110 Joseph
2409 1041 2663 1112 episcopo
2713 1058 2808 1114 per
2857 1041 3246 1115 Bcrengarium
3302 1039 3488 1100 Brixia

2036 1131 2280 1203 expulso,
2309 1139 2364 1187 et
2389 1131 2622 1186 Antonio
2648 1133 2835 1187 eodem
2861 1135 3178 1188 constituto.

1894 1243 1986 1302 '50.
2037 1243 2146 1300 Cur
2171 1243 2532 1313 Bereugarius
2561 1243 2934 1301 Placentinum
2964 1253 3021 1300 ct
3048 1243 3371 1315 Papiensem
3401 1244 3486 1299 di-

2036 1338 2278 1394 mitteret
2315 1336 2623 1408 episcopos,
2653 1347 2710 1392 et
2755 1354 2852 1392 cur
2881 1336 3282 1407 Littdprandum
3329 1335 3488 1391 cleri-

2036 1443 2159 1484 cum
2200 1437 2454 1499 parentes
2487 1427 2568 1482 sui
2611 1426 2938 1499 Bercngario
2967 1427 3486 1483 connuemlaveriut.

1896 1545 1985 1602 5|.
2036 1546 2112 1602 De
2139 1545 2363 1616 Ilugone
2399 1560 2528 1617 rege
2554 1544 2648 1615 qui
2679 1559 2800 1599 eum
2839 1543 2985 1599 omni
3019 1541 3244 1614 pecunia
3271 1541 3327 1597 in
3357 1541 3491 1597 Pro—

2038 1639 2274 1694 vinciam
2326 1639 2442 1705 ivit,
2492 1647 2547 1695 et
2575 1638 2643 1693 de
2673 1637 2979 1693 Raimundo
3019 1635 3112 1708 qui
3162 1651 3294 1693 suus
3334 1634 3491 1691 miles

2040 1732 2219 1788 factus
2248 1742 2352 1789 est.

1894 1844 1986 1900 52.
2039 1845 2115 1900 De
2144 1860 2313 1900 uxore
2339 1844 2651 1916 Berengarii
2683 1860 2802 1926 quae
2845 1859 3000 1914 passa
3050 1851 3134 1900 est
3168 1842 3374 1898 crimen
3402 1841 3490 1896 in-

2043 1937 2204 2002 cesti,
2235 1945 2289 1991 et
2310 1935 2544 2006 qualiter
2570 1936 2696 1991 inde
2727 1937 2798 1992 sit
2823 1935 3074 1992 liberata.

1895 2050 1984 2106 55.
2041 2051 2117 2106 De
2143 2049 2368 2122 pecunia
2404 2065 2568 2120 quam
2606 2049 2968 2121 Berengarius
2993 2066 3156 2107 causa
3186 2047 3493 2122 llungario-

2036 2164 2157 2203 rum
2188 2145 2514 2221 pauperibus
2539 2155 2595 2204 et
2617 2147 2864 2204 ecclesiis
2888 2146 2984 2204 Dei
3016 2145 3160 2203 tulit.

1467 2324 1846 2370 EXPLICIU‘NT
1887 2326 2218 2370 CAPITULA.

1071 2489 1557 2614 INCIPIT.
1604 2490 1963 2582 LIBER
2037 2491 2611 2598 QUINTUS.
3513 2526 3534 2674 ί

267 2689 322 2745 I.
357 2685 485 2761 (An.
513 2683 664 2755 939.)
686 2682 912 2740 Factum
941 2689 1047 2748 est,
1078 2690 1140 2737 ut
1177 2691 1300 2753 post
1345 2691 1576 2738 mortem
1614 2682 1788 2739 lleve-
1815 2687 1860 2751 C
1892 2685 2050 2741 annis
2091 2687 2328 2758 graviter
2357 2688 2718 2758 opprimebat,
2750 2688 2930 2759 gladio
2972 2698 3028 2746 et
3076 2689 3199 2760 igne
3230 2704 3348 2760 qua:
3387 2705 3484 2761 po-
3513 2677 3518 2690 ’

198 2779 348 2836 rardi
397 2791 562 2848 atque
606 2773 916 2839 Gisleberti,
964 2789 1172 2828 necnon
1225 2783 1283 2828 et
1322 2772 1559 2829 I‘leinrici
1608 2773 1794 2830 fratris

196 2871 347 2942 regis
373 2868 753 2933 inclusionem,
776 2867 1224 2922 concurrentibus
1255 2866 1492 2936 undique
1515 2867 1580 2922 ad
1613 2882 1794 2938 regem

197 2961 692 3034 congratulationis
725 2975 888 3016 causa
916 2959 1255 3030 proceribus,
1286 2958 1498 3013 veniret
1521 2967 1576 3013 et
1606 2959 1690 3012 vir
1718 2957 1798 3013 di—

197 3055 468 3120 tissimus,
503 3052 804 3110 Snevorum
835 3061 942 3107 dux
971 3050 1363 3116 Ilerimannus;
1393 3051 1484 3120 qui
1513 3057 1637 3120 post
1661 3063 1794 3104 con-

201 3146 586 3219 gratulationis
611 3143 916 3201 satietatem
947 3143 1143 3199 talibus
1175 3157 1355 3214 regem
1394 3151 1478 3198 est
1509 3141 1798 3212 adgressus

199 3239 552 3298 sermonibus
579 3255 593 3292 :
623 3257 643 3291 ε
671 3236 786 3293 Non
813 3235 952 3293 clam
984 3236 1203 3291 domino
1228 3250 1348 3290 meo
1370 3243 1473 3300 est,
1507 3249 1630 3289 cum
1664 3248 1800 3302 prae-

201 3333 416 3390 diorum
482 3331 802 3398 latitudine,
866 3340 977 3386 tum
1045 3329 1398 3400 pecuniarum
1456 3328 1800 3384 inmensitate

201 3424 541 3496 praedivitem
586 3438 674 3478 me
715 3421 919 3493 absque
947 3419 1132 3475 liberis
1159 3435 1310 3487 esse;
1350 3435 1449 3475 nec
1478 3429 1563 3475 est
1602 3426 1801 3488 prazter

199 3531 370 3572 unam
422 3513 702 3586 parvulam
748 3522 992 3584 gnatam,
1041 3511 1132 3581 qui
1191 3526 1433 3566 mearum
1483 3525 1664 3566 rerum
1714 3523 1802 3565 me

205 3607 510 3663 decedente
531 3606 693 3661 heres
722 3605 940 3660 existat.
971 3603 1190 3658 Placeat
1218 3603 1399 3674 itaque
1425 3601 1643 3658 domino
1679 3618 1801 3658 meo

208 3701 322 3772 regi
353 3700 525 3754 ﬁlium
565 3715 722 3755 suum
759 3697 1040 3769 parvulum
1072 3695 1475 3753 LIUTOLFUM
1527 3696 1660 3751 mihi
1700 3699 1799 3750 ad-

209 3802 398 3864 aptare
433 3792 488 3847 in
515 3791 709 3858 ﬁlium,
737 3790 996 3861 quatinus
1037 3789 1212 3844 unicae
1251 3787 1373 3843 ﬁlia:
1404 3803 1538 3843 mete
1566 3787 1801 3843 maritali

210 3885 530 3941 commertio
574 3883 822 3949 sotiatus,
855 3898 941 3938 me
983 3881 1252 3952 migrante
1289 3895 1531 3936 mearum
1579 3880 1672 3935 ﬁat
1717 3896 1804 3936 re-

211 3998 331 4038 rum
360 3981 666 4038 hereditate
689 3979 1028 4051 magniﬁcus.
1062 3999 1081 4032 ι
1113 3978 1224 4035 IIoc
1242 3979 1422 4051 itaque
1449 3979 1576 4049 quia
1599 3978 1804 4066 plpcuit

1899 2785 2041 2832 terat
2091 2777 2345 2834 universa
2395 2795 2780 2837 consummans
2819 2781 2910 2846 ³³⁸,
2956 2781 3092 2838 adeo
3139 2789 3199 2837 ut
3244 2782 3495 2838 civitates

1898 2877 2097 2940 praeter
2123 2867 2376 2938 Romam,
2413 2871 2466 2926 in
2498 2887 2602 2943 qua
2638 2873 2751 2943 ipse
2795 2873 3150 2939 consederat,
3179 2888 3369 2929 omnes
3401 2889 3516 2942 ξιιμ,

1899 2960 2084 3018 ferret.
2126 2961 2234 3019 Sed
2279 2971 2333 3019 et
2380 2965 2552 3036 ipsam
2595 2965 2712 3020 sine
2743 2966 2905 3022 dubio
2952 2982 3074 3022 cum
3120 2965 3497 3038 depopulando

1899 3061 2018 3110 tum
2051 3056 2199 3112 cives
2222 3058 2539 3114 muneribus
2565 3062 2962 3129 corrumpendo
2986 3061 3353 3132 conquireret,
3388 3060 3494 3116 nisi

1899 3146 2081 3204 oculta
2107 3147 2239 3220 justi
2273 3151 2367 3205 Dei
2398 3150 2472 3205 illi
2511 3152 2776 3207 sententia
2808 3151 2876 3184 ⁸³⁷
2902 3151 3236 3223 prohiberet.

1971 3240 2027 3295 4.
2063 3240 2168 3297 Per
2191 3243 2242 3297 id
2268 3242 2336 3274 ³³⁸
2363 3253 2574 3313 tempus
2609 3244 2970 3314 Berengarius
3008 3243 3076 3276 ³³³
3102 3254 3264 3313 atque
3293 3242 3500 3299 Ansca-
3532 3245 3544 3314 ξ

1903 3334 2018 3389 rius
2069 3333 2121 3388 in
2165 3334 2314 3389 Italia
2347 3333 2545 3391 fratres
2588 3335 2886 3401 clarehant,
2923 3350 3030 3390 uno
3074 3335 3290 3404 quidem
3323 3341 3498 3404 patre,
3532 3333 3554 3365 τ

1903 3425 2196 3481 Adelberto
2219 3427 2444 3492 scilicet,
2478 3427 2754 3497 Eporcgia}
2779 3426 3015 3480 civitatis
3046 3424 3378 3489 marchionc,
3403 3423 3499 3479 sed
3538 3465 3540 3468 .

1906 3535 2014 3575 non
2065 3536 2170 3574 una
2205 3528 2378 3574 matre
2416 3519 2703 3590 progeniti.
2735 3515 3123 3589 Berengarium
3156 3516 3387 3579 scilicet,
3421 3515 3497 3569 uti

3532 3295 3551 3336 ἴ

1903 3425 2196 3481 Adelberto
2219 3427 2444 3492 scilicet,
2478 3427 2754 3497 Eporcgia}
2779 3426 3015 3480 civitatis
3046 3424 3378 3489 marchionc,
3403 3423 3499 3479 sed

1906 3535 2014 3575 non
2065 3536 2170 3574 una
2205 3528 2378 3574 matre
2416 3519 2703 3590 progeniti.
2735 3515 3123 3589 Berengarium
3156 3516 3387 3579 scilicet,
3421 3515 3497 3569 uti

1905 3613 2119 3686 praefati
2156 3629 2362 3676 sumus,
2398 3612 2570 3676 Gisia,
2604 3612 2915 3681 Berengarii
2958 3612 3104 3683 regis
3137 3609 3269 3676 ﬁlia,
3296 3609 3502 3665 Ansca-

1907 3707 2047 3762 rium
2081 3717 2261 3760 autem
2284 3704 2708 3776 Hermcngarda,
2741 3702 3012 3758 Adelherti
3047 3699 3258 3757 Tuscize
3284 3699 3503 3770 provin-

1907 3797 2007 3853 cize
2034 3797 2384 3860 marchionis,
2418 3812 2580 3867 quam
2612 3811 2680 3851 ex
2723 3795 2903 3858 Berta,
2937 3793 3082 3867 regis
3127 3792 3367 3863 Ilugonis
3407 3792 3504 3846 ha-

1907 3889 2101 3946 buerat
2131 3889 2236 3944 ﬁlia
2256 3930 2271 3954 ,
2304 3890 2531 3961 peperit.
2579 3889 2818 3956 Quorum
2850 3886 3215 3960 Bereugarius
3263 3885 3506 3941 consiliis

1909 3980 2188 4052 providus,
2222 3980 2436 4052 ingenio
2467 3979 2720 4046 callidus;
2752 3979 3050 4035 Auscarius
3078 3993 3208 4034 vero
3238 3978 3305 4033 ad
3331 3978 3505 4050 quod-
3580 4000 3594 4014 -

210 4078 325 4149 regi
348 4076 658 4142 consilium,
689 4075 835 4146 quod
862 4081 1186 4146 poposcerat
1217 4073 1336 4128 sine
1373 4072 1629 4128 dilatione
1651 4062 1801 4128 com-
1829 4062 1881 4123 D
1907 4072 2041 4130 libet
2087 4073 2300 4129 facinus
2348 4080 2649 4146 promptus.
2684 4071 2855 4141 Quem
2905 4080 2961 4126 et
3000 4087 3095 4127 rex
3144 4068 3300 4142 Hugo
3341 4068 3516 4152 nimis

211 4169 400 4241 plevit.

278 4261 338 4316 2.
371 4259 498 4317 Hoc'
513 4259 568 4318 in
595 4267 842 4330 tempore
867 4256 1004 4330 (Jul.
1038 4257 1148 4324 l9),
1176 4264 1238 4311 ut
1281 4256 1381 4328 ipsi
1427 4257 1568 4313 bene
1613 4257 1802 4324 nostis,

211 4354 294 4414 soi
326 4369 577 4426 magnam
614 4363 672 4409 et
709 4351 919 4408 cunctis
967 4351 1263 4406 terribilem
1310 4367 1504 4422 passus
1552 4361 1636 4407 est
1679 4352 1810 4408 ccli-

214 4447 360 4519 psin,
392 4455 548 4504 sexta
599 4445 754 4508 feria,
787 4445 922 4500 hora
964 4443 1069 4499 diei
1121 4443 1312 4510 tertia;
1360 4458 1465 4514 qua
1514 4444 1679 4498 etiam
1723 4443 1810 4498 die

214 4538 653 4596 Abderahamem
681 4535 774 4603 ³³⁸,
804 4551 898 4591 rex
931 4543 1134 4601 vester,
1180 4549 1209 4588 a
1237 4533 1533 4588 Radamiro
1559 4533 1811 4588 christia-

215 4632 445 4689 nissimo
493 4645 622 4702 rege
649 4627 884 4685 Gallinae
925 4628 979 4682 in
1024 4627 1166 4684 bello
1195 4635 1280 4682 est
1323 4637 1608 4697 superatus
1638 4625 1808 4699 (125).

217 4725 408 4782 Sedet
437 4724 496 4782 in
539 4721 692 4777 Italia
739 4728 863 4776 octo
891 4719 1164 4775 continuis
1209 4717 1461 4772 noctibus
1510 4717 1660 4770 mira:
1697 4731 1814 4770 nia-

215 4815 516 4887 gnitudinis
587 4819 801 4870 cometa
867 4810 1146 4881 apparuit,
1215 4808 1394 4863 nimiae
1469 4807 1812 4878 proceritatis

221 4908 404 4980 igneos
447 4923 518 4963 ex
549 4919 672 4962 sese
711 4901 898 4958 radios
943 4899 1195 4966 fundens,
1243 4899 1650 4954 subsecntnram
1703 4913 1811 4954 non

223 5001 384 5057 multo
413 5008 538 5073 post
568 4998 769 5053 famem
799 4994 1152 5066 portendens,
1181 5006 1303 5062 quae
1329 4990 1702 5063 magnitudine
1726 4991 1812 5047 sui

224 5094 412 5151 misere
438 5092 690 5148 vastabat
717 5085 952 5148 Italiam.

287 5188 340 5245 '5.
369 5188 444 5243 Ea
472 5184 746 5256 siquidem
775 5185 1115 5247 tempestate,
1149 5173 1378 5245 llugone
1417 5187 1543 5244 rege
1582 5174 1817 5243 turpiter

223 5284 432 5310 -u-..l--
492 5279 771 5310 Λιιιηηῖηησ
822 5281 876 5310 nl
911 5273 1114 5310 nrmfnl:
1145 5288 1331 5310 cnnnlc
1411 5271 1650 5310 Rmnann
1680 5273 1816 5310 ρῖυἶ..

1911 4175 2224 4238 suspectum
2257 4165 2540 4229 habuerat,
2572 4181 2640 4220 ne
2689 4179 2747 4220 se
2774 4162 3047 4237 occideret
3075 4161 3145 4193 ³⁸⁰
3168 4177 3230 4217 ac
3274 4173 3505 4230 regnum

1914 4260 2132 4316 sibimet
2179 4259 2468 4314 obtineret.
2516 4256 2754 4313 Consilio
2815 4257 2995 4327 itaque
3062 4263 3321 4326 accepto,
3378 4251 3508 4322 quia

1915 4353 2228 4410 Tedhaldus
2258 4352 2324 4385 ³⁶¹
2353 4352 2593 4408 marchio
2623 4352 2897 4407 hominem
2925 4350 3153 4414 exierat,
3200 4346 3510 4418 Spoletino-

1917 4461 2036 4502 rum
2078 4462 2201 4502 eum
2247 4462 2312 4502 ac
2341 4445 2750 4502 Camerinorum
2782 4444 3065 4500 constituit
3107 4440 3507 4501 marchionem,

1917 4539 2176 4609 quatinus
2202 4553 2269 4593 co
2305 4535 2548 4592 securius
2593 4536 2820 4602 viveret,
2854 4550 2961 4606 quo
3009 4532 3220 4604 longius
3268 4530 3410 4583 hunc
3439 4526 3509 4581 ab

1917 4647 2039 4689 sese
2067 4639 2465 4703 sequestratum
2497 4645 2616 4686 esse
2660 4637 3031 4702 cognosceret.
3062 4625 3178 4692 Quo
3222 4623 3347 4677 dum
3386 4634 3512 4691 pro-

1919 4725 2094 4780 fectus
2127 4733 2292 4791 esset,
2323 4729 2397 4778 uti
2447 4723 2613 4778 animi
2660 4722 2938 4793 inpacieus
2987 4726 3124 4781 erat,
3157 4712 3413 4786 quicquid
3445 4725 3514 4764 ex

1918 4833 2049 4888 rege
2075 4816 2199 4872 mali
2225 4815 2514 4889 cogitando
2559 4830 2710 4870 meus
2737 4814 2786 4870 ei
2834 4816 3194 4883 suggesserat,
3225 4819 3408 4861 rerum
3442 4800 3516 4856 si-

1920 4912 2043 4986 gnis
2084 4912 2340 4967 continuo
2385 4907 2716 4965 declarabat.
2765 4904 2917 4973 Quod
2968 4903 3248 4971 Hugonem
3297 4891 3518 4953 minime

1922 5007 2203 5167 mgni“.
2220 5097 2371 5168 940.)
2394 5093 2562 5166 Igitur
2588 5089 2729 5160 quod
2757 5087 3056 5142 remedium
3078 5079 3206 5136 huic
3227 5070 3525 5153 egritudini

1926 5191 2061 5244 dare
2104 5199 2285 5256 posset
2314 5184 2652 5254 excogitans,
2692 5176 3004 5234 -Sarlionem
3047 5171 3112 5226 ad
3159 5184 3256 5237 se,
3284 5171 3528 5256 Burgun-

1928 5255 2149 5310 λεληηζη
2177 5278 2244 5310 at:
2272 5294 2334 5310 η..
2367 5283 2526 5310 ,νοηιη
2549 5270 2908 5310 ηνησμηίιιιπι-
2935 5269 3184 5310 nrlvnmlt.
3211 5261 3314 5310 Cui
3342 5269 3397 5310 et
3418 5255 3525 5308 ait:
