4012 5340
504 458 615 518 879

1501 449 1919 511 LlUTPRANDl
1958 445 2443 508 CREMONENSIS
2484 444 2795 504 EPISCOPI

3685 438 3787 498 880

503 569 642 628 mihi
669 567 801 624 fides
829 565 1122 638 incognita.
1154 564 1248 622 Est
1277 559 1423 620 enin.
1450 563 1658 619 calamo
1685 563 1904 629 similis,
1931 563 2016 617 cui
2048 562 2093 618 si
2123 568 2168 626 Α
2198 562 2404 618 Sarlius
2429 563 2573 617 acies
2601 563 2882 628 habuerat,
2911 573 3142 630 quarum
3177 567 3289 617 tres
3316 569 3509 618 contra
3535 561 3789 620 Anscarii

504 661 720 718 inuisus
748 660 906 716 fuerit
946 659 1128 724 homo,
1169 656 1467 728 porforabit
1510 672 1726 710 manum
1771 654 1906 724 ejus.
1947 653 2094 710 Vade

505 756 712 825 itaque,
750 762 912 824 atque
939 769 969 808 a
995 767 1081 807 me
1109 760 1357 822 suscepta
1390 751 1642 822 pecunia,
1673 759 1880 806 mentes
1909 764 2097 804 eorum

506 859 818 914 corrumpe,
851 843 918 898 ab
946 841 1194 897 Anscarii
1230 841 1518 897 dileCtione
1539 856 1630 895 eos
1654 854 1865 903 amove,
1893 839 2097 907 tibique

504 937 792 1010 conjunge.
826 934 910 991 Te
939 923 1114 990 nemo
1160 941 1246 989 est
1291 933 1384 1005 qui
1433 933 1604 1003 possit
1631 932 1700 964 ³⁵³
1731 931 1930 997 facere,
1974 946 2096 986 eum

505 1031 733 1094 melius,
784 1037 897 1084 tum
945 1028 1304 1084 commodius.
1353 1026 1532 1082 Habes
1583 1026 1726 1082 cnim
1778 1026 1921 1081 illius
1959 1025 2099 1081 Ted-

502 1120 674 1188 baldi,
704 1122 811 1178 mei
839 1122 1053 1192 nepotis
1080 1121 1314 1177 defuncti
1349 1122 1543 1193 optimi
1583 1120 1933 1185 marchionis,
1967 1134 2100 1174 uxo-

507 1231 648 1279 rem,
680 1214 834 1284 cujus
861 1215 1080 1270 auxiliis
1124 1214 1294 1271 fretus
1335 1224 1562 1270 cunctus
1611 1214 1677 1268 ad
1711 1221 1764 1267 te
1791 1213 1972 1267 veniet
2005 1227 2102 1282 po-

502 1307 684 1379 pulus.
717 1326 737 1361 ι
770 1307 1054 1362 Profectus
1083 1306 1347 1378 denique,
1393 1305 1535 1361 haud
1586 1321 1743 1360 secus
1792 1312 1955 1374 atque
2003 1318 2100 1357 rex

500 1405 818 1476 predixerat
859 1405 1272 1472 Camerinorum
1324 1419 1390 1460 ac
1437 1403 1838 1473 Spoletinorum
1870 1401 2100 1472 populus

503 1496 641 1568 egit.
672 1493 1010 1566 Congregata
1043 1495 1224 1564 itaque
1257 1494 1624 1559 multitudine,
1657 1494 1724 1548 ad
1747 1507 1866 1547 eam
1912 1492 1962 1545 in
1995 1505 2101 1560 qua

501 1587 803 1644 Anscarius
855 1595 973 1642 erat
1032 1586 1306 1641 civitatem
1365 1601 1661 1656 properare
1724 1584 1947 1640 festinat
2007 1582 2097 1636 ⁸⁵⁵⁵.

505 1677 661 1747 Quod
713 1693 837 1734 cum
889 1676 1131 1732 audisset
1168 1676 1503 1739 Anscarius,
1561 1676 1978 1746 antesignanum
2028 1672 2097 1704 3“

505 1784 669 1824 suum
718 1767 936 1824 nomine
963 1766 1308 1823 Wikbertum
1341 1768 1536 1824 talibus
1582 1768 1810 1822 adorsus
1841 1774 1928 1821 est
1972 1760 2100 1821 vei-
2137 1820 2140 1824 .

505 1859 595 1918 bis
624 1877 640 1916 :

1210 1950 1422 2007 Versus.

581 2062 604 2097 ι
642 2043 852 2101 Sarlius
881 2044 1113 2112 inbellis,
1142 2045 1434 2101 multorum
1468 2045 1598 2102 ﬁsus
1622 2044 1672 2099 in
1699 2044 1885 2110 armis,

574 2133 922 2207 Pugnaturus
951 2137 1096 2204 adit;
1131 2137 1216 2192 cui
1247 2137 1417 2192 fortes
1451 2147 1668 2207 pectore
1693 2146 1745 2191 et
1774 2135 1942 2191 armis

576 2228 878 2286 Occursare
903 2231 1057 2285 decet
1080 2230 1390 2300 bellumque
1422 2229 1624 2284 inferre
1648 2241 1953 2285 cruentum.

577 2323 742 2378 Lecta
775 2321 1267 2392 manusjuvenum,
1300 2322 1563 2392 bellisque
1593 2323 1828 2377 exercita
1858 2322 2063 2387 multis,

577 2413 674 2469 Est
695 2415 801 2469 huc
826 2414 897 2446 ³⁸⁵⁸
922 2414 1232 2469 tendentem
1255 2428 1374 2483 qua:
1401 2429 1488 2467 me
1510 2412 1768 2467 comitata
1792 2421 2099 2481 patronum,

582 2505 838 2561 Protinus
869 2505 1140 2567 adveniet,
1177 2505 1323 2560 fulvo
1350 2506 1605 2561 decorata
1638 2505 1876 2560 metallo.
1912 2525 1930 2557 ι

582 2602 636 2652 ό.
668 2595 764 2652 His
790 2597 1012 2666 auditis,
1038 2596 1372 2663 Wikbertus,
1403 2606 1461 2650 ut
1486 2608 1602 2652 erat
1636 2599 1722 2652 vir
1751 2615 1854 2652 non
1885 2598 2101 2654 audatia

510 2688 682 2745 solum
715 2704 907 2746 verum
939 2690 1105 2745 etiam
1134 2689 1362 2744 scientia
1392 2688 1560 2744 fretus
1592 2706 1606 2742 :
1639 2708 1657 2740 ι
1699 2687 1880 2754 Mane,
1912 2690 2009 2755 ait,
2038 2705 2104 2746 ac

509 2782 695 2852 copias
726 2791 886 2853 prout
925 2783 1068 2853 potis
1111 2793 1196 2837 est
1235 2793 1563 2853 congregato
1594 2782 1686 2836 ⁸⁵⁷.
1715 2782 1986 2854 Pcrgrave
2017 2792 2102 2840 est

411 2929 416 2933 ,
508 2871 676 2939 enim,
703 2871 967 2928 exercitui
990 2887 1114 2928 cum
1140 2881 1249 2927 tam
1272 2872 1458 2942 paucis
1482 2888 1772 2929 numeroso
1793 2890 2101 2930 occurrere.

495 2960 616 3025 ,Sed
651 2970 707 3016 et
742 2962 786 3017 si
818 2962 1140 3033 quibuscum
1179 2979 1264 3018 res
1308 2964 1488 3034 agitur
1541 2965 1968 3029 animadvertis,
2009 2968 2105 3022 he-

510 3070 636 3110 roes
663 3064 809 3121 sunt,
841 3055 982 3111 haud
1009 3056 1228 3127 segnius
1255 3065 1418 3126 atque
1439 3073 1540 3112 nos
1565 3058 1704 3112 bello
1732 3057 2043 3114 assuefacti.
2078 3078 2098 3112 ι

509 3145 630 3202 Jam
666 3146 966 3203 Anscarius
1003 3144 1278 3203 Wikberto
1306 3157 1455 3202 recta
1495 3149 1595 3203 sibi
1624 3150 1926 3206 consulenti
1957 3152 2105 3207 coni-

511 3253 640 3296 vere
686 3237 1038 3306 decreverat,
1082 3241 1410 3310 directisque
1445 3257 1833 3313 usquequaque
1877 3245 2102 3308 nuntiis,

2199 668 2382 719 unam,
2418 653 2470 707 iu
2521 669 2626 722 qua
2666 663 2721 709 et
2764 655 2879 724 ipse
2925 662 3082 719 erat,
3137 654 3429 710 direxerat.
3490 655 3614 726 Ipse
3660 671 3791 711 vero

2197 745 2360 801 ﬂuvio
2406 745 2690 816 interjecto
2738 747 2814 800 rei
2859 755 3108 816 spectans
3145 755 3419 812 eventum,
3454 763 3578 802 cum
3614 747 3795 804 tribus

2201 849 2558 896 remanserat.
2595 839 2898 896 Verebatur
2940 840 3105 907 enim,
3153 842 3294 910 quod
3327 856 3430 897 nec
3481 850 3638 897 tanta
3667 857 3796 896 eum

2199 930 2380 1001 quiret
2405 929 2695 985 multitudo
2727 931 3036 998 defendere,
3070 933 3115 988 si
3162 949 3289 989 suos
3329 934 3385 989 in
3415 950 3542 990 eum
3575 937 3796 991 Altsca-

2201 1022 2316 1078 rius
2353 1031 2536 1094 posset
2577 1023 2799 1078 obtutus
2838 1024 3116 1080 inducere.
3168 1025 3320 1080 Haud
3369 1042 3546 1095 mora,
3583 1028 3799 1085 bellum

2201 1115 2476 1186 incipitur,
2502 1115 2554 1170 in
2585 1132 2692 1186 quo
2720 1115 3125 1187 Arcodus,quia
3157 1118 3388 1192 fugerat,
3415 1137 3524 1178 non
3551 1123 3799 1190 videtur,

2198 1210 2516 1266 Wikbertus
2542 1227 2673 1266 vero
2728 1222 2904 1267 morte
2958 1223 3113 1268 tenus
3159 1215 3499 1282 vulneratur,
3531 1218 3801 1290 quoniam

2201 1305 2419 1375 quidem
2451 1305 2588 1358 mori
2635 1305 2805 1360 salius
2848 1321 3020 1384 quam_
3047 1306 3236 1378 fugere
3261 1309 3432 1364 duxit.
3466 1309 3564 1367 llis
3607 1313 3805 1384 itaque

2201 1395 2452 1450 omnibus
2500 1395 2568 1450 ab
2613 1395 2875 1451 Anscario
2922 1378 3245 1464 debellatis,
3301 1401 3435 1456 duas
3481 1403 3532 1456 ei
3593 1403 3803 1460 iterum

2203 1486 2411 1542 Sarlius
2446 1490 2591 1544 acies
2621 1489 2817 1556 mittit,
2849 1507 2951 1544 una
2977 1491 3312 1548 solummodo
3341 1510 3528 1550 secum
3561 1506 3802 1554 retenta.

2203 1579 2447 1650 Cumque
2466 1581 2782 1648 Anscarius,
2805 1585 2927 1653 quis
2947 1601 3168 1641 suorum
3204 1587 3256 1641 in
3279 1603 3473 1659 campo
3501 1592 3804 1647 occumbe-

2205 1681 2306 1738 ret,
2338 1671 2499 1727 vellet
2525 1673 2818 1743 inquirere,
2846 1691 2951 1730 non
2983 1691 3082 1730 suo
3121 1685 3330 1732 tantum
3357 1695 3520 1748 quam
3565 1680 3804 1736 aliorum

2204 1767 2469 1836 sanguine
2498 1776 2815 1822 cruentatus
2846 1766 3164 1823 Wikbertus
3195 1769 3246 1824 ei
3288 1771 3552 1826 occurrit.
3606 1772 3707 1827 Cui
3739 1781 3806 1828 et

2209 1858 2326 1912 ait:
2375 1878 2393 1909 ‹
2445 1858 2574 1914 Duae
2618 1868 2807 1914 contra
2850 1876 2950 1914 nos
2990 1861 3135 1916 acies
3165 1862 3234 1892 ³³ί
3293 1863 3584 1933 perpulere
3632 1867 3806 1922 armis

2207 1951 2486 2007 instructae
2513 1953 2830 2020 adveniunt,
2857 1970 2994 2025 quas
3027 1965 3078 2011 te
3119 1957 3301 2026 potius
3323 1957 3603 2014 declinare
3638 1975 3801 2030 quam

2207 2052 2498 2113 expectare
2525 2045 2689 2099 etiam
2730 2054 2892 2115 atque
2922 2047 3084 2101 etiam
3116 2063 3269 2120 rogo.
3301 2049 3576 2117 Arcodus,
3601 2061 3663 2106 ut
3689 2051 3808 2123 ipse

2207 2133 2346 2190 bene
2368 2135 2505 2189 nosti
2531 2151 2723 2206 pugnae
2750 2135 2910 2204 hujus
2938 2137 3207 2204 incentor,
3240 2123 3482 2209 qualiter
3501 2141 3800 2213 aufugerit,

2206 2225 2374 2279 vides.
2400 2225 2511 2293 Ego
2535 2240 2666 2281 vero
2683 2228 2894 2296 positus
2924 2227 2977 2281 in
3016 2230 3309 2296 extremis,
3339 2246 3446 2285 non
3483 2234 3671 2302 cogito
3691 2235 3803 2304 jam

2207 2318 2273 2373 de
2299 2334 2498 2389 pugna,
2534 2319 2628 2374 sed
2659 2320 3068 2376 misericordem
3103 2321 3269 2376 Deum
3298 2339 3431 2394 rogo
3463 2341 3566 2395 pro
3599 2328 3801 2391 anima,

2207 2427 2278 2465 ne
2324 2412 2455 2468 mihi
2499 2412 2728 2482 imputet
2752 2413 2846 2479 ³³²,
2885 2430 3006 2483 qua:
3032 2414 3102 2469 ob
3149 2415 3496 2472 dilectionem
3529 2419 3613 2473 tui
3651 2421 3804 2475 hodie

2205 2505 2504 2560 commerui
2554 2506 2822 2573 crimina,
2867 2508 3147 2563 hominum
3187 2510 3307 2565 neci
3345 2510 3532 2567 dando
3572 2528 3800 2584 corpora

2207 2595 2396 2650 multa.
2439 2615 2458 2648 ι
2495 2593 2591 2651 llis
2615 2597 2863 2666 expletis,
2893 2599 3182 2668 expiravit.

2280 2687 2334 2741 8.
2367 2685 2620 2742 Collectis
2649 2689 2833 2760 itaque
2866 2690 3166 2747 Anscarius
3185 2707 3322 2762 quos
3352 2695 3562 2765 potuit,
3594 2695 3802 2752 duabus

2206 2772 2492 2844 phalangis
2537 2789 2867 2842 occurrens,
2917 2791 3013 2832 eas
3071 2779 3213 2834 inter
3258 2779 3594 2840 furibundus
3620 2784 3804 2841 insiliit

2207 2875 2554 2936 stragemque
2580 2867 2920 2924 innumeram
2942 2869 3110 2925 dedit.
3139 2870 3334 2929 Comes
3361 2875 3618 2945 quidam,
3644 2876 3803 2935 ﬂauo

2210 2957 2450 3022 nomine,
2479 2957 2688 3013 duabus
2711 2959 2819 3014 illis
2847 2971 3081 3030 praeerat
3116 2963 3358 3030 aciebus,
3386 2966 3481 3036 qui
3529 2968 3642 3024 hac
3696 2969 3803 3025 Art-~-

2210 3048 2390 3102 scario
2417 3049 2657 3103 occurrit
2698 3050 2909 3118 ﬁdutia,
2932 3055 3188 3123 quoniam
3208 3094 3222 3118 ,
3249 3055 3531 3113 confracta
3549 3057 3670 3126 jam
3696 3059 3807 3115 lan-

2211 3153 2330 3200 cea,
2353 3139 2524 3193 solam
2557 3142 2612 3195 in
2647 3157 2807 3197 manu
2831 3145 2948 3215 ejus
2967 3147 3180 3203 viderat
3209 3148 3442 3205 hastam.
3476 3151 3657 3219 Quem
3685 3154 3806 3210 dum

2213 3227 2442 3285 intuitus
2461 3240 2606 3286 esset
2643 3232 2943 3291 Anscarius
2975 3254 2990 3290 :
3023 3257 3043 3290 ‹
3077 3237 3228 3296 Tune
3258 3256 3340 3307 es,
3365 3241 3508 3310 infit,
3540 3246 3642 3314 qui
3682 3261 3806 3302 wn-

512 3346 850 3405 congregare
889 3334 1192 3390 exercitum
1238 3343 1489 3406 cuperat,
1535 3350 1658 3389 cum
1705 3335 1953 3392 Arcodus
1988 3337 2105 3408 qui-

2215 3327 2420 3390 tempto
2469 3323 2650 3378 crucis
2699 3333 2754 3380 et
2797 3337 3112 3385 sanctorum
3157 3330 3494 3401 iuramento,
3551 3336 3805 3408 periurus

510 3423 677 3492 dam,
727 3425 1170 3497 Burgundionum
1217 3427 1479 3498 sanguine
1528 3437 1718 3495 ortus,
1765 3427 2106 3485 Wikbertum

508 3515 615 3572 ista
652 3518 1022 3575 consulentem
1056 3519 1214 3576 dictis
1257 3520 1564 3591 increparet
1610 3522 1810 3577 amaris
1841 3539 1853 3576 :
1890 3541 1908 3573 ι
1943 3522 2109 3580 Chre-

512 3607 670 3675 meti,
721 3607 918 3679 inquit,
950 3609 1142 3666 similis
1189 3626 1278 3673 es,
1313 3611 1406 3682 qui
1451 3611 1522 3667 ob
1570 3611 1873 3668 Thrasouis
1904 3622 2109 3669 metum

515 3699 713 3757 Thaidi
745 3702 812 3759 de
844 3701 1192 3759 occludendis
1233 3704 1426 3760 edibus
1461 3706 1778 3774 consilium,
1809 3708 1986 3777 quoad
2017 3710 2112 3764 ad-

470 3801 492 3821 “
517 3801 746 3850 vocatos
773 3793 874 3850 sibi
905 3810 936 3850 a
963 3795 1083 3851 foro
1110 3795 1354 3865 duceret,
1383 3797 1561 3866 dedit;
1591 3814 1751 3869 quem
1793 3816 1917 3855 cum
1944 3800 2112 3857 Thais

511 3884 829 3957 prohiberet
862 3886 1012 3958 (ηδ)
1053 3903 1066 3940 :
1101 3885 1255 3952 Quod
1285 3904 1403 3941 cum
1449 3887 1620 3943 salute
1662 3900 1778 3954 tua,
1808 3891 1904 3956 ait,
1933 3908 2110 3946 cavere

513 3977 709 4046 possis,
735 3976 954 4032 stultum
999 3976 1273 4032 admittere
1306 3988 1402 4033 est.
1446 3977 1593 4033 Malo
1637 3997 1728 4050 ego
1767 3998 1862 4035 nos
1902 3983 2109 4052 prospi-

514 4082 653 4132 cere,
678 4085 836 4138 quant
871 4068 1053 4122 ulcisci
1085 4068 1154 4100 ³⁸⁸
1179 4080 1388 4141 accepta
1424 4070 1662 4140 injuria!
1691 4071 1922 4142 Optime,
1962 4072 2115 4128 Wik—

471 4155 727 4224 ‘bertus,
755 4157 1003 4230 inquam,
1027 4157 1324 4215 Thrasonis
1352 4159 1529 4215 fecisti
1554 4163 1872 4217 memoriam
1899 4163 2106 4231 militis,

513 4246 614 4318 qui
637 4249 826 4304 rabido
849 4249 1000 4318 prius
1026 4264 1121 4305 ore
1165 4251 1470 4318 descvieus,
1503 4267 1628 4307 cum
1673 4254 1741 4309 ad
1784 4270 1897 4310 rem
1923 4271 2110 4311 veram

512 4349 740 4397 ventum
771 4351 935 4409 esset,
969 4342 1243 4415 Syriscum
1290 4345 1346 4399 in
1377 4345 1572 4402 dextro
1614 4362 1806 4416 cornu,
1837 4347 2109 4420 Symalio-

512 4451 645 4492 nem
695 4437 750 4492 in
795 4437 1017 4493 sinistro
1044 4439 1382 4496 constituens
1425 4439 1597 4511 (127),
1627 4440 1742 4511 ipse
1786 4443 1888 4498 sibi
1929 4443 2109 4500 locum

512 4527 926 4601 postprincipia
959 4529 1106 4603 (ηε)
1145 4531 1326 4603 elegit.
1366 4531 1776 4603 Burgundiones
1805 4533 1948 4589 enim
1989 4550 2110 4605 gar-

512 4621 667 4678 rulos
688 4621 923 4689 aM’esse,
967 4638 1192 4680 voraces
1237 4639 1301 4680 ac
1343 4624 1605 4692 inbelles,
1649 4627 1828 4683 nullus
1873 4628 1963 4697 qui
2017 4643 2110 4684 eos

2212 3413 2268 3466 in
2318 3413 2540 3468 nomine
2581 3413 2677 3470 Dei
2707 3416 2783 3472 tui
2815 3433 2904 3475 me
2951 3428 3104 3476 tuum
3144 3424 3420 3481 dominum
3467 3426 3804 3497 deseruisti,

2209 3510 2267 3558 et
2311 3503 2379 3558 ad
2422 3503 2637 3575 vulpem
2686 3505 2923 3566 Sarlium
2975 3514 3257 3587 transfuga
3304 3531 3371 3574 ac
3413 3519 3671 3579 desertor
3717 3521 3805 3578 ab-

2209 3593 2299 3650 isti
2319 3595 2342 3648 ?

2302 3684 2426 3740 Esse
2450 3688 2640 3755 aliquos
2663 3706 2834 3746 manes
2858 3704 2911 3748 et
2933 3699 3258 3755 subterranea
3281 3716 3438 3770 regna
3462 3707 3634 3774 (129),

2211 3791 2266 3848 in
2292 3795 2490 3864 quibus
2519 3799 2720 3868 periuri
2751 3805 3067 3874 puniantur,
3099 3809 3346 3868 Cocitum
3375 3813 3452 3848 ⁸⁸³
3475 3817 3650 3874 etiam
3679 3827 3744 3876 et

2305 3886 2460 3951 Stiglo
2481 3902 2620 3940 ranas
2643 3893 2691 3942 iu
2716 3897 2918 3958 gurgite
2938 3900 3101 3961 nigras
3124 3903 3138 3962 (
3151 3901 3282 3966 l30),

2211 3988 2302 4089 qui
2334 4005 2507 4060 usque
2529 3996 2689 4050 modo
2716 4000 3022 4067 somniasti,
3054 4017 3114 4058 re
3136 4003 3252 4076 ipsa
3273 4023 3438 4079 quam
3475 4028 3610 4070 mox
3643 4031 3804 4089 expe-

2211 4082 2354 4136 rire!
2397 4103 2415 4137 ›
2453 4085 2578 4141 Haec
2597 4088 2807 4157 dicens,
2834 4092 3070 4163 hastam,
3107 4113 3271 4168 quam
3305 4103 3427 4158 sine
3451 4104 3604 4164 ferro
3628 4082 3804 4178 gesta-

2209 4172 2326 4239 bat,
2356 4189 2455 4245 per
2484 4193 2549 4232 os
2597 4178 2740 4236 illius
2772 4183 2951 4241 valide
2980 4186 3211 4258 jaciens,
3261 4199 3528 4268 sanguine
3563 4172 3806 4260 cerebro-

2209 4278 2317 4364 que
2384 4281 2690 4338 respersam
2752 4287 2850 4342 per
2914 4279 3226 4348 occipitium
3283 4287 3513 4354 eduxit;
3573 4306 3806 4364 enseque

2211 4356 2508 4427 abstracto,
2552 4365 2808 4432 quoniam
2856 4368 3010 4425 multi
3042 4387 3205 4444 super
3252 4391 3311 4431 se
3356 4379 3678 4449 irmerant,
3721 4356 3806 4442 di-

2211 4450 2414 4508 micare
2449 4455 2656 4511 naviter
2691 4459 2879 4529 caapit.
2917 4463 3181 4536 Cumque,
3207 4470 3370 4527 nullis
3404 4475 3513 4530 sibi
3557 4481 3809 4536 ammini-

2212 4543 2543 4614 culantibus,
2580 4551 2825 4606 omnium
2869 4570 3032 4624 pmne
3081 4558 3314 4616 hostium
3362 4565 3514 4621 solus
3546 4568 3807 4640 impetum

2212 4635 2530 4705 sustineret,
2573 4640 2680 4696 huc
2732 4641 2969 4716 illucque
3019 4647 3331 4706 discurrens
3358 4693 3373 4718 ,
3429 4635 3658 4729 sonipes
3703 4674 3808 4730 quo

512 4716 733 4772 noverit
757 4714 1005 4787 ambigit.
1037 4716 1144 4772 Sed
1169 4724 1224 4772 et
1263 4731 1424 4786 quam
1450 4717 1764 4788 perfortiter
1802 4734 1943 4789 saepe
1966 4717 2108 4776 fece-
2134 4706 2190 4796 ι)
2215 4727 2490 4785 insederat
2547 4731 2619 4764 ³⁸⁵
2660 4735 2797 4791 adeo
2849 4706 2902 4792 in
2953 4738 3204 4796 scrobem
3278 4706 3657 4813 cecidit-,"ru't'

514 4807 637 4877 ris,
679 4823 814 4880 quas
856 4809 1111 4881 fugiendo
1160 4810 1478 4880 declinasti,
1530 4812 1817 4868 cicatrices
1869 4813 2113 4869 indicant

516 4901 783 4972 corporis.
823 4920 844 4955 ι

682 4992 992 5016 3..2..-_..-.J!
1035 4992 1210 5016 2.-----
1255 4994 1273 5016 ι
1293 4995 1538 5016 ------',--

2213 4824 2494 4915 supposito
2522 4826 2856 4915 pedibusque
2881 4845 3096 4887 sursum
3117 4835 3337 4900 erectis,
3351 4851 3418 4892 eo
3445 4853 3625 4910 usque
3650 4859 3811 4915 super

2213 4908 2536 4969 Anscarium
2575 4914 2806 4986 iaceret,
2857 4920 3030 4978 donec
3067 4925 3136 4980 ab
3183 4908 3812 4989 irruentibus'hostibns
