4012 5340
244 211 348 271 881

260 426 470 490 dm)”
513 444 607 483 seu
657 426 1085 498 septemtrionali
1133 425 1284 481 Italia
1331 426 1565 497 cingitur
1602 434 1774 494 parte,
1802 439 1834 480 a

251 523 537 578 Saraéenls
594 521 958 577 Fraxenetum
1021 519 1410 575 inabitantibus
1462 518 1835 574 crudelissime

245 608 642 677 depopulantur
678 613 748 644 ³⁵⁸
798 611 908 681 (an.
935 609 1087 683 941).
1115 611 1480 680 Quamobrem
1532 610 1685 680 Htth
1740 624 1835 664 rex

242 701 476 757 consilio
506 711 752 774 accepto,
803 704 1026 759 nuntios
1064 703 1589 775 ConstantinOpolim
1630 703 1833 774 dirigit,

243 806 449 864 rogans
477 793 860 866 imperatorem
899 794 1207 862 Romanon,
1238 805 1296 850 ut
1324 811 1491 851 naves
1529 795 1632 850 sibi
1662 795 1837 851 Greco

241 895 368 936 eum
412 885 535 954 igne
581 887 938 955 transmittat,
988 903 1125 959 quas
1164 887 1447 943 chelandia
1495 889 1670 959 patrio
1721 903 1836 942 ser-

238 988 407 1030 mone
445 976 606 1033 Greci
634 981 1040 1052 cognominant.
1093 982 1206 1038 Hoc
1253 992 1435 1038 autem
1483 998 1548 1038 eo
1597 983 1746 1050 fecit,
1777 990 1840 1038 ut

239 1059 376 1119 dum
405 1068 649 1123 terrestri
677 1069 871 1127 itinere
918 1072 1034 1144 ipse
1062 1074 1129 1128 ad
1170 1073 1556 1129 destruendum
1591 1077 1838 1130 tenderet

235 1148 592 1214 Fraxinetum
620 1161 714 1229 ⁸⁸⁷,
743 1176 862 1218 eam
887 1175 1096 1235 partem
1119 1181 1224 1237 qua
1249 1169 1385 1222 mari
1410 1168 1650 1223 munitur
1677 1167 1836 1227 Greci

235 1246 462 1317 navigio
493 1252 826 1320 obsiderent,
857 1271 1158 1329 eorumque
1206 1275 1374 1316 naves
1417 1271 1738 1326 exurerent,
1771 1277 1837 1318 ac

236 1351 310 1392 ne
343 1341 413 1394 ab
464 1340 725 1415 Hispania
757 1347 934 1403 victus
983 1350 1066 1407 eis
1120 1361 1216 1406 aut
1265 1354 1546 1424 copiarum
1596 1354 1836 1411 subsidia

232 1433 612 1500 provenirent,
643 1437 1056 1509 diligentissime
1085 1444 1453 1515 providerent.

311 1523 400 1577 10.
444 1524 657 1584 lnterca
686 1529 1072 1604 Berengarius,
1119 1539 1404 1593 memorati
1434 1538 1604 1594 frater
1631 1542 1838 1596 Ansca-

233 1613 306 1669 rii
371 1625 536 1686 atque
587 1617 895 1694 Eporegize
960 1626 1202 1682 civitatis
1270 1630 1553 1697 marchio,
1622 1633 1838 1689 occulte

231 1709 486 1777 quaedam
536 1711 591 1766 in
645 1730 829 1787 regem
870 1720 1037 1788 coepit
1084 1721 1284 1778 moliri.
1335 1724 1489 1792 Quod
1539 1726 1666 1782 dum
1721 1728 1836 1799 regi
1867 1706 1913 1766 Β

232 1812 580 1870 compertum
607 1816 772 1870 esset,
811 1809 1066 1866 simulata
1119 1813 1492 1871 benivolcncra
1527 1817 1836 1873 dissimula-

230 1898 406 1962 taque
434 1894 535 1959 ira,
576 1896 702 1952 dum
752 1901 818 1955 ad
851 1917 970 1956 sese
1016 1905 1250 1970 veniret,
1297 1906 1416 1962 lucc
1459 1925 1582 1964 emn
1617 1911 1838 1981 privare

232 1984 528 2073 disposuit.
577 1991 748 2050 Filius
800 1995 1036 2066 denique
1073 1997 1221 2067 ejus,
1273 2002 1491 2058 nomine
1545 2003 1837 2062 Lotliarius

233 2093 355 2144 rex,
391 2089 447 2136 et
502 2082 617 2150 ipse
668 2101 866 2156 parvus
917 2104 980 2144 ac
1032 2093 1461 2148 necessariarum
1504 2096 1603 2150 sibi
1654 2112 1838 2152 rerum

233 2170 419 2226 adhuc
471 2173 736 2242 ignarus,
792 2179 1048 2246 quoniam
1100 2183 1344 2238 consiliis
1402 2185 1486 2240 his
1549 2187 1836 2257 interfuit,

233 2261 420 2318 celare
484 2267 940 2334 quemadmodum
1011 2288 1145 2342 puer
1197 2275 1337 2329 haud
1388 2279 1600 2346 potuit,
1648 2296 1838 2336 verum

233 2352 509 2407 destinato
555 2356 621 2410 ad
661 2356 1046 2425 Bcrengarium
1099 2366 1309 2430 nuntio,
1343 2370 1484 2436 quod
1536 2371 1635 2425 sibi
1688 2382 1840 2440 pater

233 2459 370 2500 suus
397 2444 581 2502 facere
601 2449 782 2514 vellet,
801 2455 1066 2523 apperuit.
1093 2454 1204 2512 lloc
1226 2458 1458 2530 denique
1481 2461 1841 2533 Berengarius

235 2547 297 2591 ut
330 2540 562 2606 audivit,
586 2541 796 2598 ltaliam
823 2560 983 2614 quain
1013 2565 1136 2603 mox
1161 2551 1423 2615 deseruit,
1458 2570 1522 2610 ac
1552 2572 1649 2626 per
1687 2573 1840 2612 nion-

234 2637 342 2684 tem
363 2629 517 2688 Jovis
558 2633 610 2687 in
645 2633 896 2690 Sueviam
944 2639 1011 2692 ad
1058 2639 1449 2698 llerimannnm
1482 2646 1674 2702 ducem
1708 2664 1840 2720 pro-

232 2724 482 2792 peravit;
515 2740 737 2782 uxorem
764 2741 895 2782 vero
931 2743 1085 2784 suam
1114 2731 1329 2787 Willam
1371 2750 1467 2804 per
1491 2737 1649 2791 aliam
1697 2740 1840 2796 viam

234 2813 303 2866 ad
341 2815 575 2870 eandem
627 2818 963 2886 provinciam
994 2825 1182 2879 venire
1222 2829 1498 2898 praecepit.
1543 2829 1672 2896 Quae
1704 2842 1838 2886 tent-

231 2922 366 2977 pore
402 2907 475 2940 ³⁸⁸
504 2909 860 2980 digressionis
908 2930 1006 2971 sue
1051 2933 1147 2987 per
1177 2927 1414 2974 montem
1443 2921 1635 2976 Avium
1669 2925 1840 2996 (151),

233 2998 345 3052 feta
375 3001 668 3072 partuique
710 3003 911 3071 vicina,
954 3008 1188 3078 qualiter
1235 3021 1447 3066 montes
1481 3023 1586 3068 tam
1619 3031 1843 3087 asperos

233 3100 403 3160 atque
437 3092 611 3149 invios
665 3097 896 3151 transire
937 3073 1165 3167 pedibus
1191 3103 1391 3172 poterit
1421 3104 1490 3135 ³⁵⁸
1519 3145 1534 3170 ,
1581 3073 1714 3162 satis
1744 3123 1842 3164 ne-
1871 3073 1917 3136 Ο

233 3198 381 3252 queo
428 3184 654 3250 mirari;
701 3187 801 3242 nisi
855 3190 982 3259 quia
1035 3189 1284 3248 fortunas
1336 3210 1526 3251 omnes
1584 3198 1844 3257 adversas

234 3273 371 3327 mihi
400 3272 570 3329 fuisse
604 3286 756 3332 certo
796 3280 931 3334 scio.
982 3280 1088 3336 Sed
1129 3284 1228 3338 alt!
1268 3299 1432 3354 quam
1465 3287 1568 3342 sibi
1619 3290 1845 3361 decipu-

235 3361 346 3417 lam
381 3363 676 3420 Lotharins
721 3373 1133 3440 prmparaverit,
1182 3372 1345 3429 futuri
1403 3375 1626 3446 ignarus
1659 3379 1844 3436 videre

235 3470 346 3509 non
398 3457 595 3526 potuit.
641 3457 778 3513 Dum
833 3463 980 3516 enim
1029 3462 1360 3534 Berengario
1400 3468 1712 3536 consuluit,
1749 3473 1843 3541 qui

235 3561 470 3616 regnum
501 3557 556 3602 et
586 3550 756 3606 vitam
797 3552 1038 3608 auferret
1086 3556 1304 3612 sibimet
1346 3563 1692 3630 prmparavit.
1737 3564 1846 3619 lm-

237 3654 451 3708 ιιι-πεοι-
476 3641 658 3711 itaque
691 3658 798 3698 non
852 3643 1145 3715 Lothario,
1178 3650 1270 3718 qui
1325 3653 1578 3720 puericite
1625 3653 1846 3712 levitate

232 3730 505 3801 peccavit,
538 3732 702 3804 idque
731 3738 1074 3804 postmodum
1125 3754 1310 3795 amare
1338 3742 1622 3812 paenituit,
1653 3760 1844 3801 verum

234 3824 524 3880 montibus
557 3827 660 3881 illis
705 3829 1038 3896 crudelibus,
1071 3843 1259 3888 contra
1288 3835 1558 3890 insuetum
1589 3838 1844 3896 omnibus

234 3932 450 3971 morem
498 3918 657 3974 facila
706 3920 787 3975 eis
842 3921 946 3977 iter
991 3925 1362 3992 prebentibus.
1396 3927 1584 3998 itaque
1629 3929 1762 3986 libet
1787 3931 1844 3986 in

232 4023 431 4065 eorum
483 4011 617 4066 mihi
660 4029 804 4068 nunc
834 4017 1221 4072 contumeliam
1252 4020 1563 4078 exclamare
1592 4041 1606 4079 :

426 4103 514 4156 11.
549 4103 798 4174 Improbe
832 4106 900 4140 ³⁸⁸
927 4125 1083 4164 mons
1113 4110 1340 4179 Avium,
1371 4113 1464 4169 tali

424 4193 734 4252 Conservas
770 4198 897 4269 quia
931 4216 1054 4254 nam
1082 4213 1314 4272 pestem,

425 4286 611 4342 lnvius
643 4304 762 4346 esse
789 4291 934 4347 soles
965 4295 1160 4362 etiam,

427 4381 698 4455 Tempore
729 4402 838 4457 quo
867 4387 1122 4444 Cererem
1155 4405 1367 4447 messor

426 4475 698 4549 Tempore
722 4495 830 4550 quo
852 4466 1026 4536 radiis
1056 4481 1248 4538 Phaabi

421 4566 667 4624 Pessime
705 4585 848 4624 nunc
879 4586 938 4626 es
979 4572 1222 4627 inaudito

427 4657 696 4715 Pervius?
724 4669 886 4732 atque
915 4664 1124 4716 utinam
1162 4672 1382 4733 possent

425 4749 689 4808 Protinus
737 4754 790 4808 in
829 4755 1109 4811 baratrum
1145 4757 1365 4814 avulsus
1402 4757 1469 4791 ³⁸⁸

423 4846 568 4902 Ecce
608 4846 997 4920 Berengarium
1038 4859 1254 4917 servat,

424 4939 581 4999 Mons
621 4941 854 4997 transire
878 4939 1048 5010 Jovis,
1081 4944 1283 5000 mirum
1327 4945 1473 5002 haud

1204 212 1750 273 ANTAPODOSEOS
1787 195 1967 268 unm
2007 211 2162 271 sax.
2197 242 2265 254 -
2301 212 2429 270 Ltn.
2475 213 2540 272 v.

312 333 368 404 9.
395 307 534 390 Dum
574 320 693 393 haec
726 341 966 406 aguntur
987 373 1003 400 ,
1058 341 1318 390 montana
1364 333 1562 405 quibus
1590 333 1658 388 ab
1687 333 1830 389 occi-
1859 335 1911 396 Α

1869 4439 1924 4499 1)

2114 336 2183 389 fat
2218 348 2440 390 servare
2470 333 2666 398 malos.
2707 341 2955 391 vocitant

2109 425 2380 498 Sanguine
2409 427 2499 497 qui
2536 428 2770 499 gaudent
2817 429 3128 497 hominum,

2113 516 2250 584 Quid
2294 519 2520 588 loquar?
2548 534 2674 575 ecce
2701 519 2868 574 Deum
2911 520 3070 590 cupio

2115 609 2544 681 Conscissusque
2581 612 2746 666 chaos
2784 612 2998 667 cunctis

2110 704 2298 777 Neque
2335 715 2389 761 tu
2436 707 2654 762 nomine
2699 707 2924 778 dignus.
3064 692 3066 695 V

2115 798 2270 853 Nunc
2295 815 2456 870 quam
2494 801 2722 870 perdere
2753 800 2929 871 possis

2111 889 2246 944 Cum
2273 889 2353 944 sol
2401 890 2592 961 igneus
2624 891 2800 955 ardet,

2110 983 2285 1037 Curva
2324 981 2462 1039 falce
2501 985 2736 1054 reposcit
2769 984 2860 1051 ³⁸⁸,

2114 1073 2307 1129 Cancri
2339 1074 2409 1106 ³⁸³
2434 1075 2582 1131 sidus
2620 1077 2818 1131 adurit.

2120 1167 2324 1237 Rigida:
2358 1167 2428 1199 ⁸⁸³
2463 1176 2704 1239 tempore
2743 1168 2932 1223 brume

2117 1257 2232 1311 Mea
2274 1274 2419 1313 nunc
2459 1268 2587 1314 vota
2619 1260 2833 1324 valere,

2117 1349 2252 1404 Aliis
2304 1351 2580 1405 montibus
2630 1352 2784 1405 isses.
2868 1408 2874 1420 ν,

2120 1439 2263 1494 Sinit
2297 1449 2351 1495 et
2383 1442 2600 1496 tramite
2641 1451 2791 1496 recto

2120 1534 2317 1589 Suetos
2349 1534 2578 1605 perdere
2629 1543 2848 1588 sanctos
2868 1574 2884 1599 ,

2120 1626 2232 1680 Heu
2280 1642 2416 1696 quos
2448 1626 2664 1680 nomine
2704 1625 2920 1680 Mauros
2943 1665 2961 1692 ,

2117 1719 2277 1774 Juvat
2308 1731 2362 1775 et
2390 1721 2570 1775 vivere
2613 1729 2788 1790 rapto.

2119 1814 2252 1867 Tete
2299 1811 2525 1867 fulmine
2571 1812 2767 1876 aduri,

2125 1906 2249 1960 Fias
2294 1914 2537 1975 tempore
2581 1916 2798 1960 cuncto.

2014 1997 2100 2053 12.
2140 1997 2306 2068 lgitur
2335 1996 2718 2060 l-lerimannus,
2746 1995 3049 2051 Suevorum
3080 1991 3540 2058 dux,venientem
3616 2031 3626 2046 ι

1942 2091 2008 2146 ad
2037 2108 2094 2145 se
2124 2091 2512 2160 Berengarium
2547 2091 2783 2160 benigne
2832 2089 3091 2158 suscepit,
3142 2100 3376 2157 eumque
3419 2100 3540 2139 ma-

1942 2197 2049 2251 gno
2077 2197 2199 2236 cum
2228 2183 2435 2236 honore
2467 2191 2594 2237 ante
2620 2182 2848 2251 piissimi
2883 2181 3026 2253 regis
3055 2179 3270 2236 Ottonis
3295 2194 3540 2249 prtesen-

1946 2275 2074 2328 tiam
2104 2274 2277 2328 duxit.
2309 2272 2480 2340 Quem
2510 2283 2712 2342 quanta
2748 2287 2841 2327 rex
2888 2273 3170 2327 devotione
3218 2269 3539 2339 susceperit,

1943 2366 2266 2436 quantisque
2300 2363 2616 2418 muneribus
2641 2363 2945 2426 donaverit,
2973 2371 3344 2432 quantumque
3367 2360 3540 2413 hono-

1945 2457 2168 2520 raverit,
2220 2455 2377 2512 stilus
2431 2471 2583 2510 meus
2628 2470 2687 2511 se
2733 2455 2973 2509 scribere
3017 2452 3088 2484 ³⁸⁸
3129 2466 3288 2521 posse
3327 2448 3540 2504 diffidit.

1950 2546 2144 2602 Verum
2175 2557 2434 2617 quantum
2468 2547 2671 2618 poterit
2701 2546 3024 2618 designatis,
3054 2542 3208 2612 cujus
3235 2541 3544 2597 sanctitatis

1945 2648 2272 2710 quantzeque
2330 2640 2688 2694 humanitatis
2740 2655 2836 2694 rex
2891 2637 3073 2699 fuerit,
3107 2645 3325 2706 quanta:
3374 2633 3541 2688 etiam

1947 2731 2316 2801 improbitatis
2356 2731 2721 2802 Berengarius
2763 2729 3048 2795 extiterit,
3094 2726 3253 2783 facile
3305 2725 3545 2798 prudens

1947 2822 2120 2878 lector
2148 2823 2586 2877 animadvertere
2621 2821 2844 2892 poterit.

2022 2916 2108 2970 15.
2145 2915 2259 2970 Rex
2308 2914 2478 2983 Hugo,
2514 2915 2698 2968 audita
2745 2911 3059 2982 Berengarii
3106 2908 3274 2980 fuga,
3322 2905 3546 2962 nuntios

1947 3023 2078 3064 suos
2105 3008 2216 3082 regi
2242 3007 2430 3064 Ottoui
2459 3007 2641 3079 dirigit
2673 3007 2784 3078 (an.
2821 3005 2948 3078 942)
2969 3047 2984 3070 ,
3033 3005 3330 3060 secundum
3354 3001 3548 3058 volun-

1952 3103 2079 3157 tatis
2108 3117 2219 3157 sua:
2251 3100 2698 3156 deliberationem
2737 3099 2857 3153 auri
2887 3097 3208 3169 argentique
3235 3095 3444 3165 c0piam
3485 3106 3548 3149 se

1949 3195 1996 3250 ei
2025 3195 2295 3256 daturum,
2334 3192 2381 3248 si
2430 3190 2823 3262 Berengarimn
2873 3205 2980 3245 non
3037 3187 3339 3257 susciperet
3385 3187 3547 3257 eique

1947 3284 2294 3340 amminiculo
2335 3299 2440 3339 non
2473 3282 2777 3346 conferret,
2824 3281 3169 3352 promittens.
3212 3279 3419 3346 Quibus
3450 3293 3546 3334 rex

1947 3375 2342 3447 apologcticum
2391 3373 2462 3405 ³⁸⁸
2512 3371 2820 3442 hujusmodi
2870 3371 3070 3425 dedit:
3115 3387 3135 3420 ι
3182 3368 3546 3438 Berengarius

1948 3483 2054 3523 non
2130 3467 2200 3520 ob
2258 3465 2461 3520 domini
2507 3463 2676 3519 vestri
2735 3461 3146 3532 dejeccionem,
3192 3475 3382 3514 verum
3416 3499 3432 3523 ,
3494 3456 3544 3514 si

1946 3560 2091 3631 potis
2119 3569 2222 3625 est,
2273 3557 2344 3613 ob
2370 3557 2892 3624 reconciliationem,
2925 3566 3166 3611 nostram
3195 3555 3328 3609 adiit
3372 3553 3550 3624 pieta-

1947 3661 2077 3707 tem.
2110 3651 2225 3719 Qua
2249 3651 2300 3705 in
2336 3665 2394 3705 re
2425 3649 2469 3704 si
2504 3647 2905 3706 amminiculari
2937 3647 3012 3703 illi
3046 3661 3234 3716 pcenes
3265 3644 3547 3699 dominum

1945 3751 2412 3814 vestrumpolero,
2430 3756 2593 3812 gazas
2623 3756 2652 3794 a
2672 3754 2732 3795 se
2759 3727 2889 3794 mihi
2921 3738 3216 3810 promissas
3241 3752 3345 3791 non
3369 3734 3547 3791 solum

1946 3854 2053 3892 non
2081 3837 2339 3906 suscipio,
2373 3850 2561 3890 verum
2587 3848 2762 3888 meam
2809 3832 2882 3886 illi
2926 3830 3281 3886 libentissime
3326 3828 3545 3895 tribuo;

1947 3929 2278 4000 Berengario
2321 3943 2473 3993 vero,
2508 3943 2602 3983 seu
2656 3925 2880 3982 cuilibet
2928 3933 3129 3979 nostra:
3181 3921 3400 3993 pietatis
3435 3920 3548 3977 cle-

1948 4021 2208 4077 mentiam
2237 4019 2571 4090 imploranti,
2605 4017 2892 4073 mandasse
2934 4015 3234 4072 subsidium
3273 4029 3380 4069 non
3410 4029 3550 4084 prae-

1945 4113 2116 4179 bcre',
2189 4127 2415 4166 summae
2469 4109 2757 4166 dementia:
2817 4117 2921 4163 est.
2983 4106 3265 4178 Perpende
3323 4105 3546 4174 itaque,

1947 4218 2150 4278 quanta
2171 4221 2293 4259 eum
2319 4219 2412 4259 rex
2428 4203 2547 4274 pius
2571 4201 2799 4258 caritate
2821 4200 3090 4264 dilexerit,
3107 4199 3200 4268 qui
3225 4196 3550 4268 promissam

1947 4312 2055 4351 non
2080 4295 2252 4350 solum
2283 4311 2388 4350 non
2415 4293 2681 4364 accipere,
2711 4291 2803 4346 sed
2835 4290 3110 4362 propriam
3141 4303 3240 4360 pro
3270 4287 3359 4343 illo
3383 4300 3549 4359 pecu-

1950 4392 2096 4446 niam
2131 4388 2297 4443 voiuit
2327 4387 2482 4442 dare.

2027 4483 2111 4538 14.
2169 4483 2304 4536 Dum
2337 4483 2451 4536 haec
2497 4487 2733 4551 aguntur
2779 4477 2874 4545 ³⁸⁷,
2912 4475 3548 4547 Constantinopolitanus

1953 4578 2248 4647 imperator
2285 4591 2407 4631 cum
2447 4575 2590 4646 regis
2640 4573 2883 4644 llugonis
2929 4571 3133 4626 nuntiis
3177 4584 3307 4625 suos
3339 4567 3548 4638 pariter

1953 4669 2160 4740 dirigit,
2195 4670 2481 4730 mandans,
2515 4680 2680 4721 naves
2731 4674 2785 4721 et
2827 4665 3012 4719 omnia
3060 4677 3166 4732 que
3211 4661 3547 4717 desideraret

1955 4776 2013 4816 se
2043 4761 2091 4817 ei
2122 4760 2396 4827 daturum,
2425 4759 2472 4814 si
2502 4757 2683 4828 nepoti
2709 4773 2808 4813 suo
2833 4754 3062 4827 parvulo
3102 4753 3204 4808 sibi
3246 4751 3546 4816 omonimo,

1953 4854 2294 4910 Constantini
2323 4853 2467 4917 tilio,
2499 4851 2665 4906 filiam
2695 4865 2848 4906 suam
2880 4848 3165 4918 conjugem
3194 4846 3372 4902 daret.
3405 4840 3551 4897 Con-

1953 4945 2252 5003 stantinum
2289 4953 2471 5000 autem
2502 4941 2703 4998 Leonis
2732 4939 3081 5011 imperatoris
3119 4933 3214 5004 ³⁶⁶,
3245 4950 3351 4992 non
3383 4931 3552 5004 ipsius

1536 5061 1774 5119 VARIA‘I
1816 5061 2206 5124 LECTIONES

317 5174 401 5261 ³⁸³,
419 5172 689 5231 ιιοοείάυει
719 5189 856 5261 so":
887 5175 1112 5261 οςοίάυει
1138 5178 1192 5233 ι·
1367 5176 1769 5261 «temptarer.
1961 5177 2404 5261 (19009913921.-
2432 5189 2540 5261 v9?
2559 5167 3275 5261 amarae“?aereae-

248 5255 503 5284 vnnalnm
550 5260 674 5284 rnrr
718 5243 1043 5284 frnvinninm
1077 5252 1098 5284 ιι
1208 5247 1279 5280 au
1320 5243 1491 5284 [alni—‘0
1508 5243 1548 5284 -Ι
1657 5249 1767 5284 εηε

1836 5269 1861 5284 Α
1916 5258 2006 5284 nnl
2019 5249 2128 5284 ηονῖ
2140 5258 2153 5284 Ι

3351 5164 3420 5198 ³⁸⁷
3450 5164 3562 5205 fm—

2259 5195 2325 5234 ur
2348 5177 2403 5232 1.
2432 5189 2531 5231 vox
2559 5186 2718 5226 sensu
2744 5167 2958 5239 passivo
2989 5177 3275 5235 usurpata.
3351 5164 3420 5198 ³⁸⁷
3450 5164 3562 5220 fra—

2257 5251 2324 5283 uo
2363 5245 2543 5284 (7nd":
2569 5241 2635 5284 ιε-
2671 5243 2782 5284 Imm
2830 5240 2886 5284 in
2944 5237 3185 5284 mni-nine
3231 5237 3381 5284 habet
3405 5235 3564 5284 :Me-
