4012 5340
467 77 578 140 883

1466 48 1893 143 LlurrnANm
1930 50 2414 142 CREMONENSIS
2454 82 2759 142 EPISCOPI

3654 82 3757 141 884

468 191 797 259 Romanum,
820 192 991 250 tilium
1019 194 1158 253 dico.
1190 194 1327 252 Tres
1358 184 1504 253 enim
1534 197 1591 253 hi
1637 212 1762 254 cum
1809 197 2057 254 Romano
2084 202 2134 264 Α
2162 196 2357 253 fluctus
2384 208 2635 267 uruntur,
2666 198 2950 271 nullusque
3011 160 3100 258 die
3147 197 3237 257 illa
3270 198 3465 265 evasit,
3504 197 3600 271 qui
3630 195 3751 275 fuga

468 289 631 345 simul
657 289 1061 361 imperitabant,
1093 292 1334 363 ejusdem
1365 292 1617 350 videlicet
1659 294 1766 349 duo
1790 292 1906 358 filii,
1935 291 2061 348 Ste-

466 383 684 454 phanus
727 392 891 455 atque
918 383 1332 454 Constantinus,
1362 401 1576 444 necnon
1619 393 1677 441 et
1719 386 1809 442 hic
1836 384 1903 442 de
1953 399 2062 456 quo

468 485 527 526 1n
580 474 991 544 praesentiarum
1044 491 1228 534 sermo
1261 488 1383 546 est,
1426 478 1816 535 Constantinus
1862 476 2061 533 Leonis

467 565 814 637 imperatoris
843 568 1004 625 filius.
1034 570 1149 627 Rex
1191 572 1374 643 itaque
1406 569 1579 644 Hugo,
1624 573 1726 628 hac
1757 570 1939 626 audita
1977 570 2059 627 le-

467 658 705 728 gatione,
730 662 952 719 directis
978 662 1181 720 iterum
1223 665 1448 733 nuntiis,
1486 655 1731 721 Romano
1757 664 2056 731 denuntiat,

466 765 528 805 se
556 749 798 825 legitimo
826 771 894 812 ex
944 759 1193 831 conjugio
1238 760 1402 815 tiliam
1449 776 1555 816 non
1586 760 1819 828 habere;
1870 760 1965 816 sed
2010 759 2060 816 si

464 856 534 897 ex
558 845 985 905 concubinarum
1026 851 1241 910 filiabus
1271 853 1450 918 vellet,
1498 854 1769 927 egregiam
1801 854 1851 909 ei
1884 838 2056 911 forma

413 935 427 949 ⁸
463 948 626 1023 posse
665 948 932 1007 prostare.
963 941 1029 996 Et
1054 944 1312 1014 quoniam
1352 944 1512 1003 Greci
1552 946 1606 1001 in
1652 944 1926 1002 Geneseos
1954 961 2056 1001 no—

463 1024 694 1095 bilitate,
725 1046 832 1086 non
874 1048 995 1104 quae
1038 1044 1213 1091 mater
1246 1036 1340 1092 sed
1385 1037 1509 1109 quis
1554 1036 1717 1093 fuerit
1749 1047 1928 1109 pater,
1976 1038 2059 1092 in-

463 1119 711 1188 quirunt,
736 1122 1034 1195 imperator
1062 1126 1339 1185 Romanos
1370 1145 1537 1186 naves
1581 1130 1842 1186 continuo
1882 1128 2057 1186 Greco

462 1225 586 1267 cum
617 1212 740 1285 igne
768 1221 1116 1289 prmparavit,
1163 1236 1388 1277 munera
1422 1222 1658 1277 maxima
1690 1222 1868 1289 misit,
1892 1232 2057 1293 atque

462 1313 522 1359 ut
556 1305 702 1362 illam
759 1311 936 1381 nepoti
988 1327 1086 1367 suo
1116 1311 1471 1384 coniungeret
1526 1314 1819 1369 mandavit.
1852 1314 2055 1370 Verum

460 1398 717 1467 quoniam
747 1416 900 1457 meus
931 1403 1275 1469 vitricus,vir
1301 1404 1568 1477 gravitate
1593 1413 1839 1468 ornatus,
1865 1404 2056 1475 plenus

460 1492 765 1562 sapientia,
815 1496 960 1566 regis
1010 1495 1250 1569 Hugonis
1311 1499 1487 1555 fuerat
1533 1500 1784 1566 nuntius,
1837 1500 2052 1573 pigrum

2163 308 2285 351 sese
2307 294 2375 349 ad
2403 302 2603 349 terram
2641 308 2747 349 non
2761 293 3027 350 liberavit.
3048 294 3320 350 Rusorum
3341 292 3546 349 etenim
3563 294 3751 362 cavlas,

2161 387 2231 445 ob
2250 387 2576 462 parvitatem
2601 386 2707 454 sui,
2746 387 2838 443 ubi
2892 401 3046 459 aqua:
3103 387 3385 443 minimum
3442 392 3754 452 transeunt,

2160 479 2306 552 quod
2331 478 2629 537 Grecorum
2675 478 2959 535 chelandia
2994 477 3067 511 ⁸⁷⁸
3102 479 3173 535 ob
3212 476 3641 551 profunditatem
3671 475 3757 531 sui

2158 571 2340 627 facere
2388 579 2684 643 nequeunt.
2731 571 2890 644 Inger
2917 570 2990 605 ⁸⁷⁵
3034 570 3237 644 ingenti
3260 585 3384 627 cum
3431 566 3759 625 confusione

2160 660 2231 697 ³⁷⁸
2259 664 2600 736 postmodum
2632 664 2700 719 ad
2753 663 2975 735 propria
3004 673 3089 720 est
3113 677 3386 719 reversus.
3425 659 3590 717 Greci
3623 673 3760 716 Vero

2154 758 2384 814 victoria
2433 756 2613 829 potiti,
2645 756 2797 813 vivos
2823 772 3009 813 secum
3054 755 3257 812 multos
3287 755 3569 820 ducentes,
3606 751 3757 809 Con-

2159 850 2570 922 stantinOpolim
2598 850 2829 922 regressi
2858 858 2987 906 sunt
3007 847 3139 905 laeti.
3163 845 3311 916 Quos
3332 860 3525 903 omnes
3549 845 3759 923 Romae

2157 960 2279 1012 nos,
2305 945 2358 1001 in
2407 943 2693 1016 prmsentia
2722 942 2865 1013 regis
2896 940 3135 1013 Ilugonis
3163 937 3362 1007 nuntii,
3407 935 3596 992 vitrici
3646 932 3758 991 sci-

2158 1036 2284 1093 licet
2314 1036 2442 1102 mei,
2463 1034 2733 1090 decollare
2755 1033 3030 1106 praecepit.

2233 1127 2320 1184 16.
2353 1127 2469 1184 Rex
2500 1120 2868 1199 itaque'llugo
2894 1131 3221 1197 congregato
3245 1120 3515 1186 exercitu,
3562 1117 3762 1176 classi-

2156 1220 2260 1280 bus
2283 1235 2381 1292 per
2400 1220 2690 1276 Tirrenum
2715 1232 2867 1274 mare
2897 1217 2964 1273 ad
2991 1217 3342 1273 Fraxinetum
3366 1211 3622 1276 directis,
3654 1221 3763 1266 ter-

2158 1315 2321 1373 restri
2353 1316 2469 1389 ipse
2491 1330 2557 1371 eo
2586 1314 2781 1370 itinere
2802 1312 2994 1385 pergit.
3039 1310 3157 1379 Quo
3197 1310 3323 1366 dum
3368 1294 3532 1364 Greci
3568 1321 3762 1378 perve-

2160 1408 2359 1473 nirent,
2391 1408 2514 1480 igne
2545 1406 2788 1478 projecto
2819 1406 3249 1461 Sarracenorum
3276 1416 3444 1458 naves
3483 1416 3616 1455 mox
3642 1415 3758 1454 om-

2158 1518 2256 1558 nes
2276 1510 2529 1558 exurunt.
2563 1500 2670 1557 Sed
2695 1509 2751 1555 et
2766 1514 2861 1556 rex
2892 1498 3244 1555 Fraxinetum
3286 1496 3590 1569 ingressus,
3624 1492 3760 1550 Sar-

459 1584 626 1640 micbi
657 1602 764 1643 non
797 1589 885 1645 hic
909 1590 981 1645 sit
1007 1591 1250 1648 inserere
1278 1592 1377 1659 m,
1409 1594 1537 1664 quid
1570 1609 1694 1649 eum
1727 1593 1793 1648 de
1821 1593 2054 1664 impera-
2081 1585 2128 1647 B
2160 1612 2385 1654 racenos
2405 1612 2596 1653 omnes
2623 1597 2676 1651 in
2701 1603 2939 1651 montem
2963 1592 3211 1649 Maurum
3241 1589 3430 1664 fugere
3469 1587 3757 1660 compulit;

461 1677 597 1733 toris
644 1679 909 1751 sapientia
962 1694 1018 1738 et
1052 1683 1424 1749 humanitate,
1476 1692 1533 1741 et
1584 1686 1818 1759 qualiter
1855 1685 2053 1742 Rusios

461 1768 674 1835 vicerit,
698 1771 877 1828 audivi
900 1773 1082 1845 sepius
1110 1776 1312 1833 dicere.

531 1863 619 1918 15.
647 1864 793 1923 Gens
821 1867 1067 1940 quaedam
1098 1877 1182 1925 est
1221 1870 1321 1926 sub
1343 1871 1615 1943 aquilonis
1664 1879 1816 1944 parte
1845 1872 2049 1929 consti-

456 1961 594 2022 tuta,
619 1971 781 2029 quam
814 1974 842 2011 ιι
863 1959 1131 2029 qualitate
1165 1962 2043 2032 corporisGrecivocantPoomoc,

456 2044 675 2116 Rusius,
708 2066 806 2107 nos
830 2067 961 2109 vero
991 2069 1022 2109 a
1052 2055 1321 2125 positione
1350 2055 1454 2111 loci
1502 2057 1846 2113 nominamus
1877 2055 2051 2112 Nord-

455 2140 713 2197 'ntannos.
741 2141 949 2215 Lingua
977 2143 1176 2216 quippe
1200 2143 1506 2201 Teutonum
1536 2147 1670 2202 nord
1694 2147 1898 2218 aquilo,
1924 2164 2050 2204 man

459 2238 644 2287 autem
673 2233 873 2290 dicitur
896 2235 1059 2292 homo
1086 2236 1191 2304 37°;
1223 2221 1364 2294 unde
1392 2247 1448 2294 et
1478 2236 1857 2296 Nordmannos
1889 2239 2050 2312 aqui-

455 2318 674 2379 lonares
718 2324 970 2383 homines
1022 2327 1203 2385 dicere
1235 2346 1545 2401 possumus.
1590 2329 1762 2401 Hujus
1816 2332 2051 2403 denique

456 2417 636 2487 gentis
670 2432 763 2472 rex
791 2420 1054 2476 vocabulo
1076 2421 1232 2495 Inger
1252 2432 1406 2492 erat;
1436 2425 1526 2497 qui
1556 2425 1798 2482 collectis
1824 2425 1970 2482 mille
1995 2434 2052 2483 et

454 2520 518 2560 eo
565 2507 795 2579 amplius
824 2510 1055 2568 navibus
1102 2513 1631 2587 Constantinopolim
1676 2517 1846 2573 venit;
1893 2516 2051 2586 Quod
2099 2533 2103 2537 ·

453 2599 732 2658 Romanos
756 2603 824 2636 ³⁷¹
851 2604 1147 2677 imperator
1176 2620 1235 2665 ut
1261 2610 1486 2678 audivit,
1513 2614 1770 2685 quoniam
1801 2613 2051 2672 navalem

454 2708 610 2749 suum
659 2695 960 2752 exercitum
1005 2699 1268 2757 directum
1314 2711 1507 2759 contra
1560 2703 1864 2762 Saracenos
1892 2714 1949 2763 et
1980 2706 2049 2764 ad

456 2786 756 2845 tnsularum
805 2791 1107 2847 custodiam
1158 2794 1369 2862 habuit,
1393 2795 1600 2851 estuari
1632 2798 2051 2870 cogitationibus

452 2882 639 2953 cmpit.
663 2881 908 2957 Cumque
937 2887 1359 2958 cogitationibus
1407 2906 1513 2945 non
1546 2891 1731 2963 paucis
1771 2892 2050 2950 insomnes

454 2983 642 3030 noctes
671 2977 912 3044 duceret,
944 2988 999 3034 et
1021 2978 1179 3052 Inger
1211 2990 1375 3038 conta
1405 2981 1542 3038 mari
1567 2983 1744 3038 vicina
1765 2982 2047 3055 diriperet,

455 3066 765 3121 nuntiatum
821 3078 904 3124 est
960 3069 1226 3139 Romano,
1278 3073 1346 3128 15
1377 3072 1689 3130 semifracta
1729 3089 1788 3129 se
1844 3073 2045 3131 habere

452 3155 735 3213 chelandia
768 3157 859 3225 Ψ,
891 3174 1012 3231 qua:
1042 3164 1269 3235 populus
1297 3166 1367 3220 ob
1392 3176 1721 3223 vetustatem
1750 3166 1866 3222 sola
1916 3167 2045 3223 reli—

452 3260 663 3321 querat.
696 3250 849 3320 Quod
881 3263 940 3311 nt
996 3244 1227 3324 audivit,
1255 3267 1380 3323 τοῦς
1409 3261 1725 3336 καλαφὰτας,
1778 3269 1865 3316 tus
1902 3260 2050 3317 cala-

453 3340 612 3409 falas,
649 3346 752 3404 hoc
802 3357 888 3404 est
928 3351 1145 3407 navium
1191 3354 1605 3425 compositores,
1656 3355 1724 3411 ad
1771 3370 1830 3411 se
1859 3356 2049 3414 venire

451 3437 730 3507 praecepit,
761 3440 956 3510 quibus
976 3451 1029 3497 et
1051 3443 1129 3498 ait
1147 3462 1160 3498 :
1178 3464 1215 3517 ,ι
1237 3444 1598 3517 Properantes
1627 3446 1745 3504 sine
1767 3447 2047 3516 dilatione,

450 3538 513 3580 ea
545 3542 665 3597 qua:
692 3541 1085 3597 remanserant,
1115 3534 1398 3591 chelanlia
1427 3536 1498 3572 ³⁷⁸
1550 3549 1877 3609 praeparate.
1934 3538 2046 3595 Sed

449 3628 506 3675 et
532 3630 1050 3696 argumentum,quo
1071 3627 1209 3698 ignis
1228 3628 1529 3700 projicitur,
1554 3646 1661 3688 non
1689 3632 1740 3685 in
1772 3647 1933 3703 prora
1960 3648 2050 3688 so-

452 3708 595 3779 lum,‘
617 3729 805 3771 verum
826 3719 990 3774 etiam
1021 3720 1072 3774 in
1095 3722 1280 3792 puppi,
1310 3722 1531 3794 insuper
1559 3723 1611 3777 in
1642 3724 1886 3795 utrisque
1911 3724 2049 3781 late-

453 3803 604 3859 ribus
630 3806 836 3876 ponite.
874 3829 894 3862 ι
948 3808 1276 3883 Compositis
1304 3813 1485 3884 itaque
1513 3814 1811 3870 secundum
1845 3816 2048 3887 jussio-

452 3910 577 3950 nem
627 3913 778 3954 suam
830 3899 1160 3969 chelandiis,
1210 3904 1641 3976 sapientissimos
1691 3906 1742 3959 in
1793 3906 1873 3961 eis
1902 3907 2048 3965 vires

454 3986 708 4055 collocat,
739 4001 903 4062 atque
954 4003 1013 4048 ut
1038 3995 1148 4066 regi
1182 3996 1372 4066 Iugero
1394 4004 1689 4051 occurrant
1740 3997 2042 4054 denuntiat.

452 4076 690 4136 Profecti
718 4084 969 4154 denique,
1007 4102 1129 4141 cum
1162 4087 1217 4142 in
1251 4088 1441 4160 pelago
1471 4105 1565 4144 eos
1600 4090 1806 4160 positos
1837 4106 1931 4145 rex
1961 4089 2048 4145 ln-

450 4183 551 4239 ger
592 4172 877 4241 aspiceret,
934 4184 994 4230 ut
1020 4176 1169 4231 vivos
1196 4177 1315 4234 illos
1355 4189 1597 4248 caperet,
1645 4181 1907 4236 exercitui
1947 4196 2046 4237 suo

450 4266 708 4336 princepit
752 4275 807 4321 et
852 4282 957 4323 non
1005 4271 1298 4327 occideret.
1348 4272 1592 4344 Denique
1652 4275 1942 4331 miseratur
1989 4284 2047 4330 et

2155 1691 2209 1747 in
2238 1706 2345 1762 quo
2372 1704 2466 1745 eos
2489 1687 2942 1744 circumsedendo
2965 1699 3163 1756 capere
3190 1690 3397 1756 posset,
3421 1681 3480 1754 _si
3507 1697 3601 1738 res
3633 1682 3759 1750 hee,

2154 1799 2317 1856 quam
2340 1790 2692 1853 prompturus
2719 1794 2864 1845 sum,
2901 1792 3009 1833 non
3032 1776 3342 1849 impediret.

2224 1876 2312 1932 17.
2345 1875 2462 1932 Rex
2515 1873 2666 1944 Ilugo
2712 1871 3125 1944 Berengarium,
3194 1884 3263 1926 ne
3319 1867 3571 1925 collectis
3606 1875 3666 1924 et
3690 1882 3758 1924 ex

2151 1967 2384 2025 Francia
2411 1976 2467 2023 et
2494 1982 2559 2022 ex
2592 1964 2791 2021 Suevia
2844 1963 3017 2035 copiis
3064 1978 3228 2036 super
3267 1976 3326 2018 se
3383 1961 3629 2017 irrueret
3675 1975 3761 2016 re-

2153 2075 2424 2133 gnumque
2449 2059 2551 2115 sibi
2584 2057 2844 2123 auferret,
2896 2056 3132 2112 maxime
3177 2055 3378 2112 timuit.
3436 2054 3597 2113 Unde
3652 2071 3756 2111 non

2151 2150 2296 2209 bono
2320 2160 2542 2221 accepto
2571 2148 2816 2212 concilio,
2846 2146 3052 2204 Grccos
3075 2146 3143 2204 ad
3169 2147 3386 2218 propria
3410 2162 3541 2202 mox
3588 2147 3754 2202 remi-

2152 2244 2253 2309 sit;
2287 2242 2508 2313 ipseque
2533 2255 2655 2295 cum
2686 2239 2977 2294 Saracenis
3006 2236 3109 2293 hac
3140 2237 3350 2292 ratione
3381 2234 3565 2291 fmdus
3610 2235 3751 2302 iniit,

2153 2336 2288 2391 utin
2320 2333 2592 2390 montibus
2615 2332 2706 2403 qui
2734 2331 2988 2388 Sueviam
3039 2339 3203 2402 atque
3248 2328 3464 2384 Italiam
3506 2327 3757 2383 dividunt

2154 2436 2396 2495 starent;
2423 2437 2482 2483 ut
2528 2428 2571 2483 si
2600 2426 2741 2482 forte
2780 2422 3145 2496 Berengarius
3192 2421 3501 2478 exercitum
3554 2420 3753 2475 ducere

2151 2520 2335 2587 Vellet,
2370 2518 2602 2575 transire
2617 2533 2740 2574 eum
2764 2514 3092 2572 omnimodis
3115 2513 3490 2585 prohiberent.
3517 2510 3602 2567 Eo
3628 2526 3755 2566 vero

2150 2614 2456 2683 constituti,
2489 2627 2648 2682 quam
2681 2610 2881 2666 multos
2907 2609 3329 2665 christianorum
3361 2605 3431 2660 ad
3462 2605 3753 2661 beatorum

2154 2706 2519 2778 apostolorum
2553 2702 2702 2759 Petri
2732 2713 2788 2757 et
2808 2699 2961 2755 Pauli
2987 2699 3172 2755 limina
3199 2696 3607 2754 transeuntium
3632 2711 3753 2751 san-

2154 2800 2374 2873 guinem
2398 2797 2656 2863 fuderint,
2684 2795 2772 2852 ille
2801 2794 2947 2851 solus
2970 2793 3073 2849 scit
3097 2806 3403 2855 numerurm,
3430 2790 3529 2862 qui
3566 2804 3754 2846 eorum

2154 2894 2373 2949 nomina
2401 2891 2604 2962 scripta
2628 2896 2777 2945 tenet
2804 2885 3011 2942 inlibro
3035 2881 3542 2951 viventium.Quam
3572 2882 3754 2952 inique

2077 2951 2123 3015 ο
2156 2984 2253 3039 tibi
2279 2998 2366 3039 rex
2402 2951 2555 3055 Hugo
2583 2993 2809 3052 regnum
2867 2974 3159 3033 defendere
3183 2972 3431 3031 conaris!
3484 2951 3751 3037 Herodes,

2154 3093 2224 3133 ne
2272 3084 2489 3131 terreno
2514 3087 2683 3144 regno
2714 3070 3042 3142 privaretur,
3078 3067 3401 3122 innocentes
3432 3061 3641 3118 multos
3665 3077 3754 3117 oc-

2152 3166 2416 3233 cidit;tu,
2454 3163 2799 3226 utobtineas,
2833 3169 3092 3216 nocentes
3138 3165 3195 3213 et
3219 3166 3394 3211 morte
3424 3154 3627 3227 dignos
3670 3151 3749 3208 di-

2152 3256 2359 3323 mittis,
2394 3246 2556 3327 atque
2579 3253 2786 3308 utinam
2823 3266 2886 3307 ea
2936 3249 3149 3306 ratione
3191 3254 3454 3303 nocentes
3500 3245 3580 3301 illi
3627 3253 3753 3300 tunc

2150 3350 2419 3407 viverent.
2447 3362 2517 3402 ne
2545 3353 2802 3401 nocentes
2844 3343 2914 3377 ³⁷⁷
2944 3340 3288 3416 postmodum
3345 3338 3750 3396 interimerent.

2150 3440 2311 3511 I’ulo,
2355 3442 2451 3498 sed
2482 3439 2627 3512 quod
2665 3438 2849 3496 verius
2892 3446 3001 3503 est,
3031 3436 3215 3503 credo,
3269 3444 3324 3491 te
3370 3450 3482 3490 non
3526 3432 3745 3505 legisse,

2152 3536 2319 3592 immo
2346 3550 2446 3592 nec
2475 3532 2769 3601 audivisse,
2820 3531 3055 3604 qualiter
3109 3529 3247 3585 iram
3299 3525 3519 3583 Domini
3568 3526 3750 3581 incur-

2149 3634 2299 3683 reret
2350 3641 2446 3682 rex
2495 3620 2893 3689 lsraelAcbab,
2941 3621 3070 3677 dum
3118 3634 3301 3692 regem
3349 3616 3517 3681 Sirie,
3572 3615 3749 3671 virum

2148 3731 2326 3777 morte
2356 3719 2605 3790 dignum,
2625 3716 2946 3772 foederatum
2969 3709 3559 3770 dimitteretBenadab.
3599 3708 3749 3765 Unus

2148 3814 2293 3871 enim
2325 3813 2391 3869 de
2416 3812 2541 3868 ﬁliis
2564 3811 2949 3884 prephetarnm
2979 3807 3117 3863 dixit
3144 3805 3214 3861 ad
3246 3803 3468 3860 Achab:
3507 3800 3641 3857 Ηιιτ
3665 3801 3748 3854 di-

2147 3909 2217 3963 cit
2240 3906 2528 3962 Dominus:
2558 3902 2694 3971 Quia
2745 3902 2990 3957 dimisisti
3029 3901 3196 3955 virum
3224 3898 3443 3968 dignum
3484 3906 3653 3951 morte
3684 3897 3746 3948 de

2148 4016 2307 4054 manu
2335 4009 2450 4063 tua,
2476 3997 2574 4051 erit
2619 3995 2797 4049 anima
2820 4005 2909 4048 tua
2933 4009 3026 4065 pro
3050 3991 3230 4045 anima
3277 3989 3415 4060 ejus,
3444 3997 3495 4042 et
3518 3985 3744 4059 populus

2147 4100 2269 4146 tuus
2299 4105 2394 4159 pro
2417 4086 2608 4160 papula
2629 4086 2743 4157 ejus
2774 4084 2823 4158 (I
2862 4083 2990 4155 Reg.
3020 4079 3245 4151 “,42).
3275 4078 3427 4149 Quod
3457 4087 3516 4134 et
3541 4076 3745 4132 factum

2148 4194 2250 4241 est.
2292 4181 2492 4237 Verum
2519 4190 2783 4251 quantum
2817 4176 2914 4232 tibi
2948 4176 3062 4231 haec
3085 4175 3138 4229 in
3170 4189 3231 4229 re
3262 4170 3531 4238 ohfueris,
3588 4169 3745 4226 stilus

2149 4284 2335 4332 noster
2360 4274 2473 4329 suis
2503 4273 2556 4327 in
2588 4270 2719 4325 locis
2747 4267 3064 4339 oportunius
3089 4261 3386 4320 euarrabit.

451 4355 764 4414 misericors
793 4359 1073 4431 Dominus,
1129 4363 1221 4435 qui
1252 4379 1311 4420 se
1334 4365 1596 4433 colentes,
1630 4382 1691 4423 se
1730 4367 2043 4433 adorantes,
2075 4350 2124 4411 Ῑ)
2222 4367 2311 4423 18.
2343 4364 2609 4436 Tempore
2650 4376 2757 4432 quo
2781 4357 3146 4430 Berengarius
3166 4355 3235 4412 ab
3262 4354 3416 4410 Italia
3437 4352 3604 4426 fugiit
3629 4352 3740 4424 (an.

452 4462 513 4504 se
534 4448 902 4522 deprecantes,
927 4470 1031 4509 non
1062 4454 1235 4511 solum
1264 4467 1550 4528 protegere
1587 4458 1682 4514 sed
1711 4468 1767 4514 et
1815 4458 2046 4516 victoria

450 4540 623 4599 voluit
649 4544 943 4614 honorare,
964 4549 1144 4604 ventis
1170 4558 1295 4604 tunc
1323 4550 1592 4621 placidum
1619 4550 1850 4607 reddidit
1874 4567 2043 4607 mare.

454 4634 626 4692 Secus
650 4639 795 4695 enim
820 4640 891 4695 ob
920 4641 1058 4712 ignis
1086 4640 1431 4699 emissionem
1452 4643 1642 4701 Grecis
1669 4652 1811 4700 esset
1844 4644 2045 4701 incom-

453 4730 697 4788 modum.
731 4734 897 4804 Igitur
921 4733 974 4788 in
1005 4733 1276 4791 Rusorum
1308 4737 1487 4793 medio
1518 4737 1700 4809 positi,
1734 4737 1912 4808 ignem
1936 4737 2046 4793 cir-

453 4829 728 4886 cumcirca
760 4829 1074 4899 projiciuut.
1108 4828 1261 4897 Quod
1287 4830 1410 4886 dum
1445 4829 1577 4886 Rusi
1608 4830 1973 4900 conspiciunt,
2011 4843 2044 4886 e

451 4920 684 4977 navibus
706 4919 993 4976 confestim
1014 4936 1134 4978 sese
1157 4922 1212 4977 in
1242 4936 1393 4978 mare
1412 4921 1715 4992 projiciunt.
1735 4921 2047 4993 eliguntque

441 5012 636 5080 potius
658 5011 818 5066 undis
843 5012 1114 5085 submergi
1137 5028 1303 5083 quam
1334 5015 1455 5084 igne
1480 5012 1737 5069 cremari.
1785 5012 1891 5067 Alii
1917 5022 2044 5069 tunc

444 5098 642 5160 loricis
662 5114 717 5161 et
741 5104 912 5176 galeis
933 5106 1163 5175 onerati,
1192 5120 1486 5177 numquam
1506 5106 1699 5171 visuri,
1730 5104 1838 5159 ima
1865 5104 2043 5178 pelagi

453 5203 679 5266 petunt;
712 5197 953 5253 nonnulli
982 5213 1111 5255 vero
1161 5207 1434 5267 natantes,
1478 5198 1621 5255 inter
1672 5197 1821 5268 ipsos
1869 5199 2041 5254 maris

2150 4457 2301 4530 945),
2332 4455 2598 4527 quendam
2621 4467 2807 4509 secum
2834 4450 3104 4505 Amedeus
3134 4446 3354 4503 nomine
3385 4446 3622 4502 militem
3647 4446 3744 4499 du-

2150 4550 2250 4614 xit,
2282 4547 2525 4618 adprime
2555 4544 2813 4610 nobilem,
2842 4551 2899 4597 et
2923 4549 2983 4594 ut
3005 4538 3349 4613 postmodum
3380 4536 3599 4602 claruit,
3636 4550 3742 4591 non

2149 4638 2306 4697 Ulixe
2327 4637 2697 4695 calliditateac
2716 4633 3020 4690 temeritate
3039 4628 3741 4686 inferiorem.Fortissimus

2147 4747 2249 4790 rex
2272 4729 2398 4788 Otto
2423 4744 2570 4795 cum,
2598 4725 2873 4783 nonnullis
2920 4723 3194 4795 inpeditus
3242 4723 3427 4787 rebus,
3457 4729 3576 4776 tum
3602 4735 3739 4791 quo-

2152 4826 2333 4881 tannis
2355 4824 2421 4878 ab
2452 4821 2672 4893 lIugone
2703 4834 2829 4891 rege
2867 4815 3186 4873 muneribus
3231 4813 3496 4870 inmensis
3541 4813 3737 4869 delini-

2150 4925 2260 4981 tus,
2305 4913 2632 4986 Berengario
2682 4911 2866 4982 copias
2908 4919 3171 4982 praestare
3221 4923 3328 4964 non
3368 4915 3576 4978 posset,
3624 4906 3739 4978 ipse

2151 5024 2311 5081 quem
2336 5006 2590 5079 praefatus
2624 5020 2745 5061 sum
2784 5005 3057 5061 Amedeus
3082 5002 3474 5072 Berengarium
3502 5001 3580 5058 ita
3608 5014 3739 5057 con-

2145 5104 2326 5160 venit:
2360 5121 2379 5155 ‹
2410 5100 2520 5157 Nec
2544 5100 2683 5156 clam
2718 5092 2773 5153 te
2800 5106 2905 5165 est,
2935 5097 3151 5154 domine
3180 5097 3274 5161 mi,
3302 5108 3467 5165 quam
3497 5094 3738 5150 invisum

2145 5192 2243 5279 rex
2263 5196 2419 5268 Rogo
2444 5193 2673 5265 imperio
2697 5207 2758 5250 se
2795 5190 2935 5249 duro
2956 5189 3161 5248 Italicis
3207 5186 3419 5247 cunctis
3447 5185 3730 5255 en'ecerit;

1804 5328 1975 5340 an-“
2014 5327 2391 5340 -—-_IA-Inn
