4012 5340
219 233 325 292 883

1225 221 1764 287 ANTAPODOSEOS
1799 223 1970 279 LlBlll
2010 223 2160 280 SEX.
2187 224 2399 280 --L|B.
2434 225 2495 280 γ.

3377 220 3480 277 886

197 335 512 426 :presertim
544 360 666 401 cum
688 352 743 401 et
762 343 1184 400 concubinarum
1217 344 1337 399 ﬁliis
1368 360 1432 398 ac
1475 341 1809 412 Burgundio-
1835 343 1882 400 A
1911 339 2165 408 parvulus
2193 355 2260 394 ex
2287 339 2355 371 ³⁸⁸
2386 337 2608 400 llelcna,
2644 336 2870 392 Romani
2903 336 3124 408 majoris
3149 337 3233 407 ³⁸⁸.
3255 336 3484 406 impera-

225 443 388 497 ni‘bus
417 441 490 496 sit
538 439 826 511 dignitates
877 438 1123 507 largitus,
1156 452 1256 494 nec
1304 437 1444 492 ullus
1495 437 1806 491 inveniatur

228 533 472 596 Italicus,
499 533 590 602 qui
622 541 714 585 aut
737 529 991 598 expulsus
1018 539 1111 585 aut
1157 546 1262 585 non
1306 529 1658 598 dignitatibus
1686 541 1804 581 om-

229 624 389 680 nibus
417 625 485 678 sit
506 623 768 694 privatus.
801 622 869 677 Et
895 621 1035 692 quod
1068 623 1118 676 in
1139 638 1318 694 regem
1345 637 1450 676 non
1473 619 1672 690 aliquid
1695 633 1808 672 mo-

229 716 452 779 liuntur,
478 714 592 770 hinc
620 729 778 769 causa
804 725 908 777 est,
939 713 1192 783 quoniam
1222 714 1460 783 quidem,
1514 725 1673 782 quem
1705 706 1809 762 sibi

231 806 898 877 constituantprincipem,
921 821 1025 860 non
1048 806 1269 860 habent.
1292 803 1347 859 Si
1375 805 1555 873 itaque
1567 812 1810 858 nostrum

232 898 431 966 aliquis
455 906 659 952 mutato
684 897 892 962 habitu,
924 912 991 952 ne
1047 905 1449 968 agnosceretur,
1477 911 1540 948 eo
1567 894 1813 951 tenderet

235 1005 536 1060 eorumque
581 989 910 1044 voluntatem
945 989 1263 1057 inquireret,
1315 987 1598 1042 consilium
1657 984 1813 1040 nobis

199 1154 202 1156 _
232 1080 424 1153 procul
451 1081 612 1135 dubio
662 1081 861 1134 bonum
907 1079 1238 1149 exculperet.
1274 1097 1292 1130 ›
1323 1078 1418 1133 Cui
1449 1079 1517 1112 ³⁷⁸
1548 1076 1814 1145 Berenga-

233 1175 376 1228 rius:
411 1198 428 1225 ι
451 1172 549 1238 Te,
577 1173 778 1244 inquit,
802 1187 922 1228 cum
947 1170 1296 1233 commodius,
1330 1178 1438 1223 tum
1472 1184 1626 1223 nemo
1644 1173 1816 1237 potest

231 1265 416 1320 facere
443 1265 652 1319 melius.
689 1283 706 1315 ι
739 1263 904 1334 Igitur
929 1263 1198 1316 Amedcus
1227 1271 1430 1316 mutato
1461 1261 1668 1322 habitu,
1692 1272 1816 1313 cum

234 1357 581 1428 pauperibus,
614 1356 706 1426 qui
755 1353 1016 1409 orationis
1065 1355 1239 1424 gratia
1281 1352 1510 1407 Romam
1566 1357 1814 1421 pergunt,

238 1449 469 1504 Romam
513 1446 667 1517 quasi
696 1445 1054 1516 profecturus,
1089 1445 1296 1498 Italiam
1348 1443 1500 1514 petit,
1549 1442 1820 1513 principes

235 1538 512 1600 Convenit,
547 1546 601 1592 et
627 1536 752 1606 quid
781 1536 1148 1604 unusquisque
1177 1533 1325 1588 cordi
1377 1532 1603 1587 haberet
1639 1530 1820 1600 inqui-

234 1627 403 1694 sivit;
434 1643 609 1697 neque
642 1627 784 1681 enim
815 1627 1003 1680 eodem
1029 1625 1280 1680 omnibus
1318 1640 1376 1678 se
1423 1623 1605 1677 habitu
1643 1631 1828 1676 osten-

1911 441 2042 487 toris
2064 432 2191 495 ﬁlia,
2227 431 2509 502 natusjam
2538 430 2870 484 nominatam
2905 428 3140 492 Bertam,
3175 443 3337 498 quam
3365 443 3486 482 mu-

1911 533 2023 579 tato
2057 524 2273 579 nomine
2295 523 2452 580 Greci
2482 523 2733 578 dixerant
2757 520 3052 584 Eudoltiau,
3078 536 3300 575 uxorein
3320 519 3486 576 duxe-

1912 623 2015 669 rat.
2062 614 2156 668 llis
2205 614 2388 684 itaque
2427 622 2682 683 quattuor
2722 610 3132 683 imperantibus,
3183 609 3489 681 Stephanus

1912 715 2075 774 atque
2115 703 2498 761 Constantinus
2542 704 2754 767 fratres,
2785 693 3091 775 ignorante
3133 702 3490 758 Constantino

1897 795 2108 870 Leonis
2133 795 2472 866 imperatoris
2516 795 2648 861 lilio,
2678 795 2936 848 adversus
2964 793 3243 848 Romanén
3279 802 3491 863 patrem

1893 907 2071 970 tsuum
2098 892 2342 962 qumdam
2370 893 2659 966 σφάλματα,
2691 890 2957 954 sfalmata,
2985 890 3036 944 id
3057 899 3138 944 est
3167 889 3340 956 dolos,
3381 906 3493 945 ma.

1896 983 2292 1056 _cbinabantur.
2347 982 2586 1038 Tedebat
2625 983 2766 1037 enim
2815 997 2931 1046 eos,
2977 982 3148 1052 patris
3199 982 3494 1039 severitate

1917 1080 2167 1150 imposita
2198 1094 2548 1150 quaecumque
2571 1078 2764 1134 vellent
2794 1076 2972 1132 facere
2990 1091 3094 1130 non
3126 1073 3310 1131 licere.
3344 1074 3496 1133 Unde

1918 1182 1974 1230 et
2001 1173 2142 1228 malo
2177 1188 2297 1227 mox
2324 1181 2546 1241 accepto
2574 1171 2822 1237 consilio,
2850 1172 3104 1242 quatinus
3133 1177 3340 1239 patrem
3367 1169 3498 1238 deji-

1919 1276 2126 1345 cerent,
2163 1265 2584 1338 pertractabant.

1990 1448 2080 1502 21.
2106 1443 2759 1514 Constantinopolitanum
2811 1444 3066 1514 palatium
3109 1460 3212 1500 non
3243 1442 3503 1515 pulcritu-

1925 1538 2051 1593 dine
2082 1536 2278 1601 solum,
2309 1551 2492 1590 verum
2517 1535 2681 1590 etiam
2709 1534 3023 1590 fortitudine
3052 1536 3322 1602 omnibus,
3365 1548 3501 1606 quas

1927 1650 2180 1704 umquam
2236 1632 2624 1704 perspexerim,
2655 1632 3042 1686 munitionibus
3093 1639 3332 1701 praastat,
3361 1630 3502 1701 quod

236 1719 418 1780 debat,
455 1735 594 1772 nunc
623 1719 776 1790 niger
803 1718 894 1772 alii
927 1717 1016 1783 ³⁷⁸,
1050 1717 1352 1798 subrubeus
1377 1714 1490 1778 aii,
1517 1713 1821 1768 maculosus

1936 1703 2086 1781 etiam
2107 1724 2219 1796 jugi
2244 1703 2472 1778 militum
2497 1724 2785 1795 stipatione
2808 1738 2912 1777 non
2930 1723 3148 1776 minima
3164 1723 3504 1778 observatur.

237 1811 326 1864 alii
357 1811 654 1864 videbatur.
689 1809 880 1864 Verum
918 1809 1082 1879 fante,
1112 1809 1309 1862 malum
1337 1823 1562 1879 quonon
1601 1805 1840 1860 velotius.

238 1902 412 1954 ullum
446 1899 730 1954 mobilitate
755 1903 882 1971 riget
913 1902 1080 1972 (152),
1108 1918 1231 1956 eum
1274 1900 1326 1954 in
1352 1898 1504 1953 Italia
1543 1913 1685 1962 esse,
1729 1913 1822 1950 au-

239 1992 389 2046 rib..s
416 1996 556 2064 regis
595 1993 846 2047 innotuit.
897 1995 1064 2059 Quem
1106 1995 1231 2046 dum
1284 1991 1568 2061 diligenter
1608 1989 1822 2060 juberet

237 2085 535 2156 inquirere,
577 2086 688 2156 ipse
720 2085 981 2154 prolixam
1029 2093 1082 2138 et
1132 2084 1566 2154 pulcherrimam
1602 2082 1822 2136 barbam

238 2178 358 2249 pice
407 2180 540 2232 adeo
584 2178 874 2239 del'edavit,
925 2176 1147 2246 capillos
1196 2175 1495 2229 subaurcos
1549 2174 1825 2242 nigredine

241 2270 568 2332 nntnutavit,
623 2267 803 2320 latiem
853 2265 1174 2335 dcturpavit,
1204 2266 1431 2317 debilem
1461 2263 1668 2327 ιῑιιςχὶι,
1692 2264 1825 2315 adeo

241 2372 300 2414 ut
332 2361 475 2415 inter
523 2375 808 2430 pauperes,
844 2359 986 2429 regis
1019 2358 1069 2410 in
1123 2359 1408 2428 praesentia
1456 2357 1822 2419 comedentes,

240 2470 298 2508 se
323 2456 432 2523 regi
465 2469 662 2506 nutum
687 2462 994 2505 ostenteret
1028 2450 1116 2516 38°,
1141 2464 1194 2501 et
1246 2463 1446 2503 vestem
1495 2452 1561 2503 ab
1604 2464 1668 2503 eo
1722 2463 1827 2518 qua

247 2552 294 2600 in
323 2565 370 2599 .u
399 2560 563 2600 retur
591 2549 884 2616 acciperet,
915 2555 967 2599 et
990 2545 1243 2614 quicquid
1279 2560 1371 2596 rex
1407 2545 1472 2598 de
1503 2543 1829 2612 Bcrcngario

244 2651 287 2690 «ιι
327 2657 384 2693 ηρ
443 2641 556 2709 ipso
601 2639 1162 2707 loquereturaudiret.
1220 2635 1331 2691 lloe
1391 2635 1621 2704 denique
1673 2634 1831 2688 modo

245 2732 455 2783 cunctis
504 2730 914 2799 diligentissime
963 2731 1337 2798 perscrutatis,
1373 2743 1477 2780 non
1506 2727 1693 2779 eodem
1725 2738 1832 2793 quo

255 2831 480 2875 venerat
511 2824 668 2874 modo
698 2837 819 2874 cum
851 2822 1158 2875 oratoribus
1185 2830 1266 2874 est
1295 2834 1590 2890 regressus.
1642 2817 1833 2872 Prece-

247 2925 401 2982 perat
425 2915 571 2967 enim
602 2929 691 2968 rex
740 2913 1009 2967 clusarum
1057 2913 1392 2977 custodibus,
1426 2927 1492 2965 ne
1523 2911 1834 2981 quempiam

255 3014 492 3066 transire
523 3011 916 3080 permitterent,
951 3007 1050 3062 nisi
1083 3007 1388 3080 prius,quis
1415 3003 1834 3077 esset,diligenti

249 3105 663 3170 investigatione
694 3101 1085 3173 perquirerent.
1119 3099 1270 3165 Quod
1295 3097 1564 3151 Amedeus
1586 3097 1832 3162 audiens,

257 3213 351 3268 per
378 3196 521 3250 invia
547 3197 773 3265 quedam
797 3204 851 3248 et
879 3206 1068 3261 aspera
1099 3190 1226 3243 nulli
1253 3191 1520 3243 custodita
1554 3186 1668 3241 loca
1717 3201 1840 3256 per-

254 3290 493 3350 transiit,
524 3298 684 3358 atqne
714 3288 779 3339 ad
811 3285 1194 3355 Berengarium
1214 3298 1336 3337 cum
1367 3297 1430 3336 ea
1456 3296 1620 3351 quam
1651 3279 1840 3334 audite

252 3381 422 3432 voluit
450 3377 986 3449 legationepervenit.

327 3470 408 3525 19.
450 3469 561 3524 lloc
617 3470 669 3522 in
701 3481 936 3537 tempore
967 3482 1058 3522 rex
1111 3466 1262 3536 llugo
1293 3465 1432 3520 datis
1468 3465 1652 3520 decem
1684 3480 1841 3518 num-

257 3579 470 3616 morum
496 3562 689 3616 modiis
721 3577 905 3630 pacem
929 3577 1049 3616 cum
1079 3560 1365 3631 Ilungariis
1396 3558 1545 3622 fecit,
1587 3574 1722 3628 quos
1771 3559 1840 3614 ab

257 3656 409 3710 Italia
435 3655 671 3725 acceptis
691 3654 968 3708 obsidibus
1003 3652 1226 3723 expulit,
1251 3663 1411 3722 atque
1443 3651 1495 3708 in
1528 3649 1842 3720 Hispaniam

259 3749 481 3804 datocis
502 3745 827 3816 praeduce381
859 3746 1076 3799 direxit.
1103 3745 1254 3812 Quod
1286 3761 1413 3799 vero
1447 3745 1512 3798 ad
1533 3744 1843 3814 Hispaniam

258 3851 312 3894 et
360 3839 429 3892 ad
456 3837 727 3891 civitatem
762 3837 930 3907 ipsam
981 3838 1033 3890 in
1083 3853 1189 3906 qua
1245 3852 1338 3890 rex
1371 3847 1546 3892 vester
1575 3847 1842 3905 moratur,

259 3930 590 3991 Conlobani,
622 3945 728 3983 non
774 3938 1056 3992 venerunt,
1089 3930 1201 3983 haec
1235 3944 1400 3983 causa
1431 3927 1553 3994 fuit,
1588 3931 1846 4000 quoniam

263 4023 448 4077 triduo
493 4035 590 4090 per
639 4021 948 4089 inaquosani
982 4031 1036 4076 et
1083 4021 1172 4075 siti
1204 4021 1270 4052 ³⁸³
1303 4030 1511 4076 vastam
1569 4007 1848 4091 regionem

266 4118 633 4181 transierunt;
666 4125 917 4184 putantes
942 4116 1124 4186 itaque
1143 4131 1312 4186 equos
1338 4131 1564 4187 seseque
1595 4117 1683 4171 siti
1713 4117 1852 4187 peri-

265 4221 444 4274 turos,
476 4209 835 4278 praeduccsibi
867 4209 933 4263 ab
966 4208 1186 4278 llugone
1212 4224 1469 4264 concesso
1500 4220 1671 4266 morte
1695 4220 1852 4267 tenus

265 4305 581 4370 verberato,
633 4301 880 4357 celeriori
927 4318 1090 4371 quam
1142 4303 1358 4359 abirent
1410 4303 1614 4374 impetu
1663 4319 1850 4360 rever-

269 4404 479 4453 tunlnr.

343 4487 434 4540 20.
467 4485 578 4541 Hac
602 4486 766 4541 etiam
816 4485 1002 4540 eadem
1053 4495 1374 4556 tempestate
1400 4488 1512 4560 (an.
1541 4489 1667 4561 9M)
1710 4490 1853 4545 idem

271 4595 364 4635 rex
402 4576 556 4647 i-lugo
600 4577 816 4632 Bertam
849 4575 1010 4632 tiliam
1041 4593 1213 4643 suam,
1247 4595 1411 4650 quam
1454 4595 1522 4636 ex
1568 4583 1856 4639 meretrice

195 4712 198 4716 .
273 4671 318 4724 P
353 4668 469 4724 zola
515 4668 627 4739 ipse
656 4677 930 4739 genuerat,
961 4684 1057 4738 per
1083 4667 1447 4738 Sigefredum,
1489 4674 1856 4730 venerabilem

277 4758 587 4816 Parmensis
634 4759 861 4814 :eclesia:
931 4759 1266 4824 antistitem,
1335 4760 1855 4834 Constantinopolim

281 4852 496 4918 direxit,
532 4851 778 4907 Romane
835 4852 1057 4921 parvulo
1111 4853 1450 4909 Constantini
1481 4855 1856 4928 Porphyroge-

287 4945 381 5001 ltiti
409 4946 519 5002 [ilio
537 4942 894 5016 copulandam
916 4944 1032 5015 conj
1043 4944 1186 5016 ugio.
1221 4944 1568 5018 Tenebatqu
1591 4963 1860 5004 summum

283 5033 492 5102 imperii
525 5034 801 5088 Romanos
832 5035 1018 5104 major,
1045 5037 1270 5107 ejusque
1301 5036 1395 5092 lilii
1441 5038 1548 5093 duo
1599 5037 1867 5094 Constan-

283 5123 426 5180 tinus
443 5135 497 5181 et
522 5125 848 5195 Stephanus,
879 5127 1075 5195 quibus
1118 5135 1238 5195 post
1268 5127 1550 5183 Romandn
1576 5128 1866 5198 praestabat

283 5220 689 5288 Constantinus,
746 5217 941 5276 Leonis
989 5223 1336 5292 imperatoris
1365 5225 1512 5280 ﬁlius
1562 5223 1653 5292 ³⁸³,
1713 5228 1868 5299 cujus

1927 1820 2092 1874 Moris
2123 1821 2304 1888 itaque
2329 1827 2432 1883 est,
2484 1818 2583 1872 hoc
2603 1827 2724 1887 post
2763 1817 3086 1872 matutinum
3129 1816 3508 1888 crepusculum

1927 1912 2180 1968 omnibus
2205 1927 2327 1965 mox
2360 1919 2563 1980 patere,
2592 1920 2714 1981 post
2745 1911 2958 1964 tertiam
2989 1910 3094 1963 dici
3128 1909 3315 1963 horam
3349 1909 3510 1963 emis-

1928 2005 2006 2060 sis
2032 2003 2281 2059 omnibus
2297 2003 2423 2057 dato
2451 2003 2622 2072 signo,
2647 2002 2788 2073 quod
2815 2003 3031 2066 estmis,
3050 2015 3215 2070 usque
3244 2001 3294 2054 in
3321 2001 3508 2056 horam

1929 2113 2126 2152 nonam
2156 2097 2364 2151 cunctis
2384 2095 2583 2149 aditum
2616 2095 2922 2164 prohibere.
2962 2092 3019 2147 In
3062 2093 3164 2148 hoc
3203 2093 3367 2164 igitur
3398 2092 3510 2146 Ro-

1931 2205 2119 2243 manos
2145 2188 2189 2242 is
2213 2185 2748 2259 tochrysotriclinon,
2780 2186 2829 2238 id
2853 2195 2932 2239 est
2949 2201 3168 2239 aureum
3195 2185 3507 2249 triclinium,

1930 2295 2050 2349 qua:
2078 2281 2423 2349 priestantior
2452 2295 2575 2348 pars
2601 2289 2704 2340 cst,
2732 2278 3104 2348 potentissime
3135 2277 3353 2347 degens,
3407 2292 3510 2330 caeo

1933 2378 2079 2424 teras
2106 2371 2284 2441 palatii
2318 2384 2498 2440 partes
2529 2386 2725 2440 genero
2755 2371 3113 2425 Cniistautino
3139 2371 3366 2440 liliisque
3401 2371 3513 2425 suis

1935 2462 2209 2532 Stephano
2241 2478 2294 2517 et
2325 2463 2684 2519 Constantino
2717 2464 3086 2517 distribuerat.
3117 2463 3176 2517 lli
3208 2466 3314 2517 duo
3357 2465 3479 2518 deni

1934 2572 2062 2628 que,
2088 2566 2147 2610 ut
2183 2557 2553 2625 prie'lliximus,
2587 2573 2691 2610 non
2725 2556 2957 2610 ferentes
2986 2556 3156 2626 patris
3197 2555 3398 2624 justam
3432 2572 3516 2611 se-

1933 2651 2242 2712 veritatem,
2284 2649 2333 2702 in
2363 2665 2550 2703 eorum
2581 2649 2843 2703 cubiculis
2873 2650 3055 2703 multis
3086 2650 3252 2719 copiis
3290 2665 3516 2720 congre-

1934 2741 2261 2812 gatis,diem
2315 2741 2734 2804 constituerunt,
2787 2741 3002 2810 quando
3053 2755 3260 2810 patrem
3285 2741 3520 2809 dejicere

1937 2835 2147 2905 solique
2179 2834 2278 2904 ipsi
2318 2842 2536 2904 possent
2566 2849 2816 2903 regnare.
2841 2833 3081 2904 Cumque
3106 2835 3219 2888 dies
3247 2834 3523 2902 adveniret

1938 2936 2144 2998 optata,
2200 2927 2412 2981 cunctis
2451 2927 2517 2980 de
2562 2927 2762 2997 palatio
2809 2926 2967 2996 juxta
3011 2944 3215 2982 morem
3265 2929 3522 2995 egressis,

1942 3019 2250 3090 Stephanus
2279 3028 2334 3075 et
2361 3019 2749 3076 Constantinus
2770 3021 2911 3076 facta
2937 3020 3318 3091 congressione
3357 3035 3524 3090 super

1905 3112 1908 3184 ἶ
1940 3121 2151 3183 patrem
2183 3112 2418 3179 irrunnt,
2450 3129 2682 3184 eumque
2712 3114 2776 3168 de
2807 3114 3006 3184 palatio
3032 3115 3239 3169 civibus
3265 3114 3520 3183 ignorano

1943 3204 2088 3259 tibus
2108 3203 2405 3273 deponunt,
2426 3213 2480 3257 et
2503 3205 2569 3257 ad
2593 3204 2861 3259 vincinam
2893 3203 3146 3268 insulam,
3191 3204 3245 3258 in
3269 3220 3373 3273 qua
3404 3218 3517 3260 cte-

1943 3297 2252 3353 nobilarum
2277 3297 2562 3352 multitudo
2606 3297 3122 3367 phylosophahatur,
3174 3306 3334 3352 tonso
3365 3297 3435 3361 ei,
3467 3305 3528 3353 ut

1944 3390 2115 3444 moris
2161 3396 2266 3454 est,
2313 3388 2515 3458 capite,
2575 3388 3076 3459 phylosophandum
3135 3388 3526 3443 transmittunt.

1943 3479 2033 3535 Fit
2083 3495 2241 3550 quam
2273 3495 2398 3533 mox
2441 3478 2834 3548 multirumiger
2877 3479 2930 3533 in
2978 3478 3527 3548 Constantinopoleos

1946 3574 2188 3630 sonitus:
2241 3573 2523 3629 liomandn
2564 3572 2795 3640 ejectum
2827 3575 3072 3644 quidam,
3109 3574 3527 3629 Constantinum

1946 3667 2062 3737 ejus
2092 3682 2338 3721 socerum
2359 3663 2702 3720 interfectum
2727 3666 2816 3720 alii
2842 3667 3210 3721 clamitabant.
3230 3666 3337 3722 Nec
3353 3683 3530 3732 mora,

1950 3755 2115 3810 totius
2171 3754 2352 3825 populi
2397 3755 2465 3808 ad
2514 3755 2772 3825 palatium
2807 3755 2865 3809 [it
2895 3771 3212 3812 concursus.
3258 3757 3534 3813 Romanos

1947 3850 2103 3920 quasi
2159 3849 2453 3921 imperator
2499 3850 2752 3905 abusivus
2801 3866 2904 3905 non
2950 3851 3271 3921 requiritur;
3346 3868 3535 3908 verum
3583 3879 3588 3884 -

1949 3942 2334 3998 Constantinus
2356 3958 2422 3996 an
2468 3942 2726 4011 supersit,
2754 3941 2821 3996 ab
2865 3941 3117 3998 omnibus
3156 3952 3530 4012 percontatur.

1950 4035 2194 4105 Cumque
2217 4033 2584 4105 inquisitionis
2611 4033 2813 4088 sedicio
2861 4049 2970 4088 non
2998 4035 3210 4096 modica
3241 4033 3397 4090 ﬁeret
3437 4049 3537 4106 pro

1952 4127 2328 4189 Constantino,
2359 4126 2672 4197 rogantibus
2701 4123 2979 4194 Stephano
2999 4133 3055 4179 et
3080 4123 3452 4188 Constantino,
3469 4140 3539 4180 ex

1953 4237 2016 4277 ea
2061 4231 2237 4291 parte,
2285 4235 2388 4290 qua
2436 4218 2758 4274 Zueanistrii
2810 4217 3122 4288 magnitudo
3173 4217 3535 4286 portenditur,

1957 4311 2345 4368 Constantinus
2370 4310 2549 4366 crines
2577 4309 2783 4364 solutus
2817 4324 2914 4378 per
2939 4307 3228 4377 cancellos
3259 4316 3418 4377 caput
3447 4322 3542 4361 ex-

1879 4432 1934 4494 D
1959 4405 2156 4477 posuit,
2193 4417 2398 4472 suaque
2435 4400 2745 4455 ostensione
2770 4400 2950 4469 populi
2973 4416 3097 4454 mox
3125 4399 3408 4453 tumultum
3463 4412 3542 4451 se-

1960 4496 2126 4557 davit,
2162 4509 2226 4548 ac
2251 4493 2303 4547 in
2327 4492 2547 4562 prepria
2575 4505 2844 4560 quemque
2873 4490 3132 4560 repedare
3160 4491 3354 4558 coegit.
3388 4485 3540 4553 Quod

1958 4589 2162 4644 factum
2189 4600 2409 4657 gravem
2458 4583 2668 4639 duobus
2713 4583 2972 4638 fratribus
3026 4583 3252 4651 ingessit
3279 4579 3539 4636 dolorem.

1967 4697 1986 4732 ι
2009 4678 2145 4745 Quid
2173 4676 2397 4747 profuit,
2422 4675 2692 4746 inquiunt,
2720 4676 2882 4746 quod,
2902 4673 3148 4728 abdicato
3165 4682 3337 4741 patre,
3353 4669 3540 4734 alium,

1961 4772 2051 4842 qui
2083 4786 2188 4825 non
2217 4779 2368 4839 pater
2388 4776 2491 4833 est,
2521 4768 2794 4823 dominum
2810 4764 3170 4822 sustinemus?
3192 4762 3547 4820 Tolerabilius

1965 4862 2112 4918 enim
2157 4861 2542 4928 decentiusque
2571 4867 2875 4929 paternam,
2905 4869 3062 4925 quam
3096 4862 3363 4916 exteram,
3391 4860 3547 4921 pate-

1968 4969 2151 5009 remur
2177 4951 2619 5009 dominationem.
2645 4948 2782 5015 Quid
2810 4937 2965 5011 illud,
2993 4945 3164 5010 aiunt,
3198 4943 3342 5015 quod
3374 4944 3426 5020 in
3451 4943 3553 4998 lut-

1947 5103 1952 5110 ,
1962 5045 2053 5118 jus
2079 5047 2335 5103 auxilium
2362 5059 2469 5101 non
2508 5041 2682 5098 solum
2708 5025 2960 5110 propriae,
2985 5037 3078 5092 sed
3124 5046 3184 5090 et
3231 5047 3432 5094 extera:
3461 5052 3556 5093 ve-

1971 5157 2102 5198 nere
2133 5141 2416 5200 nationes?
2459 5136 2772 5207 Sigefredus
2814 5135 3011 5204 quippe
3054 5132 3367 5205 episcopus,
3408 5132 3558 5203 regis

1970 5231 2211 5304 Hugonis
2236 5231 2475 5296 nuntius,
2507 5224 2805 5296 adsumptis
2825 5238 3007 5279 secum
3027 5236 3136 5277 sua:
3158 5223 3355 5296 lingua:
3375 5222 3559 5280 natio-
