4012 5340
445 158 564 232 ’88⁸1
611 125 614 128 ’

1442 164 1864 223 LIUTPBANDI
1903 166 2385 229 CREMONENSIS
2420 173 2731 233 EPISCOPI

3628 170 3739 231 388

451 286 619 344 nibus
649 282 1007 344 Amelfetanis
1028 284 1145 354 ³⁸⁸⁸,
1168 284 1448 354 Romanis,
1474 284 1773 354 Caietanis,
1793 283 1949 342 nobis
1972 285 2041 343 ad
2068 289 2122 351 Α
2216 288 2306 346 25.
2347 289 2586 360 Quorum
2613 301 2770 362 pater
2798 290 3072 348 Romanos
3099 289 3391 348 adventum
3417 298 3479 346 ut
3506 289 3737 357 audivit,

449 377 753 450 interitum,
779 380 906 437 huic
929 379 1182 452 prmsidio
1208 379 1330 437 fuit.
1379 400 1399 434 ι

521 471 614 528 22.
655 471 753 529 His
803 473 996 539 dictis,
1037 481 1373 528 armatorum
1429 473 1681 530 manibus
1734 472 2045 541 cubiculos,

450 563 595 622 sicut
618 571 675 622 et
702 580 800 636 pro
826 572 1002 637 patre,
1045 564 1317 635 complent
1344 565 1456 636 (an.
1487 565 1638 637 945).
1670 565 1879 635 Quibus
1928 565 2051 623 Diae

446 657 664 715 volinos
686 657 921 728 praefuit,
948 657 1040 728 qui
1070 656 1263 712 borum
1295 658 1536 712 omnium
1567 658 1815 713 incentor
1840 666 1896 713 et
1924 664 2051 728 post

444 746 729 820 paululum
779 748 1027 818 proditor
1088 748 1289 804 extitit.
1339 747 1751 804 Constantinum
1813 763 2050 820 namque

354 872 367 885 -
410 860 415 861 ί
446 838 611 897 libris
638 840 1044 896 incumbentem
1077 841 1147 894 ita
1179 839 1473 895 convenit:
1509 858 1528 892 ί
1558 839 1689 908 Qum
1714 840 1807 895 tibi
1835 839 2047 896 incom-

451 933 618 989 moda
666 948 697 987 a
743 930 1022 1003 Stephano
1065 940 1121 988 et
1163 931 1519 988 Constantino
1568 933 1846 1000 fratribus,
1880 933 2048 990 immo

446 1025 707 1091 inimicis,
742 1026 850 1080 tuis
890 1034 1290 1097 praeparentur.
1323 1025 1517 1091 istbee,
1551 1039 1671 1096 quae
1705 1024 1758 1078 in
1797 1032 1848 1080 te
1890 1033 2048 1082 vetus

444 1126 753 1190 permanet,
786 1116 975 1188 religio
1022 1116 1251 1186 ignorat.
1303 1115 1360 1171 Si
1408 1116 1555 1171 enim
1604 1113 1899 1171 infortunia
1949 1116 2046 1172 tibi

443 1220 603 1281 parta
630 1223 1011 1282 cognosceres,
1030 1217 1299 1279 quatenus
1322 1221 1509 1278 posses
1530 1207 1730 1273 vivere,
1750 1207 2042 1279 cogitares.

447 1301 649 1358 Uxoris
677 1310 785 1357 tum
825 1299 1135 1372 Stephanus
1163 1308 1217 1355 et
1244 1298 1636 1363 Constantinus
1679 1297 1876 1356 fratres
1897 1341 1913 1368 ,
1953 1315 2043 1356 ar-

443 1402 717 1450 matorum
771 1393 1024 1448 manibus
1068 1392 1413 1464 congregatis
1462 1404 1628 1462 atque
1677 1392 1731 1446 in
1780 1392 2046 1450 cubiculis

439 1487 555 1561 jam
592 1486 889 1551 conclusis,
924 1496 978 1542 te
1010 1502 1115 1542 non
1157 1494 1216 1542 ut
1258 1501 1293 1555 p
1331 1495 1467 1541 trem
1516 1486 1583 1541 de
1622 1487 1825 1557 palatio
1858 1488 2045 1559 expel-

444 1577 580 1641 lere,
604 1593 791 1634 verum
829 1578 916 1632 hic
946 1578 1188 1649 cogitant
1232 1577 1560 1632 interficere.
1593 1575 1822 1634 Occasio
1862 1588 2044 1633 autem

2149 381 2453 451 graciarum
2484 383 2737 439 acciones
2764 382 2876 439 Deo
2904 382 3136 449 exibuit,
3166 383 3353 455 eisque
3392 390 3548 439 extra
3591 379 3741 439 fores
3832 404 3841 415 σ

2149 472 2466 528 monasterii
2511 472 2735 529 obvians
2765 472 2885 529 laeta
2922 472 3093 531 fatie:
3129 493 3150 527 ι
3186 474 3459 530 Festivum
3501 458 3741 546 tempus,

2148 564 2347 637 inquit,
2372 567 2517 638 quod
2539 567 2898 623 humilitatem
2922 575 3165 622 nostram
3190 567 3473 639 imperium
3492 576 3744 624 vestrum

2132 658 2371 715 visitare
2398 661 2595 731 coegit.
2626 659 2841 716 Caritas
2864 670 3016 732 puto,
3047 675 3154 731 que
3183 660 3249 716 de
3280 675 3365 715 me
3405 660 3622 732 palacio
3646 675 3749 716 ex-

2147 749 2303 821 pulit,
2336 751 2655 808 filiacionem
2682 762 2922 808 vestram
2953 767 3056 806 nou
3091 750 3164 806 ibi
3194 751 3285 806 diu
3318 766 3439 806 esse
3468 750 3745 822 permisit.

2148 839 2193 897 Ο
2223 841 2425 898 factum
2465 843 2625 909 bene,
2649 844 2792 914 quod
2825 860 2911 900 me
2940 859 3103 914 quam
3145 842 3347 898 dudum
3373 843 3749 913 prmmisistis.

2148 933 2462 991 Confratres
2487 935 2631 992 cnim
2660 944 2713 990 et
2739 935 3136 1009 commilitones
3176 936 3305 1001 mei,
3335 950 3584 1007 superate
3621 946 3753 991 tan-

2147 1036 2260 1082 tum
2304 1029 2670 1100 phylosopbye
2710 1029 3086 1096 iucunbentes,
3119 1028 3353 1099 qualiter
3382 1029 3753 1100 imperatores

2145 1121 2503 1192 susciperent,
2536 1121 2866 1192 ignorarent,
2892 1122 2934 1176 si
2969 1136 3074 1176 non
3122 1136 3209 1175 me.
3239 1120 3353 1189 jam
3396 1120 3600 1175 dudum
3645 1119 3753 1175 im-

2145 1212 2440 1285 perialibus
2468 1212 2731 1268 institutis
2762 1212 3005 1267 attritum
3038 1211 3317 1267 haberent.
3345 1207 3510 1264 Parta
3532 1210 3605 1250 ³⁶⁹
3627 1209 3751 1279 jam

2146 1304 2394 1377 frigidior
2415 1303 2618 1359 Coticis
2640 1302 2709 1335 ³⁹⁰
2736 1318 2875 1373 aqua
2905 1302 3126 1358 decocta
3159 1302 3368 1373 pruinis
3395 1300 3583 1370 (153);
3620 1298 3751 1354 dul-

2145 1410 2238 1451 ces
2279 1395 2477 1450 adsunt
2519 1392 2676 1459 fabae,
2714 1392 2944 1448 lacbana
2994 1390 3070 1465 [id
3116 1401 3192 1447 est
3235 1388 3442 1463 herbae]
3479 1390 3755 1461 porriqne

2146 1495 2416 1541 recentes.
2445 1483 2562 1540 Non
2600 1484 2689 1541 hic
2717 1484 2943 1538 marina:
2973 1481 3173 1537 delitiac
3202 1481 3442 1546 morbos,
3478 1480 3575 1535 sed
3621 1495 3750 1535 cre-

2146 1580 2245 1636 bra
2271 1581 2449 1652 potius
2483 1578 2687 1651 jejunia
2735 1586 2945 1634 creant.
2973 1575 3209 1631 Turbam
3254 1589 3386 1629 vero
3430 1574 3572 1628 hanc
3622 1582 3752 1627 tan-

444 1672 522 1727 tui
561 1671 649 1727 hic
677 1671 932 1727 interitus
975 1671 1081 1724 erit
1122 1687 1135 1724 :
1175 1669 1438 1725 Cenatum
1468 1679 1522 1726 te
1552 1680 1672 1740 post
1705 1671 1938 1726 triduum
1969 1671 2042 1705 ³⁸⁸
2073 1656 2120 1719 Β
2149 1683 2283 1739 tam,
2312 1681 2425 1727 tam
2469 1682 2861 1743 sumptuosam,
2895 1668 3181 1725 modicitas
3215 1675 3399 1723 nostra
3444 1680 3553 1721 non
3605 1665 3756 1720 reci-

443 1762 835 1819 Constantinus
854 1771 910 1816 et
933 1759 1188 1816 Stefauus
1212 1760 1539 1815 invitabunt.
1557 1761 1801 1830 Cumque
1819 1771 1921 1816 tua:
1938 1778 2047 1820 ses-

445 1857 619 1914 sionis
649 1856 883 1912 medium
920 1856 1257 1911 excellentiae
1290 1865 1398 1921 tue,
1432 1863 1701 1925 quatenus
1744 1856 1912 1911 moris
1941 1864 2045 1922 est,

445 1950 695 2006 obtinere
728 1947 1038 2018 temptabis,
1067 1962 1331 2018 percusso
1379 1961 1503 2001 mox
1545 1955 1722 2012 scuto,
1754 1945 1948 2001 inclusi
1980 1947 2047 2002 de

437 2037 697 2093 cubiculo
743 2037 989 2102 exilient,
1023 2048 1279 2107 tuamque
1316 2035 1436 2091 fuso
1474 2037 1738 2108 sanguine
1781 2036 1945 2091 vitam
1983 2035 2048 2091 fi-

443 2130 614 2185 nient.
649 2128 837 2185 Fidem
878 2139 1059 2184 autem
1108 2129 1153 2184 si
1196 2128 1383 2183 relatis
1426 2129 1697 2199 exposcis,
1732 2127 1799 2183 iis
1834 2128 2048 2197 imprae-

445 2221 746 2276 sentiarum
783 2220 1119 2293 argumentis
1162 2220 1429 2285 adfirmo,
1467 2220 1721 2291 quoniam
1763 2219 2046 2277 concluso-

448 2328 569 2367 rum
603 2314 699 2369 tibi
737 2329 1001 2384 personas
1038 2313 1194 2368 rimis
1239 2312 1501 2379 ostendo;
1534 2312 1656 2367 dein
1695 2312 1839 2382 quod
1882 2311 2045 2370 saluti

446 2404 778 2475 solempnins
822 2414 907 2460 est
953 2415 1080 2471 tuae,
1111 2404 1412 2460 bostiorum
1461 2404 1554 2460 tibi
1597 2404 1776 2460 claves
1808 2405 1983 2461 trado.
2019 2423 2040 2458 ι

447 2497 543 2554 His
589 2499 790 2555 auditis
835 2499 1226 2554 Constantinus
1257 2517 1269 2552 :
1306 2516 1325 2550 ‹
1355 2498 1486 2569 Age,
1518 2497 1658 2565 infit,
1695 2507 1756 2553 ut
1793 2496 2048 2568 conjura-

447 2599 627 2646 torum
674 2591 963 2663 prodidisti
1015 2590 1319 2661 perﬁdiam,
1352 2598 1623 2660 quatenus
1672 2588 1812 2644 hanc
1861 2587 2048 2644 devin-

443 2699 592 2751 cam,
620 2699 883 2756 exprome
911 2683 1261 2739 sententiam.
1294 2680 1412 2736 Non
1442 2681 1587 2736 enim
1620 2690 1729 2734 tam
1761 2679 1892 2735 mihi
1925 2693 2047 2736 mea

445 2777 595 2834 salus
621 2792 774 2842 cara,
805 2791 968 2847 quam
1000 2776 1173 2847 pietas
1203 2766 1310 2829 erit
1346 2774 1401 2827 in
1443 2770 1727 2827 referenda
1759 2770 1933 2843 gratia
1953 2769 2046 2840 ju-

446 2868 649 2924 cunda.
682 2886 702 2920 ι
733 2866 833 2923 Cui
858 2866 1172 2921 Diavolinus
1196 2884 1210 2920 :
1238 2883 1259 2917 ‹
1297 2863 1439 2932 Non,
1468 2864 1666 2933 inquit,
1694 2861 1833 2917 clam
1857 2870 1912 2918 te
1940 2872 2044 2931 est,

445 2956 769 3015 Macedones
807 2972 931 3013 cum
976 2956 1077 3012 tibi
1107 2956 1365 3022 devotos,
1410 2964 1525 3009 tum
1572 2953 1712 3008 bello
1741 2952 1906 3009 duros
1931 2953 2047 3009 exi-

2147 1769 2259 1840 pit;
2292 1776 2535 1822 vestrum
2574 1762 2914 1821 solummodo
2959 1763 3248 1833 imperium
3291 1760 3544 1830 suscipit,
3576 1757 3750 1829 quod,

2149 1875 2218 1915 ne
2252 1868 2542 1928 paternam
2575 1858 2853 1915 desereret
2895 1864 3252 1919 senectutem,
3291 1852 3533 1909 advenit.
3571 1872 3591 1903 ι
3638 1850 3754 1907 llo-

2146 1965 2341 2006 manos
2369 1951 2482 2006 haec
2504 1959 2561 2004 et
2581 1947 2952 2018 hujuscemodi
2983 1946 3402 2018 perstringente,
3432 1942 3755 2012 Stephanus

2148 2050 2203 2098 et
2239 2042 2631 2098 Constantinus
2671 2040 2765 2095 filii
2814 2038 3129 2111 pudibunda
3177 2044 3502 2092 contuentes
3544 2034 3756 2089 lumine

2148 2143 2374 2200 terram,
2398 2149 2561 2206 quam
2593 2132 2763 2189 invite
2806 2129 3195 2187 monasterium
3227 2137 3496 2199 peterent,
3525 2141 3638 2182 non
3669 2133 3755 2181 at

2145 2226 2456 2300 percontari
2481 2238 2705 2281 necesse
2731 2225 2825 2280 sed
2847 2223 3090 2279 credere.
3116 2219 3383 2292 Expansis
3409 2219 3601 2290 itaque
3626 2212 3753 2288 post

2147 2319 2263 2374 inec
2316 2317 2565 2372 manibus
2611 2315 2680 2370 ad
2736 2313 2925 2369 altaris
2952 2312 3020 2345 ³⁸³
3069 2310 3347 2366 Romanos
3405 2308 3753 2378 crepidinem

2147 2412 2323 2479 fusus,
2352 2409 2660 2482 bujusmodi
2685 2423 2807 2464 cum
2838 2407 3078 2464 lacrimis
3100 2406 3210 2461 Deo
3237 2416 3446 2479 praeces
3475 2401 3673 2460 effudit
3697 2416 3716 2460 :

2833 2518 3048 2575 Versus.

2146 2616 2238 2674 24.
2279 2614 2495 2716 ti‘ln'iste
2544 2613 2708 2681 Deus,
2750 2627 2875 2669 cum
2920 2626 3028 2683 quo
3071 2609 3237 2667 Pater
3279 2617 3365 2665 est
3403 2603 3753 2751 etluiplilr'itus

2148 2778 2277 2836 Jure
2303 2777 2482 2834 Patris
2507 2777 2751 2843 verbum,
2784 2789 2881 2848 per
2901 2773 3046 2846 quod
3073 2773 3236 2829 Pater
3260 2770 3445 2828 omnia
3473 2770 3687 2825 mundo

2150 2871 2390 2927 lunotuit
2420 2882 2629 2926 secreta
2659 2868 2766 2940 poli
2797 2884 2891 2924 seu
2925 2866 3140 2922 mistica
3171 2868 3439 2937 pandens,

2152 2963 2383 3035 Respice
2408 2962 2720 3018 ticmentum
2748 2960 2969 3031 propria
2996 2958 3237 3014 bonitate
3267 2965 3539 3011 creatum.

446 3058 625 3117 atere;
648 3049 851 3105 mittito
890 3048 1103 3119 itaque,
1142 3062 1207 3103 ac
1247 3046 1495 3104 cubicula
1516 3045 1611 3087 ³⁸⁸·
1642 3046 1892 3117 propria,
1924 3046 2047 3101 Ste-

2152 3055 2230 3112 Ne
2252 3028 2483 3128 patiare,
2506 3067 2721 3124 precor,
2748 3028 3000 3107 demonis
3030 3064 3116 3105 me
3141 3047 3331 3103 fraude
3345 3047 3415 3080 ³⁹²
3445 3045 3657 3118 perire,

445 3141 577 3199 fano
615 3151 674 3199 et
703 3142 1067 3200 Constantino
1107 3142 1509 3211 ignorantibus,
1553 3140 1633 3197 eis
1674 3138 2043 3197 sutiarcinato.

447 3234 694 3307 Cumque
719 3236 1003 3308 designata
1033 3235 1151 3292 dies
1177 3232 1412 3289 cenvivii
1453 3233 1759 3300 advenerit,
1786 3242 1950 3304 atque
1978 3233 2049 3289 ob

448 3329 712 3387 sessionis
749 3329 949 3387 fastum
992 3328 1244 3386 simultas
1285 3329 1598 3401 inrepserit,
1629 3318 1756 3384 dato
1791 3327 1948 3399 signo
1989 3335 2052 3383 ut

444 3423 712 3495 pratfatus
745 3439 888 3491 sum,
914 3438 1176 3495 percusso
1205 3422 1418 3479 scilicet
1460 3429 1637 3488 scuto,
1665 3435 1789 3476 cum
1833 3418 2048 3474 illorum

447 3530 648 3573 manus
673 3524 1006 3571 armatorum
1046 3514 1302 3587 praesidio
1327 3515 1408 3570 eis
1435 3524 1556 3570 esse
1584 3527 1690 3568 non
1719 3511 1941 3583 poterit,
1974 3508 2050 3564 tui

422 3612 577 3662 ‘mox
605 3620 675 3663 ex
706 3606 984 3678 inproviso
1024 3606 1320 3677 proxiliaut
1341 3604 1434 3672 ³⁸⁷,
1478 3617 1680 3674 eosque
1724 3611 1875 3657 tanto
1902 3616 2052 3657 com-

446 3698 666 3755 modius
700 3708 905 3771 quanto
953 3699 1284 3772 insperatius
1327 3699 1569 3769 capiant,
1597 3705 1760 3767 atque
1799 3695 1868 3750 ad
1915 3693 2054 3750 vici-

447 3806 580 3846 num
610 3791 1026 3857 monasterium,
1066 3793 1134 3847 ad
1173 3791 1316 3862 quod
1345 3797 1553 3862 patrem
1586 3803 1767 3853 suum,
1797 3801 2049 3843 socerum

450 3880 661 3939 scilicet
685 3891 856 3949 tuum,
881 3881 1220 3948 direxerant,
1246 3881 1439 3945 tonsis,
1476 3889 1536 3935 ut
1562 3879 1730 3935 moris
1753 3887 1860 3945 est,
1886 3877 2053 3933 crini-

447 3970 589 4037 bus,
625 3971 1131 4049 pbylosopbaudum
1180 3970 1572 4026 transmittant.
1624 3968 1833 4024 Divinze
1881 3966 2053 4039 siqui-

454 4063 576 4119 dem
616 4063 884 4118 reetitudo
923 4063 1138 4134 justitie
1185 4073 1337 4118 tuum
1385 4061 1658 4134 negotium
1708 4060 2049 4127 secundabit,

452 4153 610 4226 cujus
631 4155 1156 4225 recompensatione,
1180 4170 1248 4210 ne
1270 4155 1324 4209 in
1348 4162 1557 4225 patrem
1584 4161 1899 4224 pecearent,
1931 4152 2052 4208 illos

453 4260 566 4302 non
595 4248 807 4313 terruit,
844 4255 902 4303 et
927 4256 1000 4310 te,
1025 4262 1093 4302 ne
1126 4244 1455 4312 offenderes,
1491 4244 1804 4301 custodivit.
1838 4264 1857 4295 ι
1896 4242 2052 4311 Quod

448 4336 600 4408 justo
636 4338 729 4395 Dei
768 4338 967 4411 juditio
1013 4340 1085 4395 ita
1124 4340 1410 4405 accidisse,
1445 4355 1550 4394 non
1593 4337 1766 4393 solum
1812 4338 2046 4407 Europa,

2151 3148 2424 3221 Sanguine
2447 3162 2607 3219 quem
2635 3159 2793 3201 sacro
2815 3142 3031 3199 voluisti
3059 3141 3287 3197 reddere
3313 3139 3457 3194 vite!

2150 3241 2246 3304 Da,
2282 3240 2447 3306 Deus,
2475 3247 2537 3294 ut
2571 3237 2755 3294 mundi
2792 3237 3027 3291 tumidos
3048 3234 3261 3290 calcare
3282 3241 3515 3289 conatus

2149 3335 2269 3390 Jam
2300 3334 2526 3398 valeam,
2554 3332 2821 3402 sistatque
2851 3328 3041 3401 procul
3068 3336 3353 3399 corruptor
3380 3326 3629 3397 iniquus,

2149 3426 2248 3482 Cui
2276 3426 2430 3480 labor
2457 3425 2542 3479 est
2569 3424 2780 3478 animas
2803 3436 3021 3493 semper
3042 3420 3227 3476 fedare
3249 3420 3438 3475 beatas
3458 3419 3475 3473 l

2150 3517 2367 3591 Imperii
2407 3516 2565 3572 libuit
2606 3531 2731 3571 eum
2777 3524 2992 3583 sceptra
3030 3511 3159 3579 tuli;
3203 3526 3347 3567 nunc
3377 3508 3749 3655 haurieglzeet,

2151 3681 2337 3740 Gratia
2364 3679 2615 3752 dignatus
2647 3677 2742 3733 tibi
2767 3678 2839 3734 sit
2865 3676 3008 3748 quod
3032 3674 3231 3748 pellere
3255 3672 3326 3706 ⁸⁹³
3354 3671 3599 3743 iniquos,

2150 3776 2366 3847 Imperii
2396 3781 2615 3830 teneant
2645 3772 2840 3828 solium
2869 3786 2939 3826 ne
2965 3770 3163 3841 injuste
3190 3777 3505 3840 paternum.

2222 3867 2312 3923 25.
2352 3866 2448 3923 His
2495 3866 2570 3921 ita
2611 3864 2812 3936 gestis,
2861 3860 3118 3918 Stefanus
3155 3870 3319 3931 atque
3356 3857 3752 3914 Constantinus

2153 3959 2400 4018 custodia
2437 3958 2552 4030 jugi
2587 3958 2969 4022 observantur,
3013 3962 3169 4024 patre
3202 3967 3324 4023 qua:
3348 3950 3399 4006 ei
3433 3949 3752 4005 acciderant

2153 4052 2517 4124 equanimiter
2566 4047 2894 4122 perferente.
2926 4047 3094 4102 Aiunt
3142 4044 3288 4099 enim
3336 4042 3519 4109 hunc,
3554 4051 3614 4097 et
3654 4040 3753 4097 sub

2154 4141 2519 4198 adtestatione
2560 4138 2908 4202 confirmant,
2936 4137 3064 4192 dum
3110 4149 3141 4190 a
3182 4132 3447 4189 fratribus
3487 4132 3653 4187 lentis
3683 4131 3752 4186 ob

2154 4234 2533 4308 purgationem
2565 4231 2899 4302 culparetur,
2934 4226 3299 4298 respondisse,
3324 4225 3471 4296 quod
3505 4223 3756 4279 luculen-

2157 4330 2263 4384 tius
2287 4334 2557 4399 regnaret,
2587 4325 2677 4395 qui
2705 4338 2987 4380 servorum
3013 4322 3106 4378 Dei
3138 4320 3544 4377 bumilitatibus
3565 4321 3753 4376 deser-

454 4432 554 4492 Sed
582 4443 640 4491 et
661 4435 791 4492 Asia
818 4451 963 4492 nunc
992 4445 1178 4493 cantat
1204 4446 1259 4494 et
1282 4435 1489 4492 Africa.
1517 4434 1808 4504 Designato
1845 4434 2047 4489 etenim

2156 4423 2317 4487 viret,
2340 4434 2504 4492 quam
2541 4417 2632 4488 qui
2665 4415 2976 4489 potentibus
3015 4413 3199 4470 mundi
3236 4412 3627 4486 peccatoribus
3655 4411 3756 4467 im-

452 4526 567 4595 die,
589 4527 716 4585 dum
743 4529 995 4585 simulata
1019 4545 1153 4600 pace
1174 4529 1587 4586 Constantinum
1621 4527 1765 4582 hunc
1792 4525 2049 4582 Stefanus

453 4632 512 4679 et
539 4620 925 4680 Constantinus
963 4622 1162 4679 fratres
1190 4624 1257 4678 ad
1305 4622 1614 4685 convivium
1645 4620 1962 4686 invitarent,
1993 4628 2051 4675 et

453 4717 526 4770 ob
562 4715 824 4773 sessionis
863 4714 1061 4771 fastum
1108 4714 1369 4771 tumultus
1414 4714 1749 4785 insurgeret,
1789 4722 2049 4783 percusso

452 4817 517 4864 ut
544 4807 745 4865 dictum
775 4818 859 4865 est
882 4817 1057 4874 scuto,
1086 4808 1406 4864 Macedones
1451 4807 1727 4878 insperato
1761 4800 2045 4876 proruunt,

453 4896 699 4968 duosQue
744 4895 945 4954 fratres
987 4895 1270 4957 Stefanum
1313 4904 1370 4951 et
1418 4893 1834 4951 Constantinum
1882 4906 2050 4962 quam

2228 4523 2392 4570 raret.

2156 4531 2322 4663 p623.
2362 4604 2713 4662 Desideratus
2739 4603 2942 4659 interea
2967 4597 3329 4671 Bercngarius
3354 4612 3422 4655 ex
3451 4595 3756 4654 Suevorum

2157 4698 2434 4771 partibus,
2474 4695 2662 4768 paucis
2702 4710 2885 4751 secum
2928 4691 3334 4756 comitantibus,
3364 4706 3395 4744 a
3427 4689 3635 4745 Suevia
3666 4704 3759 4762 per

2160 4790 2455 4846 Venustam
2505 4786 2701 4843 vallem
2733 4785 2881 4858 (154)
2912 4785 3119 4840 italiam
3169 4784 3338 4854 petit,
3387 4781 3759 4854 applicuitque

2159 4893 2338 4939 castra
2363 4894 2521 4936 secus
2552 4878 2906 4935 munitionem
2932 4875 3196 4932 vocabulo
3219 4872 3562 4929 Formicaria
3589 4870 3757 4944 (l35),

2161 4993 2275 5002 -..μ
2306 4990 2332 5002 Α
2371 4975 2657 5002 unas-nant.
2736 4979 2792 5002 ul
2836 4970 2942 5002 :non
2986 4968 3334 5002 ηοωιιῖνῖηηια
3424 4965 3758 5002 Anicio-ach
