4012 5340
250 208 357 265 889

1217 204 1759 265 ANTAI’ODOSEOS
1794 200 1971 259 LIBRI
2012 201 2170 257 SEX.
2208 235 2278 248 --
2314 206 2444 265 LIB.
2481 208 2549 266 ν.

3425 212 3534 272 890

248 341 368 390 erat
427 330 625 405 vigiliae
691 330 1085 388 commendata.
1158 329 1399 401 Cumque
1474 328 1835 401 Berengarius
1864 330 1914 389 Α
1941 324 2048 379 huc
2069 323 2139 358 ⁸ου
2168 324 2416 382 inventus
2452 334 2555 391 est,
2584 326 2675 397 qui
2710 326 2852 398 quod
2896 320 3141 394 haberet,
3183 336 3328 384 esset
3374 329 3529 400 satis,

250 424 457 483 nullius
520 422 942 478 machinamenti
1007 429 1267 493 apparatu
1336 420 1641 490 nulliusque
1713 417 1840 473 belli

252 515 459 587 impetu
520 514 659 569 hanc
712 528 772 568 se
814 526 1007 582 capere
1056 528 1213 583 posse
1273 512 1640 582 conspiceret,
1694 508 1844 564 Man-

252 622 418 663 nasse
468 604 819 661 ambitionem
859 612 913 659 et
951 603 1343 670 kenodoxiam,
1386 603 1439 659 id
1499 611 1584 658 est
1645 615 1842 656 vanam

252 699 515 772 gloriam,
581 712 951 769 cognoscens,
1006 697 1335 753 Adelardum
1398 696 1467 752 ad
1540 710 1600 752 se
1660 696 1845 751 venire

253 794 499 863 rogavit;
554 792 640 848 cui
701 799 755 847 et
806 792 879 845 ait
925 808 938 845 :
991 811 1009 844 ι
1060 790 1117 848 Si
1175 792 1529 846 munitionem
1574 790 1715 845 hanc
1749 804 1848 859 po-

255 884 444 939 testati
474 897 608 938 mea:
638 882 947 948 tradideris,
976 883 1360 953 dominumque
1403 892 1553 937 tuum
1595 882 1847 938 Mannas-

253 988 352 1029 sen
381 974 449 1028 ad
477 973 806 1041 adjutorium
848 989 1027 1029 meum
1066 976 1403 1045 protraxeris
1428 975 1520 1040 ³³⁸,
1559 990 1617 1030 se
1645 974 1846 1030 Medio-

255 1064 388 1121 lanii
418 1065 942 1135 archiepiscopatus,
974 1076 1026 1122 te
1060 1082 1190 1122 vero
1231 1067 1458 1122 Cumani
1505 1068 1846 1137 episcopatus

255 1158 522 1229 dignitate
544 1165 665 1227 post
693 1166 969 1225 acceptam
1003 1158 1151 1229 regni
1177 1166 1497 1227 potestatem
1526 1158 1755 1212 donabo.
1781 1156 1849 1212 Et

254 1257 319 1303 ut
368 1247 704 1320 promittenti
755 1247 887 1301 mihi
935 1248 1093 1302 iidem
1146 1248 1429 1312 admittas,
1481 1252 1622 1318 quod
1666 1248 1848 1303 verbis

257 1341 520 1410 spondeo,
552 1340 880 1411 juramentis
922 1341 1170 1395 adlirmo.
1206 1361 1223 1394 ι
1268 1341 1394 1396 Hzee
1437 1342 1560 1397 dum
1595 1342 1845 1397 Mannas-

257 1448 319 1488 se
344 1432 415 1465 ³⁹¹
457 1434 525 1487 ab
568 1433 837 1488 kdalardo
884 1443 1210 1499 narrantur,
1259 1434 1615 1489 munitionem
1670 1435 1847 1490 solum

257 1522 591 1595 Berengario
618 1526 747 1579 dare
779 1540 882 1581 non
919 1525 1105 1595 jussit,
1140 1541 1324 1581 verum
1353 1526 1515 1581 etiam
1542 1525 1705 1581 italos
1733 1542 1849 1582 om-

259 1630 357 1670 nes
387 1616 504 1686 ejus
533 1616 584 1669 in
614 1599 873 1670 auxilium
903 1616 1167 1671 invitavit.

1948 434 2055 473 non
2100 421 2259 475 modo
2291 436 2397 475 non
2434 421 2637 490 copiosi
2670 421 2888 486 divites,
2911 420 3003 475 sed
3050 421 3213 476 etiam
3252 422 3440 492 inopes
3467 438 3535 481 ac

1945 526 2209 582 pauperes
2256 512 2599 566 existimandi
2647 522 2792 567 sunt.
2824 512 2933 567 Soli
2979 513 3123 567 enim
3160 522 3283 569 sunt
3314 514 3533 584 divites,

1946 614 2002 661 et
2030 605 2336 659 fructuosas
2364 620 2428 660 ac
2456 604 2813 675 sempiternas
2843 606 3121 675 possident
3163 622 3269 673 res,
3298 607 3386 676 qui
3421 606 3536 664 suis

1946 699 2108 754 rebus
2136 698 2398 763 contenti,
2422 698 2555 753 satis
2578 713 2699 753 esse
2726 707 2935 767 putant,
2964 696 3107 768 quod
3140 707 3242 754 est.
3270 698 3385 754 Non
3411 713 3536 756 esse

1945 793 2223 864 cupidum,
2250 808 2378 847 vera
2405 792 2630 863 pecunia
2656 801 2772 857 est;
2805 808 2910 846 non
2937 808 3056 847 esse
3084 807 3349 858 emacem,
3373 791 3539 847 vecti-

1947 882 2032 953 gal
2059 895 2162 937 est.
2204 882 2494 937 Fateamur
2524 884 2725 953 itaque,
2753 891 2874 937 uter
2914 891 2999 937 est
3040 884 3222 949 ditior,
3249 888 3332 939 cui
3356 885 3534 951 deest,
3627 927 3646 945 .

1948 991 2014 1029 an
2042 976 2128 1029 cui
2160 976 2414 1045 superat?
2445 976 2535 1045 qui
2561 986 2702 1045 eget,
2732 991 2798 1029 an
2827 976 2917 1046 qui
2950 975 3263 1031 habundat?
3292 977 3375 1031 cui
3408 992 3535 1046 pos-

1950 1069 2120 1125 sessio
2158 1083 2265 1138 quo
2292 1077 2377 1122 est
2418 1066 2607 1134 major,
2648 1083 2711 1121 eo
2738 1067 2857 1136 plus
2886 1068 3115 1137 requirit
3159 1068 3225 1122 ad
3271 1082 3329 1122 se
3376 1075 3536 1121 tuen-

1950 1165 2093 1227 dam,
2128 1178 2194 1216 an
2238 1162 2328 1230 qui
2380 1176 2437 1215 se
2488 1160 2603 1215 suis
2645 1160 2848 1213 viribus
2899 1160 3162 1213 sustinet?
3209 1158 3538 1213 Contentum

1950 1254 2150 1309 etenim
2200 1252 2312 1306 suis
2344 1252 2523 1314 rebus,
2572 1251 2807 1304 maxime
2839 1259 2963 1303 sunt
2993 1249 3416 1319 certissimaeque
3458 1245 3538 1303 (Ιῦ

1950 1346 2115 1400 vitim.
2148 1345 2347 1399 Verum
2372 1344 2436 1397 de
2459 1343 2559 1396 hoc
2588 1342 2720 1395 satis
2746 1357 2889 1395 nunc
2915 1341 3115 1395 dictum
3143 1355 3263 1395 esse
3286 1338 3537 1395 suiliciat.

1952 1437 2034 1492 Ad
2075 1434 2463 1505 Berengarium
2504 1433 2615 1487 stili
2665 1432 2895 1487 intentio
2936 1431 3142 1495 redeat,
3172 1430 3324 1499 cujus
3355 1429 3408 1482 in
3448 1426 3543 1483 ad-

1952 1540 2171 1584 ventum
2250 1543 2472 1580 anreum
2537 1539 2725 1579 omnes
2799 1522 3051 1578 sarculum
3114 1522 3540 1592 promittebant,

1954 1630 2009 1677 et
2057 1621 2253 1687 felicia,
2288 1635 2407 1689 qua:
2450 1618 2609 1673 talem
2655 1616 2982 1681 extulerant,
3018 1625 3258 1685 tempora
3298 1612 3544 1668 clamita-

327 1708 421 1763 27.
463 1708 630 1763 Fama
678 1708 862 1780 igitur,
882 1708 1089 1762 malum
1137 1726 1239 1779 quo
1287 1726 1391 1765 non
1430 1711 1645 1765 velalius
1685 1711 1852 1785 ullum
1882 1702 1928 1761 Β
1957 1713 2106 1767 bant.

257 1800 549 1854 mobilitate
594 1801 724 1870 viget
777 1800 947 1871 (I36),
992 1801 1301 1873 Berengarii
1348 1803 1639 1858 adventuum
1689 1820 1849 1873 quam

261 1908 389 1949 mox
417 1893 670 1947 omnibus
697 1893 986 1947 nuntiavit.
1016 1891 1416 1964 Creperuntque
1439 1910 1561 1948 mox
1587 1895 1851 1961 nonnulli,

262 1984 490 2055 llugone
516 1983 752 2048 deserto,
783 1982 1113 2057 Berengario
1144 1985 1427 2040 adherere.
1463 1986 1668 2041 llorum
1706 1987 1853 2052 Milo,

259 2084 569 2147 prapotens
598 2075 989 2129 Veronensium
1026 2090 1229 2141 comes,
1258 2076 1439 2130 extitit
1480 2076 1716 2147 primus,
1763 2078 1855 2147 qui

258 2167 389 2223 dum
437 2166 646 2238 Hugoni
688 2175 1003 2237 suspectus,
1052 2167 1310 2237 appositis
1350 2166 1488 2221 clam
1538 2167 1857 2223 custodibus

260 2267 599 2325 servaretur,
645 2257 930 2313 simulatus
972 2274 1032 2313 se
1076 2274 1179 2312 non
1223 2258 1536 2329 intellegere
1570 2256 1855 2323 custodiri,

261 2346 434 2402 ferme
484 2361 676 2401 cenam
719 2364 889 2418 usque
936 2348 1001 2401 ad
1054 2349 1229 2402 noctis
1276 2349 1537 2419 pertraxit
1583 2349 1854 2415 medium;

262 2454 499 2510 cumque
525 2455 715 2496 omnes
752 2450 856 2493 tam
898 2455 1088 2495 somno
1121 2456 1282 2510 quam
1322 2440 1424 2494 lieo
1469 2440 1616 2512 (157)
1661 2441 1856 2510 adgra-

260 2533 396 2598 vati,
432 2548 660 2601 corpora
694 2533 859 2602 quieti
907 2533 1183 2587 traderent
1213 2533 1303 2601 '9‘,
1353 2534 1469 2587 solo
1512 2549 1568 2588 se
1611 2535 1701 2602 qui
1742 2534 1859 2603 ejus

261 2630 578 2693 partaverat
620 2623 889 2693 clippeum
935 2624 1258 2688 comitante,
1306 2623 1573 2680 Veronam
1622 2627 1860 2697 percitus

262 2715 456 2781 venit,
513 2716 842 2786 directisque
906 2718 1111 2772 nuntiis
1167 2718 1554 2786 Berengarinm
1619 2711 1854 2788 c’xeivit;

262 2829 427 2885 quem
463 2824 519 2870 et
562 2814 614 2868 in
660 2815 893 2879 Verona,
924 2830 1031 2884 quo
1060 2815 1267 2887 Hugoni
1305 2817 1515 2871 lirmius
1558 2818 1859 2883 resisteret,

261 2909 524 2980 Suscepit.
582 2906 725 2963 Sane
783 2908 927 2963 nulla
981 2909 1122 2963 lumc
1179 2908 1472 2964 inﬁdelitas
1517 2911 1585 2963 ab
1632 2909 1861 2980 Hugone

262 3003 471 3068 divisit,
501 3016 689 3057 verum
732 3003 878 3057 illata
911 3002 1011 3056 sibi
1041 3003 1107 3057 ab
1142 3004 1330 3058 eodem
1365 3003 1617 3057 nonnulla
1658 3004 1861 3057 incom-

2029 1802 2118 1858 28.
2164 1802 2238 1855 Eo
2264 1802 2446 1871 itaque
2469 1798 2773 1854 Mediolanii
2808 1799 3034 1867 degente
3056 1812 3117 1851 ac
3139 1796 3349 1851 Italicas
3370 1794 3546 1865 digni-

1959 1903 2097 1948 tates
2119 1892 2218 1947 sibi
2250 1891 2636 1945 adherentibus
2664 1890 3028 1959 dispensante,
3052 1904 3145 1942 rex
3171 1887 3322 1957 llugo
3342 1884 3547 1941 Lotha-

1960 1987 2124 2049 rium,
2164 1984 2331 2037 ﬁlium
2373 1997 2551 2045 stnnn,
2578 1996 2682 2034 non
2720 1980 2783 2033 ad
2817 1980 3124 2049 Berengarii
3160 1979 3330 2032 solum
3356 1992 3545 2031 verum

1960 2078 2026 2131 ad
2056 2075 2221 2129 totius
2273 2072 2451 2143 populi
2502 2071 2846 2141 prmsentiam
2870 2070 3072 2139 dirigit,
3103 2077 3311 2138 petens,
3339 2067 3462 2136 quia
3485 2080 3548 2121 se

1957 2165 2038 2220 eis
2076 2180 2183 2218 non
2227 2163 2554 2232 morigerum
2596 2161 2865 2222 abdicant,
2908 2158 3074 2212 illiilli)
3117 2157 3305 2212 saltem
3327 2156 3421 2210 Dei
3448 2170 3546 2227 pro

1960 2274 2175 2320 amore,
2210 2256 2299 2324 qui
2334 2254 2406 2308 nil
2434 2254 2483 2306 in
2514 2268 2607 2307 eos
2646 2252 2947 2320 deliquerat
2982 2250 3050 2281 ⁴⁰¹
3072 2291 3085 2314 ,
3118 2248 3453 2319 suscipiant,
3481 2263 3548 2304 ac

1963 2347 2340 2402 voluntatibus
2385 2360 2571 2398 eorum
2626 2343 2950 2411 morigerum
2999 2340 3244 2394 reddant.
3292 2337 3548 2393 Lothario

1962 2439 2191 2507 denique
2216 2422 2595 2489 Mediolanium
2630 2441 2868 2501 petente,
2904 2446 2995 2484 rex
3028 2428 3177 2499 llugo
3208 2427 3373 2498 Papia
3400 2428 3549 2481 omni

1962 2546 2082 2583 cum
2134 2527 2360 2598 pecunia
2409 2540 2681 2595 egressus,
2734 2523 2942 2577 Italiam
2975 2522 3228 2575 deserere
3276 2528 3438 2589 atque
3495 2518 3549 2572 in

1961 2619 2324 2690 llurgundiam
2350 2616 2419 2647 ⁸⁰²
2448 2616 2525 2669 ire
2566 2615 2844 2685 cogitavit.
2892 2611 2997 2665 Sed
3032 2626 3120 2665 res
3152 2624 3274 2663 eum
3313 2609 3416 2663 ista
3463 2622 3545 2661 re-

1966 2714 2125 2767 tinuit
2150 2753 2162 2774 ,
2190 2710 2445 2781 quoniam
2477 2708 2601 2761 dum
2646 2703 3012 2759 misericordia
3053 2700 3322 2764 inclinati,
3351 2698 3555 2753 Lotha-

1964 2804 2102 2859 rimn
2125 2804 2176 2856 in
2201 2802 2397 2855 eclesia
2425 2801 2705 2852 beatormn
2733 2794 3061 2850 confessoris
3086 2804 3141 2847 et
3163 2793 3447 2847 martirum
3483 2790 3554 2822 m

1963 2895 2257 2959 Ambrosii,
2282 2893 2524 2949 Gervasii
2551 2901 2603 2945 et
2630 2889 2887 2951 Protasii,
2912 2896 3038 2941 ante
3070 2901 3287 2941 crucem
3312 2893 3555 2955 prostra-

1966 2999 2078 3043 tum
2111 2987 2404 3056 erigerent,
2445 2996 2731 3053 regemque
2776 2980 2877 3034 sibi
2912 2979 3339 3041 constituerent,
3392 2990 3553 3045 quam

261 3097 448 3163 moda,
478 3112 598 3168 qua:
620 3096 733 3164 jam
765 3097 852 3150 diu
885 3096 1157 3151 sustinere
1189 3112 1293 3149 non
1339 3097 1533 3165 potuit.
1563 3093 1854 3167 Prosequi-

1967 3094 2092 3133 mox
2120 3087 2237 3146 post
2276 3075 2555 3145 llugonem
2596 3072 2834 3142 dirigunt
2877 3070 3149 3133 nuntium,
3180 3084 3339 3137 quem
3368 3082 3426 3121 se
3456 3068 3556 3120 ite-

264 3197 355 3243 tur
385 3188 529 3242 hunc
558 3186 741 3251 Wido,
771 3186 1086 3242 Mutinensis
1130 3188 1195 3219 ³⁹⁷
1241 3184 1467 3243 teclesiae
1499 3188 1715 3259 praesul,
1749 3205 1855 3243 non

265 3278 465 3347 injuria
494 3278 797 3343 lacessitus,
828 3281 922 3333 sed
970 3280 1203 3333 maxima
1248 3280 1337 3334 illa
1385 3280 1599 3335 abbatia
1638 3280 1852 3334 Nonan-

266 3371 405 3437 tula,
438 3387 599 3442 quam
633 3381 686 3425 et
715 3381 840 3427 tunc
873 3372 1185 3442 adquisivit,
1220 3374 1511 3427 animatus.
1545 3372 1647 3439 Qui
1682 3373 1859 3443 llugo-

266 3478 390 3520 nem
439 3464 611 3518 solum
662 3480 766 3518 non
814 3465 1076 3530 deseruit,
1121 3480 1308 3519 verum
1355 3465 1517 3519 etiam
1568 3465 1857 3520 multorum

265 3555 670 3611 multitudinem
718 3557 857 3611 tulit.
893 3556 1045 3624 Quod
1079 3557 1231 3626 llugo
1272 3566 1331 3610 ut
1378 3556 1603 3619 audivit,
1634 3572 1861 3626 congre—

267 3651 411 3724 gatis
434 3651 606 3720 copiis
626 3650 692 3704 ad
716 3651 831 3720 ejus
856 3660 1095 3706 castrum
1123 3650 1399 3705 Vinoleam
1422 3650 1491 3681 ³³⁸
1523 3650 1667 3717 (139)
1692 3649 1857 3715 venit,

269 3741 433 3811 idque
465 3741 695 3797 viriliter
719 3742 811 3796 sed
841 3742 1103 3796 inutiliter
1126 3740 1488 3811 Oppugnavit;
1524 3741 1667 3810 quod
1696 3756 1858 3810 quam

271 3832 529 3887 mendatii
562 3831 793 3886 alienum
826 3832 915 3896 sit,
942 3834 1209 3887 sententia
1246 3833 1583 3902 subsequens
1615 3832 1861 3887 declara-
1952 3868 1960 3877 κ

269 3925 368 3982 bit.
402 3924 537 3980 Nam
573 3926 700 3980 dum
736 3926 926 3980 eodem
971 3927 1220 3996 degeret,
1269 3926 1631 3998 Berengarius
1666 3927 1733 3981 ab
1762 3926 1865 3981 Ar-

273 4019 460 4075 derico
504 4019 912 4090 archiepiscopo
946 4021 1171 4084 accitus,
1208 4019 1475 4075 Veronam
1507 4020 1766 4083 deseruit,
1798 4035 1863 4075 ac

274 4111 654 4167 Mediolanium
700 4112 945 4167 concitus
980 4112 1147 4166 venit.
1180 4111 1298 4179 Quo
1334 4111 1543 4176 audito,
1574 4126 1664 4165 rex
1710 4110 1864 4181 llugo

274 4200 498 4273 Papiam
553 4203 726 4258 tristis
776 4202 1012 4258 advenit.
1066 4201 1361 4273 Cmperunt
1416 4202 1621 4257 interea
1674 4217 1864 4257 omnes

273 4295 444 4353 Italia!
483 4296 739 4366 primates
768 4296 949 4351 omine
984 4311 1088 4349 non
1122 4296 1263 4349 bono
1302 4294 1579 4365 llugonem
1616 4294 1866 4349 deserere

274 4402 332 4451 et
357 4386 537 4458 egenti
567 4386 895 4457 Berengario
920 4386 1203 4439 adherere.
1236 4384 1491 4455 Egcutem
1524 4392 1726 4448 autem,
1758 4399 1863 4436 non

1966 3186 2083 3224 rum
2114 3184 2275 3238 super
2302 3181 2397 3221 eos
2446 3173 2796 3233 regnaturum
2847 3162 3189 3231 promittunt.
3230 3159 3342 3213 Hoc
3396 3158 3557 3230 plane

1964 3261 2249 3317 consilium
2272 3300 2285 3323 ,
2320 3259 2484 3312 immo
2509 3257 2879 3324 deceptionem
2907 3295 2919 3315 ,
2950 3269 3054 3307 non
3083 3266 3271 3306 omnes
3291 3291 3305 3314 ,
3335 3252 3427 3305 sed
3460 3251 3556 3304 Be-

1970 3354 2270 3423 rcngarius,
2295 3360 2354 3405 ut
2374 3360 2491 3403 erat
2512 3349 2806 3403 calliditate
2828 3345 3231 3408 sull'arcinatus,
3256 3343 3555 3406 adinvenit,

1968 3463 2076 3502 non
2106 3460 2211 3515 quo
2235 3445 2332 3498 hos
2359 3458 2585 3513 regnare
2610 3441 2937 3509 disponeret,
2961 3439 3077 3499 sed,
3110 3446 3167 3489 ut
3190 3443 3311 3505 post
3340 3434 3555 3497 claruit,

1970 3558 2037 3597 ne
2073 3541 2224 3607 llugo
2274 3537 2596 3597 discedeset,
2649 3542 2811 3603 atque
2854 3534 3097 3585 inmensa
3129 3544 3289 3600 quam
3321 3527 3553 3582 habebat

1965 3634 2195 3705 pecunia
2241 3628 2680 3699 Burgundionum
2722 3635 2815 3680 aut
2857 3623 3081 3677 aliarum
3113 3621 3351 3692 gentium
3396 3633 3554 3689 super

1967 3742 2025 3782 se
2049 3724 2273 3795 populos
2301 3722 2577 3777 invitaret.

2035 3819 2129 3873 29.
2174 3815 2286 3870 lloc
2335 3815 2389 3868 in
2436 3822 2681 3881 tempore
2739 3807 2941 3877 Joseph
3000 3807 3217 3877 quidam
3248 3846 3261 3871 ,
3316 3802 3558 3858 moribus

1968 3927 2152 3972 senex,
2204 3909 2394 3963 diebus
2435 3905 2688 3976 juvenis,
2722 3902 2992 3956 Brixiana:
3034 3900 3270 3955 civitatis
3319 3897 3558 3953 clarebat

1967 4004 2269 4075 episcopus.
2295 4000 2465 4066 Quem
2491 3994 2870 4061 Berengarius,
2896 4003 2952 4046 ut
2974 4001 3094 4047 erat
3121 3992 3214 4045 Dei
3260 3990 3457 4044 timens
3486 3986 3559 4019 ’⁵⁸⁸

1968 4097 2129 4169 (cod.,
2178 4092 2473 4165 yronicos),
2527 4091 2597 4144 ob
2646 4103 2854 4143 morum
2906 4086 3230 4155 probitatem
3287 4078 3559 4151 cpiscopio

1971 4187 2225 4261 privavit,
2258 4186 2375 4256 ejus
2398 4183 2515 4237 loco
2551 4180 2881 4242 Antonium,
2906 4176 2996 4246 qui
3024 4191 3167 4229 nunc
3202 4187 3373 4242 usque
3401 4183 3559 4239 supe-

1974 4293 2105 4345 rest,
2137 4277 2546 4334 nullo'concilio
2587 4274 2793 4336 habito,
2824 4271 2966 4324 nulla
3015 4269 3389 4338 episcoporum
3423 4263 3559 4318 deli-

1969 4374 2274 4437 beratione,
2300 4369 2599 4425 constituit.
2634 4366 2740 4419 Sed
2763 4374 2815 4419 et
2842 4364 3029 4419 Cumis
3062 4372 3188 4416 tunc
3212 4377 3315 4415 non
3339 4358 3561 4413 Adelar-

274 4448 443 4535 nichil
464 4448 829 4548 possidentem
858 4477 1023 4549 (159).
1042 4477 1135 4533 sed
1154 4477 1239 4531 cui
1264 4448 1554 4544 numquam
1578 4477 1855 4545 quicquani

1975 4466 2125 4527 dum,
2160 4474 2217 4516 ut
2255 4463 2535 4532 juraverat
2559 4498 2571 4519 ,
2606 4471 2795 4510 verum
2836 4456 2904 4509 ob
2936 4452 3347 4508 Mediolancnsis
3378 4448 3559 4503 archi-

274 4570 411 4627 satis
436 4580 541 4637 est,
570 4570 680 4625 aio.
707 4569 972 4637 Quoniam
1002 4568 1230 4639 improbi
1266 4576 1322 4620 et
1356 4567 1524 4627 avari,
1553 4567 1643 4636 qui
1688 4568 1869 4621 incer-

278 4674 364 4717 tas
386 4674 549 4733 atque
586 4664 637 4717 in
679 4679 806 4718 casu
862 4662 1065 4733 positas
1111 4660 1480 4730 possessiones
1531 4661 1764 4723 habent,
1818 4669 1873 4713 et

277 4755 398 4826 plus
440 4770 656 4828 semper
700 4762 981 4827 appetunt,
1011 4768 1112 4808 nec
1140 4767 1326 4807 eorum
1374 4752 1661 4822 quisquam
1685 4750 1754 4783 ³⁹⁹
1779 4752 1873 4806 ad-

1979 4555 2216 4626 episcopi
2243 4567 2482 4606 amorem
2502 4548 2821 4603 Waldonem
2841 4546 3108 4617 quendam
3131 4544 3441 4613 episcopum
3464 4556 3561 4595 or-

1978 4647 2203 4702 dinavit.
2237 4646 2390 4712 Quod
2432 4658 2592 4714 quam
2625 4642 2764 4695 bene
2798 4639 3005 4701 fecerit,
3033 4637 3370 4691 subditorum
3397 4635 3566 4703 depo-

1978 4741 2223 4812 pulatio,
2290 4737 2481 4792 vitium
2550 4734 2782 4799 incisio,
2844 4732 3101 4786 arborum
3156 4725 3571 4800 decortieacio,

1557 4908 1790 4964 VAer’E
1848 4902 2255 4965 LEC'l‘lONES.

350 5051 420 5086 ³⁸⁸
448 5067 521 5107 m.
555 5048 832 5107 inﬂectere
860 5047 1102 5120 potueris
1132 5045 1279 5100 illum
1312 5047 1364 5102 in
1394 5045 1706 5101 cathedram
1740 5061 2031 5116 promoveo
2057 5042 2370 5100 Mediolanii
2408 5038 2919 5109 archiepiscopatus
2948 5032 2983 5086 5
3005 5046 3054 5083 a.
3130 5032 3199 5110 "f
3227 5039 3494 5109 mannase
3529 5035 3587 5097 ιι
3616 5094 3677 5121 χ

376 5134 390 5142 .
749 5122 766 5142 Δ
893 5122 959 5142 ησι
996 5118 1302 5142 _---..:..:......:
1338 5120 1355 5142 ι
1478 5117 1546 5142 an
1586 5118 1793 5142 “mnu-..
1882 5136 2040 5142 η.
2072 5118 2106 5142 α
2139 5114 2405 5142 ..ιηηΛιηηη
2441 5116 2460 5142 ι
2573 5109 2642 5140 ³99
2674 5126 2810 5142 ηδτ..
2844 5111 2864 5142 ι
2971 5101 3037 5133 ιοο
3071 5114 3117 5142 n,
3154 5100 3252 5140 mln
3302 5094 3588 5140 summa».

280 5123 348 5152 ..⁸
376 5134 448 5152 ..ιιι
465 5124 714 5152 ’.Α-..λιιιιιιί
748 5122 766 5152 ⁸

995 5118 1302 5152 nni-lininnui
1336 5120 1355 5152 Ι
1478 5117 1546 5148 ³98
1586 5118 1795 5152 nnnl-nn

1880 5136 2040 5152 ent-nu
2072 5118 2106 5150 θ
2139 5114 2406 5150 uinnnlnm
2440 5116 2460 5148 λ

3130 5028 3199 5060 ³⁸⁸
3227 5039 3494 5097 ιιιιιιιιιμίιδθ
3529 5035 3587 5097 ιι

2573 5109 2642 5140 ³99
2674 5126 2777 5144 ne"
2798 5128 2810 5140 ο
2844 5111 2864 5144 Ι
