4012 5340
547 299 648 364 891

1502 290 1954 351 'l.lU'l'l'li.-\.\Dl
1993 292 2475 356 LliEMONENSlS
2509 299 2813 361 EPISCOPI

3704 311 3816 368 891

544 424 839 485 multorum
888 421 1165 481 oculorum
1214 421 1482 492 excussio,
1512 422 1805 480 simultatis
1843 423 2127 496 scpissima
2153 435 2420 499 Agantes
2473 426 2768 487 formarum
2818 426 3152 502 inspectores
3220 430 3384 490 etiam
3435 441 3600 505 atque
3644 433 3814 493 etiam

545 517 818 589 repetitio,
870 531 993 572 cum
1023 514 1211 587 signis,
1254 524 1366 569 tum
1396 515 1686 586 gemitibus
1715 522 1918 570 narrat.
1954 511 2129 569 Hade-

546 610 760 667 lardum
782 618 963 666 autem
986 608 1217 681 Regeusi
1247 606 1489 678 praefecit
1507 607 1754 664 :eclesiac.

514 688 519 696 ’
616 703 708 759 50.
750 701 1017 758 Bosoucm
1055 716 1221 766 vero,
1255 699 1493 772 llugonis
1529 701 1674 772 regis
1713 700 1978 773 Spurium,
2007 699 2130 756 Pla-

543 794 775 853 centime
813 794 988 859 sedis,
1048 801 1103 849 et
1152 791 1522 848 Liutcl‘redum
1583 791 1861 864 l’apiensis
1904 791 2130 848 melesite

544 887 829 959 episcopos
870 886 1142 956 expellere
1186 884 1480 957 cogitavit;
1527 899 1713 940 verum
1764 883 2131 940 intercedente

539 976 754 1049 przetio,
793 976 864 1031 ob
896 975 988 1030 Dei
1033 990 1092 1031 se
1130 990 1370 1030 amorem
1409 989 1504 1029 eos
1539 974 1805 1029 dimisisse
1832 974 2126 1030 simulavit.

541 1064 1051 1134 Quaniimmensum
1082 1065 1368 1121 tuncltalis
1396 1066 1648 1135 gaudium
1666 1066 1678 1120 !
1695 1065 1936 1120 Alterum
1960 1066 2128 1123 David

540 1157 755 1213 venisse
788 1156 1080 1212 latrabant.
1121 1157 1309 1213 Sedet
1350 1171 1546 1228 magno
1588 1155 1784 1227 Karolo
1831 1170 1956 1211 ceca
1985 1157 2129 1213 hunc

539 1257 720 1306 mente
741 1248 1122 1322 praeferebant.
1155 1251 1492 1320 Quamquam
1537 1251 1682 1305 enim
1725 1250 1919 1305 iterato
1948 1249 2130 1321 Πυθο-

540 1354 667 1397 nem
721 1352 887 1414 atque
913 1341 1230 1399 Lolharium
1258 1342 1330 1374 ⁴⁰⁵
1354 1357 1508 1413 reges
1532 1341 1704 1397 ltalici
1752 1344 2126 1413 susciperent,

535 1433 924 1510 Berengarium
983 1437 1438 1511 tamen‘nomine
1490 1436 1665 1491 solum
1716 1437 2124 1505 marchionem,

535 1537 803 1603 potestate
826 1544 954 1585 vero
987 1543 1186 1598 regem,
1221 1528 1341 1585 illos
1367 1528 1627 1585 vocabulo
1675 1544 1850 1599 reges,
1880 1540 2000 1584 actu
2031 1543 2128 1583 au-

540 1630 646 1676 tem
694 1635 873 1693 neque
914 1637 1013 1692 pro
1065 1620 1355 1677 comitibus
1416 1622 1704 1676 habebant.
1753 1621 1891 1689 Quid
1936 1620 2127 1691 plura?

536 1711 710 1770 Tanta
745 1714 846 1769 hac
883 1714 1190 1785 Bereugarii
1213 1713 1376 1779 fatua,
1399 1715 1756 1782 lmmanitate,
1784 1715 2122 1782 liberalitate,

2230 519 2570 578 conﬁrmant.

2298 675 2388 732 52.
2429 675 2601 748 Hujus
2642 676 2746 733 hoc
2782 676 2839 733 in
2880 685 3120 749 tempore
3145 693 3332 745 soror,
3358 679 3679 752 Berengarii
3708 679 3820 736 sci-

2228 770 2357 827 licet
2397 786 2537 826 uxor
2571 770 2758 839 Willa,
2784 786 2944 843 passa
2964 782 3048 829 est
3075 773 3277 829 crimen
3308 774 3521 830 incesti.
3547 774 3712 841 Quod
3741 773 3820 829 ita

2228 862 2512 931 accidisse,
2560 879 2668 920 non
2714 863 2887 920 solum
2939 865 3100 920 aulici
3125 865 3210 919 vel
3246 864 3579 931 cubicularii.
3618 880 3822 921 verum

2228 971 2463 1029 aucupes
2507 966 2563 1014 et
2609 957 2960 1030 cupedenarii
2984 958 3241 1013 clamant.
3273 957 3474 1021 Habuit
3503 972 3568 1013 ea
3589 956 3821 1030 presbi-

2231 1049 2459 1107 terulum
2508 1051 2870 1122 capellanum,
2920 1051 3139 1108 nomine
3182 1050 3539 1114 Dominicum,
3594 1059 3823 1106 statura

2226 1145 2468 1213 brevem,
2525 1144 2705 1200 colore
2752 1143 3086 1215 fuligineum,
3146 1143 3425 1209 rusticum,
3476 1144 3819 1214 seliget-um,

2227 1238 2514 1294 indocilem
2533 1279 2547 1306 ,
2580 1247 2848 1309 agrestem
2866 1279 2882 1305 ,
2908 1237 3197 1293 barbarum
3221 1275 3236 1303 ,
3277 1236 3505 1301 durum,
3533 1234 3819 1301 villosum,

2228 1331 2520 1395 cauditum,
2570 1330 2865 1402 petulcum,
2908 1331 3180 1397 insanum,
3226 1327 3819 1398 rebellem,iniquum;

2227 1422 2379 1493 cujus
2408 1422 2718 1494 magisterio
2756 1424 2891 1477 duas
2917 1421 3078 1477 Willa
3113 1420 3586 1477 commendaverat
3628 1430 3818 1486 natas,

2226 1516 2428 1574 Gislam
2460 1516 2666 1573 scilicet
2702 1524 2865 1586 atque
2902 1513 3243 1587 Girbergam,
3289 1521 3349 1567 ut
3373 1528 3472 1568 eas
3503 1511 3820 1567 litterarum

2227 1609 2454 1665 scicntia
2485 1617 2751 1680 epotaret.
2785 1607 3083 1664 Occasione
3107 1607 3288 1676 itaque
3313 1604 3615 1677 puellarum
3637 1644 3655 1669 ,
3680 1617 3820 1674 quas

2226 1704 2508 1774 presbyter
2542 1700 2872 1764 Dominicus,
2902 1699 3165 1764 hirsutus,
3194 1697 3414 1761 inlotus,
3442 1697 3624 1751 facere
3654 1694 3819 1750 doce-

532 1813 791 1874 parentes
832 1804 936 1859 mei
981 1804 1160 1868 acciti,
1206 1804 1255 1859 ei
1285 1818 1369 1859 me
1397 1805 1463 1859 ad
1494 1804 1833 1860 serviendum
1880 1805 2116 1859 tradunt.
2152 1812 2197 1872 Β
2226 1794 2339 1859 bal,
2366 1802 2541 1849 male?
2566 1794 2615 1849 εί
2643 1794 3031 1866 amputaverat
3078 1792 3168 1860 ων
3217 1791 3463 1846 "umens
3516 1789 3819 1844 άθιίεωυω

533 1891 631 1950 Cui
660 1904 715 1951 et
762 1894 1021 1951 inmensis
1068 1895 1265 1950 oblatis
1286 1895 1721 1958 mmuneribus.
1787 1907 2122 1952 secretorum

532 1982 651 2053 ejus
665 1985 942 2041 conscium
961 2001 1023 2039 ac
1036 1984 1386 2055 epistularum
1413 1986 1745 2041 constituunt
1770 1987 2119 2056 signatorem.

532 2074 633 2133 Cui
678 2090 803 2131 cum
857 2074 1093 2130 ﬁdeliter
1139 2074 1299 2148 longo
1330 2084 1573 2149 tempore
1613 2077 1964 2144 deservirem,
1996 2078 2120 2143 hac,

532 2182 689 2237 quam
734 2177 1126 2240 prosecuturus
1149 2166 1218 2200 “7
1244 2185 1362 2226 smn
1391 2169 1503 2225 suis
1535 2170 1586 2224 in
1616 2169 1768 2231 locis,
1808 2183 1905 2239 pro
1930 2169 2115 2225 dolor!

531 2262 784 2316 mercede
828 2262 1069 2316 donavit.
1123 2260 1321 2317 Verum
1354 2263 1467 2318 Ι.ωο
1508 2263 1793 2317 retributio
1840 2278 1999 2333 pume
2038 2278 2122 2319 me

537 2353 605 2409 ad
634 2357 1068 2425 deSperatiouem
1097 2371 1265 2426 usque
1292 2358 1655 2427 pertraheret,
1692 2357 1736 2412 si
1775 2358 1826 2411 iu
1861 2371 1917 2411 re
1940 2359 2123 2411 consi-

532 2445 645 2503 mili
670 2448 943 2502 consotios
967 2447 1227 2519 plurimos
1265 2464 1366 2501 non
1399 2449 1708 2502 excuderet.
1739 2446 1810 2501 De
1848 2448 1950 2501 isto
1974 2446 2118 2501 enim

530 2538 756 2612 pulchre
786 2541 988 2605 dictum
1014 2539 1311 2609 accipimus
1337 2556 1349 2594 :
1378 2538 1571 2594 Penuw
1593 2540 1892 2595 strttctiouis
1922 2540 2118 2597 similes

528 2642 647 2685 sunt
678 2637 861 2700 pennis
886 2632 1105 2700 accipitr
1126 2647 1151 2684 s
1184 2644 1228 2684 et
1270 2631 1493 2685 Iter-odii.
1519 2630 1648 2686 Cum
1674 2641 1876 2703 tempus
1899 2634 2113 2687 advene-

529 2725 619 2791 rit,
671 2742 725 2779 tn
768 2725 934 2779 ultum
967 2725 1079 2778 alus
1101 2726 1272 2796 erigit,
1309 2726 1503 2779 deridet
1536 2728 1775 2799 (equitem
1801 2736 1846 2780 et
1875 2743 2118 2782 ascenso-

534 2831 642 2869 rem
680 2816 794 2886 ejus
841 2815 963 2887 μου
1030 2831 1220 2878 xxxix,
1252 2816 1355 2888 15).
1386 2816 1482 2871 llic
1532 2820 1709 2885 enim,
1740 2820 2120 2890 superstitibus

530 2908 759 2979 llugotte
790 2924 844 2967 et
889 2912 1172 2978 Luthario,
1208 2927 1434 2984 magnus
1458 2927 1727 2983 voraxque
1753 2915 1977 2979 strutio,
2010 2930 2119 2972 non

532 3005 704 3058 bonus
724 3010 817 3060 scd
848 3007 993 3061 bono
1022 3008 1215 3063 similis
1240 3017 1325 3062 est
1347 3008 1512 3063 visus.
1544 3008 1635 3063 Eis
1661 3019 1841 3064 autem
1856 3011 2116 3067 deceden-

2221 1889 2401 1945 cibum
2428 1896 2713 1959 vestesque
2741 1888 3048 1958 praeciosas.
3072 1884 3255 1940 Mirari
3282 1899 3494 1951 omnes,
3530 1898 3636 1939 cur
3683 1897 3820 1938 cun-

2222 1983 2323 2038 ctis
2374 1982 2567 2046 invisa,
2622 1982 2851 2051 ingrata,
2912 1988 3095 2045 tenax,
3144 1978 3270 2033 huic
3328 1977 3593 2031 existeret
3638 1976 3815 2046 larga.

2223 2074 2502 2131 Sententia
2535 2085 2715 2130 tamen
2740 2072 3018 2138 Veritatis,
3058 2087 3179 2143 qua:
3204 2070 3282 2126 ait
3314 2088 3328 2125 :
3360 2066 3548 2125 Nichil
3574 2082 3817 2139 opertum

2220 2168 2358 2239 quod
2385 2183 2487 2220 non
2531 2164 2801 2231 reveletur,
2843 2175 2890 2220 et
2924 2163 3152 2219 ccultum
3175 2163 3316 2234 quod
3343 2160 3522 2216 nonin
3542 2159 3816 2230 publica

2221 2261 2389 2315 veniat
2420 2257 2631 2331 (Matth.
2669 2274 2723 2325 ιι,
2752 2256 2866 2328 26),
2888 2256 2977 2311 diu
3010 2255 3196 2310 mirari
3235 2255 3483 2310 homines
3506 2268 3672 2323 passa
3709 2266 3812 2307 non

2219 2360 2318 2406 est.
2366 2348 2500 2404 Nam
2547 2365 2668 2405 cum
2712 2359 2871 2403 nocte
2912 2349 3166 2418 quadam,
3207 2345 3537 2415 Bereugario
3563 2345 3812 2407 absente,

2220 2449 2285 2503 ad
2310 2446 2487 2502 cubile
2512 2447 2837 2501 dominicum
2862 2461 3012 2500 more
3044 2444 3203 2500 solito
3230 2444 3475 2498 hirsutus
3501 2441 3681 2495 isdem
3704 2437 3814 2492 vel-

2218 2541 2294 2598 let
2316 2542 2594 2608 accedere,
2623 2543 2774 2597 canis
2798 2543 2956 2597 isthic
2979 2543 3183 2605 aderat,
3204 2540 3294 2610 qui
3321 2538 3520 2592 latratu
3547 2533 3801 2590 horribili

2219 2634 2667 2704 circumjaceules
2704 2635 2931 2690 exitavit
2975 2633 3067 2699 ιω,
3120 2633 3369 2702 huncque
3419 2644 3610 2684 morsu
3642 2632 3802 2680 velte-

2219 2732 2393 2789 menti
2438 2730 2679 2785 laniavit.
2731 2729 3128 2799 Cousurgeutes
3162 2727 3392 2796 denique
3418 2725 3513 2794 qui
3548 2725 3603 2776 in
3651 2722 3811 2775 domo

2217 2832 2396 2894 erant,
2419 2838 2539 2879 cum
2566 2838 2688 2879 eum
2718 2822 3275 2893 comprzehendcrent.
3315 2828 3391 2884 et,
3418 2831 3529 2886 quo
3566 2816 3693 2873 iret,
3728 2812 3807 2867 iu-

2219 2927 2557 2988 terrogareut
2615 2916 3007 2988 apologeticum
3039 2914 3179 2969 istud
3211 2911 3559 2981 anticipando
3593 2907 3809 2962 domina

2217 3011 2365 3066 dedit
2400 3028 2412 3064 :
2450 3008 2532 3063 Ad
2580 3007 2822 3063 mulieres
2849 2996 3053 3062 nostras
3099 3004 3204 3059 ibat
3247 3000 3520 3074 perditus!
3574 2999 3809 3069 Sperans

532 3096 697 3162 tibus,
734 3109 788 3151 et
814 3102 881 3154 ad
935 3100 1082 3171 regni
1112 3097 1322 3171 fastigia
1366 3101 1621 3157 omnibus
1650 3104 2110 3172 promoventibus,
2139 3122 2185 3185 ρ
2216 3098 2400 3174 itaque
2426 3101 2818 3174 presbitcrulus
2859 3099 2961 3155 sibi
2999 3099 3171 3154 leuius
3198 3096 3333 3160 fore,
3365 3096 3410 3150 si
3436 3102 3652 3149 teneret
3688 3108 3811 3147 sen-

528 3203 793 3261 quautum
827 3196 941 3244 alas
963 3192 1220 3258 erexerit,
1253 3202 1623 3265 quantumque
1648 3207 1747 3248 nos
1768 3208 1957 3248 omnes
1988 3195 2115 3250 irri-

526 3281 680 3344 serit,
726 3299 830 3338 non
881 3292 988 3337 tam
1035 3284 1213 3337 verbis
1263 3298 1425 3355 quam
1463 3285 1713 3357 suspiriis
1741 3300 1803 3341 ac
1826 3287 2117 3359 gemitibus

534 3386 717 3427 narro.
767 3373 873 3429 Sed
910 3372 997 3429 bis
1043 3374 1281 3440 omissis,
1311 3376 1378 3430 ad
1422 3377 1679 3432 narrandi
1710 3379 1908 3434 seriem
1930 3380 2117 3437 redea-

530 3478 669 3518 111118.

596 3554 685 3609 51.
727 3552 840 3609 lie:
866 3555 1021 3628 Hugo
1044 3573 1164 3614 cum
1192 3558 1429 3614 divinam
1460 3562 1989 3620 animadversionem
2017 3566 2113 3622 de-

524 3644 730 3701 clinare
758 3663 822 3703 ac
876 3647 1202 3722 Bereugario
1255 3669 1486 3723 prmessc
1514 3670 1622 3709 non
1682 3666 1882 3727 posset,
1928 3659 2117 3716 relicto

524 3737 786 3795 Luthario
819 3752 895 3809 et,
932 3742 1181 3797 simulata
1222 3761 1374 3815 pace,
1402 3745 1711 3818 Berengarii
1737 3749 1858 3805 ﬁdei
1892 3752 2112 3818 tradito,

523 3828 579 3886 in
625 3829 970 3889 Provinciam
1009 3836 1154 3890 oumi
1200 3852 1323 3892 cum
1369 3839 1595 3909 pecunia
1630 3843 1939 3913 properavit
1995 3844 2113 3911 Quo

529 3922 715 3977 audito
750 3920 1090 3980 Raimundus
1104 3926 1531 3997 Aquetaniorum
1554 3933 1806 4003 princeps
1824 3950 1946 3989 eum
1961 3936 2113 4003 adiit,

523 4014 613 4070 cui
638 4014 709 4048 ⁸⁸⁸
737 4025 794 4070 et
824 4033 924 4089 pro
949 4020 1107 4074 minis
1136 4021 1281 4077 inille
1303 4038 1362 4078 se
1394 4024 1446 4078 in
1474 4024 1698 4081 militem
1728 4026 1900 4093 dedit,
1929 4026 2115 4082 ﬁdem-

521 4117 628 4175 que
662 4106 763 4161 sibi
812 4119 1152 4164 servaturum
1198 4110 1509 4180 jurameuto
1557 4116 1878 4172 adﬁrmavit.
1929 4115 2033 4173 Sed
2061 4125 2129 4173 ets

523 4200 872 4271 congregatis
899 4203 1070 4273 copiis
1104 4203 1314 4261 Italiam
1347 4207 1717 4279 ingressurum
1755 4226 1818 4266 ac
1847 4211 2116 4283 BCI'Cttgtt-

522 4291 661 4347 rium
712 4293 1102 4351 debellaturum
1130 4295 1202 4329 ‘°’
1228 4314 1349 4355 esse
1387 4301 1670 4370 promisit;
1722 4304 1866 4374 quod
1912 4315 2114 4377 quanto

520 4398 620 4439 nus
640 4398 832 4441 omnes
857 4388 1138 4460 cachynno
1163 4390 1425 4458 allecerit,
1457 4393 1635 4465 gentis
1665 4396 1905 4467 ejusdem
1931 4398 2113 4455 vilitas

2222 3196 2458 3253 tcnciam
2488 3194 2717 3249 dominae
2747 3211 2760 3247 :
2791 3192 2878 3248 Ita
2926 3203 3021 3260 est,
3058 3192 3289 3262 inquam.
3322 3188 3478 3258 Cepit
3509 3188 3697 3257 itaque
3717 3186 3813 3239 do-

2222 3292 2366 3347 mina
2400 3290 2523 3345 vitae
2547 3287 2665 3358 ejus
2692 3289 2957 3352 insidiari,
2976 3286 3365 3357 praemiumque
3392 3281 3742 3354 promittere,
3764 3278 3808 3334 si

2220 3381 2558 3452 csset,quiei
2585 3381 2751 3435 vitam
2781 3378 3037 3434 auferret.
3068 3376 3176 3433 Sed
3204 3393 3326 3432 cum
3354 3375 3615 3430 timerent
3644 3373 3808 3427 Deum

2219 3493 2428 3545 omnes,
2459 3485 2516 3533 et
2554 3491 2702 3531 mors
2734 3474 2851 3545 ejus
2884 3471 3210 3537 diﬂ’erretur,
3240 3469 3483 3540 pervenit
3514 3468 3582 3523 ad
3610 3466 3808 3521 Berea-

2220 3554 2427 3643 garium
2456 3584 2657 3625 sermo.
2685 3566 2846 3623 Willa
2873 3581 3002 3622 vero
3028 3564 3169 3636 cepit
3192 3562 3468 3633 aruspices
3500 3558 3807 3615 maleﬁcos-

2218 3678 2324 3732 que
2387 3662 2681 3733 inquirere,
2746 3674 2852 3728 quo
2894 3668 3087 3711 ’eorum
3135 3653 3468 3709 carminibus
3498 3650 3804 3722 iuvaretur.

2218 3756 2412 3813 Utrum
2451 3764 2634 3811 autem
2684 3754 2876 3809 horum
2922 3747 3253 3806 carminibus
3285 3761 3352 3801 an
3387 3744 3706 3816 Bercngarii
3737 3741 3807 3798 sit

2218 3850 2400 3922 adjuta
2431 3847 2664 3903 mollicie
2685 3887 2699 3914 ,
2726 3845 2860 3900 adeo
2887 3857 3040 3899 mens
3066 3839 3182 3910 ejus
3216 3845 3301 3893 est
3330 3835 3618 3902 inclinata,
3645 3844 3706 3889 ut

2339 4005 2526 4069 Sponte
2550 3995 2757 4053 maritali
2780 3999 3059 4064 porrigeret
3080 4008 3166 4048 ora
3190 3994 3402 4059 capistro
3425 3990 3590 4055 (uti).

2213 4188 2612 4251 Presbiterulns
2654 4187 2863 4257 itaque,
2894 4184 3019 4255 quia
3051 4182 3281 4239 domina:
3307 4178 3586 4236 asseculas
3614 4175 3805 4231 adhin.

2214 4284 2368 4352 nivit,
2400 4282 2645 4338 virilibus
2680 4278 2973 4350 amputatis
3009 4275 3327 4341 dimittitur;
3366 4271 3591 4326 domina
3620 4283 3754 4323 vero
3776 4283 3805 4322 τι

2213 4372 2542 4444 Bcrcngario
2571 4369 2740 4440 magis
2765 4368 3024 4440 diligitur.
3045 4367 3306 4421 Dixerunt
3328 4371 3536 4425 autem,
3567 4360 3662 4431 qui
3683 4373 3803 4413 eum

518 4475 697 4549 palam
736 4477 886 4544 facit,
914 4453 1034 4550 qua:
1063 4482 1166 4536 etsi
1227 4453 1486 4554 praesidio
1510 4500 1632 4542 esse
1653 4453 1853 4557 posset,
1882 4490 1948 4544 ad
1983 4453 2112 4545 effe;
2141 4503 2189 4563 ι)
2216 4465 2733 4527 eunuchizavcruut,
2762 4460 2905 4532 quod
2934 4458 3126 4515 merito
3149 4456 3294 4511 illum
3318 4453 3541 4510 domina
3572 4459 3804 4517 amaret,

520 4576 664 4622 ctum
686 4579 866 4624 tamen
889 4571 1303 4644 haudquaquam
1328 4575 1673 4643 perduceret,
1703 4581 1957 4649 quoniam
1986 4581 2101 4650 qui-

518 4655 662 4723 dem,
686 4668 911 4715 vocante
935 4660 1183 4732 Domino,
1217 4665 1363 4720 brevi
1397 4682 1489 4722 rex
1520 4665 1673 4740 Hugo
1698 4671 1840 4724 viam
1871 4679 1953 4726 cst
1984 4686 2106 4726 car-

518 4748 606 4806 nis
653 4752 915 4807 universae
961 4754 1237 4824 ingressus
1262 4755 1330 4788 διο
1370 4757 1481 4829 (an.
1523 4757 1649 4826 9.57,
1689 4761 1905 4833 April.),
1929 4761 2106 4819 Bertze

518 4844 665 4913 hepli
694 4860 826 4910 sua),
851 4845 1077 4901 Bosouis
1108 4847 1444 4904 Arelatensis
1469 4852 1686 4907 comitis
1712 4854 1910 4919 vidum,
1938 4870 2105 4924 pecu-

518 4935 610 4996 nia
633 4937 910 4993 derelicta.
938 4938 1108 5002 Quam
1135 4940 1297 4995 etiam
1327 4940 1475 4996 brevi
1508 4944 1684 5002 snatio
1713 4943 2103 5002 intercedente.

2217 4578 2377 4636 quem
2416 4559 2653 4631 priapeia
2682 4566 2899 4628 portare
2930 4570 3080 4608 arma
3107 4558 3405 4608 constaret.

2285 4673 2374 4727 ‘53.
2415 4669 2519 4725 Per
2540 4668 2589 4723 id
2611 4678 2822 4738 tempus
2844 4664 3025 4726 Taxis,
3048 4660 3442 4733 lluugariormn
3459 4671 3582 4723 rex,
3607 4669 3804 4727 magno

2212 4782 2336 4822 cum
2363 4763 2602 4820 exercitu
2638 4761 2690 4816 iu
2736 4759 2944 4816 Italiam
2985 4758 3152 4811 venit.
3182 4752 3278 4810 Cui
3308 4752 3675 4822 Berengurius
3700 4764 3800 4804 non

2210 4873 2274 4912 ex
2309 4855 2520 4928 propria
2551 4853 2802 4926 pecunia,
2832 4851 2924 4907 sed
2947 4866 3015 4906 ex
3059 4847 3376 4903 eclesiarum
3409 4858 3474 4898 ac
3504 4857 3801 4914 pauperum

2213 4943 2533 4999 collectione
2554 4940 2617 4995 lO
2642 4940 2852 4994 modios
2869 4950 3210 4992 mtmmorum
3236 4932 3406 4986 dedit.
3436 4930 3595 4985 Fecit
3622 4938 3802 4983 autem
