4012 5340
521 184 628 246 895

1505 194 1926 254 LIUTPRANDI
1966 186 2448 251 CllEMONENSIS
2486 194 2795 254 EPISCOPI

519 282 683 376 polim
711 303 990 369 venimus:
1037 307 1131 365 ubi
1164 322 1328 380 quam
1369 309 1614 368 inaudito
1643 312 1890 386 miroque
1933 312 2104 370 simus
2130 314 2183 377 Α
2206 300 2394 383 verna,
2425 316 2695 388 mancipia
2718 317 2755 373 4
2782 317 3124 387 carzimasia,
3164 314 3479 392 imperatori
3504 318 3799 386 nominatis

518 398 681 456 modo
703 400 926 472 recepti,
958 403 1201 459 scribere
1230 420 1338 462 non
1364 405 1588 478 pigebit.

588 492 643 549 5.
684 492 783 550 Est
814 494 1341 568 Constantinopolim
1371 499 1565 556 domus
1598 499 1799 571 palatio
1828 501 2101 573 contigua,

518 585 671 642 mirae
696 588 1084 660 magnitudinis
1107 605 1201 647 seu
1224 591 1667 662 pulchritudinis,
1700 609 1822 665 quae
1847 609 1877 648 a
1912 595 2105 654 Grecis

515 675 811 748 pervloco
858 677 1147 750 digamma}
1174 681 1405 753 positam
1445 681 1764 751 Magnaura,
1789 684 1943 754 quasi
1988 701 2105 742 ma-

517 783 621 840 gna
642 784 774 825 aura
805 769 1023 827 dicitur.
1053 770 1206 827 Hanc
1233 772 1416 846 itaque
1440 773 1853 842 Constantinus,
1885 792 2008 833 cum
2031 778 2102 835 ob

519 860 878 934 Hispanorum
922 865 1163 931 nuntios,
1191 865 1285 937 qui
1326 875 1451 924 tunc
1481 882 1548 924 eo
1578 868 1792 925 noviter
1819 880 2099 937 venerant,

518 962 630 1011 tum
658 955 731 1012 ob
754 971 842 1013 me
858 965 915 1014 et
952 957 1320 1017 Liutel'redum
1348 963 1452 1019 hoc
1485 964 1645 1020 modo
1676 966 1968 1037 praeparari
1985 964 2100 1036 jus-

514 1047 606 1104 sit.
639 1036 797 1105 Erea
837 1051 932 1107 sed
980 1050 1241 1109 deaurata
1273 1056 1520 1127 qumdam
1566 1036 1730 1113 arbor
1767 1067 1893 1116 ante
1933 1060 2102 1131 impe-

512 1142 715 1198 ratoris
761 1142 930 1199 sedile
972 1145 1173 1210 stabat,
1219 1147 1374 1218 cujus
1401 1164 1582 1205 ramos
1625 1149 1810 1206 itidem
1838 1167 1992 1208 aerea:
2019 1154 2103 1210 di-

510 1234 652 1289 versi
680 1236 895 1306 generis
924 1237 1309 1309 deauratzeque
1353 1256 1482 1297 aves
1524 1242 1828 1313 replebant,
1856 1260 1977 1314 qua:
2014 1262 2101 1303 se-

511 1329 748 1385 cundum
777 1332 987 1403 species
1013 1346 1142 1388 suas
1181 1333 1519 1390 diversarum
1545 1336 1727 1391 avium
1757 1352 1919 1394 voces
1942 1340 2100 1395 emit-

426 1446 433 1449 τ
513 1419 716 1478 tebant.
740 1424 1089 1496 imperatoris
1115 1440 1247 1482 vero
1272 1427 1467 1484 solium
1496 1428 1801 1499 huiusmodi
1834 1440 1953 1486 erat
1982 1440 2100 1490 arte

512 1516 896 1587 comrtositum,
924 1526 982 1572 ut
1011 1517 1064 1573 in
1098 1528 1372 1574 momento
1395 1520 1618 1587 humile,
1640 1522 1874 1579 exelsius
1914 1525 2097 1593 modo,

510 1619 673 1676 quam
700 1621 825 1662 mox
860 1607 1138 1663 videretur
1181 1609 1440 1678 sublime;
1470 1613 1611 1682 quod
1634 1614 1772 1686 [sciL
1802 1615 1995 1690 sedile]
2022 1617 2099 1673 in-

2206 410 2457 466 omnibus
2483 412 2851 483 pmciosiora.
2897 411 3290 472 Canimasium
3316 423 3499 472 autem
3522 415 3683 474 Greci
3703 433 3800 476 vo-

2206 510 2331 556 cant
2353 504 2645 573 amputatis
2666 503 2915 573 virilibus
2940 514 2994 561 et
3021 506 3165 579 virga
3191 522 3419 579 puerum
3444 509 3796 581 eunuchum;

2204 595 2347 665 quod
2410 595 2791 654 Verdunenses
2852 596 3032 671 (“5)
3060 608 3395 657 mercatores
3450 601 3526 658 ob
3577 602 3798 660 inmen-

2205 699 2325 741 sum
2369 685 2580 742 lucrum
2636 686 2837 756 facere,
2875 697 2934 745 et
2978 689 3036 745 in
3085 688 3403 762 Hispaniam
3449 692 3661 753 dueere
3700 709 3798 753 su-

2205 775 2340 833 ient.

2274 868 2326 923 7.
2366 867 2461 927 His
2486 870 2559 926 ita
2597 872 2782 943 gestis,
2829 874 3133 947 imperator
3183 889 3271 931 me
3295 883 3420 948 post
3446 876 3689 934 triduum
3723 879 3801 938 ad

2200 962 2460 1035 palatium
2504 978 2702 1020 vocare
2743 968 3018 1039 praecepit,
3049 970 3379 1041 proprioque
3433 985 3653 1028 mecum
3696 987 3802 1031 ore

2200 1059 2436 1126 locutus,
2470 1060 2535 1116 ad
2558 1061 2869 1118 convivium
2889 1062 3161 1131 invitavit,
3192 1078 3498 1136 magnoque
3518 1072 3797 1135 posteon-

2199 1152 2405 1209 vivium
2463 1169 2553 1210 me
2618 1168 2877 1224 meosque
2930 1154 3202 1211 asseculas
3258 1167 3486 1210 munere
3546 1154 3795 1213 donavit.

2200 1241 2403 1299 Verum
2434 1243 2560 1316 quia
2590 1244 2847 1300 narrandi
2875 1259 2934 1301 se
2975 1244 3192 1301 occasio
3219 1243 3423 1312 intulit,
3470 1243 3654 1315 qualis
3676 1245 3799 1317 eius

2200 1334 2272 1389 sit
2325 1349 2534 1400 mensa,
2584 1332 2739 1390 festis
2784 1335 3051 1407 praecipue
3114 1334 3325 1401 diebus,
3382 1335 3685 1407 qualesque
3725 1336 3798 1393 ad

2200 1442 2440 1494 mensam
2488 1427 2599 1483 ludi
2630 1426 2995 1495 celebrentur,
3026 1427 3228 1484 bonum
3259 1441 3367 1484 non
3395 1427 3597 1498 opinor
3633 1428 3798 1487 silere

2198 1520 2291 1575 sed
2322 1519 2584 1576 scribere.

2268 1608 2321 1665 8.
2365 1610 2461 1667 Est
2489 1609 2851 1680 domusjuxta
2874 1610 3302 1683 Yppodromum,
3332 1609 3651 1681 aquilonem
3680 1625 3796 1667 ver-

509 1712 712 1756 mensa:
740 1700 1146 1772 magnitudinis,
1171 1703 1435 1760 incertum
1461 1713 1639 1761 utrum
1664 1708 1790 1763 aerei
1813 1724 1881 1763 an
1906 1709 2088 1783 lignei.

2195 1714 2308 1764 sus,
2354 1699 2507 1755 mirae
2542 1699 2844 1756 altitudinis
2897 1716 2990 1757 seu
3023 1700 3467 1771 pulchritudinis,
3518 1716 3647 1771 quae
3695 1700 3796 1756 De-

507 1803 698 1867 verum
752 1806 885 1847 auro
934 1792 1059 1848 tecti
1118 1792 1302 1851 leones
1348 1796 1502 1868 quasi
1548 1798 1949 1865 custodiebant,
2001 1801 2104 1872 qui,

508 1881 678 1938 cauda
715 1892 911 1939 terram
952 1886 1340 1956 percutientes,
1385 1899 1572 1957 aperto
1615 1904 1731 1954 ore,
1789 1889 2095 1963 linguisque

506 1972 795 2029 mobilibus
825 1975 1060 2045 rugitum
1084 1976 1405 2033 emittebant
1430 1979 1524 2032 δ”.
1549 1977 1606 2033 1η
1638 1979 1741 2035 hac
1771 1980 1936 2050 igitur
1960 1983 2094 2037 duo-

505 2078 627 2118 rum
663 2066 1035 2122 cunuchorum
1063 2066 1664 2139 bumerisincumbens,
1704 2081 1828 2128 ante
1860 2061 2095 2143 impera-

505 2158 641 2214 teris
669 2161 1011 2229 praesentiam
1036 2176 1157 2217 sum
1185 2161 1467 2219 deductus.
1500 2162 1744 2233 Cumque
1775 2165 1829 2218 in
1858 2165 2093 2223 adventu

502 2261 625 2301 meo
675 2247 907 2317 rugitum
953 2248 1138 2306 leones
1206 2250 1535 2318 emitterent,
1608 2267 1736 2308 aves
1794 2254 2092 2310 secundum

502 2343 712 2413 species
749 2359 875 2402 suas
904 2354 1324 2418 perstreperent,
1365 2347 1513 2403 nullo
1538 2363 1657 2404 sum
1687 2357 1916 2413 terrore,
1948 2345 2093 2404 nulla

500 2437 861 2496 admiratione
916 2451 1243 2509 commotus,
1290 2442 1545 2513 quoniam
1597 2442 1816 2513 quidem
1882 2455 1949 2495 ex
2005 2440 2090 2496 his

499 2528 753 2585 omnibus
783 2545 879 2587 eos
902 2533 994 2601 qui
1032 2534 1170 2590 bene
1197 2545 1461 2591 noverant
1486 2533 1694 2589 fueram
1719 2540 2086 2603 percontatus.

501 2618 693 2676 Tercio
730 2622 914 2692 itaque
959 2639 1163 2695 pronus
1213 2627 1596 2696 imperatorem
1638 2626 1893 2691 adorans,
1926 2630 2092 2694 caput

497 2712 715 2777 sustuli,
762 2724 818 2769 et
848 2729 1007 2785 quem
1056 2717 1210 2787 prius
1259 2719 1539 2774 moderata
1588 2731 1843 2772 mensura
1874 2731 1904 2771 a
1940 2727 2087 2771 terra

412 2846 419 2847 κ
498 2804 770 2862 elevatum
821 2809 1011 2864 sedere
1051 2809 1180 2874 vidi,
1222 2825 1348 2865 mox
1379 2810 1500 2865 aliis
1554 2809 1809 2865 indutum’
1845 2810 2087 2866 vestibus

497 2909 685 2968 panes
710 2897 904 2953 domus
936 2897 1160 2969 laquear
1186 2898 1376 2956 sedere
1422 2900 1708 2971 prospexi;
1739 2899 1883 2969 quod
1913 2899 2087 2970 quali-

497 2995 581 3044 ter
608 2986 782 3055 tieret,
814 2989 1057 3065 cogitare
1085 3005 1190 3047 non
1239 2990 1409 3061 potui,
1455 2990 1556 3045 nisi
1589 2989 1728 3045 forte
1756 3004 1822 3046 eo
1851 2989 1923 3045 sit
1950 2988 2081 3045 sub-

2199 1790 2590 1847 cannéacubita
2620 1800 2868 1859 vocatur,
2892 1791 3036 1861 quod
3060 1806 3256 1848 nomen
3279 1808 3385 1847 non
3416 1791 3489 1847 ab
3517 1808 3579 1848 re
3600 1792 3699 1849 sed
3726 1807 3793 1848 ex

2198 1880 2586 1951 apparentibus
2636 1880 2816 1936 causis
2862 1879 3054 1936 sortita
3085 1890 3204 1947 est;
3242 1880 3377 1936 deca
3423 1881 3576 1937 enim
3613 1897 3791 1953 greee,

2199 1972 2364 2027 latine
2394 1971 2480 2038 lt),
2517 1987 2689 2028 ennea
2721 1972 2776 2039 9,
2811 1970 2990 2027 cubita
3044 1980 3223 2028 autem
3276 1987 3309 2027 a
3355 1973 3610 2029 cubando
3645 1974 3791 2030 incli-

2196 2075 2323 2120 nata
2367 2064 2449 2120 vel
2481 2074 2705 2120 curvata
2732 2080 3019 2137 possumus
3062 2065 3261 2120 dicere.
3295 2064 3411 2122 Hoc
3439 2074 3626 2121 autem
3649 2066 3787 2136 ideo,

2195 2159 2449 2226 quoniam
2472 2157 2689 2231 quidem
2712 2157 2779 2212 10
2798 2165 2854 2212 et
2879 2156 2913 2212 9
2937 2171 3136 2212 mensa:
3165 2156 3218 2211 in
3242 2171 3306 2211 ea
3336 2172 3468 2231 qua:
3486 2159 3786 2216 secundum

2194 2265 2415 2307 carnem
2444 2226 2526 2305 est
2564 2226 2767 2305 domini
2796 2247 2969 2303 nostri
2995 2247 3122 2304 Iesu
3145 2226 3673 2306 Christi'nativitate
3697 2265 3788 2322 op-

2192 2349 2487 2414 ponuntur.
2534 2339 2591 2395 In
2642 2341 2839 2412 quibus
2876 2339 3171 2410 imperator
3214 2340 3421 2411 pariter
3471 2349 3531 2396 et
3552 2341 3786 2397 conviva

2194 2450 2302 2491 non
2348 2434 2607 2499 sedendo,
2656 2443 2717 2488 ut
2764 2432 2981 2489 caeteris
3024 2432 3236 2498 diebus,
3292 2432 3387 2487 sed
3421 2432 3785 2489 recumbendo

2192 2526 2510 2595 epulantur;
2539 2524 2736 2596 quibus
2766 2524 2819 2578 in
2851 2521 3040 2579 diebus
3074 2536 3181 2577 non
3225 2522 3524 2593 argenteis,
3569 2522 3666 2578 sed
3696 2539 3785 2578 au-

2190 2619 2302 2674 reis
2362 2626 2571 2672 tantum
2599 2616 2744 2672 vasis
2799 2615 3162 2672 ministratur.
3207 2613 3340 2670 Post
3376 2615 3565 2670 cibum
3608 2626 3783 2672 autem

2172 2709 2370 2775 aureis
2396 2709 2542 2764 vasis
2563 2708 2734 2763 tribus
2763 2717 2890 2764 sunt
2908 2720 3068 2778 poma
3099 2704 3312 2773 delata;
3342 2721 3466 2777 qua:
3485 2707 3559 2763 ob
3582 2708 3785 2764 inmen-

2190 2818 2309 2858 sum
2362 2803 2572 2873 pondus
2620 2800 3051 2881 non‘ltominum
3084 2798 3356 2867 manibus,
3392 2801 3491 2855 sed
3544 2815 3779 2872 purpura

2192 2894 2351 2950 tectis
2391 2891 2655 2948 vehiculis
2682 2901 2810 2947 sunt
2832 2886 3016 2946 allata.
3062 2891 3427 2962 Apponuntur
3461 2901 3653 2948 autem
3684 2894 3780 2949 duo

2189 2992 2293 3047 hoc
2322 2992 2375 3047 in
2408 3004 2648 3046 mensam
2702 2972 2883 3045 modo.
2911 2987 3016 3043 Per
3041 2986 3309 3043 foramina
3356 2989 3638 3060 laquearis
3677 2998 3780 3046 tres

493 3086 685 3134 vectus
718 3079 949 3150 argalio,
975 3078 1123 3151 (144)
1152 3095 1261 3151 quo
1307 3079 1658 3136 torcularium
1683 3081 1908 3137 arbores
1953 3080 2085 3136 sub-
2112 3074 2157 3136 C
2189 3091 2316 3138 sunt
2342 3081 2498 3137 funes
2529 3079 2757 3151 pellibus
2781 3078 3058 3134 deauratis
3090 3078 3220 3134 tecti
3249 3094 3374 3134 cum
3408 3079 3589 3134 anulis
3618 3079 3778 3151 depo-

492 3167 784 3224 vehuntur.
822 3166 929 3224 Per
948 3184 1008 3225 se
1030 3179 1208 3227 autem
1225 3180 1353 3226 tunc
1379 3169 1514 3225 nihil
1550 3170 1783 3235 locutus,
1805 3171 2085 3240 quoniam,

492 3267 550 3315 et
576 3259 621 3315 si
652 3259 832 3328 vellet,
867 3259 1214 3334 intercapedo
1243 3262 1480 3317 maxima
1509 3263 1826 3319 indecorum
1854 3258 2084 3332 faceret,

493 3351 561 3409 de
587 3354 695 3408 vita
735 3355 1045 3428 Berengarii
1087 3366 1143 3413 et
1193 3358 1455 3430 sospitate
1481 3375 1578 3429 per
1625 3359 1955 3431 logothetam
2001 3367 2088 3418 est

490 3458 863 3518 percontatus.
916 3450 1014 3506 Cui
1062 3467 1184 3507 cum
1217 3465 1613 3523 consequenter
1661 3456 2083 3526 respondissem,

491 3537 806 3611 interpraete
831 3558 951 3598 sum
980 3543 1235 3602 innuente
1261 3560 1533 3616 egressus,
1558 3547 1693 3603 etin
1727 3549 1912 3603 datum
1948 3549 2082 3605 mihi

489 3632 785 3706 hospitium
825 3652 947 3691 mox
978 3647 1247 3709 receptus.

562 3725 616 3780 6.
659 3724 765 3781 Sed
795 3740 895 3781 nec
941 3728 1044 3784 hoc
1073 3729 1256 3800 pigeat
1297 3745 1622 3799 memorare,
1654 3733 1783 3804 quid
1814 3741 1945 3790 tunc
1982 3750 2083 3806 pro

488 3815 820 3892 Berengario
854 3820 1080 3891 egerim,
1132 3823 1344 3878 scilicet
1389 3833 1447 3879 ut
1489 3836 1838 3896 agnoscatur,
1876 3837 2080 3898 quanta

487 3904 635 3963 hunc
663 3908 892 3964 caritate
924 3910 1229 3979 dilexerim,
1267 3922 1323 3969 et
1349 3914 1652 3984 cuiusmodi
1677 3917 1744 3971 ab
1779 3932 1844 3973 eo
1887 3934 2082 3974 recon-

488 4000 862 4068 pensationem
891 4016 989 4073 pro
1009 4002 1144 4057 bene
1175 4006 1343 4074 gestis
1363 4007 1688 4076 acceperim.
1716 4009 2078 4079 Hispanorum

487 4091 665 4147 nuntii
692 4101 747 4147 et
783 4095 1092 4150 nominatus
1122 4095 1484 4164 Liutel’redus,
1511 4099 1715 4155 domini
1747 4102 1918 4156 nostri
1952 4112 2079 4158 tunc

488 4184 633 4255 regis
687 4182 899 4242 Ottonis
947 4189 1190 4253 nuntius,
1245 4204 1439 4259 magna
1495 4205 1563 4245 ex
1604 4207 1791 4246 eorum
1843 4192 2077 4251 dominis

485 4286 663 4350 parte,
696 4295 919 4337 munera
967 4282 1286 4354 imperatori
1339 4283 1697 4343 Constantino
1745 4288 2072 4345 detulerant.

485 4369 600 4442 Ego
639 4386 770 4427 vero
817 4371 1130 4445 Berengarii
1168 4390 1235 4431 ex
1268 4386 1423 4447 parte
1470 4378 1605 4432 nihil
1643 4389 1838 4449 praeter
1875 4380 2073 4450 episto-

2188 3174 2279 3231 siti
2341 3174 2541 3238 aureis,
2583 3173 2677 3244 qui
2730 3171 2879 3228 ansis
2924 3186 3045 3241 quae
3093 3170 3148 3225 in
3208 3170 3436 3226 scutulis
3473 3172 3780 3240 prominent

2186 3269 2368 3341 positi,
2395 3265 2776 3339 adjuvantibus
2818 3263 3045 3319 inferius
3066 3272 3323 3333 quattuor
3341 3270 3435 3318 aut
3463 3277 3533 3318 eo
3556 3262 3779 3335 amplis

2187 3360 2516 3424 hominibus,
2565 3373 2664 3428 per
2705 3354 2953 3411 vertibile
3004 3355 3147 3425 quod
3192 3369 3355 3425 supra
3391 3353 3650 3425 laqueum
3700 3362 3779 3410 cst

2186 3450 2449 3521 ergalium
2498 3449 2550 3503 in
2580 3462 2821 3503 mensam
2855 3445 3258 3511 subvehuntur;
3290 3444 3601 3514 eodemque
3628 3448 3778 3500 modo

2186 3545 2533 3615 depununtur
2560 3541 2652 3595 δίο.
2677 3539 2857 3595 Ludos
2899 3538 3154 3609 denique,
3205 3553 3344 3608 quos
3373 3537 3452 3593 ibi
3490 3553 3780 3609 perspexe-

2186 3638 2311 3705 rim,
2342 3635 2467 3706 quia
2520 3635 2682 3690 nimis
2719 3633 2937 3704 longum
2967 3641 3052 3688 est
3088 3632 3351 3697 scribere,
3403 3632 3774 3699 praetermitti;

2183 3745 2352 3784 unum
2381 3725 2718 3783 solummodo
2744 3725 2812 3780 ob
2833 3723 3243 3780 admirationem
3273 3722 3364 3777 hic
3393 3722 3649 3778 inserere
3676 3739 3777 3780 non

2182 3821 2406 3893 pigebit.

2254 3912 2307 3967 9.
2347 3910 2510 3966 Venit
2536 3909 2780 3981 quidam,
2812 3908 2884 3963 24
2924 3915 2980 3964 et
3007 3922 3074 3964 eo
3111 3905 3345 3978 amplius
3371 3906 3580 3977 pedum
3610 3905 3778 3979 longi-

2182 4003 2385 4059 tudinis
2418 4001 2622 4072 lignum
2668 4001 2789 4055 sine
2820 4014 3075 4055 manuum
3111 3997 3480 4053 amminiculis
3519 3998 3578 4053 in
3608 3997 3777 4055 fronte

2180 4109 2394 4166 gerens,
2439 4092 2582 4162 quod
2614 4091 2796 4147 cubito
2844 4106 2874 4145 a
2916 4091 3234 4146 summitate
3268 4089 3527 4157 inferius,
3567 4091 3777 4148 bicuhio

2181 4195 2292 4239 tum
2328 4184 2680 4239 transversini
2712 4180 2781 4215 ⁸⁸⁸
2823 4181 3105 4239 habuerat.
3151 4180 3385 4237 Adducti
3416 4191 3553 4237 sunt
3600 4192 3774 4238 autem

2178 4279 2282 4334 duo
2317 4278 2471 4349 pueri
2503 4276 2631 4331 nudi
2660 4275 2755 4331 sed
2784 4276 3158 4347 campestrati,
3191 4275 3296 4330 hoc
3328 4285 3416 4330 est
3444 4276 3774 4331 succintoria

2178 4374 2477 4438 habentes,
2517 4372 2611 4442 qui
2660 4386 2757 4443 per
2806 4371 3008 4442 lignum
3063 4372 3424 4428 ascendentes
3477 4372 3774 4445 eodemque

484 4458 619 4527 lam,
645 4470 701 4516 et
723 4461 864 4517 hanc
895 4465 1167 4521 mendatio
1198 4466 1433 4536 plenam,
1463 4468 1782 4524 detuleram.
1812 4470 2075 4527 Estuabat

2200 4465 2442 4526 udentes,
2473 4463 2753 4532 versisque
2778 4463 3027 4517 deorsum
3050 4462 3321 4533 capitibus
3346 4478 3452 4535 per
3470 4465 3527 4520 id
3553 4466 3774 4522 descen-

482 4550 666 4623 itaque
686 4567 793 4608 non
818 4569 1008 4624 parum
1032 4555 1133 4611 hac
1154 4572 1253 4628 pro
1271 4560 1593 4614 verecundia
1614 4560 1846 4624 animus,
1871 4562 2073 4632 etquid

482 4654 649 4713 super
676 4641 778 4699 hac
805 4658 866 4700 re
902 4642 1128 4712 faceret,
1177 4649 1452 4719 cogitabat
1491 4652 1772 4706 attentius.
1826 4652 2072 4709 Estuanti

482 4740 665 4788 autem
709 4743 766 4789 et
815 4735 947 4791 mihi
998 4736 1224 4792 nimium
1271 4736 1550 4796 ﬂuctuanti
1588 4757 1739 4798 mens
1782 4743 2068 4815 suggessit,

481 4824 739 4895 quatinus
766 4827 930 4893 dona,
952 4845 1072 4900 quae
1100 4829 1417 4902 imperatori
1446 4848 1565 4888 mea
1591 4850 1656 4890 ex
1680 4844 1839 4907 parte
1867 4837 2073 4892 detule-

478 4929 621 4986 ram,
661 4917 975 4993 Berengarii
1028 4937 1099 4978 ex
1150 4932 1304 4994 parte
1352 4925 1680 4993 conferrem,
1732 4944 2070 5000 parvumque

481 5023 681 5066 munus
717 5020 881 5083 prout
906 5027 1122 5085 possem
1152 5016 1336 5073 verbis
1362 5024 1641 5074 ornarent.
1664 5018 1849 5091 Optuli
1882 5030 2068 5081 auten:

2178 4557 2389 4620 dentes,
2422 4555 2492 4587 m
2523 4555 2595 4608 ita
2635 4563 2987 4609 servaverunt
3017 4553 3315 4620 immobile,
3342 4570 3411 4611 ac
3432 4557 3482 4612 si
3514 4559 3771 4615 radicitus

2176 4658 2336 4705 terra:
2359 4658 2505 4704 esset
2531 4647 2788 4702 adlixum.
2818 4646 3063 4717 Denique
3089 4656 3210 4717 post
3240 4649 3403 4704 unius
3426 4649 3767 4717 descensum,

2177 4741 2317 4796 alter
2361 4740 2455 4812 qui
2494 4747 2833 4794 remanserat
2867 4740 3169 4803 eodemque
3213 4738 3363 4795 solus
3394 4739 3629 4807 luserat,
3656 4757 3765 4797 am-

2176 4832 2335 4905 pliori
2377 4846 2461 4887 tne
2509 4830 2868 4886 admiratione
2906 4830 3197 4885 attonitum
3242 4830 3503 4887 reddidit.
3548 4834 3767 4905 Quoquo

2175 4925 2335 4981 modo
2357 4925 2502 4980 enim
2528 4964 2544 4988 ,
2574 4923 2749 4993 quoad
2789 4931 3016 4993 uterque
3059 4922 3286 4989 luserat,
3326 4923 3629 4981 videbatur
3653 4942 3765 4998 pos-

2175 5014 2356 5079 sibile,
2389 5015 2647 5086 quoniam
2670 5013 2892 5085 quidem
2922 5028 3252 5086 quamquam
3280 5013 3551 5084 mirabili,
3582 5032 3763 5074 verum
