4012 5340
184 301 288 360 89⁸1

1226 298 1318 356 DE
1355 298 1581 358 REBUS
1618 298 1863 356 GESTIS
1901 296 2199 357 OTTOMS
2237 296 2306 356 Μ.
2345 298 2484 356 IMP.

184 415 477 482 remansit,
519 414 647 487 quia
675 412 747 471 ita
778 429 838 471 se
864 414 1146 486 aequaliter
1172 414 1514 485 ponderavit,
1546 423 1603 468 ut
1630 422 1685 467 et
1712 414 1792 467 lu-
1821 418 1870 478 Α
1897 413 2209 482 vigantibus
2234 422 2429 482 prmest
2456 410 2613 466 alter.
2642 409 2705 465 lli
2737 409 2919 482 itaque
2947 409 3065 482 pari
3091 423 3342 477 numero,
3367 411 3496 482 quia

187 507 325 561 serit
352 523 415 561 ac
447 522 611 562 Sanus
637 508 994 569 descenderit,
1023 509 1092 560 ita
1119 521 1204 559 me
1232 507 1505 577 stupidum
1535 506 1786 567 reddidit,

186 610 249 655 ut
292 602 469 671 ipsum
508 602 674 657 etiam
736 602 1121 668 imperatorem
1176 617 1291 655 mea
1346 600 1633 655 admiratio
1688 614 1794 653 non

186 692 403 749 lateret.
467 691 623 749 Unde
665 702 722 749 et
771 693 1041 749 accersito
1094 694 1390 763 interprete
1419 734 1433 758 ,
1469 692 1599 762 quid
1657 690 1789 745 mihi

186 787 498 843 mirabilius
533 776 830 852 videretur,
873 794 957 842 est
1006 786 1319 842 sciscitatus
1353 802 1367 839 :
1401 802 1536 857 puer
1558 826 1570 848 ,
1605 785 1695 854 qui
1734 799 1794 839 se

186 880 325 934 adeo
369 879 652 935 moderate
694 889 936 944 rexerat,
968 888 1027 933 ut
1078 878 1354 934 immobile
1383 878 1587 947 lignum
1620 884 1789 942 esset,

187 992 259 1033 an
298 977 367 1043 is,
400 981 493 1048 qui
530 979 580 1033 id
615 979 668 1033 in
709 977 886 1033 fronte
931 987 1039 1031 tam
1088 984 1472 1047 argumentose
1522 983 1793 1039 tenuerat,

186 1079 249 1123 ut
276 1084 571 1139 puerorum
603 1087 701 1126 nec
747 1070 958 1141 pondus
992 1084 1171 1138 neque
1218 1068 1376 1122 ludus
1406 1066 1489 1121 vel
1523 1067 1795 1121 modicum

186 1162 456 1218 flecteret.
517 1163 761 1233 Cumque
811 1178 897 1217 me
950 1162 1223 1233 ignorare,
1280 1160 1408 1229 quid
1454 1158 1587 1213 mihi
1639 1160 1797 1213 thau-

185 1266 549 1320 mastoteron,
584 1257 636 1311 id
663 1266 748 1311 est
793 1254 1120 1317 mirabilius,
1168 1254 1463 1314 videretur,
1500 1252 1793 1317 edicerem,

185 1364 388 1418 magno
437 1349 657 1405 inflatus
698 1349 985 1414 cachinno,
1027 1364 1085 1403 se
1113 1346 1365 1402 similiter
1412 1361 1587 1415 neque
1631 1344 1791 1410 scire,

186 1442 496 1511 respondit.

257 1535 347 1589 10.
394 1534 499 1590 Sed
544 1550 721 1605 neque
769 1536 872 1591 hoc
923 1535 1139 1590 silentio
1182 1534 1622 1604 przetercundum
1673 1550 1795 1591 esse

183 1625 447 1689 arbitror,
492 1628 621 1698 quid
655 1629 776 1683 novi
820 1628 1055 1697 mirique
1098 1627 1242 1681 aliud
1287 1627 1474 1681 eodem
1506 1641 1794 1696 perspexe-

184 1718 311 1773 rim.
344 1720 400 1774 ln
450 1736 512 1774 ea
546 1737 665 1791 qute
696 1730 821 1775 ante
850 1721 1206 1789 vaiophoron,
1248 1718 1391 1788 quod
1442 1733 1541 1771 nos
1587 1718 1791 1787 palma-

1908 507 2149 577 dignitas
2175 522 2273 577 par
2304 514 2441 567 erat,
2470 505 2797 559 numismata
2829 515 2882 559 et
2904 519 3286 575 scaramangas
3314 504 3493 560 susci-

1900 601 2134 671 pientes,
2167 614 2278 669 [ποτε
2311 598 2656 653 multitudine
2685 615 2789 652 non
2818 599 2929 668 jam
2964 599 3015 652 in
3048 598 3291 653 humeris
3318 609 3496 670 porta-

1898 706 2135 759 verunt,
2180 693 2273 747 sed
2314 691 2697 760 adjuvantibus
2742 692 2861 747 aliis
2899 702 3020 763 post
3060 708 3117 748 se
3157 710 3277 747 cum
3309 693 3496 751 labore

1900 792 2203 839 traxerunt.
2266 782 2395 839 Post
2466 784 2565 838 hos
2622 782 2845 838 admissi
2913 794 3040 838 sunt
3104 784 3345 855 magistri
3395 801 3493 840 nu-

1898 891 2051 931 mero
2090 875 2194 940 24,
2227 876 2425 945 quibus
2461 885 2697 946 erogatm
2735 885 2862 931 sunt
2911 876 3367 933 numismatorum
3407 893 3497 934 au-

1899 984 2115 1024 reorum
2167 969 2350 1033 lihrte,
2382 970 2672 1039 unicuique
2720 970 3015 1025 secundum
3044 972 3275 1027 eundem
3309 986 3497 1028 nume-

1898 1077 2019 1115 rqu
2083 1060 2153 1115 24
2212 1077 2335 1116 cum
2403 1061 2779 1132 scaramangis
2832 1062 3063 1117 duabus.
3136 1062 3495 1119 Patriciorum

1899 1154 2093 1210 deinde
2150 1155 2288 1209 ordo
2338 1155 2437 1209 hos
2485 1168 2626 1224 pone
2671 1163 2754 1209 est
2792 1166 3054 1220 secutus,
3105 1164 3161 1211 et
3208 1156 3495 1211 duodecim

1898 1246 2350 1299 numismatorum
2384 1244 2536 1299 libris
2559 1260 2679 1299 cum
2703 1246 3076 1317 scaramangia
3107 1262 3213 1301 una
3239 1246 3493 1303 donatus.

1898 1334 1998 1402 Qui
2050 1337 2191 1390 sicut
2230 1350 2329 1390 nec
2378 1336 2766 1406 patriciorum,
2799 1336 2873 1392 ita
2914 1353 3012 1393 nec
3050 1337 3351 1403 librarum,
3392 1337 3498 1393 nisi

1895 1428 2041 1497 quod
2072 1428 2362 1498 unicuique
2391 1428 2644 1496 dabatur,
2676 1446 2961 1485 numerum
2993 1430 3126 1485 scio.
3159 1430 3340 1487 Turba
3369 1438 3497 1502 post

1896 1519 2013 1574 haec
2056 1520 2301 1573 inmensa
2344 1529 2589 1584 vocatur,
2638 1520 3224 1591 protospathariorum,
3272 1523 3495 1593 spatha-

1897 1614 2373 1669 rocandidatorum
2425 1613 2517 1679 "",
2553 1612 2905 1670 kitonitarum
2934 1658 2948 1683 ,
2990 1616 3447 1688 manglavitarum
3477 1657 3493 1685 ,

1897 1716 2373 1775 protocaravorum
2401 1747 2416 1772 ,
2458 1722 2687 1777 quorum
2741 1708 2772 1762 7
2809 1708 2977 1773 alius,
3008 1710 3041 1763 6
3068 1750 3082 1774 ,
3110 1708 3172 1774 5,
3197 1709 3252 1776 4,
3275 1709 3328 1775 ’5,
3354 1710 3412 1775 2,
3440 1712 3495 1777 1,

184 1825 307 1865 rum
340 1826 523 1867 ramos
547 1813 801 1878 dicimus,
829 1812 1152 1877 ebdomada,
1181 1821 1289 1865 tam
1317 1811 1579 1865 militibus
1604 1827 1792 1880 quam-

1897 1798 2194 1852 secundmn
2223 1799 2503 1867 dignitatis
2529 1800 2749 1854 modum
2782 1809 3070 1870 acceperat
3101 1801 3262 1855 alius.
3308 1801 3495 1871 Neque

185 1912 294 1970 que
325 1910 381 1956 et
413 1902 465 1956 in
509 1903 743 1959 diversis
772 1904 1085 1959 constitutis
1115 1902 1308 1958 olliciis
1337 1903 1792 1959 numismatorum

188 2007 491 2049 aureorum
547 1999 920 2068 erogationem
952 2038 966 2063 ,
1023 2007 1185 2067 prout
1238 1995 1501 2066 cujusque
1553 2006 1797 2051 meretur

187 2085 425 2142 oilicium
455 2129 470 2153 ,
514 2092 815 2161 imperator
846 2090 993 2145 facit.
1042 2091 1139 2144 Cui
1192 2089 1491 2161 erogationi
1548 2090 1670 2159 quia
1710 2105 1797 2145 me

187 2175 460 2236 interesse
506 2182 719 2247 voluit,
759 2181 950 2237 venire
1003 2181 1280 2251 praecepit.
1335 2180 1460 2235 Fuit
1489 2189 1670 2235 autem
1698 2182 1795 2235 hu-

182 2264 447 2336 jusmodi.
498 2272 632 2326 Erat
668 2273 912 2343 apposita
958 2272 1028 2327 10
1076 2274 1382 2329 cubitorum
1443 2273 1797 2344 longitudinis

188 2373 251 2415 ac
284 2371 546 2430 quattuor
577 2364 880 2420 latitudinis
911 2381 1099 2421 mensa
1127 2408 1142 2433 ,
1176 2382 1296 2437 qum
1342 2367 1669 2421 numismata
1711 2366 1793 2422 lo-

190 2450 327 2507 culis
378 2456 667 2528 colligata,
715 2467 877 2529 prout
927 2458 1125 2527 cuique
1180 2458 1518 2521 debebatur,
1551 2459 1792 2513 numeris

189 2544 536 2602 extrinsecus
584 2548 636 2602 in
670 2548 863 2604 loculis
909 2550 1153 2618 scriptis,
1185 2550 1481 2605 retinebat.
1528 2550 1793 2620 Ingredie-

96 2684 111 2696 .
188 2636 394 2694 bantur
428 2641 660 2711 denique
688 2655 815 2699 ante
848 2643 1254 2714 imperatorem,
1283 2660 1390 2699 non
1422 2644 1667 2705 confuse.
1698 2644 1793 2700 sed

187 2733 512 2801 ordinatim,
559 2735 856 2792 secundum
912 2737 1160 2793 vocantis
1187 2753 1373 2794 vocem
1404 2778 1417 2803 ,
1451 2738 1542 2808 qui
1589 2737 1791 2808 scripta

187 2823 437 2879 virorum
467 2828 765 2883 secundum
793 2826 957 2884 officii
998 2830 1319 2899 dignitatem
1348 2829 1564 2885 nomina
1599 2829 1792 2884 recita-

188 2912 307 2969 bat.
344 2916 587 2984 Quorum
635 2921 787 2990 prius
828 2929 1058 2977 vocatus
1108 2930 1191 2977 est
1234 2930 1416 2977 rector
1447 2921 1672 2986 domus,
1704 2920 1791 2975 cui

187 3021 297 3061 non
358 3009 411 3063 in
464 3011 749 3080 manibus,
798 3015 891 3069 sed
933 3015 987 3069 in
1027 3014 1271 3071 humeris
1306 3015 1478 3087 posita
1520 3025 1645 3071 sunt
1686 3032 1788 3071 nu-

186 3102 448 3160 mismata
503 3122 625 3163 cum
685 3111 1057 3181 scaramangis
1108 3110 1276 3182 (146)
1330 3120 1606 3181 quattuor.
1661 3109 1793 3165 Post

1900 1888 2045 1942 enim
2078 1889 2180 1944 hoc
2208 1897 2259 1943 te
2283 1906 2385 1944 una
2412 1898 2683 1959 patratum
2712 1890 2782 1922 m
2809 1907 2930 1946 esse
2957 1892 3043 1947 die
3068 1892 3383 1947 existimare
3405 1907 3497 1947 ve-

1898 1980 2012 2036 lim.
2062 1980 2286 2053 Ceptum
2333 1984 2532 2054 quippe
2578 1984 2765 2054 quinta
2821 1984 2953 2038 feria
3008 1984 3075 2037 ab
3115 1985 3249 2039 hora
3298 1983 3498 2039 diei‘”

1898 2079 2075 2148 prima
2100 2093 2274 2148 usque
2300 2078 2353 2131 in
2384 2078 2573 2133 horam
2602 2090 2852 2147 quartam
2881 2077 2973 2144 ⁸⁸⁷,
3006 2087 3159 2133 sexta
3185 2087 3240 2134 et
3267 2079 3496 2148 septima

1897 2168 2035 2222 feria
2086 2178 2170 2223 est
2219 2171 2287 2222 ah
2340 2169 2665 2239 imperatore
2708 2168 2943 2223 finitum.
2990 2167 3087 2224 llis
3127 2184 3360 2239 namque
3402 2170 3497 2240 qui

1899 2268 2079 2322 minus
2099 2283 2260 2338 quam
2284 2268 2478 2322 libram
2504 2268 2797 2337 accipiunt,
2828 2268 3059 2339 nonjam
3090 2269 3383 2340 imperator
3401 2269 3491 2335 m,

1898 2363 1992 2417 sed
2024 2361 2479 2433 parakinumeuos
2517 2362 2570 2416 in
2618 2377 2681 2416 ea
2709 2378 2830 2432 qua:
2857 2371 2983 2417 ante
3017 2363 3220 2434 pascha
3263 2373 3347 2418 est
3379 2372 3493 2419 tota

1897 2455 2195 2509 ebdomada
2251 2454 2457 2509 tribuit.
2492 2452 2757 2508 Adstante
2800 2454 2981 2523 itaque
3018 2468 3138 2517 me,
3166 2462 3368 2507 etcum
3400 2453 3496 2507 ad-

1896 2548 2185 2603 miratione
2225 2562 2339 2602 rem
2380 2546 2757 2602 considerante
2782 2588 2797 2614 ,
2844 2562 2942 2617 per
2970 2545 3299 2615 logothetam
3323 2585 3337 2610 ,
3366 2544 3496 2614 quid

1896 2655 2059 2710 super
2093 2641 2197 2695 hac
2228 2656 2287 2695 re
2319 2640 2448 2693 mihi
2488 2638 2751 2710 placeret,
2786 2638 3096 2693 sciscitatus
3118 2636 3189 2671 m
3218 2644 3300 2692 est
3327 2636 3496 2706 impe-

1896 2744 2067 2792 ralor.
2106 2735 2203 2791 Cui
2248 2736 2466 2806 inquam
2511 2752 2525 2789 :
2572 2753 2591 2786 c
2639 2734 2886 2791 Placeret
2913 2732 2985 2765 “°
3010 2749 3164 2798 sane,
3199 2732 3243 2788 si
3274 2732 3340 2765 ⁸⁸¹
3368 2748 3495 2804 pro-

1895 2830 2116 2895 desset;
2164 2829 2305 2884 sicut
2342 2838 2399 2885 et
2442 2829 2679 2884 estuanti
2712 2828 2863 2883 diviti
2894 2826 3090 2883 Lazari
3130 2827 3245 2881 visa
3278 2826 3493 2897 requies

1894 2922 2200 2989 prodesset,
2246 2921 2289 2977 si
2321 2921 2635 2991 proveniret
2662 2919 2764 2986 ‘3’;
2814 2920 2901 2975 cui
2942 2920 3069 2991 quia
3111 2932 3219 2974 non
3258 2917 3493 2984 accidit,

1892 3014 1985 3085 qui
2024 3028 2208 3085 quzeso
2248 3014 2465 3085 placere
2498 3013 2714 3085 potuit?
2766 3031 2785 3065 ρ
2832 3011 3135 3068 Subridens
3167 3011 3351 3082 itaque
3390 3010 3491 3065 im-

1895 3114 2134 3176 perator,
2164 3105 2441 3176 paululum
2472 3105 2678 3176 pudore
2708 3112 3032 3169 commotus,
3061 3110 3123 3157 ut
3151 3102 3217 3157 ad
3243 3118 3303 3158 se
3330 3101 3489 3168 irem,

182 3209 353 3265 quem
399 3213 433 3254 ο
472 3198 813 3257 domesticos
860 3202 930 3257 tis
967 3202 1288 3269 ascalonas,
1328 3211 1383 3258 ct
1419 3220 1453 3258 o
1483 3202 1793 3273 delongaris
1820 3182 1866 3246 Ο
1900 3202 2078 3272 capite
2120 3202 2315 3266 innuit,
2368 3200 2696 3271 palliumque
2742 3214 2996 3270 magnum
3033 3212 3155 3253 cum
3202 3210 3493 3253 aureorum

183 3290 262 3349 tis
292 3291 472 3363 ploos,
504 3304 632 3351 sunt
657 3296 867 3365 vocati;
912 3312 1145 3367 quorum
1177 3296 1313 3351 alter
1365 3296 1627 3351 militibus
1654 3338 1667 3361 ,
1701 3313 1795 3351 na-

1900 3294 2060 3362 libra,
2099 3311 2259 3366 quam
2295 3295 2528 3351 libenter
2552 3293 2720 3361 dedit,
2750 3292 3006 3348 libentius
3034 3291 3240 3362 accepi.

1506 3406 1741 3463 VARl/E
1780 3406 2185 3464 LECTIONES.

260 3503 335 3536 "“
386 3507 799 3580 candidatorum
860 3508 1060 3580 reliqua
1110 3509 1296 3579 capitis
1334 3508 1521 3580 desunt
1557 3506 1607 3561 5.
1649 3506 1682 3561 5
1725 3523 1790 3580 θη
1817 3506 1851 3561 5
1882 3509 1996 3580 ξιξ.
2020 3509 2140 3580 hinc
2165 3506 2361 3580 folium
2394 3508 2627 3563 excisum
2668 3507 2721 3561 in
2762 3506 2938 3562 codice
2967 3504 3000 3560 5
3037 3520 3088 3560 a.
3131 3502 3311 3580 Editto
3336 3501 3489 3580 priri-

185 3577 500 3651 cgpsnddit
537 3597 550 3633 :
590 3588 644 3633 et
687 3580 738 3633 id
778 3577 1270 3651 genus'clicntum.

185 3645 264 3677 ⁸²⁸
299 3648 426 3702 dua:
466 3666 615 3704 voces
647 3645 952 3706 ntemlimna
1000 3652 1231 3705 abscissa
1263 3645 1569 3706 exciderunt
1601 3651 1652 3703 in
1682 3650 1740 3703 2.

187 3716 261 3749 δ⁸²
296 3735 399 3773 vox
439 3722 711 3775 obscurior
734 3722 787 3776 in
812 3722 867 3776 2.

1368 3578 1437 3611 ’δυ
1477 3588 1724 3649 paratum
1765 3577 1818 3632 2.

1816 3648 1886 3680 "”
1923 3650 2215 3707 suscitatus
2245 3652 2298 3704 2.
2376 3651 2446 3684 ἰδο
2486 3651 2711 3707 Placere
2737 3651 2792 3705 2.

1930 3579 2002 3609 ⁴²⁶
2040 3579 2127 3633 die
2154 3571 2205 3632 1⁷.
2248 3579 2300 3632 2.
2404 3579 2473 3611 "7
2513 3588 2764 3649 quartam
2794 3586 2849 3634 et
2879 3586 3032 3649 sexta
3072 3585 3127 3632 et
3165 3574 3295 3649 s._f._
3329 3574 3398 3649 ab
3432 3571 3491 3649 ἓ.

2890 3648 2957 3680 ⁸³¹
2999 3664 3099 3703 vox
3124 3645 3316 3702 excidit
3343 3645 3398 3699 in
3433 3643 3492 3698 2.

1723 3790 1954 3850 NOTA'i.

264 3877 415 3951 (HG)
451 3883 667 3953 penula,
691 3883 836 3955 pallii
864 3884 1116 3940 militaris
1138 3900 1325 3956 genus.

198 3994 919 4030 _—————.___.....~

1256 4118 2421 4231 LIUTPBANDI

1426 4305 1911 4363 CREMONENSIS
1948 4304 2254 4362 EPISCOPI

1654 4461 2009 4553 LIBER

298 4669 449 4823 DE
503 4666 865 4824 REBUS
921 4650 1319 4824 GESTIS
1382 4664 1855 4824 0TTONIS
1936 4664 2318 4819 MAGNI
2382 4663 3166 4824 lMPEllA'I‘iiRlS
3207 4739 3393 4818 uss).

198 5004 203 5011 -
268 5040 394 5114 (An.
421 5037 579 5111 960.)
622 5037 672 5092 1.
719 5037 1089 5110 Regnantibus
1115 5039 1201 5103 ⁸³⁸,
1255 5040 1365 5097 imo
1414 5040 1795 5108 saevientibus,
1829 5045 1877 5105 D
1902 5039 2206 5098 Iohannem
2248 5039 2499 5096 videlicet
2534 5037 2867 5095 cardinalem
2905 5035 3223 5103 diaconem,
3268 5042 3324 5092 et
3358 5032 3500 5089 Azo-

198 5128 254 5186 in
283 5130 453 5192 Italia,
481 5138 539 5183 et
568 5135 627 5182 ut
653 5128 837 5183 verius
863 5128 1127 5186 fateamur
1160 5132 1502 5201 tyrannidem
1535 5146 1797 5187 exercen-

200 5220 359 5287 tibus,
388 5219 730 5291 Berengario
755 5226 916 5289 atque
933 5220 1225 5276 Adalberto
1247 5219 1526 5276 Johannes
1554 5236 1798 5280 sumnms

600 5311 925 5340 ιιηῖιγηνιοηιῖη
969 5328 1102 5340 ,λιιι-ιη
1196 5311 1345 5340 Λιιειιη
1392 5322 1521 5340 luunt:
1552 5313 1677 5340 mnn'
1703 5316 1792 5340 .s:n

198 5312 436 5340 nnnl:rn-
492 5319 544 5340 Α.

1902 5148 2027 5188 nem
2077 5132 2453 5198 scriniarium,
2493 5128 2842 5184 serenissima
2884 5134 3045 5195 atque
3082 5127 3330 5196 piissimo
3370 5132 3504 5179 tunc

1904 5223 2044 5294 regi,
2079 5240 2221 5277 mmc
2250 5232 2481 5292 augusto
2505 5219 2701 5284 cesari,
2736 5216 2918 5272 Ottoni
2951 5215 3270 5285 destinavit,
3296 5213 3508 5284 suppli-

1937 5317 2037 5340 τη...
2086 5317 2281 5340 ΙῘιΑΑ-ξι.
2318 5325 2362 5340 ...ι
2404 5327 2583 5340 ...Λ-...ης
2632 5310 2798 5340 ηἶηιιῖιι
2850 5325 3010 5340 nnnno
3106 5314 3361 5340 ηιιηιξηηο
3409 5307 3503 5340 nn:

2850 5325 3010 5340 nnnno
3106 5314 3361 5340 hulnl:nlnl!

2351 5325 2362 5340 Ι
2404 5327 2583 5340 ὀιΑ-1.Ιηὶ
2632 5327 2798 5340 ἤια-ιιι*
