4012 5340
525 100 631 166 Μ

1515 100 1926 160 ιιυτριιΑΝοι
1963 97 2445 157 ΟΠΕΜΟΝΕΝδιὸ
2480 96 2789 158 EPISCOPI

3693 90 3788 148 900

524 237 701 290 seros,
756 234 815 278 se
859 219 1071 293 sibique
1123 219 1466 277 commissam
1523 228 1766 275 sanctam
1808 217 2107 274 Romanam
2137 221 2187 281 Α
2214 214 2447 285 denique
2488 213 2670 287 justus
2698 256 2714 284 ,
2768 230 2866 272 cur
2908 211 3260 271 Adelbertum
3310 198 3594 271 Iohannes
3638 224 3791 283 papa,

525 312 778 371 eclesiam
817 329 884 369 ex
928 328 1114 368 eorum
1160 310 1405 367 faucibus
1450 309 1728 375 liberaret,
1766 326 1831 366 ac
1865 309 2021 365 saluti
2052 317 2110 365 et

525 405 763 463 libertati
816 405 1057 476 pristina:
1116 404 1447 459 restitueret.
1511 402 1638 458 Haec
1702 403 1829 458 dum
1875 401 2107 459 Romani

522 499 698 555 nuntii
747 508 1149 569 conquerantur
1180 537 1196 563 ,
1247 497 1333 552 vir
1379 497 1703 553 venerabilis
1735 495 2105 566 Waldpertus,

522 601 725 649 sanctm
754 575 1171 648 mediolanensis
1211 590 1425 647 eelesize
1453 592 1912 663 archiepiscopus,
1945 591 2110 647 semiv

521 668 678 740 vivus
721 699 786 740 ex
817 683 1199 756 praedictorum
1232 683 1383 739 rabie
1413 672 1725 754 Borengarii
1754 694 1916 756 atque
1944 683 2106 740 Adel-

519 774 660 832 berti
704 774 964 831 liberatus
992 817 1007 843 ,
1054 775 1304 847 superius
1361 778 1642 831 memorati
1690 775 1926 842 Ottonis,
1980 784 2106 834 tunc

523 868 667 940 regis
711 884 855 925 nunc
894 869 1095 942 cesaris
1138 869 1390 940 angusti,
1419 869 1715 940 potentiam
1744 868 1917 931 adiit,
1967 868 2106 924 indi-

519 974 651 1015 cans
674 999 689 1024 ,
740 973 799 1015 se
838 975 943 1015 non
976 974 1135 1031 posse
1165 958 1308 1014 ferre
1354 967 1410 1014 et
1451 959 1560 1030 pati
1596 958 1912 1031 Berengarii
1941 969 2105 1031 atque

516 1051 822 1120 Adelberti,
852 1068 1059 1109 necnon
1076 1062 1133 1108 et
1158 1052 1333 1108 Willze
1346 1053 1627 1118 srevitiam,
1645 1068 1765 1124 quae
1781 1052 2103 1109 Mannassen

516 1143 890 1201 Arelatensem
933 1147 1243 1217 episcopum
1274 1153 1462 1201 contra
1503 1144 1593 1214 jus
1620 1146 1810 1215 fasque
1849 1143 2107 1201 Mediola-

517 1239 672 1294 nensi
719 1239 837 1295 sedi
888 1240 1227 1311 praefecerat.
1276 1239 1471 1296 Aiebat
1498 1255 1661 1305 sane,
1707 1239 1849 1295 hanc
1891 1239 2104 1296 eclesiaa

514 1346 628 1387 suae
653 1345 776 1389 esse
804 1332 1199 1399 calamitatem,
1236 1348 1377 1404 quae,
1405 1332 1546 1404 quod
1573 1349 1630 1389 se
1652 1348 1885 1403 suosque
1907 1348 2103 1405 capere

510 1434 812 1496 oporteret,
836 1425 1207 1497 interciperet.
1232 1426 1340 1482 Sed
1366 1425 1560 1481 Waldo
1588 1426 1867 1482 Cumanus
1892 1428 2103 1495 episeo-

513 1530 616 1587 pus
644 1518 786 1572 hunc
825 1533 967 1588 pone
1003 1527 1088 1573 est
1127 1528 1347 1575 secutus
1373 1559 1388 1584 ,
1415 1536 1519 1574 non
1553 1520 1824 1591 disparem
1851 1536 1881 1574 a
1908 1519 2104 1576 Beren-

2213 325 2375 381 quem
2438 311 2589 382 prius
2636 311 2762 368 odio
2814 308 3118 366 vehementi
3177 309 3613 381 insequebatur,
3660 322 3794 362 nunc

2211 402 2475 474 diligeret,
2522 403 2656 459 satis
2700 403 2886 458 mirari
2919 419 3027 458 non
3061 401 3257 471 potuit.
3306 400 3611 458 Accersitis
3640 413 3795 470 quam

2208 499 2279 555 ob
2311 512 2420 552 rem
2452 496 2776 567 quibusdam
2818 494 3175 551 familiaribus
3201 494 3371 567 (148),
3402 493 3448 549 si
3476 486 3585 551 hoc
3610 506 3793 547 rerum

2208 597 2372 654 esset,
2409 588 2635 644 Romam
2678 587 2863 660 dirigit
2908 596 3305 658 percontatum.
3337 585 3587 656 Cumque
3609 585 3794 641 eodem

2208 679 2384 735 nuntii
2423 680 2835 750 pervenissent,
2876 677 3184 749 hujusmodi
3215 693 3322 734 non
3352 693 3384 732 a
3425 675 3797 748 quibuslibet,

2209 773 2304 828 sed
2331 772 2401 828 ab
2428 772 2704 836 omnibus.
2752 779 2847 827 aut
2888 773 3075 843 paucis
3105 812 3122 840 ,
3164 771 3427 828 Romanis
3469 769 3541 803 ⁸³⁷
3588 769 3797 827 civibus

2207 877 2470 933 responsa
2518 863 2823 935 suscipiunt
2858 879 2874 917 :
2911 881 2930 914 α
2971 860 3088 918 Νοη
3140 861 3323 932 dispar
3366 858 3587 916 videtur
3640 860 3797 929 ratio,

2207 969 2307 1011 cur
2378 953 2655 1011 Iohannes
2708 970 2849 1027 papa
2909 954 3312 1012 sanctissimum
3365 955 3795 1024 imperatorem,

2206 1062 2363 1103 suum
2422 1047 2631 1103 scilicet
2676 1062 2744 1104 ex
2794 1046 3072 1125 Adalberti
3124 1046 3374 1103 manibus
3425 1045 3794 1127 liberatorem,

2204 1146 2260 1194 et
2288 1138 2535 1196 diabolus
2571 1139 2748 1196 oderit
2783 1139 3121 1197 Creatorem.
3166 1138 3489 1210 Imperator,
3539 1136 3795 1209 quemad-

2205 1230 2425 1285 modum
2455 1245 2513 1285 re
2545 1230 2659 1301 ipsa
2691 1229 2900 1300 experti
2930 1245 3139 1295 sumus,
3181 1244 3244 1284 ea
3271 1245 3393 1299 qua:
3436 1228 3536 1283 Dei
3567 1234 3695 1282 sunt
3716 1240 3798 1280 sa-

2203 1322 2327 1395 pit,
2375 1330 2674 1394 operatur,
2713 1321 2932 1394 diligit:
2987 1320 3357 1377 ecclesiastica
3410 1330 3468 1376 et
3513 1318 3796 1375 saecularia

2203 1417 2419 1489 negotia
2445 1416 2614 1473 armis
2639 1425 2866 1481 tutatur,
2893 1416 3138 1472 moribus
3161 1424 3339 1483 ornat,
3371 1414 3583 1487 legibus
3609 1429 3797 1469 emun—

2203 1512 2335 1577 dat,
2369 1509 2645 1568 Iohannes
2689 1527 2828 1584 papa
2875 1511 2960 1567 his
2996 1511 3244 1567 omnibus
3281 1512 3630 1568 adversatur.
3685 1511 3797 1568 Non

512 1608 690 1677 garlo,
716 1608 1010 1680 Adalpcrto
1031 1619 1085 1665 et
1104 1609 1264 1665 Willa
1285 1652 1298 1673 ,
1325 1627 1485 1681 quam
1512 1610 1878 1682 Waldpertns,
1913 1621 2096 1668 contu-

2204 1603 2344 1659 clam
2373 1604 2567 1675 populo
2607 1613 2726 1670 est,
2755 1604 2901 1675 quod
2940 1602 3193 1661 fatemur.
3224 1603 3403 1660 Testis
3441 1613 3527 1659 est
3557 1602 3798 1659 Rainerii

513 1700 732 1756 meliam
775 1702 1066 1759 clamitans
1101 1719 1160 1759 se
1205 1719 1327 1760 esse
1359 1722 1694 1777 perpessum.
1728 1705 2005 1763 Veneram
2048 1716 2104 1762 et

513 1792 753 1848 nonnulli
806 1794 1029 1849 alterius
1076 1796 1283 1851 ordinis
1337 1813 1402 1851 ex
1444 1797 1593 1851 Italia
1626 1798 1759 1862 viri,
1792 1812 1929 1868 quos
1962 1797 2104 1852 inter

512 1882 745 1942 illustris
794 1888 1039 1945 marchio
1086 1887 1344 1945 Othertus
1385 1902 1509 1948 cum
1551 1891 1864 1961 apostolicis
1909 1907 2104 1947 cucur-

513 1987 661 2033 rerat
689 1979 928 2045 nuntiis,
959 1995 989 2034 a
1019 1982 1369 2037 sanctissimo
1399 1981 1614 2045 Ottoue,
1652 1992 1779 2039 tunc
1805 1997 1932 2053 rege
1958 1996 2103 2037 nunc

507 2081 737 2143 angusto
765 2088 987 2140 caesare,
1016 2074 1324 2141 consilium,
1354 2074 1613 2130 auxilium
1640 2084 1922 2146 expetens.

581 2163 707 2237 (An.
752 2165 904 2238 961.)
942 2167 998 2222 ‘2.
1041 2166 1248 2224 Horum
1279 2167 1466 2238 itaque
1510 2181 1606 2223 rex
1632 2167 1911 2239 piissimus
1940 2167 2101 2224 lacri-

510 2254 681 2312 mosis
708 2257 1005 2327 quaestibus
1050 2260 1349 2315 inclinatus
1371 2299 1386 2325 ,
1416 2275 1521 2316 non
1555 2275 1676 2331 qua:
1711 2275 1809 2315 sua
1850 2260 1946 2316 sed
1981 2274 2100 2330 qua:

506 2345 635 2405 Iesu
661 2349 861 2406 Christi
892 2364 1018 2413 sunt
1052 2355 1319 2425 cogitans,
1352 2353 1520 2410 filium
1553 2371 1710 2411 suum
1736 2356 1838 2412 sibi
1862 2355 2101 2427 :equivo-

507 2456 632 2496 eum
661 2452 854 2499 contra
895 2460 1101 2502 morem
1132 2448 1432 2518 puerilibus
1476 2449 1531 2504 in
1571 2450 1729 2505 annis
1758 2466 1939 2522 regem
1970 2465 2099 2506 con-

506 2532 772 2595 stituens,
807 2549 930 2590 eum
962 2536 1017 2591 in
1050 2535 1289 2592 Saxonia
1320 2539 1641 2611 dereliquit;
1693 2540 1807 2611 ipse
1853 2540 2099 2598 collectis

505 2624 680 2693 copiis
706 2623 913 2681 Italiam
942 2628 1181 2696 percitus
1202 2630 1369 2686 venit.
1399 2631 1502 2698 Qui
1527 2639 1679 2686 tanto
1705 2630 2097 2704 Berengaritttl

506 2723 672 2784 atque
710 2716 1061 2788 Adalpertum
1104 2720 1341 2778 celerius
1390 2738 1558 2794 regno
1607 2723 1856 2794 expulit,
1888 2732 2097 2795 quanto

505 2816 742 2873 constat,
773 2809 914 2878 quod
958 2812 1353 2869 commilitones
1380 2813 1597 2870 Petrum
1637 2828 1692 2871 et
1721 2815 1945 2872 Paulum
1974 2830 2099 2873 san-

507 2900 782 2957 ctissimos
826 2904 1099 2975 apostolos
1146 2907 1354 2963 habuit.
1402 2909 1583 2965 Bonus
1636 2911 1819 2982 itaque
1866 2927 1960 2968 rex
2015 2911 2096 2968 di-

2204 1695 2286 1751 sui
2320 1694 2488 1765 ipsius
2528 1694 2718 1750 militis
2760 1694 2921 1749 vidua
2950 1734 2966 1761 ,
2995 1710 3158 1766 quam
3209 1711 3354 1751 caeco
3397 1704 3595 1766 captus
3639 1693 3799 1764 igne,

2203 1789 2393 1845 multis
2422 1788 2706 1860 prazfatam
2763 1790 3013 1855 urbibus,
3062 1790 3427 1845 sacrosanctis
3476 1788 3627 1844 beati
3657 1786 3801 1845 Petri

2202 1879 2425 1935 donavit
2451 1880 2632 1936 aureis
2660 1881 2917 1936 crucibus
2959 1891 3123 1953 atque
3167 1881 3451 1938 calicibus.
3498 1880 3687 1937 Testis
3721 1889 3801 1936 at

2203 1970 2501 2042 Stephana,
2533 1972 2652 2045 ejus
2694 1974 2858 2029 amita
2880 2014 2896 2039 ,
2934 1989 3055 2046 qum
3084 1974 3138 2030 in
3164 1964 3426 2030 effusione
3463 1975 3615 2044 quod
3644 1989 3712 2030 ex
3738 1988 3802 2031 eo

2200 2073 2527 2136 conceperat
2554 2080 2747 2121 recens
2778 2065 3054 2122 hominem
3085 2065 3275 2122 exivit.
3324 2065 3467 2132 Quid
3514 2064 3564 2121 si
3608 2073 3802 2121 cuncta

2200 2164 2437 2223 taceant,
2468 2155 2836 2214 Lateranense
2861 2157 3144 2229 palatium,
3175 2166 3491 2214 sanctorum
3523 2155 3801 2228 quondam

2202 2248 2528 2321 hospitium,
2568 2266 2715 2306 nunc
2742 2249 3098 2321 prostibulum
3127 2252 3501 2317 meretricum,
3538 2264 3652 2306 non
3682 2247 3803 2304 sile-

2200 2339 2299 2404 bit,
2320 2342 2543 2397 amitam
2565 2342 2871 2415 conjugem,
2899 2342 3210 2414 Stephanize
3235 2341 3462 2398 alterius
3480 2341 3801 2398 concubina

2199 2449 2465 2491 sororem.
2499 2436 2679 2492 Testis
2724 2437 2967 2493 omnium
3014 2438 3253 2510 gentium
3295 2449 3495 2510 praeter
3519 2436 3799 2493 Romana-

2198 2541 2318 2583 rum
2354 2527 2598 2583 absentia
2637 2528 2960 2594 mulierum,
3009 2544 3129 2600 quze
3171 2538 3481 2585 sanctorum
3520 2528 3799 2599 apostolo-

2198 2632 2321 2677 rum
2361 2619 2548 2677 limina
2587 2622 2777 2678 orandi
2820 2623 2993 2694 gratia
3037 2622 3230 2679 timent
3273 2623 3490 2688 visere,
3515 2639 3644 2679 cum
3674 2638 3801 2678 non-

2197 2712 2376 2770 nullas
2403 2725 2531 2770 ante
2561 2716 2678 2772 dies
2706 2730 2908 2787 paucos
2936 2716 3081 2773 hunc
3114 2717 3389 2773 audierint
3432 2716 3760 2790 conjugatas
3780 2754 3796 2784 ,

2197 2803 2412 2872 viduas,
2437 2805 2705 2878 virgines,
2746 2808 2796 2863 vi
2822 2809 3178 2880 oppressisse.
3208 2808 3400 2866 Testes
3420 2819 3551 2865 sunt
3580 2818 3797 2866 sancto-

2200 2910 2319 2951 rum
2351 2897 2720 2970 apostolorum
2769 2900 3021 2967 eclesite,
3070 2917 3193 2973 qua:
3236 2918 3341 2960 non
3382 2900 3635 2958 stillatm
3680 2901 3799 2973 plu-

505 3006 692 3062 spersa
723 3010 1057 3068 congregans
1106 3007 1163 3054 et
1210 2998 1381 3057 fracta
1409 2981 1772 3065 consolidans,
1802 3005 1946 3073 quod
1978 3005 2091 3060 cui.

2200 2988 2383 3060 viam,
2429 2991 2526 3047 sed
2572 2999 2742 3048 totum
2799 3000 3002 3050 tectum
3055 2993 3385 3051 intrinsecus
3413 3034 3430 3060 ,
3475 3009 3644 3065 supra
3688 2994 3798 3065 ipsa

506 3100 612 3155 que
664 3089 944 3159 preprium
993 3090 1098 3148 fuit
1150 3095 1387 3150 restituit
1435 3097 1558 3154 dein
1616 3096 1845 3154 Ronmm
1895 3098 2093 3155 similia

506 3177 751 3236 factm'us
780 3182 968 3238 adivit.

577 3272 707 3346 (An.
735 3274 886 3348 962.)
917 3276 969 3333 5.
1013 3277 1114 3336 Ubi
1146 3281 1286 3339 miro
1312 3295 1507 3342 ornatu
1553 3305 1803 3362 novoque
1829 3308 2092 3367 apparatu

502 3376 814 3439 susceptus,
865 3371 935 3427 ab
964 3373 1151 3429 eodem
1192 3391 1405 3434 summo
1434 3383 1687 3451 pontifice
1716 3394 1770 3440 et
1799 3389 2090 3446 universali

503 3472 639 3531 papa
687 3459 934 3519 Iohanne
981 3465 1294 3522 unctionem
1348 3472 1585 3542 suscepit
1635 3476 1878 3546 imperii;
1915 3480 2087 3537 solmn

505 3551 726 3620 propria
752 3567 858 3608 non
890 3554 1149 3623 restituit,
1181 3573 1369 3613 verum
1400 3562 1563 3617 etiam
1598 3564 1906 3637 ingentibus
1935 3588 2089 3642 gem-

502 3658 740 3710 marum,
766 3642 883 3702 auri
912 3650 1229 3721 argentique
1258 3655 1570 3713 muneribus
1594 3659 1876 3718 honoravit
1903 3663 2084 3735 (Febr.

502 3735 584 3808 2).
640 3734 1026 3810 Jusjurandum
1083 3757 1214 3798 vero
1269 3745 1339 3800 ab
1402 3749 1592 3805 eodem
1646 3767 1780 3823 papa
1841 3734 2089 3815 Iohanne

502 3839 666 3923 supra
716 3829 1174 3923 preeiosissimum
1227 3849 1425 3907 corpus
1478 3842 1649 3896 sancti
1688 3841 1866 3913 Petri,
1922 3857 2087 3923 atque

500 3914 754 3972 omnibus
784 3918 1018 3977 civitatis
1044 3924 1359 3993 proceribus
1381 3966 1397 3992 ,
1445 3943 1505 3983 se
1550 3946 1842 4004 numquam
1888 3914 2091 3995 Beren-

501 4004 655 4096 gario
693 4016 855 4079 atque
883 4010 1175 4069 Adclberto
1206 4016 1588 4074 auxiliaturum
1616 4062 1631 4088 ,
1685 4027 1911 4096 accepit.
1957 4028 2088 4087 Post

499 4095 618 4154 haec
644 4096 865 4168 Papiam
891 4100 963 4133 ⁵³⁸
986 4102 1132 4175 (147)
1163 4111 1477 4175 quantotius
1506 4114 1800 4184 repedavit.

575 4189 700 4260 (An.
753 4190 901 4265 965.)
940 4194 995 4248 4.
1048 4195 1258 4254 Interea
1300 4201 1558 4272 praefatus
1593 4222 1730 4277 papa
1771 4208 2041 4270 Iohannes
2066 4257 2081 4284 ,

494 4279 788 4354 juramenti
819 4296 873 4342 et
899 4290 1273 4358 promissionis
1299 4296 1499 4354 oblitus
1537 4315 1697 4370 quam
1728 4315 1916 4362 sancto
1943 4279 2085 4366 l'ecc;

501 4383 587 4467 rat
618 4375 953 4448 imperatori,
985 4380 1054 4436 ob
1087 4381 1462 4455 Adelbertmn,
1504 4400 1563 4445 ut
1604 4407 1663 4447 se
1691 4394 1865 4460 adeat,
1900 4399 2080 4467 mittit,

493 4463 805 4537 juramenm
839 4469 889 4525 ei
922 4470 1240 4540 adfirmans,
1272 4490 1329 4531 sc
1357 4477 1507 4534 illum
1533 4492 1721 4537 contra
1753 4463 2083 4545 sanctissimi

500 4557 848 4630 imperatoris
879 4564 1178 4633 potentiam
1217 4566 1546 4636 adjuturnm.
1580 4573 1733 4632 Adeo
1762 4579 1905 4634 enim
1952 4594 2087 4637 enn-

500 4650 621 4744 dem
649 4650 997 4709 Adelbcrtum
1025 4695 1041 4722 ,
1068 4656 1391 4715 eclesiarum
1422 4663 1514 4719 Dei
1547 4664 1895 4740 ejusdemque
1933 4689 2086 4744 papa:

498 4743 760 4804 Iohannis
786 4760 1211 4820 persecutorem,
1238 4754 1533 4825 imperator
1552 4772 1772 4833 sanctus
1795 4743 2080 4833 terruerat,

497 4847 560 4895 ut
593 4854 810 4896 omnem
866 4841 1072 4899 Italiam
1126 4846 1419 4916 deserens,
1466 4830 1818 4910 Fraxineium
1870 4830 2079 4927 adiret,

499 4945 669 5005 seque
697 4932 1122 4993 Sarracenorum
1154 4939 1276 4997 fidei
1323 4946 1747 5004 commendaret.
1782 4948 2083 5022 Imperator

2194 3086 2358 3142 etiam
2382 3097 2733 3145 sacrosancta
2764 3089 2958 3145 altaria
2984 3089 3211 3146 imbrem
3236 3091 3554 3147 admittunt.
3586 3091 3799 3161 Quanto

2192 3194 2292 3235 nos
2325 3188 2532 3236 terrore
2579 3180 2722 3252 tigna
2763 3181 3046 3261 alliciunt,
3095 3199 3218 3239 cum
3266 3185 3509 3239 divinam
3539 3184 3616 3218 ⁸³⁸
3643 3200 3798 3256 opem

2193 3271 2381 3328 eodem
2408 3273 2786 3344 deposcimus?
2835 3291 2983 3331 mors
3022 3276 3075 3331 in
3108 3276 3264 3333 tectis
3306 3288 3520 3349 regnat,
3548 3294 3677 3349 qua:
3704 3292 3799 3333 nos

2193 3378 2353 3420 orare
2381 3364 2547 3420 multa
2571 3365 2819 3422 volentes
2847 3367 3071 3439 impedit
3095 3409 3111 3434 ,
3136 3379 3297 3440 atque
3327 3370 3547 3425 domum
3580 3370 3795 3427 Domini

2193 3472 2319 3513 mox
2349 3455 2596 3527 linquere
2622 3458 2788 3530 cogit.
2835 3458 3028 3515 Testes
3054 3468 3182 3514 sunt
3225 3476 3331 3517 non
3364 3460 3541 3517 solum
3565 3459 3800 3531 junco:-

2192 3564 2311 3603 rum
2341 3558 2619 3616 curatura,
2672 3552 2765 3607 sed
2797 3561 2853 3607 et
2889 3552 3287 3608 cotidianarum
3335 3553 3600 3610 mulieres
3646 3555 3796 3644 (μθ)

2189 3643 2506 3701 formarum.
2536 3647 2634 3703 Cui
2678 3648 2819 3704 idem
2863 3656 2967 3715 est,
2999 3666 3019 3701 ‹
3057 3648 3122 3704 Ει
3160 3649 3369 3705 silicem
3396 3651 3650 3722 ipedibus
3672 3643 3793 3722 quat

2189 3746 2478 3794 conterunt
2508 3748 2686 3793 atrum
2719 3739 2889 3811 (l50),
2920 3759 2940 3792 ι
2986 3748 3042 3796 et
3074 3756 3196 3811 qua:
3240 3756 3565 3813 magnorum
3597 3741 3794 3799 subve-

2188 3828 2395 3884 huntur
2437 3830 2709 3903 adjutorio
2757 3832 3151 3903 jumentorum.
3197 3833 3374 3904 Atque
3420 3834 3528 3891 hoc
3578 3835 3661 3891 rei
3704 3843 3789 3891 est

2189 3922 2331 3992 quod
2386 3931 2534 3979 tanta
2593 3924 2643 3978 ei
2698 3939 2823 3979 eum
2874 3925 3201 3996 imperatore
3266 3937 3460 3982 sancto
3516 3927 3789 3983 discordia

2189 4022 2296 4080 est,
2338 4033 2356 4064 α
2381 4013 2521 4084 lupis
2566 4025 2620 4070 et
2658 4016 2810 4086 agnis
2847 4025 3046 4087 quanta
3084 4019 3277 4075 sortito
3304 4019 3498 4091 optigit
3559 4020 3732 4092 (l5l).
3766 4038 3788 4074 ι

2187 4103 2266 4159 llli
2312 4104 2428 4161 inec
2453 4115 2513 4161 ut
2561 4106 2807 4176 inpunite
2845 4106 3027 4175 liceat,
3051 4108 3400 4181 Adelpertum
3424 4110 3531 4166 sibi
3557 4122 3795 4182 patrem,

2194 4205 2450 4265 tutorem,
2480 4200 2819 4257 defensorem
2852 4212 3030 4273 parat.
3080 4222 3099 4256 ι

2262 4313 2316 4367 5.
2352 4312 2475 4370 [lare
2504 4314 2628 4370 dum
2661 4330 2690 4370 a
2732 4317 3079 4375 redeuntibus
3115 4320 3319 4377 nuntiis
3360 4320 3666 4394 imperator
3694 4339 3794 4379 an-

2193 4403 2365 4461 diret:
2406 4425 2424 4457 ι
2447 4405 2612 4473 Puer,
2636 4406 2845 4478 inquid,
2873 4420 2974 4473 cst,
3006 4407 3163 4468 facile
3183 4413 3446 4469 bonorum
3475 4416 3793 4473 immutabi-

2194 4504 2282 4551 tnr
2339 4498 2587 4569 exemplo
2635 4500 2896 4557 virorum.
2950 4500 3191 4574 Sperabo
3238 4520 3360 4562 cum
3407 4508 3793 4582 objurgatione

2194 4588 2444 4655 honesta,
2484 4590 2739 4646 suasione
2768 4591 2993 4661 liberali,
3035 4593 3193 4653 facile
3230 4613 3295 4653 ex
3328 4598 3433 4655 illis
3456 4616 3582 4657 sese
3611 4620 3793 4660 eriter-

2193 4695 2378 4743 surum
2406 4680 2594 4749 malis;
2640 4682 2992 4757 dicemusque
3034 4705 3154 4744 cum
3199 4691 3501 4762 propheta:
3545 4694 3681 4751 [lare
3713 4706 3789 4752 est

2192 4770 2472 4828 innwtatio
2521 4775 2721 4832 dextrw
2787 4777 2993 4834 Excelsi
3051 4779 3244 4854 (Paul.
3299 4800 3504 4851 Lxxvt,
3570 4789 3703 4861 ll).
3761 4808 3782 4843 ι

2191 4862 2258 4919 Et
2285 4866 2519 4936 adjecit:
2558 4887 2577 4920 ε
2614 4868 2768 4937 Quod
2815 4873 2963 4942 prius
2991 4888 3171 4931 rerum
3206 4878 3338 4932 ordo
3378 4878 3648 4949 deposcit,
3687 4882 3790 4939 Be-

2190 4960 2495 5031 rengarium
2526 4962 2578 5016 in
2609 4961 2892 5021 Feretrato
2914 4975 3096 5023 monte
3125 4969 3466 5028 resistentem
3497 4974 3788 5045 propulse-

569 5140 640 5177 ι..
676 5145 889 5177 mh.“
930 5151 1010 5177 η,
1050 5151 1278 5177 ωηεω
1326 5156 1359 5177 ς,
1699 5118 1727 5177 .;
1780 5176 1785 5177 ί
1894 5091 2123 5177 Ῡέὶ¹ξ¹Α⁴ί
2167 5097 2569 5177 LECTIONES-

676 5151 890 5250 papi‘am
930 5151 1011 5205 vel
1050 5151 1280 5222 patriam
1325 5156 1380 5213 2.
1423 5156 1656 5229 patriam
1696 5159 1729 5216 5
1770 5176 1820 5216 a.
1898 5162 1966 5197 ‘3'
2003 5167 2039 5221 ἰ.
2082 5185 2129 5223 e.
2168 5151 2285 5226 non
2314 5151 2363 5224 5“
2383 5151 2713 5241 quibuslibet
2746 5182 2839 5231 aut
2875 5178 3063 5250 paucis
3102 5179 3196 5238 sed
3232 5179 3300 5239 ab
3321 5178 3580 5241 omnibus
3616 5181 3684 5241 Π.
3728 5199 3783 5245 c.

487 5210 568 5267 ,⁵³⁸
586 5210 767 5273 divina
791 5219 844 5286 _l.

2014 5307 2150 5340 Nn'l"
2172 5311 2221 5340 Π
