4012 5340
124 239 218 296 901

1130 235 1218 294 DE-
1254 238 1485 296 REBUS
1518 227 1762 290 GESTIS
1798 232 2092 292 OT'l'OMS
2137 250 2206 293 at.
2247 236 2384 296 ΜΠ).

3302 237 3408 297 illi").

125 375 270 426 mus;
300 355 421 415 dein
469 347 695 428 paterna
735 349 1075 408 abdicatione
1109 349 1178 383 δ”
1219 350 1474 406 domuum
1515 362 1707 418 papam
1738 349 1784 409 Λ
1813 345 2189 418 Liudprandus
2220 349 2453 422 episcopi
2479 348 2708 406 Romam
2741 358 2867 407 ante
2891 325 3070 407 domui
3107 365 3258 423 papa:
3273 367 3410 423 pne-

123 451 533 514 oonveuiamus;
561 445 606 502 si
638 461 744 501 non
769 443 1062 508 voluntate,
1085 441 1408 498 verecundia
1431 439 1620 495 saltem
1655 439 1709 492 in

123 547 294 604 virum
320 541 618 616 perfectum
669 554 789 596 sese
830 537 1206 594 conunutabit.
1239 534 1437 607 Sicque
1487 533 1711 590 forsitan

124 639 379 702 devictus,
415 635 550 691 bene
577 646 938 690 consuescere
970 630 1188 702 pudebit
1209 629 1277 662 “°
1309 631 1649 684 desuescerc.
1688 647 1706 680 ›

189 734 242 789 6.
277 731 373 787 His
402 729 653 802 expletis,
683 727 862 798 Papia:
903 725 1083 780 navim
1133 725 1467 789 conscendit,
1515 739 1579 779 ac
1617 738 1714 778 uer

122 830 378 888 Heridani
403 827 688 883 “'alveum
707 824 1020 879 Ravennam
1047 838 1216 892 usque
1239 820 1490 892 pervenit
1514 837 1529 886 ;
1558 819 1711 874 indc-

123 939 226 995 que
247 920 600 994 progrediens
621 925 859 972 montem
881 913 1246 977 Feretratum,
1269 911 1357 982 qui
1383 910 1553 966 sancti
1579 909 1714 964 Leo-

122 1013 446 1075 nis-dicitur,
471 1011 523 1066 in
548 1026 656 1081 quo
675 1007 1034 1076 Berengarius
1050 1015 1104 1061 ct
1121 1003 1284 1059 Willa
1311 1013 1488 1068 erant,
1505 1003 1716 1058 obsedit

121 1095 303 1176 (Mat,
334 1101 492 1166 Jun.,
535 1101 698 1171 Jul.).
733 1099 850 1169 Quo
894 1108 948 1154 et
980 1098 1235 1168 prmfatus
1274 1112 1409 1167 papa
1455 1096 1710 1162 Leonem,

121 1193 480 1249 venerabilem
520 1201 722 1248 sancta:
763 1191 1017 1246 Romana:
1055 1188 1310 1244 Ecclesia:
1350 1198 1480 1243 tunc
1526 1197 1711 1258 proto-

123 1287 487 1349 scriniarium,
527 1301 670 1340 nunc
703 1283 851 1356 (159.)
899 1283 951 1336 in
992 1283 1180 1337 eadem
1220 1281 1347 1335 sede
1385 1279 1525 1334 beati
1568 1278 1713 1333 Petri

120 1378 481 1450 apostolorum
531 1377 811 1440 vicarium,
845 1389 1052 1430 necnon
1093 1381 1147 1428 et
1179 1372 1530 1436 Demetrium,
1575 1370 1714 1440 opti-

119 1474 340 1527 matium
374 1471 743 1526 Romanorum
772 1468 1144 1531 illustriorem,
1181 1475 1371 1521 sancto
1403 1462 1711 1534 imperatori

119 1564 340 1620 nuntios
378 1563 583 1633 dirigit,
613 1562 874 1616 mandans
923 1559 1064 1614 haud
1095 1558 1288 1612 mirum
1319 1572 1460 1622 esse,
1500 1556 1544 1611 si
1586 1558 1713 1610 hac-

120 1665 273 1711 tenus
296 1655 599 1728 juventutis
647 1655 768 1724 igne
813 1653 1006 1716 victus,
1040 1651 1245 1720 puerile
1291 1649 1418 1720 quid
1446 1648 1708 1720 gesserit;

1814 440 2042 493 sentiam
2074 440 2372 502 venientes.
2411 449 2561 496 tanto
2593 449 2718 496 sunt
2752 442 2806 497 in
2832 443 3036 499 honore
3062 444 3320 513 suscepti,
3351 453 3414 500 ut

1815 545 1919 584 non
1947 545 2040 586 eos
2068 530 2284 596 lateret,
2317 541 2520 601 quanto
2563 542 2810 588 sanctum
2855 535 3236 606 imperatorem
3265 538 3413 593 tedio

1814 618 2106 676 fastidiret.
2160 623 2462 678 Ordinatim
2521 632 2722 691 tamen,
2775 637 2934 696 prout
2984 628 3065 682 eis
3110 626 3411 696 iniunctum

1815 713 2012 779 fuerat,
2050 724 2392 782 cnarrantes,
2421 732 2526 771 non
2554 717 2879 789 jurameuto,
2915 737 3020 776 non
3046 721 3224 776 duello
3252 723 3414 779 satis-

1815 807 2103 863 factionem
2154 825 2290 880 papa
2341 809 2582 881 recipere
2629 811 2818 877 voluit,
2861 816 2954 868 sed
2988 815 3041 869 in
3085 815 3272 870 eadem
3304 832 3411 887 qua

1814 898 1992 955 fuerat
2037 903 2232 957 mentis
2283 902 2480 959 duritia
2532 905 2753 960 mansit.
2805 906 3041 962 Subdole
3081 915 3258 964 tamen
3293 917 3416 979 post.

1815 994 1931 1050 dies
1961 1007 2084 1050 octo
2103 993 2402 1052 Johannem
2425 997 2735 1070 episcOpum
2763 997 3136 1066 Narniensem,
3163 1010 3219 1056 et
3239 998 3413 1056 Bene-

1815 1086 2018 1142 dictum
2052 1087 2383 1144 eardinalem
2425 1089 2730 1156 diaconem,
2761 1106 2885 1147 Cllln
2930 1092 3048 1147 istis
3075 1096 3272 1148 domno
3312 1093 3419 1148 im-

1812 1181 2052 1250 peratori
2099 1181 2409 1248 destinavit,
2459 1191 2656 1254 putans
2699 1200 2759 1240 se
2805 1185 2950 1240 hunc
2997 1184 3110 1240 suis
3160 1185 3416 1243 deludere

1814 1287 1972 1344 posse
2017 1275 2303 1340 versutiis;
2358 1275 2444 1331 cui
2499 1277 2660 1332 nimis
2693 1287 2780 1334 est
2824 1279 2986 1334 verba
3019 1280 3148 1334 dare
3177 1279 3415 1338 diﬂieile.

1812 1367 1954 1422 Ante
1992 1385 2223 1439 quorum
2269 1371 2500 1425 reditum
2547 1371 2894 1438 Adelbertns,
2948 1373 3210 1428 invitante
3253 1390 3414 1446 papa,

1814 1478 1844 1516 a
1897 1462 2187 1518 Fraxineto
2237 1465 2490 1531 rediens,
2551 1465 2952 1522 Centumcellas
3001 1467 3250 1534 advenit;
3287 1468 3414 1523 dein

1814 1555 2042 1611 Romam
2096 1558 2396 1628 profectus,
2449 1575 2578 1624 non,
2612 1569 2670 1614 ut
2713 1561 2924 1626 debuit,
2969 1562 3283 1631 repudiatus
3319 1561 3417 1618 sed

1821 1647 2120 1703 honoriﬁce
2151 1664 2179 1703 a
2209 1665 2343 1720 papa
2377 1657 2460 1703 est
2489 1658 2794 1719 susceptus.
3127 1632 3138 1646 ’

113 1746 220 1818 jam
280 1725 489 1818 tempus
548 1747 804 1812 instabat,
861 1761 982 1800 cum
1034 1744 1210 1798 alieno
1259 1751 1479 1814 cuperet
1532 1743 1714 1796 vivere
1744 1725 1792 1785 Β
1889 1741 1939 1794 8.
1973 1741 2098 1797 llaec
2140 1743 2265 1796 dum
2306 1752 2558 1811 aguntur,
2591 1743 2780 1799 Phoebi
2821 1745 2985 1800 radiis
3017 1761 3180 1818 grave
3222 1743 3417 1802 Cancri

118 1859 286 1898 more.
347 1841 624 1896 Mandavit
666 1841 828 1895 etiam
887 1839 1071 1894 dolose
1127 1838 1374 1908 qucedam
1419 1856 1430 1890 :
1481 1837 1714 1892 Leonem

117 1936 431 2005 episcopum
472 1943 526 1987 et
563 1933 863 1989 Iohannem
902 1933 1182 1987 diaconem
1211 1929 1562 1995 cardinalem,
1590 1945 1717 1984 suos

118 2027 364 2082 inﬁdeles
417 2027 764 2098 suscepisset,
809 2035 863 2081 et
907 2027 1030 2096 quia
1076 2027 1144 2059 δῖ’
1175 2036 1395 2082 sanctus
1425 2027 1718 2098 imperator

117 2117 494 2188 promissionis
523 2133 633 2172 suae
663 2117 820 2170 fidem
857 2116 1105 2181 violaret,
1138 2118 1263 2170 dum
1291 2135 1384 2173 eos
1415 2117 1503 2187 qui
1529 2132 1592 2171 eo
1615 2115 1717 2169 loci

117 2208 430 2273 manebant,
458 2224 564 2262 non
603 2208 702 2276 ipsi
753 2208 844 2262 sed
878 2207 978 2261 sibi
1009 2206 1318 2276 iuramento
1370 2207 1717 2278 astringeret.

117 2299 325 2367 Quibus
375 2300 724 2369 imperator:
773 2317 791 2350 ι
832 2298 936 2353 Pro
997 2299 1356 2363 correctione,
1404 2299 1596 2368 inquit,
1656 2313 1720 2353 ac

118 2404 326 2444 morum
373 2391 756 2457 inmutatione,
807 2406 968 2463 quam
1022 2391 1311 2462 promittit,
1343 2391 1546 2462 gratias
1581 2406 1714 2461 ago;

115 2497 178 2539 ex
207 2485 589 2554 promissionis
635 2501 764 2541 vero
820 2487 1265 2551 counnntatione,
1308 2485 1461 2554 cujus
1507 2501 1592 2540 me
1627 2502 1718 2540 ar-

117 2578 247 2647 guit,
284 2575 506 2642 fecisse,
529 2579 571 2634 si
601 2593 788 2634 verum
831 2581 922 2644 sit,
972 2581 1072 2650 ipsi
1123 2581 1461 2651 perpendite.
1493 2579 1719 2636 Omnem

119 2677 319 2724 terram
345 2672 522 2728 sancti
547 2669 714 2737 Petri,
741 2687 858 2742 qua:
883 2682 1079 2727 nostrre
1102 2673 1360 2744 potestati
1388 2672 1720 2764 proveniret,

115 2764 466 2833 promisimus
497 2765 751 2833 reddere;
797 2779 959 2838 atque
1004 2769 1057 2824 id
1098 2771 1173 2824 rei
1211 2777 1311 2832 est,
1345 2769 1488 2840 quod
1519 2785 1586 2824 ex
1618 2770 1722 2824 hac

119 2856 418 2911 munitione
464 2856 850 2929 Berengarium
899 2875 1022 2914 cum
1071 2861 1219 2915 omni
1266 2860 1469 2915 familia
1521 2860 1724 2931 pellere

118 2945 450 3005 laboramus.
479 2951 597 3018 Quo
629 2954 770 3006 enim
805 2961 961 3023 pacto
993 2962 1193 3009 terram
1236 2955 1375 3009 hanc
1413 2955 1462 3009 ei
1496 2955 1723 3011 reddere

115 3056 428 3111 possumus,
460 3043 505 3096 si
548 3059 652 3098 non
688 3043 840 3114 prius
877 3060 996 3098 eam
1050 3061 1117 3100 ex
1156 3045 1515 3100 violentorum
1551 3045 1723 3100 mani-

114 3133 215 3189 bus
245 3144 518 3202 ereptam,
561 3136 816 3206 potestati
870 3148 1068 3192 nostra:
1118 3138 1446 3192 subdamus?
1484 3135 1723 3193 Leonem

113 3228 431 3298 episcopum
457 3228 834 3285 etJohannem
881 3231 1217 3286 cardinalem
1255 3231 1558 3296 diaconem,
1600 3246 1726 3286 suos

113 3319 390 3386 infideles,
422 3337 560 3392 quos
595 3338 694 3378 nos
725 3323 1031 3393 suscepisse
1067 3332 1309 3389 accusat,
1347 3323 1432 3377 his
1466 3322 1724 3392 tempori-

112 3411 215 3469 bus
242 3431 346 3470 nec
376 3415 630 3481 vidimus,
662 3432 760 3471 nec
787 3417 1124 3486 suscepimus
1152 3436 1163 3470 :
1195 3416 1724 3487 ConstantinOpolim

109 3501 316 3560 domno
346 3521 484 3577 papa
529 3522 624 3562 eos
652 3508 721 3563 ob
759 3505 1010 3575 injuriam
1048 3517 1288 3563 nostram
1316 3509 1726 3579 proficiscentes

110 3597 407 3670 dirigente,
443 3600 624 3670 Capue
668 3609 813 3664 sunt,
848 3610 903 3654 ut
928 3601 1255 3666 audivimus,
1307 3601 1468 3672 capti.
1495 3601 1727 3669 Quibus-

110 3705 244 3745 cum
277 3691 444 3746 eliam
470 3692 782 3759 Saleccum,
808 3694 1028 3749 natione
1053 3693 1384 3764 Bulgarium,
1407 3694 1726 3749 educatione

114 3779 445 3856 Ungarium,
464 3787 645 3842 domui
668 3804 817 3859 papae
844 3787 1350 3855 fatniliarissinnun,
1375 3797 1429 3844 et
1452 3788 1723 3856 Zachctnn

109 3877 302 3932 virum
357 3881 746 3950 reprobatum,
809 3881 1112 3936 divinarum
1159 3891 1322 3952 atque
1366 3882 1722 3938 hunmnarum

109 3969 359 4025 inscium
402 3971 730 4037 litterarum,
761 3988 790 4026 a
823 3974 1019 4028 domno
1060 3989 1192 4043 papa
1223 3973 1550 4043 episcopum
1576 3974 1722 4047 (153)

106 4062 337 4119 noviter
390 4073 786 4130 consecratum,
827 4073 882 4120 et
919 4063 1171 4136 Ungariis
1204 4064 1269 4119 ad
1299 4065 1720 4134 praedicandum,

105 4165 174 4211 ut
202 4171 374 4227 super
415 4173 514 4212 nos
554 4158 784 4223 irruant,
810 4158 1157 4221 destinatum,
1180 4157 1368 4212 eodem
1395 4167 1581 4228 captos
1602 4173 1725 4214 esse

110 4249 453 4302 audivimus.
476 4249 601 4304 llaec
618 4249 872 4304 domuum
889 4266 1080 4322 papam
1106 4250 1627 4308 nullisnarrantihus
1648 4251 1725 4307 fe-

110 4339 264 4394 cisse
290 4339 660 4406 crederemus,
689 4341 789 4396 nisi
821 4341 1014 4397 litterae
1037 4343 1195 4397 fidem
1218 4342 1584 4407 admitterent,
1605 4361 1724 4415 qua:

106 4429 345 4504 plumbo
373 4432 596 4503 signata:
623 4434 704 4488 sui
735 4435 969 4489 nominis
999 4446 1304 4491 caractercs
1337 4447 1660 4493 monstrant.
1697 4459 1716 4490 ι

187 4523 245 4578 7.
279 4523 377 4579 llis
401 4525 650 4596 expletis,
685 4525 1100 4583 Landohardum
1150 4545 1178 4582 a
1232 4529 1467 4585 Saxouia
1501 4532 1724 4588 Mimen-

108 4615 349 4672 densem
399 4625 454 4670 et
501 4615 902 4688 Liudprandum
957 4619 1026 4674 ab
1081 4619 1229 4674 ltalia
1278 4619 1719 4690 Cremonensem,

107 4709 445 4781 episcopos.
511 4726 634 4766 cum
687 4711 927 4782 prmfatis
980 4713 1185 4768 nuntiis
1243 4712 1470 4768 Romam
1514 4715 1719 4786 dirigit,

109 4801 325 4856 domno
346 4818 499 4874 papa:
527 4818 585 4858 se
614 4802 990 4875 inculpabilem
1021 4819 1138 4859 esse
1166 4805 1558 4862 satisfacturos.
1580 4810 1724 4874 Quo-

108 4902 244 4950 rum
279 4897 444 4950 etiam
488 4895 750 4952 militibus
786 4897 887 4952 hoc
918 4897 1210 4968 imperator
1233 4896 1412 4967 justus
1447 4899 1721 4968 imposuit,

105 4996 176 5040 ut.
210 4986 260 5040 si
291 5001 452 5043 secus
481 4986 716 5042 domnus
742 5003 875 5059 papa
905 5003 1007 5043 non
1033 4987 1299 5054 crederet,
1331 4988 1509 5043 duello
1537 5005 1722 5045 vermn

107 5092 244 5136 esse
305 5083 699 5156 approbarent.
751 5079 962 5136 Prrefati
1017 5081 1183 5154 igitur
1226 5080 1618 5140 Landohardus
1671 5093 1726 5140 et

1749 4478 1802 4540 D

1820 1833 1969 1888 sidus
2009 1829 2290 1890 ines'tuans
2329 1835 2710 1905 imperatorem
2755 1837 3018 1892 Romanis
3048 1839 3267 1894 arcibus
3293 1853 3420 1908 pro-

1820 1925 2051 1996 pellebat
2082 1926 2264 1998 (Jul.).
2298 1925 2404 1982 Sed
2445 1944 2566 1982 cum
2599 1929 2861 2000 virginale
2895 1931 3044 1985 sidus
3089 1938 3300 2002 gratam
3335 1943 3420 1984 rc-

1821 2020 1974 2074 diens
2004 2021 2317 2090 temperiem
2348 2020 2537 2086 ferret,
2569 2021 2814 2078 collectis
2842 2023 3032 2094 copiis,
3057 2023 3195 2078 clam
3220 2021 3421 2078 Roma-

1823 2113 1909 2167 nis
1939 2113 2316 2178 invitantibus,
2348 2115 2571 2169 Romam
2615 2115 2832 2171 advenit
2861 2115 3074 2187 (Sept.).
3107 2115 3244 2184 Quid
3272 2118 3418 2172 enim

1822 2209 1958 2264 clam
1992 2209 2242 2272 dixerim,
2285 2224 2406 2262 cum
2433 2206 2605 2276 major
2639 2207 3006 2264 Romanorum
3036 2225 3160 2280 pars
3189 2209 3423 2280 optima-

1822 2301 1957 2356 tium
2003 2301 2175 2356 sancti
2225 2299 2377 2355 Panli
2419 2301 2698 2357 castellum
2750 2302 3028 2369 invaserit,
3063 2311 3422 2372 sanctumque

1822 2394 2203 2464 imperatorem
2243 2395 2523 2452 obsidibus
2559 2396 2722 2451 etiam
2769 2395 2912 2451 datis
2958 2396 3242 2451 invitavit?
3277 2395 3421 2462 Quid

1822 2485 2007 2541 multis
2031 2487 2233 2541 morer?
2245 2484 2398 2554 juxta
2427 2487 2614 2542 urbem
2643 2495 3065 2543 castrametatus
3094 2489 3412 2557 imperator,

1823 2579 1992 2633 Roma
2027 2596 2163 2650 papa
2194 2579 2356 2635 simul
2382 2589 2544 2649 atque
2572 2580 2903 2652 Adalpertus
2929 2580 3232 2653 aufuginnt.
3265 2581 3424 2638 Cives

1821 2688 1953 2730 vero
2009 2675 2392 2744 imperatorem
2439 2684 2685 2731 sanctum
2731 2690 2854 2730 cum
2901 2675 3014 2731 suis
3061 2674 3313 2730 omnibus
3367 2674 3420 2730 in

1822 2766 2012 2822 urbem
2038 2768 2362 2838 suscipiunt,
2395 2767 2708 2823 fidelitatem
2743 2767 3169 2838 repromittunt;
3201 2767 3304 2823 hoc
3330 2766 3425 2821 ad-

1824 2856 2014 2915 dentes
2044 2867 2100 2914 et
2140 2859 2368 2915 firmiter
2400 2861 2650 2931 iurantes
2675 2877 2968 2932 numquam
3001 2876 3059 2916 se
3089 2875 3282 2932 papam
3311 2858 3424 2915 ele-

1822 2959 2010 3009 cturos
2038 2953 2106 2986 “3
2137 2965 2229 3010 aut
2260 2955 2609 3010 ordinaturos
2639 2965 2838 3024 przeter
2867 2971 3190 3012 consensum
3223 2965 3279 3010 et
3315 2953 3425 3010 ele-

1828 3046 2062 3101 ctionem
2093 3045 2277 3101 domui
2309 3047 2651 3118 imperatoris
2697 3046 2911 3104 Ottonis
2953 3047 3158 3104 cesaris
3189 3046 3421 3120 augusti,

1831 3137 2038 3207 filiique
2069 3139 2237 3209 ipsius
2270 3139 2410 3210 regis
2435 3136 2670 3194 Ottonis.

1899 3229 1950 3284 9.
1976 3228 2104 3284 Post
2129 3230 2385 3296 triduum,
2429 3212 2747 3302 rogantibus
2791 3240 2896 3286 tam
2923 3232 3184 3287 Romanis
3213 3231 3425 3303 episco-

1826 3324 1914 3395 pis
1936 3339 2096 3393 quam
2121 3324 2298 3395 plebe,
2347 3340 2573 3395 magnus
2615 3324 2670 3379 in
2710 3326 2883 3381 sancti
2925 3325 3071 3380 Petri
3111 3324 3340 3380 ecclesia
3370 3324 3428 3379 lit

1829 3425 2148 3480 conventus,
2191 3419 2556 3486 sederuntque
2605 3431 2728 3472 cum
2773 3396 3104 3486 imperatore
3157 3415 3428 3484 archiepi-

1829 3508 2003 3576 scopi,
2022 3508 2087 3562 ab
2111 3507 2259 3562 ltalia
2285 3523 2382 3579 pro
2408 3507 2710 3579 lngell’redo
2731 3507 3072 3579 Aquilegensi
3093 3505 3426 3576 patriarcha,

1828 3613 1988 3668 quem
2036 3599 2088 3653 in
2138 3599 2324 3654 eadem
2359 3601 2491 3656 urbe
2542 3600 2769 3670 languor
2797 3608 3037 3670 repente,
3066 3607 3122 3652 ut
3166 3597 3248 3662 fit,
3278 3605 3429 3651 ortus

1829 3692 2154 3762 arripuerat,
2183 3693 2442 3748 Rodalfus
2465 3693 2828 3758 “diaconus,
2857 3691 3204 3763 Waldpertus
3231 3689 3431 3746 Medio-

1828 3782 2084 3850 lanensis,
2108 3785 2302 3841 Petrus
2326 3785 2641 3854 Ravennas;
2662 3803 2690 3840 a
2709 3785 2971 3852 Saxonia,
3004 3784 3227 3840 Adeltac
3252 3783 3432 3840 archi-

1827 3879 2113 3948 episcopus
2149 3889 2203 3935 et
2240 3879 2630 3935 Landohardus
2669 3879 2956 3950 episcopus
2997 3877 3426 3944 Mimendensis;

1827 3984 1857 4023 a
1909 3970 2161 4038 Francia,
2195 3971 2448 4028 Olkerius
2503 3973 2789 4044 episcopus
2831 3971 3124 4043 Spirensis,
3163 3971 3432 4042 llupcrtns

1827 4059 2168 4129 Parmensis;
2229 4063 2295 4118 ab
2339 4061 2531 4129 ltalia,
2585 4062 2964 4133 Liudprandus
3019 4061 3430 4148 Cremonensis.

1827 4153 2222 4210 llermenaldus
2245 4154 2537 4226 chcnsis;
2562 4171 2590 4209 a
2618 4155 2837 4222 Tuscia,
2863 4155 3180 4212 Cuonradus
3207 4155 3275 4187 “5
3291 4155 3433 4211 Luca

1827 4247 2039 4312 censis,
2089 4245 2378 4301 Evcrarius
2413 4246 2719 4313 Ariticusis,
2760 4245 2989 4302 Pisanus
3033 4245 3103 4278 ⁸⁵⁵
3128 4245 3428 4313 Seniensis,

1827 4338 2134 4393 Florentius
2166 4337 2508 4394 Pestruensis
2553 4337 2727 4410 (1511,
2767 4336 2960 4393 Petrus
3005 4335 3425 4401 Camerinensis,

1829 4431 2165 4502 Spoletinus;
2202 4448 2229 4486 a
2269 4431 2550 4498 Romanis,
2588 4430 2885 4502 Gregorius
2921 4431 3269 4496 Albanensis,
3302 4430 3429 4485 Sico

1832 4523 2153 4589 llostiensis,
2197 4522 2524 4579 Benedictus
2572 4522 2913 4589 Portuen'sis,
2945 4522 3177 4578 Lucidus
3218 4522 3430 4578 Gaven-

1831 4615 1924 4681 sis,
1973 4613 2392 4685 Theophilactus
2437 4615 2826 4683 Prmnestinus,
2880 4615 3042 4673 Wido
3093 4615 3254 4670 Silvae
3301 4630 3430 4670 can-

1832 4707 1989 4770 didm,
2031 4705 2140 4760 Leo
2179 4705 2586 4772 Veletrinensis,
2616 4707 2741 4763 Sico
2779 4707 3080 4773 Bledensis,
3123 4705 3430 4776 Stephanus

1833 4798 2106 4864 Cerensis,
2136 4797 2414 4854 Johannes
2440 4799 2756 4869 Nepesinus,
2789 4799 3065 4854 Johannes
3089 4795 3428 4863 Tiburtinus,

1831 4889 2103 4948 Johannes
2150 4891 2564 4946 Forocludensis
2606 4890 2777 4963 (l55),
2809 4891 3088 4947 Romanus
3114 4888 3431 4944 Feretinen-

1831 4988 1931 5052 sis,
1962 4985 2237 5042 Johannes
2274 4985 2614 5050 Normensis,
2660 4983 2935 5041 Johannes
2968 4983 3299 5050 Berulensis,
3322 4979 3434 5036 Ma-

1831 5082 1983 5137 rinus
2042 5078 2333 5148 Sutrinus,
2399 5077 2676 5135 Johannes
2747 5075 3113 5145 Narniensis,
3157 5073 3434 5132 Johannes

1423 5242 1661 5301 VARle
1699 5243 2108 5303 LECTIONES.
