4012 5340
552 311 656 371 905

1485 304 1911 370 LIUTPRANDI
1948 303 2438 366 CBEMONENSIS
2473 306 2781 368 EPISCOPI

3714 301 3814 367 9οι

524 421 882 486 ’ὃθδῖιιιοηείε,
906 421 1181 482 Iohannes
1221 425 1570 493 Callasensis,
1607 427 1916 484 Falarcnsis
1943 425 2116 497 (l56),
2145 426 2196 483 A
2222 419 2548 479 Benedictus
2575 425 2867 481 cardinalis
2906 424 3169 482 diaconus
3203 437 3323 481 cum
3353 419 3554 480 ceteris
3599 422 3814 479 condia-

527 514 901 581 Alatrtnensis,
945 516 1203 585 Ortanus,
1254 518 1528 575 Iohannes
1571 519 1954 590 Anagniensis,
1986 518 2120 574 Tre-

526 609 734 675 bensis,
771 609 1093 668 Sabbatinus
1125 611 1564 680 Tarracinensis,
1613 614 1921 685 Stephanus
1943 612 2122 669 cardi-

525 701 667 764 nalis
715 702 1138 773 archipresbiter
1173 705 1309 760 tituli
1342 705 1593 771 Balbinzc,
1637 706 1947 762 Dominicus
1981 704 2119 760 tituli

525 791 847 860 Anastasite,
874 794 1068 852 Petrus
1098 796 1234 852 tituli
1259 797 1500 864 Damasi,
1529 797 1950 868 Theophilactus
1980 795 2119 850 tituli

526 885 865 958 Cbrisogoni,
897 885 1172 944 Iohannes
1223 888 1360 944 tituli
1406 889 1630 960 Equitii,
1671 888 1945 945 Iohannes
1981 888 2120 944 tituli

526 975 788 1034 Susanna:
816 1020 832 1044 ,
875 978 1071 1036 Petrus
1123 980 1265 1035 tituli
1307 980 1613 1048 Pamachii,
1659 981 1930 1037 Adrianus
1977 979 2121 1036 tituli

526 1067 766 1136 Callixti,
797 1069 1072 1128 Iohannes
1102 1072 1238 1127 tituli
1265 1072 1498 1137 Cecilite,
1529 1073 1799 1129 Adrianus
1843 1072 1982 1128 tituli
2016 1073 2123 1128 Lu-

524 1161 684 1225 cinae,
726 1162 1050 1218 Benedictus
1099 1163 1238 1218 tituli
1273 1161 1433 1229 Sixti,
1467 1163 1608 1218 tituli
1646 1175 1956 1219 sanctorum
1988 1180 2124 1234 qua-

525 1259 648 1308 tuor
675 1251 1090 1317 Coronatorum,
1144 1254 1455 1324 Stephanus
1503 1256 1644 1310 tituli
1681 1256 1920 1322 Sabinae,
1953 1256 2123 1312 Bene-

525 1344 701 1401 dictus
726 1346 1019 1402 cardinalis
1063 1346 1499 1413 archidiaconus,
1537 1347 1812 1404 Iohannes
1839 1349 2122 1413 diaconus,

523 1431 822 1493 Bonoiilius
871 1438 1132 1494 diaconus
1181 1439 1497 1507 cardinalis,
1547 1441 1915 1510 primicerius,
1962 1440 2126 1497 Geor-

523 1529 644 1600 gius
667 1531 1094 1597 secundiccrius,
1121 1531 1430 1602 Stephanus
1455 1535 1854 1604 aminiculator,
1878 1537 2124 1591 Andreas

525 1625 796 1690 arcarius,
823 1623 1048 1697 Sergius
1077 1625 1422 1695 primicerius
1451 1628 1815 1695 defensorum,
1849 1627 2124 1684 Iohannes

523 1713 841 1780 sacellarius
861 1715 954 1781 “7,
995 1718 1322 1788 Stephanus,
1354 1719 1793 1791 Theophilactus,
1828 1723 2117 1788 Adrianus,

2225 512 2450 569 conibus
2479 524 2532 569 et
2556 515 2876 585 presbiteris
2899 516 3155 572 dixerunt
3180 531 3241 572 se
3263 517 3336 572 sci
3348 530 3403 572 re
3433 514 3582 586 quod
3608 513 3820 569 ordina-

2225 603 2401 661 tiones
2425 607 2801 679 episcoporum
2830 609 3027 680 pra-cio
3058 608 3280 675 faceret,
3310 617 3365 664 et
3387 607 3532 678 quod
3559 623 3820 666 annorum

2223 692 2409 750 decem
2444 697 2756 768 episcopum
2806 698 2860 753 in
2912 697 3210 754 Tudertina
3256 697 3477 754 civitate
3519 697 3819 755 ordinaret.

2224 785 2301 840 De
2327 786 2611 857 sacrilegio
2634 789 2888 844 dixerunt
2910 791 3031 846 "non
3071 805 3191 845 esse
3222 804 3447 844 necesse
3488 789 3822 860 percontari,

2223 879 2350 948 quia
2377 879 2498 951 plus
2523 881 2751 937 videndo
2774 898 2937 953 quam
2969 882 3240 938 audiendo
3262 882 3404 938 scire
3431 881 3822 953 potuissemus.

2223 968 2300 1025 De
2357 970 2622 1027 adulterio
2673 974 2951 1040 dixerunt,
2997 976 3138 1046 quod
3182 974 3356 1030 oculis
3398 989 3507 1028 non
3555 973 3826 1041 viderent,

2229 1061 2324 1116 scd
2354 1064 2657 1120 certissime
2683 1066 2886 1120 scirent
2907 1065 3124 1121 viduam
3151 1065 3390 1121 Bainerii
3414 1076 3472 1120 et
3493 1065 3829 1136 Stephanatn

2229 1152 2405 1223 patris
2429 1155 2786 1210 concubinam
2811 1167 2865 1211 et
2893 1155 3105 1211 Annam
3131 1156 3348 1211 viduam
3388 1172 3511 1211 eum
3536 1165 3705 1228 nepte
3734 1169 3829 1211 sua

2229 1244 2457 1299 abusum
2488 1261 2630 1311 esse,
2670 1255 2728 1302 et
2775 1258 3018 1303 sanctum
3051 1248 3306 1320 palatium
3356 1249 3588 1320 lupanar
3622 1258 3680 1303 et
3706 1264 3829 1319 pro-

2224 1336 2479 1391 stibulum
2508 1337 2722 1394 fecisse.
2747 1337 3105 1396 Venationem
3131 1340 3387 1396 dixerunt
3416 1339 3642 1410 publice
3670 1355 3830 1395 exer-

2225 1428 2432 1494 cuissc;
2461 1428 2809 1486 Benedictum
2847 1432 3144 1502 spiritalem
3191 1449 3347 1488 suum
3379 1445 3597 1504 patrem
3628 1429 3834 1487 lumine

2223 1521 2488 1591 privasse,
2521 1533 2575 1577 et
2615 1539 2740 1578 mox
2765 1535 3036 1580 mortuum
3061 1541 3211 1594 esse;
3246 1526 3554 1582 Iohannem
3580 1527 3834 1582 cardina-

2224 1610 2330 1668 lem
2362 1613 2746 1671 subdiaconem
2785 1617 3032 1674 virilibus
3079 1621 3372 1689 amputatis
3415 1620 3725 1684 occidisse;
3759 1618 3835 1674 in-

2226 1704 2416 1758 cendia
2445 1703 2659 1771 fecisse,
2687 1720 2818 1762 ense
2839 1708 3163 1774 accinctum,
3193 1709 3348 1781 galea
3370 1719 3425 1764 et
3447 1709 3626 1765 lnrica
3657 1710 3731 1742 δ”
3761 1710 3835 1765 in-

527 1807 854 1880 slephanus,
903 1783 1262 1879 Benedictus,
1313 1815 1450 1880 A20,
1500 1783 1788 1872 Admnus'
1824 1817 2122 1882 Rmumms,
2153 1783 2200 1844 Β
2229 1796 2415 1853 dutum
2466 1815 2588 1855 esse
2636 1801 2818 1856 testati
2849 1811 2994 1857 sunt.
3024 1801 3231 1860 Diaboli
3279 1805 3332 1858 in
3379 1819 3626 1860 amorem
3655 1803 3833 1860 vinum

524 1900 655 1970 Leo,
689 1903 1031 1973 Benedictus,
1063 1907 1192 1974 Leo,
1224 1910 1352 1964 item
1382 1909 1511 1975 Leo,
1565 1921 1619 1965 ct
1661 1911 1788 1977 Leo,
1828 1912 2121 1979 scriniarii,

524 1991 637 2050 Leo
660 1996 1004 2067 primicerius
1053 2000 1214 2055 scolae
1261 2010 1564 2069 cantorum,
1614 2004 1938 2059 Benedictus
1999 2005 2124 2058 sub-

526 2087 789 2147 diaconus
831 2100 886 2146 et
923 2087 1336 2161 oblationarius,
1376 2097 1507 2162 Azo,
1556 2097 1901 2162 Benedictus,
1933 2098 2125 2154 Deme-

524 2181 684 2248 trius,
714 2182 1015 2252 Iohannes,
1041 2186 1288 2255 Amicus,
1315 2188 1558 2261 Sergius,
1589 2190 1934 2257 Benedictus,
1965 2192 2120 2258 Urso,

523 2271 821 2343 Iohannes,
851 2277 1178 2335 Benedictus
1197 2281 1578 2348 subdiaconus,
1607 2283 2123 2353 subpulmentarius,

523 2368 579 2415 et
606 2361 919 2433 Stephanus
951 2366 1332 2423 archiacolitus
1365 2384 1489 2424 eum
1527 2371 1782 2426 omnibus
1829 2371 2044 2428 acolitis
2071 2381 2127 2428 et

523 2457 876 2529 regionariis;
916 2474 983 2514 ex
1025 2462 1354 2532 primatibus
1404 2463 1662 2520 Romana:
1705 2466 1962 2530 civitatis,
2005 2465 2129 2522 Stc-

523 2549 736 2622 phanus
765 2550 909 2608 filius
935 2551 1200 2610 Johannis
1227 2556 1518 2626 superista,
1556 2557 1864 2613 Demetrius
1893 2557 2123 2624 Meliosi,

524 2641 873 2699 Crescentius
893 2643 1098 2699 Caballi
1122 2649 1437 2714 marmorei,
1467 2649 1743 2706 Iohannes
1769 2659 2128 2721 cognomento

522 2732 745 2800 Mizina,
789 2734 1097 2806 Stephanus
1129 2737 1199 2794 de
1242 2738 1430 2807 lmiza,
1460 2740 1780 2798 Theodorus
1815 2742 1882 2796 de
1911 2742 2125 2810 Rufina,

524 2825 798 2884 Iohannes
821 2827 887 2884 de
907 2829 1245 2898 Primieerio,
1265 2831 1374 2886 Leo
1401 2832 1467 2888 de
1489 2831 1769 2896 Cazunuli,
1791 2832 2127 2902 Rihkardus,

525 2915 723 2974 Petrus
768 2918 836 2974 de
872 2919 1211 2992 Canaparia,
1271 2923 1594 2980 Benedictus
1641 2941 1764 2980 cum
1812 2925 2129 2996 Bulgamino

524 3011 639 3069 ﬁlio
675 3029 805 3080 suo;
851 3029 917 3071 ex
955 3014 1110 3086 plebe
1153 3015 1370 3082 Petrus,
1401 3018 1494 3087 qui
1545 3027 1601 3072 et
1638 3018 1920 3090 imperiola
1947 3019 2015 3052 διδ
2043 3027 2130 3076 est

525 3104 722 3172 dictus,
753 3106 959 3162 adstitit
988 3122 1110 3163 cum
1135 3108 1283 3163 omni
1308 3108 1683 3165 Romanorum
1716 3111 1932 3167 militia.

599 3196 689 3252 10.
723 3195 818 3252 llis
843 3197 1025 3270 itaque
1056 3200 1420 3257 residentibus
1449 3201 1831 3273 silentiumque
1857 3219 2128 3261 summum

526 3289 888 3356 tenentibus,
953 3290 1027 3346 ita
1080 3301 1304 3348 sanctus
1357 3303 1442 3349 est
1493 3294 1790 3364 imperator
1839 3311 2066 3353 exorsus
2110 3315 2124 3352 :

532 3399 552 3434 ι
589 3381 765 3450 Quam
790 3383 1048 3440 decorum
1070 3395 1216 3442 esset
1239 3393 1347 3440 tam
1371 3386 1521 3443 claro
1549 3399 1847 3459 sanctoque
1871 3389 2127 3446 domuum

525 3487 720 3544 papam
745 3470 1050 3532 Iohannem
1077 3475 1342 3531 interesse
1370 3476 1622 3532 concilio.
1652 3475 1852 3534 Verum
1881 3494 1982 3535 cur
2009 3490 2134 3535 ωηο

425 3640 435 3646 κ
526 3568 642 3618 tum
683 3564 1039 3621 declinaverit
1079 3574 1303 3631 emtum,
1332 3581 1448 3634 vos,
1489 3582 1523 3623 ο
1555 3569 1728 3625 sancti
1763 3578 1969 3639 patres,
2000 3584 2132 3626 con-

525 3653 775 3722 sulimus,
807 3656 1004 3728 quibus
1047 3658 1353 3715 communis
1392 3675 1516 3716 cum
1553 3676 1618 3716 co
1651 3661 1763 3716 vita
1792 3661 1861 3694 δι’
1889 3677 1954 3717 ac
1981 3677 2130 3718 com-

525 3763 692 3806 mune
721 3750 997 3820 negotium
1025 3753 1227 3807 extitit.
1264 3771 1282 3804 ι
1315 3751 1468 3809 Tunc
1499 3753 1728 3810 Romani
1760 3755 2046 3825 pontifices
2074 3764 2130 3812 et

527 3839 835 3897 cardinales
863 3842 1149 3912 presbiteri
1179 3857 1244 3899 ac
1269 3843 1504 3913 diaconi,
1537 3861 1661 3901 cmn
1694 3847 1946 3903 universa
1972 3846 2130 3918 plebe

528 3929 784 3986 dixerunt
813 3949 826 3986 :
858 3949 878 3983 ι
930 3931 1192 3989 Miramur
1227 3935 1628 3992 sanctissimam
1662 3936 2001 4008 prudentiam
2037 3953 2129 3993 ve-

527 4029 699 4080 stram
725 4039 822 4079 nos
859 4023 964 4080 hoc
991 4024 1126 4081 velle
1153 4027 1482 4096 percontari,
1506 4028 1648 4097 quod
1689 4043 1796 4083 non
1820 4028 2125 4096 Hibericos,

527 4126 633 4169 nec
659 4112 1019 4183 Babilonieos,
1050 4131 1152 4173 nec
1196 4116 1409 4175 Indicos
1449 4119 1656 4174 incolas
1701 4119 1851 4176 latet.
1884 4119 2003 4176 Non
2038 4121 2128 4178 hic

500 4203 639 4282 jam
665 4205 749 4261 vel
779 4206 844 4262 de
865 4206 998 4278 ipsis
1014 4209 1211 4279 estqui
1235 4209 1461 4264 veniunt
1483 4210 1537 4264 in
1559 4210 1899 4266 vestimentis
1922 4213 2124 4279 ovium,

530 4293 860 4353 intrinsecus
889 4307 1068 4355 autem
1101 4307 1228 4354 sunt
1255 4298 1364 4370 lupi
1403 4315 1659 4371 rapaces;
1694 4301 1767 4357 ita
1809 4311 1994 4374 aperte
2020 4319 2124 4359 saa-

529 4388 629 4454 vit,
660 4388 735 4444 ita
781 4390 959 4460 palam
988 4391 1256 4469 diabolica
1302 4402 1601 4464 pertractat
1639 4396 1879 4468 negotia,
1908 4406 1970 4452 ut
1993 4399 2126 4454 nihil

531 4480 868 4538 circuitionis
893 4491 1098 4539 utatur.
1129 4503 1148 4536 ι
1183 4483 1483 4554 Imperator
1508 4487 1821 4556 respondit:
1857 4504 1878 4540 ‹
1909 4485 2122 4544 Iustum

531 4571 692 4629 nobis
716 4573 953 4639 videtur,
981 4583 1039 4629 ut
1066 4576 1443 4633 accusationes
1468 4577 1786 4633 nominatim
1815 4580 2124 4650 expriman-

531 4671 621 4719 tur
641 4663 709 4696 ⁸⁸⁸
732 4681 748 4732 ;
773 4665 896 4721 dein
928 4666 1058 4737 quid
1083 4668 1348 4739 agendum
1377 4669 1531 4726 nobis
1571 4669 1662 4737 sit,
1693 4671 1966 4726 communi
1993 4687 2123 4728 con-

530 4757 654 4813 Silio
687 4768 1070 4828 pertractetur.
1104 4778 1123 4814 ι
1156 4760 1308 4817 Tunc
1339 4777 1671 4835 consurgens
1716 4762 1908 4820 Petrus
1947 4764 2122 4820 cardi-

529 4847 673 4909 nalis
708 4848 777 4880 δδί
831 4851 1119 4920 presbiter,
1163 4866 1222 4906 se
1265 4853 1464 4908 vidisse
1514 4852 1662 4908 illum
1711 4855 1936 4910 missam
1982 4855 2118 4912 cele-

527 4939 721 5002 brasse
742 4948 798 4997 et
826 4958 932 4996 non
963 4943 1395 5000 communicasse
1443 4953 1672 5000 testatus
1711 4955 1816 5001 est.
1847 4945 2124 5004 Iohannes

756 5051 806 5053 μη
845 5033 952 5054 ἉῖΑη
998 5035 1037 5053 0,

2151 4531 2203 4592 D

2226 1889 2453 1957 bibisse,
2493 1906 2685 1947 omnes
2718 1901 2825 1947 tam
2855 1893 3038 1950 clerici
3081 1911 3243 1966 quam
3278 1895 3404 1951 laici
3433 1896 3833 1953 acclamarunt.

2225 1981 2284 2036 In
2305 1982 2430 2037 ludo
2456 1983 2608 2050 alem,
2640 1982 2812 2054 Iovis,
2846 1987 3069 2042 Veneris
3096 1997 3515 2059 ceterarumque
3542 1987 3834 2045 demonum

2227 2076 2557 2146 adjutorium
2592 2080 2911 2150 poposcisse
2938 2080 3213 2136 dixerunt.
3247 2081 3544 2137 Matutinas
3575 2091 3636 2138 et
3676 2096 3836 2138 cano-

2227 2167 2378 2224 nicas
2408 2171 2570 2226 horas
2618 2187 2725 2227 non
2772 2173 2918 2229 enim
2955 2175 3278 2241 celebrasse,
3318 2190 3420 2231 nec
3464 2175 3628 2247 signo
3660 2176 3835 2233 crucis

2227 2281 2286 2321 se
2317 2268 2558 2323 monisse
2583 2267 2654 2301 ’⁵³³
2681 2269 2914 2339 professi
2943 2278 3087 2325 sunt.

2303 2359 2390 2413 11.
2433 2359 2530 2416 llis
2561 2361 2760 2418 auditis
2803 2363 3116 2434 imperator,
3147 2364 3274 2436 quia
3321 2363 3559 2422 Romani
3610 2364 3730 2435 ejus
3761 2366 3835 2423 lo-

2229 2450 2443 2522 quelam
2495 2454 2792 2524 propriam,
2844 2457 2946 2510 hoc
2981 2465 3065 2511 est
3110 2455 3462 2522 Saxonicam,
3515 2457 3834 2528 intellegere

2229 2547 2548 2616 nequibant,
2574 2547 2922 2619 Liudprando
2951 2548 3304 2606 Cremonensi
3330 2551 3592 2622 episcopo
3633 2566 3834 2621 praece-

2229 2639 2331 2710 pit,
2355 2650 2414 2694 ut
2445 2639 2639 2696 Latino
2668 2656 2921 2698 sermone
2963 2642 3079 2699 haec
3119 2643 3383 2698 Romanis
3430 2643 3694 2699 omnibus
3721 2659 3832 2712 qua

2232 2742 2491 2788 secuntur
2546 2736 2898 2806 exprimeret.
2960 2735 3202 2807 Surgens
3256 2736 3440 2808 itaque
3490 2736 3574 2790 sic
3631 2735 3831 2806 cepit:

2235 2844 2255 2878 ι
2286 2825 2521 2898 Persepe
2550 2829 2798 2901 contigit,
2830 2838 2884 2884 et
2915 2830 3070 2886 nobis
3094 2831 3334 2900 expertis
3361 2829 3669 2893 credimus,
3697 2837 3755 2883 ut
3783 2828 3833 2882 in

2232 2923 2588 2994 dignitatibus
2633 2924 2914 2980 constituti
2955 2924 3258 2979 invidorum
3303 2923 3532 2978 infamia
3563 2921 3834 2978 maculeno

2235 3020 2322 3069 tur
2349 3031 2363 3081 ;
2395 3015 2642 3087 displicet
2672 3015 2844 3071 bonus
2872 3016 3049 3080 malis,
3079 3016 3538 3086 quemadmodum
3569 3023 3628 3069 et
3668 3014 3833 3070 malus

2233 3105 2412 3161 battis.
2444 3107 2618 3178 Atque
2645 3107 2748 3163 hoc
2777 3108 2853 3163 rei
2880 3116 2984 3174 est,
3011 3110 3156 3178 quod
3185 3110 3326 3163 hanc
3353 3108 3405 3162 in
3435 3123 3642 3179 papam
3672 3124 3830 3165 accu-

2234 3200 2521 3265 sationem,
2550 3217 2711 3273 quam
2756 3201 2916 3258 modo
2956 3201 3282 3257 Benedictus
3319 3201 3628 3258 cardinalis
3657 3203 3830 3258 diaco-

2230 3307 2333 3347 nus
2361 3291 2492 3361 lcgit
2518 3301 2573 3348 et
2605 3293 2886 3349 vobiscum
2917 3293 3067 3358 fecit,
3102 3293 3472 3365 amphibolam
3507 3295 3828 3350 retinemus.

2230 3381 2446 3449 incerti,
2478 3392 2658 3438 utrum
2695 3383 2812 3438 zelo
2835 3381 3060 3452 iustitiae
3085 3400 3154 3439 an
3189 3384 3485 3456 impietatis
3513 3383 3696 3440 livore
3717 3400 3835 3457 pro-

2230 3481 2527 3543 rumperet.
2575 3472 2730 3529 Unde
2778 3473 2911 3528 mibi
2959 3473 3178 3546 indigno
3227 3474 3527 3530 secundum
3559 3490 3834 3532 concessa:

2230 3563 2512 3635 dignitatis
2563 3565 2943 3622 auctoritatem
2988 3581 3178 3622 omnes
3219 3566 3463 3622 obtestor
3489 3583 3594 3638 per
3645 3567 3832 3636 Deum,

2230 3670 2390 3725 quem
2426 3654 2635 3723 fallere,
2687 3658 2790 3712 etsi
2842 3657 2975 3723 vult,
3022 3673 3182 3714 nemo
3229 3667 3426 3730 potest,
3476 3667 3833 3732 sanctamque

2230 3745 2347 3815 ejus
2378 3747 2696 3818 genitricem
2725 3749 3106 3806 intemeratam
3136 3750 3399 3821 virginem
3425 3749 3687 3819 Mariam,
3713 3768 3830 3824 pero

2229 3853 2334 3909 que
2361 3840 2834 3909 prrcciosissimum
2878 3842 3245 3911 apostolorum
3293 3843 3562 3915 principis
3608 3860 3827 3915 corpus,

2229 3927 2284 3983 in
2315 3929 2470 3999 cujus
2503 3930 2620 3985 haec
2649 3930 2946 3987 recitantur
2969 3932 3189 3999 eclesia,
3221 3942 3281 3987 ut
3308 3933 3453 3988 nulla
3487 3934 3546 3989 in
3573 3934 3830 3992 domuum

2227 4032 2422 4088 papam
2467 4017 2776 4090 jaculcntur
2822 4021 3082 4088 convitia,
3129 4037 3251 4092 quae
3298 4037 3405 4076 non
3461 4022 3577 4078 sint
3615 4025 3687 4080 ab
3717 4023 3830 4095 ipso

2229 4121 2442 4184 patrata
2471 4121 2633 4184 atque
2659 4129 2690 4168 a
2718 4113 2851 4170 viris
2878 4114 3274 4184 probatissimis
3306 4117 3443 4172 visa.
3473 4135 3493 4168 ι
3531 4115 3688 4173 Tunc
3713 4118 3828 4190 epi-

2229 4204 2400 4275 scopi,
2455 4205 2764 4276 presbiteri,
2821 4206 3058 4272 diaconi,
3118 4206 3470 4279 reliquusque
3525 4207 3733 4277 clerus,
3777 4216 3832 4263 et

2229 4308 2458 4355 cunctus
2489 4297 2859 4354 Romanorum
2904 4298 3135 4371 populus
3181 4301 3334 4371 quasi
3364 4301 3450 4354 vir
3485 4316 3632 4356 unus
3675 4301 3828 4358 dixe-

2227 4398 2357 4444 runt
2389 4407 2403 4444 :
2436 4389 2492 4444 Si
2517 4405 2623 4445 non
2651 4398 2707 4445 et
2733 4405 2854 4461 qua:
2884 4405 2982 4461 per
3007 4390 3354 4446 Benedictum
3383 4390 3670 4447 diaconem
3693 4391 3827 4447 lecta

2231 4490 2376 4544 sunt,
2429 4481 2624 4554 bisque
2677 4482 2914 4553 turpiora
2963 4490 3020 4538 et
3050 4482 3310 4553 ampliora
3357 4479 3641 4539 Iohannes
3691 4499 3825 4556 papa

2232 4571 2450 4644 indigna
2479 4572 2754 4629 commisit
2801 4572 3068 4640 facinora,
3116 4589 3222 4628 non
3269 4588 3369 4628 nos
3417 4588 3450 4627 a
3499 4573 3824 4629 delictorum

2230 4665 2465 4721 vinculis
2500 4664 2748 4720 absolvat
2777 4664 3145 4735 apostolorum
3187 4664 3441 4736 princeps
3476 4665 3827 4722 beatissimus

2229 4755 2445 4822 Petrus,
2500 4755 2595 4827 qui
2642 4757 2809 4812 verbo
2859 4755 3058 4812 malum
3110 4755 3345 4829 indignis
3393 4754 3622 4820 claudit,
3668 4757 3827 4829 justi:

2230 4851 2439 4924 aperit;
2489 4850 2583 4906 sed
2637 4849 2807 4906 simus
2859 4850 3221 4906 anathematis
3277 4849 3495 4907 vinculo
3559 4849 3825 4920 innodati,

2231 4953 2395 5015 atque
2426 4943 2480 4998 in
2513 4943 2601 4999 die
2626 4943 2922 4999 novissima
2951 4943 3003 4998 in
3030 4943 3254 5000 sinistra
3287 4952 3441 5016 parte
3483 4944 3678 5016 positi,
3703 4961 3824 5001 cum

2987 5039 3027 5054 ἢ
3190 5039 3226 5054 τι
