4012 5340
183 340 299 407 905

1180 349 1269 406 DE
1303 346 1534 405 REBUS
1571 348 1814 405 GESTIS
1852 348 2154 407 OTTONIS
2194 350 2264 407 M.
2306 352 2429 409 IMP

3366 359 3471 415 906

184 465 324 522 toris
366 464 558 521 saltem
586 464 797 523 debetis
822 468 1069 532 credere,
1105 467 1192 523 cui
1220 475 1349 522 ante
1392 465 1633 538 quinque
1661 466 1775 522 dies
1802 468 1855 530 Α
1879 465 1933 522 in
1970 465 2199 522 Domino
2228 467 2481 524 salutem.
2511 467 2775 524 Preterita
2806 468 3037 541 synodo,
3061 484 3180 541 quae
3203 469 3478 530 celebrata

182 574 317 617 ense
361 560 657 626 accinctus,
701 560 893 631 clipeo,
929 560 1101 632 galea,
1142 568 1196 615 et
1237 551 1407 615 lorica
1436 559 1657 614 indutus
1687 574 1781 615 oc-

182 651 392 718 currit;
419 650 567 707 solus
596 652 832 716 Tiberis.
859 652 952 724 qui
980 650 1303 717 interfluxit,
1333 666 1403 707 ne
1440 651 1519 707 sic
1556 660 1781 707 ornatus

183 745 257 800 ab
286 746 528 801 exercitu
557 756 865 815 caperetur,
893 746 1190 817 impedivit.
1214 763 1232 797 ι
1268 744 1390 799 Mox
1430 753 1649 801 sanctus
1676 744 1782 800 im-

180 848 409 909 perator
434 838 567 894 dixit
598 858 611 893 :
644 857 663 890 ‹
694 839 794 894 Tot
823 847 951 895 sunt
976 836 1137 907 hujus
1168 838 1249 893 rei
1284 846 1475 904 testes,
1503 845 1637 908 quot
1655 841 1785 892 sunt

181 940 372 987 nostro
401 931 456 987 in
505 933 753 989 exercitu
805 932 1161 989 bellatores.»
1214 932 1415 988 Sancta
1459 931 1683 987 sinodus
1709 927 1782 962 ‘“

182 1022 323 1079 dixit
366 1041 379 1076 :
426 1040 444 1075 ι
482 1022 541 1079 Si
563 1023 742 1095 placet
770 1034 962 1081 sancto
1001 1025 1339 1096 imperatori,
1376 1024 1665 1081 mittantur
1694 1023 1782 1079 lit-

180 1120 315 1169 terae
339 1112 539 1172 domno
574 1130 749 1187 papae,
776 1124 839 1172 ut
866 1116 1141 1183 adveniat,
1180 1131 1348 1187 seque
1381 1131 1449 1171 ex
1481 1117 1567 1172 his
1609 1116 1784 1171 omni-

175 1204 283 1275 bus
326 1216 543 1278 purget.
578 1226 597 1260 ι
648 1206 802 1264 Tunc
830 1207 1008 1264 eidem
1057 1216 1187 1265 sunt
1235 1207 1544 1279 huiusmodi
1587 1207 1784 1265 litteras

178 1295 467 1353 destinata:
511 1316 524 1352 :

252 1390 343 1445 12.
386 1408 407 1444 ‹
439 1390 665 1448 Summo
688 1392 930 1464 pontiﬁci
967 1401 1023 1449 et
1052 1394 1349 1451 universali
1382 1408 1534 1465 papae
1582 1393 1781 1449 domno

176 1481 440 1551 Iohanni,
467 1483 595 1542 Otto
628 1484 826 1541 divinae
855 1495 1105 1557 respectu
1133 1486 1438 1543 clementiae
1483 1485 1783 1556 imperator

176 1582 463 1644 angustus,
511 1589 635 1631 cum
685 1576 1129 1648 archiepiscopis,
1184 1577 1477 1649 episcopis,
1524 1576 1779 1647 Liguriae,

175 1664 416 1734 Tuscia,
447 1665 724 1733 Saxoniaa,
752 1667 1023 1734 Francize,
1053 1670 1106 1724 in
1152 1669 1402 1725 Domino.
1442 1668 1675 1725 Romam
1710 1669 1782 1726 ob

176 1760 469 1817 servitium
492 1763 589 1818 Dei
612 1763 915 1831 venientes,
933 1764 1059 1819 dum
1086 1764 1225 1820 filios
1244 1774 1481 1830 vestros,
1505 1763 1782 1819 Romanos

174 1853 393 1910 scilicet
414 1853 721 1926 episc0pos,
744 1855 1048 1912 cardinales
1068 1855 1401 1928 presbiteros
1422 1864 1479 1912 et
1500 1855 1777 1921 diacones,

174 1945 401 2018 insuper
429 1956 485 2016 et
511 1948 825 2004 universam
858 1947 1070 2013 plebem
1099 1950 1165 2005 de
1193 1950 1363 2006 vestri
1386 1948 1633 2005 absentia
1654 1962 1778 2019 per-

174 2046 549 2104 contaremur,
581 2039 793 2110 etquid
819 2053 997 2095 causae
1025 2048 1174 2096 esset
1220 2037 1367 2111 quod
1405 2054 1506 2096 nos
1550 2038 1778 2097 ecclesia:

172 2138 376 2185 vestrae
402 2130 681 2201 vestrique
709 2130 1026 2189 defensores
1058 2130 1246 2188 videre
1280 2131 1613 2199 noluissetis,
1650 2131 1779 2188 talia

173 2221 247 2277 de
269 2221 428 2279 vobis
459 2231 682 2295 tamque
722 2224 961 2281 obscena
1004 2224 1371 2297 protulerunt,
1405 2231 1465 2280 ut
1513 2224 1559 2280 si
1594 2222 1663 2280 de
1693 2224 1779 2279 bi-

168 2314 484 2371 strionibus
505 2315 840 2383 dicerentur,
855 2315 1240 2373 verecundiam
1260 2315 1420 2373 nobis
1444 2316 1778 2388 ingererent.

174 2404 313 2474 Quae
341 2423 411 2465 ne
435 2410 868 2481 magnitudinem
897 2420 1138 2467 vestram
1165 2410 1347 2467 omnia
1379 2410 1605 2478 lateant,
1634 2425 1780 2481 quae-

173 2496 301 2553 dam
353 2500 514 2557 nobis
533 2499 606 2533 ⁸⁸⁸
644 2502 744 2558 sub
790 2501 1056 2559 brevitate
1094 2502 1488 2569 describimus;
1521 2502 1780 2574 quoniam

172 2596 236 2644 et
284 2590 333 2646 si
386 2599 583 2648 cuncta
629 2593 949 2650 nominatim
1002 2593 1309 2667 exprimere
1360 2593 1629 2664 cupimus,
1664 2592 1781 2650 dies

178 2682 344 2740 nobis
368 2699 480 2741 non
506 2685 703 2742 suﬂicit
729 2702 890 2743 unus.
917 2685 1191 2744 Noveritis
1218 2686 1426 2758 itaque,
1448 2700 1557 2742 non
1587 2700 1618 2739 a
1647 2699 1782 2757 pau-

177 2778 283 2843 cis,
335 2778 433 2834 sed
464 2778 534 2835 ab
578 2779 833 2837 omnibus
860 2788 975 2860 tam
1009 2779 1183 2837 nostri
1229 2794 1393 2851 quam
1442 2789 1498 2836 et
1553 2777 1782 2836 alterius

169 2869 408 2935 ordinis,
432 2885 531 2927 vos
555 2870 852 2937 homicidii,
880 2870 1129 2943 periurii,
1157 2872 1448 2943 sacrilegii,
1475 2880 1533 2929 et
1557 2888 1623 2928 ex
1650 2887 1781 2943 pro-

166 2960 295 3031 pria
345 2962 673 3032 cognatione
718 2970 906 3033 atque,
929 2978 998 3020 ex
1027 2964 1234 3021 duabus
1268 2964 1547 3023 sororibus
1580 2965 1780 3021 incesti

171 3051 409 3107 crimine
432 3066 554 3109 esse
581 3063 887 3110 accusatos.
928 3053 1129 3110 Dicunt
1154 3063 1211 3110 et
1244 3054 1391 3112 aliud
1428 3055 1617 3111 auditu
1665 3056 1781 3126 ipso

171 3142 490 3210 horridum,
523 3144 723 3201 diaboli
754 3160 852 3202 vos
897 3145 952 3201 in
991 3160 1179 3203 amore
1222 3147 1409 3203 vinum
1450 3147 1689 3215 bibisse;
1725 3150 1781 3204 in

1882 566 1967 613 est
2003 558 2037 613 8
2064 559 2200 613 ‘ldus
2240 559 2584 625 Novembris,
2617 560 2827 617 litteras
2876 560 3026 616 vobis
3071 562 3391 629 direximus,
3424 565 3479 620 in

1883 650 2080 721 quibus
2108 663 2487 707 accusatorum
2509 661 2820 708 vestrorum
2850 653 3018 709 verba
3052 663 3212 724 atque
3255 671 3481 713 accusa-

1883 742 2047 798 tionis
2076 758 2255 799 causae
2284 744 2685 800 detinebantur.
2716 744 3045 816 Rogavimus
3075 746 3239 801 etiam
3272 748 3480 807 eisdem

1882 833 2057 889 literis
2070 834 2497 905 magnitudinem
2513 845 2773 901 vestram,
2794 838 3249 907 quemadmodum
3268 838 3476 908 justum
3531 842 3545 889 5

1882 933 1991 994 est,
2020 925 2251 981 Romam
2280 926 2351 959 ⁸⁸⁸
2394 929 2583 983 venire
2610 944 2777 999 seque
2805 946 2871 984 ex
2904 929 2989 984 his
3018 946 3139 1000 ane
3168 930 3480 988 obiciuntur
3526 909 3551 1015 ξ

1882 1035 2133 1093 purgare.
2193 1020 2520 1092 Recepimus
2580 1033 2760 1078 autem
2819 1024 3028 1079 litteras
3080 1039 3110 1077 a
3140 1025 3320 1091 vobis,
3372 1040 3481 1079 non
3527 1027 3547 1047 "

1884 1113 2075 1185 quales
2103 1114 2363 1184 temporis
2394 1115 2649 1185 qualitas,
2696 1116 2791 1171 sed
2839 1116 3265 1171 ineonsultorum
3302 1112 3502 1171 homi-'

1886 1222 2017 1261 num
2046 1207 2260 1262 vanitas
2308 1209 2644 1278 expOposcit.
2670 1208 2785 1264 Non
2814 1210 3063 1265 veniendi
3101 1210 3167 1265 ad
3215 1200 3505 1282 synodum

1884 1301 2234 1357 racionabilis
2263 1316 2382 1357 esse
2411 1303 2692 1357 excusatio
2721 1302 2927 1357 debuit.
2963 1303 3071 1358 Sed
3101 1311 3155 1359 et
3186 1314 3482 1374 praesentes
3510 1308 3515 1314 '

1885 1392 2276 1465 magnitudinis
2299 1401 2497 1449 vestrae
2524 1394 2828 1448 debuerunt
2858 1394 3033 1449 nuntii
3071 1394 3357 1459 interesse,
3389 1394 3482 1463 qui

1886 1495 1981 1541 aut
2005 1486 2327 1556 egritudinis
2366 1494 2462 1542 aut
2492 1494 2657 1541 certae
2688 1486 3023 1541 dillicultatis
3069 1502 3232 1542 causa
3264 1485 3483 1541 satisfa-

1884 1587 2075 1635 cerent
2099 1587 2346 1634 sanctam
2374 1592 2470 1634 vos
2499 1564 2761 1649 synodum
2791 1578 3109 1635 declinasse.
3138 1579 3233 1633 Est
3254 1588 3308 1633 et
3334 1579 3482 1635 aliud

1887 1672 2082 1728 vestris
2113 1671 2169 1727 in
2196 1671 2393 1727 litteris
2422 1672 2706 1742 scriptum,
2738 1672 2881 1742 quod
2913 1686 3019 1727 non
3044 1671 3357 1742 episcopum
3388 1672 3483 1729 sed

1884 1763 2148 1834 puerilem
2186 1764 2447 1834 ineptiam
2477 1763 2717 1819 scribere
2757 1765 2994 1819 deceret.
3032 1763 3484 1820 Excommunica-

1807 1859 1857 1921 Β
1884 1856 1983 1911 stis
2029 1856 2232 1912 etenim
2277 1870 2490 1922 omnes,
2535 1863 2595 1909 ut
2644 1856 2907 1911 haberent
2945 1855 3217 1911 licentiam
3250 1854 3485 1911 canendi

1882 1948 2105 2012 missas,
2156 1946 2445 2002 ordinandi
2504 1947 2908 2003 ecclesiasticas
2960 1946 3379 2017 dispositiones,
3433 1946 3483 2003 si

1883 2043 2051 2098 alium
2081 2042 2341 2097 Romana:
2386 2042 2501 2097 sedi
2546 2043 3007 2097 constitueremus
3041 2042 3373 2111 episcopum.
3402 2040 3481 2095 Ita

1883 2133 2028 2187 enim
2056 2133 2318 2204 scriptum
2345 2141 2462 2187 erat
2490 2150 2503 2186 :
2539 2131 2659 2186 Non
2698 2132 2932 2186 habeatis
2965 2130 3230 2185 licentiam
3274 2130 3483 2184 nullum

1882 2225 2154 2279 ordinare.
2180 2206 2332 2279 Nunc
2362 2238 2535 2294 usque
2581 2224 2908 2293 putavimus,
2941 2223 3106 2279 immo
3133 2239 3261 2279 vere
3302 2223 3479 2278 credi-

1885 2315 2082 2380 dimus,
2136 2315 2240 2370 duo
2287 2315 2537 2386 negativa
2570 2313 2636 2345 ‘5’
2671 2331 2835 2369 unum
2876 2315 3055 2370 facere
3095 2314 3477 2378 dedicativum,

1883 2407 1991 2463 nisi
2018 2417 2199 2465 vestra
2229 2408 2529 2463 auctoritas
2560 2406 2863 2476 priscorum
2914 2408 3211 2462 sententias
3237 2404 3485 2460 inﬁrma-

1884 2508 1971 2555 ret
2007 2508 2311 2556 auctorum.
2345 2499 2455 2555 Nos
2483 2512 2612 2554 vero
2648 2500 2938 2555 intentioni
2968 2508 3195 2565 vestrae,
3224 2514 3333 2555 non
3364 2513 3484 2554 ver-

1883 2592 1990 2658 bis,
2017 2593 2463 2663 respondeamus.
2499 2591 2556 2647 Si
2582 2593 2648 2647 ad
2680 2593 2943 2664 synodum
2968 2592 3157 2647 venire
3184 2600 3238 2647 et
3267 2589 3481 2661 objecta

1884 2700 2119 2756 purgare
2150 2700 2257 2741 non
2294 2684 2547 2753 differtis,
2574 2686 2889 2741 auctoritati
2923 2696 3117 2741 vestrae
3151 2684 3340 2756 procul
3384 2685 3481 2739 du-

1884 2775 1974 2831 bio
1999 2775 2304 2831 obedimus.
2338 2774 2445 2831 Sed
2475 2776 2546 2841 si,
2568 2776 2713 2847 quod
2743 2776 2906 2841 absit,
2936 2776 3125 2831 venire
3168 2786 3223 2831 et
3268 2775 3481 2845 objecta

1884 2869 2037 2925 vobis
2082 2868 2337 2940 capitalia
2383 2870 2612 2924 erimina
2653 2884 2891 2940 purgare
2934 2868 3315 2936 dissimulatis,
3358 2882 3483 2923 cum

1884 2964 2189 3034 prtesertim
2225 2979 2320 3019 vos
2354 2964 2489 3019 nihil
2518 2964 2703 3021 venire
2738 2964 3019 3034 impediat,
3050 2979 3158 3019 non
3189 2963 3356 3019 maris
3380 2979 3480 3019 na-

1885 3059 2108 3131 vigatio,
2154 3074 2263 3114 non
2322 3058 2568 3129 corporis
2608 3059 2879 3128 egritudo,
2931 3058 3143 3114 itineris
3181 3057 3482 3131 longitudo,

1887 3158 2016 3207 tunc
2063 3152 2685 3207 exeommunicationem
2733 3140 2968 3207 vestram
3000 3152 3483 3222 parvipendemus,

170 3235 303 3291 ludo
346 3234 483 3291 aleae
529 3234 699 3302 Jovis,
757 3236 1001 3304 Veneris,
1029 3244 1446 3309 ceterorumque
1490 3238 1781 3295 demonum
1808 3228 1857 3293 C
1887 3256 2116 3313 eamque
2146 3243 2327 3312 potius
2366 3244 2417 3297 in
2459 3258 2554 3298 vos
2586 3243 3043 3313 retorquebimus,
3075 3244 3330 3312 quoniam
3363 3242 3485 3312 qui-

170 3326 442 3382 auxilium
490 3327 826 3400 poposcisse.
878 3327 1112 3386 Oramus
1162 3330 1347 3402 itaque
1392 3330 1779 3401 paternitatem

168 3427 419 3475 vestram
470 3418 691 3485 obnixe,
731 3434 801 3476 ne
848 3418 1079 3476 Romam
1127 3421 1313 3476 venire
1362 3429 1528 3493 atque
1576 3436 1645 3478 ex
1694 3422 1780 3478 his

170 3509 432 3565 omnibus
460 3523 560 3565 vos
596 3524 831 3581 purgare
860 3510 1237 3567 dissimuletis.
1272 3509 1331 3567 Si
1374 3512 1513 3567 forte
1542 3514 1652 3567 vim
1701 3520 1778 3567 te-

172 3601 434 3656 merariae
486 3599 851 3657 multitudinis
906 3601 1230 3670 formidatis,
1276 3604 1590 3675 iuramento
1624 3604 1780 3661 vobis

170 3690 534 3747 adfirmamus
560 3690 653 3758 m,
676 3691 814 3747 nihil
855 3691 977 3747 ﬁeri
1021 3701 1225 3763 praeter
1253 3703 1568 3751 sanctorum
1613 3710 1779 3752 cano-

171 3797 308 3838 num
336 3782 697 3840 sanctionem.
729 3784 869 3840 Data
898 3799 995 3839 vtu
1017 3784 1140 3841 ldus
1165 3784 1510 3842 Novembris.
1536 3807 1553 3839 ι

247 3878 340 3934 15.
384 3876 539 3934 Hanc
574 3879 857 3950 epistolam
882 3895 1004 3936 cum
1032 3880 1271 3953 legisset,
1305 3880 1611 3951 hujusmodi
1653 3899 1783 3955 apo-

172 3967 476 4040 logetieum
518 3968 737 4041 scripsit
787 3988 802 4025 :
854 3988 873 4022 c
906 3969 1183 4028 Iohannes
1237 3973 1541 4044 episcopus,
1592 3988 1783 4030 servus

173 4075 466 4117 servorum
506 4060 626 4127 Dei,
668 4061 921 4117 omnibus
972 4063 1262 4134 episcopis.
1311 4062 1419 4119 Nos
1478 4064 1785 4121 audivimus

174 4153 364 4210 dicere
414 4152 543 4224 quia
572 4168 670 4209 vos
696 4154 864 4210 vultis
892 4156 1059 4211 alium
1102 4172 1299 4227 papam
1330 4156 1512 4214 facere
1537 4174 1551 4223 ;
1582 4157 1627 4212 si
1680 4157 1784 4215 hoc

176 4242 381 4309 facitis,
434 4244 854 4301 excommunico
899 4260 997 4302 vos
1033 4246 1098 4301 da
1133 4246 1493 4319 (157HDeum
1539 4248 1785 4318 omnipo-

176 4340 414 4400 tentem,
440 4341 503 4389 ut
545 4349 657 4390 non
686 4334 933 4391 habeatis
983 4335 1254 4392 licentiam
1285 4336 1490 4393 nullum
1522 4337 1591 4370 "7
1636 4338 1785 4395 ordi-

176 4440 334 4492 nare,
364 4434 424 4483 et
446 4426 672 4484 missam
697 4426 1001 4484 celebrare.
1036 4448 1055 4482 ι

250 4517 345 4574 15.
387 4516 523 4574 Cum
551 4518 671 4574 hzec
699 4519 927 4591 epistola
961 4520 1014 4574 in
1048 4529 1235 4576 sancta
1261 4522 1467 4592 synodo
1491 4523 1781 4593 legeretur,

1885 3334 2007 3389 dem
2047 3333 2196 3403 juste
2249 3334 2431 3390 facere
2473 3350 2776 3406 possumus.
2828 3334 3024 3399 Judas,
3068 3335 3281 3390 Domini
3310 3336 3484 3391 nostri

1882 3424 2012 3481 Jesu
2058 3422 2260 3480 Christi
2310 3427 2577 3497 proditor,
2610 3428 2776 3483 immo
2812 3428 3081 3495 i'enditor,
3111 3443 3235 3483 cum
3280 3428 3483 3483 ceteris

1882 3520 2035 3591 prius
2073 3518 2274 3591 ligandi
2309 3528 2474 3589 atque
2513 3521 2750 3577 solvendi
2783 3530 3107 3592 potestatem
3149 3537 3180 3576 a
3220 3521 3483 3591 magistro

1884 3613 1938 3667 in
1970 3613 2085 3668 haec
2111 3612 2277 3667 verba
2303 3623 2591 3683 acceperat
2631 3632 2642 3666 :
2674 3615 2839 3669 Amen
2867 3614 2985 3669 dico
3010 3614 3176 3680 vobis,
3216 3630 3487 3685 quacum-

1883 3719 1984 3774 que
2013 3700 2355 3773 alligaveritis
2393 3720 2550 3775 super
2592 3714 2808 3769 terram,
2856 3704 3021 3775 ligata
3050 3705 3121 3736 "°
3157 3713 3309 3760 erunt
3344 3714 3390 3759 et
3431 3705 3487 3758 in

1885 3793 2033 3860 celis,
2079 3805 2126 3847 et
2172 3812 2512 3867 quacumque
2559 3798 2815 3851 sol'veritis
2864 3815 3021 3868 super
3064 3809 3282 3862 terram,
3332 3806 3487 3852 erunt

1885 3887 2058 3942 soluta
2087 3896 2135 3942 et
2168 3888 2221 3941 in
2270 3888 2411 3943 cwlis
2443 3888 2660 3961 (Matth.
2694 3906 2851 3957 xvm,
2896 3890 3009 3963 i8).
3043 3890 3308 3955 Quamdiu
3339 3889 3488 3945 enim

1887 3979 2061 4034 bonus
2088 3980 2230 4035 inter
2260 3980 2660 4050 condiscipulos
2703 3980 2824 4045 fuit,
2875 3981 3045 4055 ligare
3075 3989 3238 4052 atque
3274 3980 3488 4038 solvere

1885 4069 2086 4136 valuit;
2115 4079 2402 4140 postquam
2427 4084 2557 4127 vero
2586 4072 2897 4143 cupiditatis
2929 4087 3093 4127 causa
3116 4072 3183 4103 ⁸⁶¹
3212 4070 3485 4127 homicida

1888 4165 2083 4233 factus,
2112 4166 2278 4221 vitam
2307 4168 2551 4222 omnittm
2592 4168 2844 4224 occidere
2882 4168 3076 4233 voluit,
3106 4183 3265 4238 quem
3300 4174 3489 4238 postea

1889 4258 2113 4329 ligatum
2163 4258 2375 4313 solvere
2423 4267 2514 4313 aut
2561 4259 2797 4314 solutum
2848 4259 3016 4330 ligare
3065 4259 3259 4329 potuit,
3293 4257 3394 4312 nisi
3428 4272 3490 4313 se

1889 4350 2084 4421 ipsum,
2115 4366 2275 4421 quem
2310 4350 2683 4407 infelicissimo
2712 4351 2905 4421 laqueo
2930 4349 3330 4421 strangulavit?
3352 4349 3486 4403 Data

1891 4442 1957 4497 10
1978 4442 2246 4499 Kalendas
2273 4443 2585 4499 Decembris
2612 4452 2667 4498 et
2695 4444 2858 4498 missa
2888 4459 2984 4513 per
3028 4443 3328 4497 Adrianum
3369 4456 3486 4495 car-

1892 4532 2127 4587 dinalem
2181 4532 2569 4602 presbiterum,
2626 4542 2682 4587 et
2737 4532 3088 4589 Benedictum
3150 4530 3489 4587 cardinalth

180 4607 542 4675 advenerunt,
571 4608 668 4680 qui
712 4610 869 4681 prius
897 4609 1181 4668 defuerant
1211 4611 1473 4683 religiosi,
1508 4628 1538 4667 a
1586 4614 1785 4671 Lotha-
1816 4596 1867 4655 Ῑ)
1893 4596 2199 4681 diaconem:
2231 4646 2251 4677 ι

180 4700 364 4773 ringia
431 4702 723 4759 Heinricus
770 4704 1127 4761 Treverensis
1177 4706 1659 4778 archiepiscOpus,
1715 4712 1783 4766 ab

182 4791 382 4849 Emilia
410 4802 466 4850 et
509 4793 728 4867 Liguria
752 4794 917 4853 Wido
941 4795 1286 4865 Mutinensis,
1311 4797 1458 4856 Gezo
1484 4800 1787 4859 Tertonen-

184 4884 287 4952 sis,
332 4883 576 4958 Sigulfus
622 4886 998 4956 Placentinus;
1038 4905 1270 4960 quorum
1317 4892 1543 4949 consilio
1585 4895 1784 4952 domno

183 4991 345 5050 papae
376 4977 453 5033 ita
483 4980 793 5037 rescribimt
820 4978 984 5053 (Nov.
1027 4981 1119 5051 22)
1164 4999 1177 5035 :
1233 5002 1252 5034 ‹
1286 4982 1513 5040 Summo
1542 4989 1785 5056 pontifici

185 5076 245 5125 et
292 5069 590 5127 universali
640 5086 797 5144 papae
847 5073 1049 5130 domno
1096 5071 1354 5140 Johanni,
1403 5076 1530 5134 Otto
1591 5080 1787 5136 divinae

502 5162 804 5190 ΛΙΑ-υιΑσιιει-οι
863 5166 1163 5190 ξ-Α-ιΑωΑοΑαι
1226 5179 1483 5190 -.α----ι---

187 5168 443 5190 ωηληοει

1968 4716 2054 4771 14.
2096 4715 2197 4783 Qui
2234 4732 2355 4772 cum
2386 4717 2624 4775 Tiberim
2662 4718 3060 4789 pervenissent,
3092 4732 3216 4772 eum
3270 4730 3377 4772 non
3408 4716 3492 4768 in-

1894 4818 2193 4875 venerunt;
2254 4811 2601 4880 pharetratus
2668 4811 2812 4865 enim
2876 4812 2928 4865 in
2992 4809 3321 4880 campestria
3376 4806 3494 4877 jam

1894 4902 2137 4969 abierat;
2169 4917 2269 4958 nec
2297 4904 2583 4973 quisquam
2624 4913 2743 4958 erat
2782 4904 2873 4975 qui
2916 4903 3001 4958 his
3027 4903 3119 4959 ubi
3172 4901 3290 4972 ipse
3347 4907 3498 4955 esset

1895 4994 2135 5051 indicare
2163 5004 2362 5066 posset.
2392 4994 2637 5064 Cumque
2664 5010 2788 5051 eum
2817 4997 3063 5052 invenire
3091 5008 3200 5050 non
3246 4997 3499 5066 possent.

1894 5102 2015 5143 cum
2048 5087 2255 5144 eisdem
2284 5089 2483 5146 litteris
2510 5087 2578 5142 ad
2607 5098 2853 5145 sanctam
2892 5089 3182 5160 synodum,
3217 5101 3344 5158 quae
3369 5095 3502 5140 tunc

3516 1094 3543 1134 ς

3518 1144 3533 1185 3

3521 1215 3530 1224 -ι

3524 1254 3533 1280 't

3516 1282 3547 1329 τ.

3518 1332 3547 1395 ἒ
