4012 5340
560 361 667 419 907

1562 357 1978 418 LIUTPRANDI
2016 357 2512 419 CREMONENSIS
2551 357 2862 418 EPlSCOPI

559 477 716 533 nobis
747 473 940 546 egerit,
969 463 1355 546 quereremur;
1382 489 1569 531 verum
1600 478 1856 546 quoniam
1883 492 1988 531 non
2021 492 2143 531 eum
2172 480 2222 540 Α
2254 479 2383 542 tios,
2436 476 2579 531 beati
2611 475 2764 532 Petri
2807 477 3157 548 omniumque
3184 477 3508 534 eclesiarum
3555 481 3830 550 pecuniam

557 570 869 626 adfuturum
922 578 1071 624 certo
1128 570 1350 636 scimus,
1397 586 1558 635 quam
1608 571 1810 641 perﬁde
1862 571 2144 625 nobiscum

558 664 748 736 egerit,
798 672 857 716 ut
905 661 1185 732 diligenter
1218 665 1546 735 agnoscatis,
1578 664 1742 718 etiam
1785 670 1947 734 atque
1981 663 2145 718 etiam

554 757 879 829 ﬂagitamus.
913 755 1109 810 Notum
1139 756 1323 826 itaque
1355 757 1506 813 vobis
1532 757 1759 813 facimus
1784 757 2147 829 archiepisco-

553 849 662 919 pis,
687 847 954 918 episcopis
979 846 1074 913 ιδ’,
1097 849 1432 918 presbiteris,
1466 851 1802 915 diaconihus,
1830 849 2144 923 reliquoque

555 940 725 1005 clero,
777 954 987 995 necnon
1047 948 1101 995 et
1154 941 1483 1008 comitibus,
1528 942 1833 1010 judicibus,
1889 943 2145 1014 omnique

547 1027 719 1104 plebi,
745 1031 887 1101 quod
909 1031 1048 1086 idem
1091 1030 1364 1087 Johannes
1392 1047 1528 1103 papa
1560 1047 1852 1103 oppressus
1881 1049 1909 1088 a
1935 1031 2140 1089 Beren-

553 1127 706 1200 gario
731 1137 889 1196 atque
913 1125 1225 1192 Adelberto,
1251 1126 1539 1182 rebellibus
1563 1128 1787 1193 nostris,
1815 1129 1962 1182 misit
1987 1128 2143 1185 nobis

551 1217 610 1274 in
641 1218 934 1274 Saxoniam
966 1219 1200 1284 nuntios,
1235 1235 1433 1288 rogans
1491 1227 1548 1273 ut
1579 1220 1647 1275 ob
1690 1235 1929 1275 amorem
1954 1219 2054 1277 'Dei
2085 1221 2140 1276 in

550 1310 767 1368 Italiam
810 1300 1143 1379 veniremus,
1186 1321 1238 1366 et
1281 1311 1534 1368 eclesiam
1583 1312 1755 1367 sancti
1787 1312 1934 1369 Petri
1976 1328 2039 1369 ac
2081 1328 2142 1369 se

549 1405 728 1478 ipsum
777 1419 843 1459 ex
902 1420 1089 1459 eorum
1140 1403 1391 1460 faucibus
1435 1405 1810 1461 liberaremus.
1862 1405 1973 1461 Nos
2011 1421 2140 1463 vero

551 1497 844 1568 adjuvante
874 1496 986 1552 Deo
1025 1505 1287 1567 quantum
1318 1498 1626 1564 fecerimus,
1653 1513 1760 1553 non
1790 1508 1876 1554 est
1919 1514 2141 1556 necesse

549 1593 776 1659 dicere,
820 1602 881 1647 ut
933 1593 1404 1664 inpraesentiarum
1451 1593 1669 1649 videtis.
1726 1593 1958 1665 Ereptus
2010 1609 2140 1651 vero

506 1728 529 1756 η
550 1701 672 1744 mea
711 1701 875 1756 opera
926 1700 990 1740 ex
1047 1700 1230 1744 eorum
1292 1685 1561 1751 manibus,
1614 1694 1668 1740 et
1717 1687 1908 1742 honori
1958 1686 2139 1742 debito

2249 571 2656 641 repromittens,
2705 573 2748 625 si
2778 585 2940 642 super
2963 571 3109 640 pium
3147 573 3532 643 imperatorem
3585 585 3645 631 et
3694 575 3834 632 dum.

2246 678 2376 718 num
2399 662 2634 718 Leonem
2655 679 2846 734 papam
2869 663 3141 721 irruerent
3168 664 3259 730 ³⁸⁸⁸,
3286 682 3490 738 eosque
3512 670 3833 741 impiissime

2243 755 2601 811 trucidarent.
2642 753 2780 822 Quid
2812 755 2995 811 multis
3017 757 3236 812 morer?
3263 757 3493 814 Romani
3520 775 3693 831 quam
3721 777 3835 818 mox

2239 848 2520 905 exercitus
2541 849 2811 918 paucitate
2836 848 3026 904 conﬁsi
3049 849 3214 905 immo
3233 851 3476 922 decepti,
3506 863 3563 908 et
3599 855 3836 925 pecuni:

2241 941 2605 1014 promissione
2624 941 2872 1007 animati,
2889 941 3085 998 bucina
3108 952 3473 1013 concrepante
3497 960 3669 1016 super
3683 947 3839 1018 impe-

2239 1041 2516 1100 ratorem,
2563 1041 2624 1087 ut
2670 1048 2794 1088 eum
2837 1033 3122 1102 occidant,
3165 1033 3421 1091 festinare
3478 1039 3833 1094 contendunt.

2242 1127 2449 1197 Quibus
2478 1129 2772 1198 imperator
2801 1143 2964 1200 supra
2999 1138 3217 1199 pontem
3242 1128 3497 1202 Tyberis,
3546 1146 3717 1202 quem
3741 1133 3838 1192 Re-

2239 1221 2387 1277 mani
2414 1221 2672 1291 plaustris
2696 1221 3014 1291 impeditum
3048 1221 3346 1288 habebant,
3381 1225 3652 1279 occurrit.
3683 1225 3837 1294 Cujus

2242 1312 2412 1370 fortes
2437 1314 2637 1368 milites
2659 1354 2674 1379 ,
2705 1312 2994 1369 assuefacti
3021 1312 3192 1379 bello,
3219 1322 3440 1385 pectora
3463 1323 3520 1370 et
3557 1317 3738 1372 armis
3762 1319 3838 1373 in-

2238 1406 2468 1475 trepidi,
2521 1419 2614 1462 eos
2660 1406 2802 1460 inter
2843 1405 3161 1477 prosiliunt,
3223 1415 3279 1462 et
3333 1407 3494 1476 quasi
3546 1410 3837 1480 accipitres

2241 1499 2422 1554 avium
2472 1499 2908 1565 multitudinem,
2967 1497 3113 1554 nullo
3155 1499 3467 1568 resistente,
3511 1512 3837 1572 perterrent.

2241 1590 2357 1646 Non
2390 1590 2612 1647 latibula
2639 1632 2654 1654 ,
2689 1607 2794 1646 non
2833 1589 3057 1654 corbes,
3091 1605 3200 1646 non
3242 1605 3480 1647 concava
3512 1592 3698 1664 ligna,
3739 1607 3839 1648 non

2240 1683 2428 1753 criptae
2471 1683 2707 1737 sordium
2739 1682 3080 1752 receptacula
3101 1723 3116 1748 ,
3150 1681 3485 1754 fugientibus
3516 1685 3833 1740 tutelmesse

511 1753 859 1866 irestitu‘tus,
917 1781 1116 1836 oblitus
1167 1781 1486 1851 juramenti,
1547 1789 1603 1836 et
1648 1781 1928 1837 ﬁdelitatis
1973 1798 2134 1854 quam
2168 1863 2197 1866 Α
2237 1782 2485 1845 possunt.
2516 1775 2848 1830 OCCidUIIlUI‘
2877 1775 3057 1844 itaque
3085 1815 3100 1839 .
3145 1783 3198 1829 εἰ
3249 1784 3308 1828 ut
3353 1774 3592 1830 fOl'libus
3645 1777 3834 1831 ³35016

513 1863 684 1946 ςιηίὶὶί
729 1888 891 1943 supra
935 1888 1133 1943 corpus
1173 1873 1348 1928 sancti
1394 1873 1541 1928 Petri
1573 1875 1843 1946 promisit,
1884 1876 2133 1932 eumdem
2165 1863 2216 1928 Β
2239 1868 2556 1938 contingere
2585 1867 2756 1933 viris.
2795 1867 2997 1937 Passim
3048 1884 3075 1921 ει
3125 1876 3276 1940 tergo
3302 1867 3691 1923 νυιιιεηῐιιυτο
3717 1868 3839 1937 Quis

506 1947 898 2037 ,EAdelpertum
945 1965 1173 2020 Romam
1215 1966 1401 2021 venire
1433 1966 1577 2031 fecit,
1605 1975 1660 2022 et
1696 1979 1887 2024 contra
1915 1983 2004 2023 me
2047 1969 2137 2024 de-

505 2055 737 2133 }fendit,
756 2057 1047 2133 seditiones
1070 2055 1216 2123 fecit,
1243 2065 1298 2113 et
1316 2058 1623 2115 videntibus
1648 2060 1851 2115 nostris
1876 2059 2140 2118 militibus

545 2135 654 2206 dii:
698 2149 822 2204 belli
870 2134 1062 2215 factus,
1103 2149 1269 2204 lorica
1301 2159 1355 2205 et
1400 2151 1551 2221 galea
1588 2159 1670 2207 est
1697 2151 1958 2220 indutus;
1993 2155 2139 2223 quod

513 2245 708 2316 isuper
734 2245 834 2301 hoc
864 2253 1052 2300 sancta
1083 2245 1321 2316 synodus
1345 2245 1622 2312 decernat,
1647 2246 1842 2303 edicat.
1876 2266 1893 2298 ο
1918 2247 2000 2304 Ad
2023 2248 2138 2304 hzec

543 2337 774 2392 Romani
829 2335 1114 2408 pontiﬁces
1169 2336 1516 2408 reliquusque
1568 2338 1745 2394 clerus
1809 2347 1864 2394 et
1909 2348 2139 2396 cunctus

541 2427 772 2500 populus
808 2428 1205 2498 responderunt
1233 2445 1245 2480 :
1279 2445 1298 2478 ‹
1330 2427 1634 2482 lnauditum
1664 2428 1860 2484 vulnus
1894 2429 2137 2486 inaudito

543 2532 628 2576 est
672 2519 915 2577 cauterio
957 2521 1314 2576 exurendum.
1364 2520 1421 2575 Si
1454 2522 1724 2592 corruptis
1761 2523 2004 2579 moribus
2038 2522 2135 2579 soli

546 2615 670 2677 sibi,
699 2622 754 2668 et
797 2629 903 2668 non
951 2613 1162 2668 cunctis
1197 2613 1434 2679 obesset,
1464 2629 1681 2686 quoquo
1712 2615 1874 2671 modo
1901 2615 1972 2657 ⁸⁸³
2003 2616 2139 2672 tole-

547 2709 752 2762 randus
783 2715 949 2762 esset.
979 2705 1120 2773 Quot
1152 2707 1302 2776 prius
1336 2707 1472 2763 casti
1507 2707 1666 2776 hujus
1695 2707 1822 2763 facti
1851 2718 1977 2764 sunt
2012 2709 2136 2763 imi-

543 2799 749 2853 tatione
781 2799 1009 2853 incesti?
1033 2797 1174 2866 Quot
1201 2798 1355 2868 probi
1385 2799 1546 2868 hujus
1569 2801 1816 2870 exemplo
1845 2816 2139 2856 conversa-

547 2888 709 2942 tionis
751 2895 878 2942 sunt
923 2887 1177 2957 reprobi?
1223 2887 1465 2944 Petimus
1491 2889 1674 2960 itaque
1705 2879 2135 2960 magnitudinem

545 2979 758 3048 imperii
804 2981 992 3044 vestri,
1039 2988 1342 3035 monstrum
1367 2980 1440 3014 ⁸⁸⁸
1468 2980 1598 3037 illud
1627 2981 1773 3036 nulla
1806 2982 2004 3046 virtute
2048 3000 2139 3039 re-

545 3069 822 3139 demptum
869 3085 900 3125 a
941 3071 1106 3136 vitiis,
1153 3087 1184 3126 a
1225 3081 1412 3128 sancta
1459 3072 1704 3129 Romana
1749 3073 1947 3130 eclesia
1985 3075 2133 3146 pelli,

520 3165 821 3244 aliumque
845 3165 964 3222 loco
989 3166 1106 3235 ejus
1132 3167 1410 3234 constitui,
1444 3169 1536 3240 qui
1581 3169 1736 3225 nobis
1763 3170 2010 3242 exemplo
2040 3173 2135 3228 bo-

2235 1965 2374 2014 ‘tunc
2411 1958 2780 2013 Romanorum
2827 1958 2998 2014 cladis
3028 1957 3187 2028 hujus
3224 1969 3504 2030 superstes
3554 1961 3717 2016 ﬁeret
3751 1963 3794 2015 si
3822 2004 3837 2029 ,

2238 2063 2350 2106 non
2387 2050 2682 2121 imperator
2719 2059 2940 2106 sanctus
2983 2051 3393 2118 misericordia,
3425 2066 3550 2122 quae
3577 2052 3665 2106 eis
3703 2052 3840 2107 nu":

2237 2142 2570 2208 debebatur,
2601 2143 2925 2208 inclinatus,
2973 2157 3100 2198 suos
3137 2142 3316 2198 adhuc
3363 2143 3685 2200 interﬁcere
3733 2145 3834 2200 sei-

2241 2235 2478 2292 scientes
2504 2234 2574 2267 “'
2608 2237 2942 2300 retraheret,
2973 2236 3296 2291 revocaret?

2313 2329 2401 2387 18.
2441 2329 2628 2399 Itaque
2656 2329 2882 2385 devictis
2909 2328 3184 2395 omnibus,
3213 2337 3376 2399 atque
3400 2329 3486 2384 his
3524 2330 3620 2400 qni
3649 2344 3837 2403 super-

2239 2432 2402 2479 erant
2441 2423 2719 2478 obsidibus
2763 2423 2998 2493 acceptis
3026 2462 3041 2487 ,
3073 2421 3399 2478 venerabilis
3428 2438 3573 2494 papa
3604 2424 3720 2482 Leo
3753 2441 3836 2496 pe-

2235 2514 2400 2570 dibus
2455 2514 2801 2585 imperatoris
2853 2515 3204 2584 provolutus,
3242 2524 3406 2583 orat,
3460 2526 3524 2571 ut
3581 2517 3837 2574 Romanis

2239 2603 2459 2660 obsides
2488 2604 2696 2670 reddat,
2725 2619 2891 2675 seque
2921 2619 3109 2660 eorum
3145 2605 3270 2662 ﬁdei
3311 2599 3692 2664 commendet.
3737 2609 3836 2663 Ro-

2241 2705 2370 2768 gatu
2419 2698 2648 2766 denique
2694 2699 3023 2756 venerabilis
3070 2713 3224 2771 papae
3281 2701 3483 2756 Leonis
3535 2702 3834 2773 imperator

2227 2799 2462 2847 sanctus
2509 2790 2766 2847 Romanis
2791 2791 3006 2849 obsides
3037 2795 3251 2859 reddit,
3279 2809 3386 2849 non
3417 2795 3674 2858 incertus
3699 2799 3832 2868 quod

2237 2892 2630 2954 prosecuturus
2670 2899 2794 2939 sum
2845 2885 3180 2956 incepturos.
3245 2885 3416 2958 Igitur
3470 2887 3835 2947 Romanorum

2237 2977 2365 3031 ﬁdei
2399 2977 2628 3032 eundem
2674 2991 2900 3048 papam,
2939 2980 3393 3049 quemadmodum
3422 2979 3568 3051 lupis
3606 2997 3832 3054 agnum,

2240 3068 2531 3124 commisit.
2573 3070 2706 3126 Dein
2731 3069 2907 3126 Roma
2951 3072 3172 3138 exiens,
3197 3071 3613 3128 Cammerinum
3655 3070 3834 3141 Spole-

2241 3167 2466 3230 tumque
2493 3176 2681 3217 versus
2697 3202 2712 3226 ,
2735 3162 2827 3217 ubi
2854 3162 3204 3221 Adelbertum
3259 3178 3385 3220 esse
3401 3165 3691 3233 audierat,
3717 3178 3838 3235 pro-

543 3274 628 3314 nae
666 3261 1095 3316 conversationis
1133 3276 1368 3332 praeesse
1399 3261 1572 3317 valeat
1617 3271 1671 3318 et
1715 3264 2001 3334 prodesse;
2032 3266 2130 3321 sibi
2149 3251 2208 3317 "C
2241 3254 2469 3323 Ρθηινίῑ·

544 3361 693 3410 recte
717 3354 882 3420 vivat,
912 3368 977 3409 ac
1020 3354 1157 3409 bene
1201 3355 1414 3410 vivendi
1455 3353 1610 3411 nobis
1641 3357 1946 3427 exemplum
1999 3374 2134 3429 prae-

540 3445 687 3500 beat.
710 3463 730 3498 ι
759 3443 912 3502 Tunc
941 3446 1238 3515 imperator
1267 3466 1280 3501 :
1319 3465 1336 3498 ‹
1365 3447 1571 3514 Placet,
1602 3447 1800 3519 inquit,
1827 3451 1970 3520 quod
1999 3451 2136 3506 dici-

542 3536 634 3602 tis,
663 3535 906 3606 nihilque
952 3536 1160 3606 gratius
1203 3537 1382 3604 nobis,
1410 3553 1569 3609 quam
1603 3546 1662 3593 ut
1693 3537 1836 3602 talis,
1869 3539 1960 3609 qui
2009 3539 2136 3597 huic

542 3637 742 3685 sanctae
809 3637 863 3682 et
927 3629 1218 3686 universali
1278 3629 1394 3686 sedi
1454 3639 1848 3702 praeponatur,
1903 3632 2135 3688 inveniri

539 3721 733 3791 possit.
759 3739 780 3774 ι

623 3858 714 3913 16.
756 3856 854 3913 His
879 3859 1060 3927 dictis,
1092 3875 1280 3916 omnes
1310 3876 1416 3915 una
1447 3875 1579 3916 voce
1610 3861 1903 3918 dixerunt:
1940 3883 1957 3914 ι
1998 3863 2138 3920 Leo-

540 3965 665 4005 nem
691 3992 707 4015 ,
738 3951 1099 4007 venerabilem
1144 3962 1343 4009 sancta:
1391 3951 1651 4010 Romanae
1694 3955 1905 4011 eclesia:
1946 3965 2134 4026 proto-

541 4041 1096 4108 scriniarium,virum
1121 4045 1470 4114 approbatum
1495 4053 1552 4100 et
1571 4045 1636 4100 ad
1659 4062 1928 4100 summum
1957 4062 2136 4102 sacer-

543 4133 674 4188 dotii
700 4134 923 4204 gradum
948 4134 1187 4205 dignum,
1211 4136 1366 4192 nobis
1397 4137 1450 4193 in
1477 4147 1747 4208 pastorem
1777 4139 2048 4211 eligimus,
2077 4150 2137 4197 ut

542 4240 788 4282 summus
814 4235 869 4280 et
888 4226 1207 4284 universalis
1230 4245 1365 4300 papa
1395 4242 1595 4287 sancta:
1618 4231 1877 4288 Romana)
1898 4234 2132 4302 eclesia,

541 4317 829 4387 reprobato
872 4318 942 4374 ob
982 4318 1256 4388 improbos
1294 4336 1472 4377 mores
1512 4322 1759 4379 Jobanne
1803 4327 2079 4396 apostata!
2109 4345 2126 4378 ι

540 4407 786 4479 Cumque
808 4410 1106 4480 hocjtertio
1131 4427 1319 4468 omnes
1341 4413 1626 4480 dixissent,
1669 4426 1942 4472 annuente
1965 4417 2133 4487 impe-

539 4505 743 4567 ‘ratore,
770 4503 1108 4558 nominatum
1129 4502 1366 4560 Leonem
1391 4508 1458 4561 ad
1479 4506 1847 4564 Lateranense
1869 4509 2130 4578 palatium

541 4593 838 4649 secundum
886 4596 1328 4651 consuetudinem
1371 4611 1496 4652 cum
1528 4598 1780 4655 laudibus
1807 4601 2046 4668 ducunt,
2077 4611 2132 4656 et

540 4692 694 4741 certo
743 4692 986 4755 tempore
1020 4686 1075 4741 in
1103 4686 1301 4744 eclesia
1345 4689 1521 4744 sancti
1547 4689 1696 4746 Petri
1739 4693 1808 4748 ad
1851 4706 2126 4748 summum

539 4776 905 4834 sacerdotium
926 4789 1114 4836 sancta
1137 4782 1550 4838 consecratione
1570 4782 1844 4852 attollunt,
1869 4794 1926 4841 et
1943 4784 2129 4842 ﬁdeles

539 4868 591 4922 ei
629 4867 910 4926 adfuturos
930 4869 1281 4941 jurejurando
1305 4873 1627 4944 promittunt
1655 4873 1805 4946 (Dec.
1839 4875 1914 4948 6).

609 4983 700 5037 17.
730 4985 855 5055 (An.
882 4986 1034 5060 964.)
1064 4988 1160 5045 llis
1187 4989 1260 5044 ita
1283 4992 1471 5062 gestis,
1499 5008 1728 5063 sperans
1751 4997 2125 5057 sanctissimus

539 5074 870 5146 imperator,
894 5093 1017 5134 cum
1046 5081 1235 5150 paucis
1267 5082 1454 5140 Romae
1487 5101 1547 5140 se
1583 5087 1780 5156 degere
1825 5103 1988 5159 posse
2014 5131 2028 5155 ,
2060 5107 2127 5149 ne

542 5177 955 5226 consumeretur
998 5170 1275 5228 Romanus
1321 5175 1551 5244 populus
1597 5177 1669 5231 ob
1719 5177 2126 5237 multitudinem

2309 3345 2398 3401 19.
2440 3346 2652 3402 Interea
2697 3349 2952 3406 mulieres
2995 3349 3318 3422 quibuscum
3387 3351 3715 3418 Iohannes,
3745 3353 3836 3425 qui

2236 3438 2412 3495 dictus
2435 3445 2518 3496 es‘t
2540 3455 2702 3512 papa,
2731 3442 3023 3514 voluptatis
3050 3459 3160 3500 suae
3186 3445 3480 3502 ludibrium
3506 3447 3798 3503 exercebat
3819 3486 3834 3511 ,

2236 3539 2297 3585 ut
2357 3546 2465 3586 non
2498 3533 2763 3602 ignobiles
2794 3543 2849 3589 et
2876 3534 3077 3605 plures,
3110 3537 3528 3594 concitaverunt
3566 3537 3838 3593 Romanos

2235 3635 2298 3682 ut
2321 3626 2577 3693 Leonem,
2605 3643 2876 3683 summum
2900 3621 2954 3684 et
2980 3630 3338 3687 universalem
3361 3645 3561 3702 papam
3589 3648 3622 3686 a
3653 3631 3762 3686 Deo
3785 3640 3836 3685 et

2235 3718 2369 3789 ipsis
2413 3718 2644 3774 electum
2671 3760 2686 3786 ,
2741 3722 3072 3791 perderent,
3109 3721 3494 3778 etJohannem
3547 3724 3606 3777 in
3653 3723 3836 3778 urbem

2239 3810 2600 3880 susciperent.
2635 3812 2789 3878 Quod
2816 3827 2938 3867 cum
2965 3811 3242 3880 fecissent,
3279 3811 3584 3868 miserante
3614 3813 3744 3876 Deo,
3771 3827 3834 3865 ex

2238 3918 2425 3957 eorum
2453 3904 2705 3958 manibus
2747 3913 2829 3958 est
2862 3903 3188 3959 venerabilis
3227 3917 3362 3973 papa
3393 3902 3507 3957 Leo
3537 3903 3798 3957 liberatus
3819 3943 3833 3966 ,

2236 3996 2530 4066 paucisque
2583 4011 2764 4051 secum
2797 3995 3180 4052 comitantibus
3202 4036 3218 4061 ,
3250 3995 3316 4049 ad
3351 3995 3594 4065 piissimi
3625 3994 3836 4052 Ottouis

2236 4091 2582 4160 imperatoris
2603 4090 3030 4146 misericordiam
3058 4101 3141 4146 est
3165 4090 3469 4168 prolectus.

2305 4183 2396 4239 20.
2436 4183 2738 4255 Imperator
2782 4184 3017 4256 denique
3043 4191 3302 4250 sanctus,
3350 4191 3571 4237 tantum
3605 4181 3836 4237 dedecus

2238 4288 2370 4346 egre
2402 4273 2604 4342 ferens,
2640 4290 2763 4330 cum
2800 4279 2869 4329 ex’
2905 4275 3087 4343 domui
3114 4289 3266 4345 papae
3300 4273 3502 4330 Leonis
3531 4275 3833 4345 eiectione,

2236 4374 2350 4420 tum
2379 4383 2445 4422 ex
2473 4365 2716 4422 Johanne
2748 4367 3010 4422 cardinali
3039 4368 3284 4435 diacone,
3313 4375 3370 4423 et
3393 4366 3586 4422 Azone
3607 4367 3834 4423 scrinia-

2237 4462 2342 4526 rio,
2364 4476 2594 4532 quorum
2621 4460 2851 4517 alterum
2887 4477 3048 4516 manu
3080 4461 3325 4527 dextera,
3361 4459 3602 4516 alterum
3632 4461 3829 4532 lingua,

2237 4552 2446 4609 duobus
2477 4554 2657 4625 digitis
2708 4553 3041 4624 naribusque
3068 4552 3326 4619 abscisis,
3357 4551 3642 4609 Iohannes
3681 4553 3833 4626 abdi-

2160 4659 2209 4719 ι)
2235 4654 2388 4701 catus
2423 4646 2771 4703 defedaverat
2792 4688 2807 4714 ,
2840 4657 3092 4718 reparato
3121 4646 3398 4713 exercitu,
3441 4647 3621 4702 Roma
3647 4645 3721 4677 δ”
3753 4657 3834 4699 re-

2238 4737 2354 4793 dire
2387 4738 2671 4809 disposuit.
2709 4739 2868 4795 Prius
2907 4749 3088 4795 tamen
3115 4755 3277 4810 quam
3307 4739 3480 4794 sancti
3505 4748 3686 4794 essent
3735 4738 3833 4808 im-

2230 4830 2499 4900 peratoris
2539 4831 2708 4901 copiae
2739 4839 3117 4903 congregatas,
3144 4831 3334 4886 volens
3375 4829 3592 4885 cunctis
3621 4826 3831 4885 saeculis

2232 4921 2572 4976 innotescere
2605 4923 2900 4989 Dominus,
2949 4938 3111 4993 quam
3154 4921 3300 4991 juste
3357 4932 3505 4977 esset
3553 4918 3830 4976 Iohannes

2233 5025 2371 5081 papa
2421 5026 2450 5064 a
2502 5012 2614 5066 suis
2657 5012 2926 5084 episcopis
2974 5021 3028 5069 et
3070 5013 3216 5069 omni
3261 5011 3420 5084 plebe
3475 5012 3828 5082 repudiatus.

2234 5119 2508 5176 quamque
2523 5107 2868 5176 postmodum
2892 5105 3090 5176 injuste
3112 5114 3381 5177 receptus,
3403 5103 3644 5176 quadam
3667 5111 3830 5158 nocte

2233 5203 2380 5244 extra
2420 5197 2642 5244 Romam
2673 5239 2686 5244 -
2723 5198 2848 5244 dum
2887 5214 2945 5244 sp.
2997 5214 3120 5244 mum
3168 5198 3267 5244 viri
3321 5199 3609 5244 cuiusdam
3662 5208 3828 5244 ntere
