4012 5340
1610 134 1909 195 LEGATIO
1946 138 2051 196 CP.

3359 152 3463 211 9l0

192 247 653 321 quemadmodum
693 262 727 304 a
754 247 868 305 suis
911 250 1154 322 cognatis
1175 260 1232 307 et
1264 250 1638 313 familiaribus,
1689 250 1780 322 qui
1808 252 1861 312 Α
1888 252 2270 322 apostolicatus
2305 256 2519 313 culmen
2545 256 2793 330 elegisti?
2833 260 2970 317 Num
3011 262 3240 319 inllciari
3270 273 3423 336 potes
3448 307 3466 330 ,

191 350 491 414 praesentes
538 348 715 410 erant,
763 355 987 414 persepe
1037 344 1137 399 sub
1184 344 1531 401 attestatione
1572 343 1778 399 audivi-

191 433 391 489 vimus.

260 524 355 579 2t.
396 523 515 591 Quo
541 532 756 581 mortuo
776 565 791 592 ,
823 524 1053 581 Romani
1077 540 1296 593 omnes,
1323 526 1614 596 juramenti
1638 531 1782 598 quod

191 626 386 673 sancto
427 618 795 688 promiserant
835 620 1145 691 imperatori
1191 624 1539 678 immemores
1565 664 1578 687 ,
1608 623 1780 680 Bene-

190 712 399 767 dictum
454 712 782 768 cardinalem
840 713 1120 771 diaconem
1176 731 1369 787 papam
1406 719 1778 789 constituunt,

188 806 417 877 insuper
449 815 502 862 et
530 805 839 876 iuramento
862 849 876 873 ,
906 824 1181 880 nunquam
1209 826 1268 866 se
1292 824 1416 865 eum
1438 813 1776 882 dimissuros,

187 899 283 953 sed
314 907 500 953 contra
532 913 655 953 eum
684 899 1026 969 imperatoris
1068 903 1363 971 potentiam
1411 904 1731 961 defensuros
1758 950 1774 974 ,

186 990 529 1062 promittunt.
586 990 703 1058 Quo
735 992 919 1047 audito
940 1033 954 1056 ,
986 992 1285 1063 imperator
1318 995 1505 1050 urbem
1534 998 1775 1065 vallavit,

186 1079 483 1145 neminem,
516 1080 607 1150 qui
634 1096 743 1135 non
772 1081 1029 1137 membris
1059 1092 1406 1140 truncaretur
1427 1128 1440 1152 ,
1478 1088 1629 1142 exire
1654 1104 1780 1159 per-

185 1173 371 1238 misit;
422 1173 686 1229 machinis
719 1186 769 1229 et
820 1175 963 1230 fame
988 1192 1159 1247 usque
1205 1181 1340 1235 adeo
1369 1179 1573 1247 aﬂlixit,
1604 1185 1777 1239 donec

187 1262 450 1317 Romanis
482 1264 788 1321 nolentibus
817 1268 1003 1324 urbem
1030 1271 1309 1341 reciperet,
1339 1273 1572 1329 Leonem
1596 1276 1773 1332 virum

184 1354 548 1409 venerabilem
599 1356 793 1414 debitze
837 1360 949 1415 sedi
993 1362 1303 1419 restitueret
1345 1364 1515 1437 (Iun.
1543 1367 1665 1439 25),
1710 1383 1775 1424 ac

182 1442 531 1502 Benedicwm
562 1465 786 1505 summa:
813 1452 957 1508 sedis
978 1453 1284 1511 invasorem
1314 1456 1432 1525 ejus
1475 1460 1776 1529 praesentia:

181 1548 559 1609 praesentaret.

1888 344 2138 411 prtesenti
2168 336 2364 402 domno
2430 348 2741 418 imperatori
2794 349 3105 419 iuramento
3143 357 3465 426 promisisse

1884 450 2176 503 numquam
2199 445 2254 491 te
2290 452 2411 493 cum
2435 442 2631 495 ceteris
2662 439 2922 497 Romanis
2946 459 3140 515 papam
3164 446 3464 503 eiecturum

1885 534 1979 579 aut
2008 527 2380 583 ordinaturum
2408 531 2611 601 absque
2649 534 2791 589 illius
2814 535 3016 606 ﬁliique
3043 539 3159 608 ejus
3186 542 3330 610 regis
3367 540 3467 598 0t-

1886 618 2027 674 tonis
2067 622 2369 676 consensu?
2400 640 2418 673 ι
2481 622 2801 681 Benedictus
2846 630 3122 698 respondit
3151 648 3165 684 :
3199 649 3221 684 ι
3244 632 3301 687 Si
3331 635 3463 703 quid

1881 712 2121 781 peccavi,
2150 713 2481 769 miseremini
2517 717 2642 770 mei.
2674 735 2694 769 ι
2748 717 2898 773 Tunc
2948 720 3243 790 imperator
3270 722 3461 781 eﬁ‘usis

1882 800 2123 856 lacrimis
2142 845 2155 867 ,
2183 819 2344 874 quam
2375 805 2683 861 misericors
2725 818 2870 863 esset
2901 813 3227 879 ostendens;
3255 817 3468 886 rogavit

1881 898 2173 965 synodum,
2206 913 2275 971 ne
2305 897 2562 953 Benedito
2592 900 2962 971 praejudicium
3004 905 3181 961 ﬁeret.
3213 905 3272 961 Si
3299 908 3466 965 vellet

1880 998 1932 1041 et
1972 998 2149 1056 posset
2178 970 2213 1052 ,0
2243 990 2307 1043 ad
2350 970 2682 1061 interrogata
2726 995 3079 1063 responderet
3128 1012 3461 1070 causamque

1879 1093 2029 1133 suam
2062 1080 2403 1145 defenderet;
2439 1087 2580 1152 quod
2618 1084 2661 1138 si
2692 1100 2796 1138 non
2820 1095 3005 1156 posset
3024 1096 3117 1141 aut
3138 1089 3305 1145 nollet
3327 1130 3344 1155 ,
3394 1106 3462 1147 ac

1877 1185 1937 1225 se
1968 1171 2288 1241 culpabilem
2313 1175 2593 1240 redderet,
2626 1185 2803 1232 tamen
2835 1195 2933 1249 pro
2957 1181 3151 1236 timore
3179 1182 3272 1238 Dei
3300 1186 3466 1241 mise-

1878 1261 2168 1317 ricordiam
2198 1265 2431 1337 aliquam
2466 1267 2749 1323 inveniret.
2786 1270 2904 1337 Quo
2934 1274 3137 1340 audito,
3183 1276 3250 1330 ad
3281 1279 3465 1335 domui

1876 1353 2070 1410 Leonis
2094 1372 2243 1427 papae
2277 1360 2439 1428 pedes
2471 1361 2745 1431 ipsiusque
2781 1363 3131 1433 imperatoris
3154 1368 3331 1424 isdum
3360 1370 3463 1427 Be-

1876 1449 2119 1504 nedictus
2149 1450 2357 1506 coneite
2380 1453 2684 1522 prouidens,
2709 1470 2767 1509 se
2790 1470 3013 1526 pecasse
3048 1458 3143 1525 ⁸⁷⁸,
3176 1474 3234 1515 se
3258 1471 3463 1518 sancta

1878 1543 2134 1600 Romamn
2166 1547 2311 1601 sedis
2340 1547 2641 1602 invasorem
2664 1563 2807 1614 csse,
2833 1551 3171 1608 acclamavit.
3196 1552 3325 1609 Post
3347 1557 3464 1613 haec

253 1632 343 1686 22,
385 1633 769 1691 [residentibus
800 1637 983 1708 itaque
1007 1640 1205 1696 domno
1244 1642 1426 1700 Leone
1468 1662 1682 1701 summo
1715 1657 1769 1703 ει
1798 1616 1848 1679 Β
1878 1636 2098 1706 pallium
2144 1638 2246 1692 sibi
2286 1638 2548 1704 abstulit,
2609 1643 2751 1709 quod
2780 1642 2940 1696 simul
2985 1658 3108 1699 cum
3164 1646 3465 1716 pontiﬁcali

183 1724 473 1780 universali
500 1743 640 1797 papa
684 1728 737 1783 in
773 1730 969 1785 eclesia
1018 1731 1369 1791 Lateranensi
1394 1779 1409 1804 ,
1451 1755 1659 1794 necnon
1714 1751 1769 1797 et

181 1813 512 1884 imperatore
552 1820 891 1878 sanctissimo
940 1822 1168 1891 Otwne,
1219 1830 1487 1900 episcopis
1548 1834 1768 1905 insuper

182 1909 465 1976 Romanis,
488 1910 708 1979 italicis,
738 1915 1131 1989 aLotharingia
1153 1930 1210 1975 et
1231 1921 1469 1979 Saxonia
1498 1928 1766 2000 archiepi-

176 1999 382 2068 scopis,
431 2003 732 2074 episc0pis,
754 2008 1094 2077 presbiteris,
1130 2012 1481 2083 diaconibus,
1511 1999 1765 2090 omnique

176 2086 550 2149 Romanorum
577 2096 753 2167 plebe,
786 2115 1015 2169 quorum
1046 2106 1265 2161 nomina
1304 2107 1374 2148 ⁸⁸³
1413 2108 1639 2167 inferius
1673 2086 1766 2169 ad-

168 2184 530 2253 scribentur,
569 2190 787 2246 advenit
840 2192 1199 2264 Benedictus,
1265 2202 1575 2271 apostolicae
1622 2206 1765 2262 sedis

176 2274 422 2343 invasor,
460 2296 650 2338 eorum
674 2285 765 2353 qui
792 2301 850 2341 se
875 2287 1153 2359 elegerant
1179 2292 1429 2349 manibus
1456 2296 1717 2354 adductus
1745 2338 1762 2365 ,

172 2368 581 2437 pontiﬁcalibus
631 2376 871 2445 vestibus
917 2379 1178 2438 indutus.‘
1225 2384 1397 2451 Quem
1440 2387 1763 2448 Benedictus

172 2460 470 2517 cardinalis
509 2465 931 2525 archidiaconus
984 2471 1081 2526 tali
1127 2488 1378 2532 sermone
1425 2478 1758 2549 adgressus:

180 2570 203 2603 ι
239 2553 354 2620 Qua
386 2555 481 2612 tibi
521 2562 844 2619 auctoritate
868 2606 883 2631 ,
914 2580 1088 2635 quave
1124 2568 1260 2640 lege,
1290 2586 1324 2625 ο
1358 2571 1577 2628 invasor
1602 2616 1615 2639 ,
1648 2575 1764 2631 hmc

170 2644 507 2711 pontiﬁcalia
576 2649 890 2708 indumenta
948 2660 1256 2729 usurpasti,
1307 2664 1597 2732 superstite
1660 2666 1765 2720 hoc

86 2766 106 2781 .
162 2737 432 2801 praesenti
458 2739 657 2797 domno
677 2754 864 2799 nostro
891 2750 1184 2805 venerabili
1208 2766 1346 2823 papa
1374 2753 1577 2822 Leone,
1601 2772 1763 2828 quem

176 2836 232 2882 tu
263 2830 545 2890 nobiscum
573 2876 587 2901 ,
632 2849 888 2897 accusata
933 2854 989 2898 et
1036 2848 1326 2915 reprobate
1377 2848 1624 2906 Johanne
1651 2892 1666 2917 ,
1696 2852 1763 2907 ad

1877 1727 2046 1781 ferula
2076 1770 2088 1793 ,
2117 1745 2278 1799 quam
2312 1745 2472 1783 manu
2513 1732 2791 1802 gestabat,
2840 1734 3037 1790 domno
3084 1750 3239 1807 papae
3292 1737 3461 1795 Leoni

1877 1820 2127 1874 reddidit.
2155 1821 2327 1887 Quam
2348 1822 2573 1876 ferulam
2599 1824 2767 1878 isdem
2791 1840 2928 1896 papa
2952 1827 3135 1899 fregit,
3155 1836 3207 1883 et
3226 1828 3461 1887 fractam

1874 1912 2068 1983 populo
2097 1914 2355 1969 ostendit.
2406 1914 2607 1969 Deinde
2636 1912 2986 1973 Benedictum
3015 1919 3067 1973 in
3100 1927 3248 1975 terra
3271 1924 3463 1978 sedere

1876 2006 2149 2076 princepil.
2180 2006 2277 2061 Cui
2304 2006 2566 2073 casulam,
2598 2023 2761 2078 quam
2794 2008 3065 2079 planetam
3093 2010 3310 2077 dicunt,
3334 2029 3459 2069 cum

1878 2097 2009 2151 stola
2047 2097 2251 2168 pariter
2275 2098 2517 2153 abstulit.
2548 2097 2675 2155 Post
2706 2098 2888 2155 autem
2909 2101 3161 2158 omnibus
3187 2106 3461 2177 episc0pis

1877 2190 2011 2244 dixit
2045 2210 2056 2244 :
2094 2211 2108 2241 ι
2138 2192 2511 2257 Benedictum,
2545 2204 2749 2249 sanctae
2779 2193 3039 2251 Romanas
3061 2204 3116 2251 et
3142 2199 3459 2268 apostolica

1877 2282 2019 2336 sedis
2049 2282 2350 2338 invasorem
2384 2325 2398 2349 ,
2440 2285 2585 2339 omni
2612 2285 2959 2355 pontiﬁcatus
2980 2296 3036 2342 et
3063 2290 3460 2360 prespiteratus

1872 2375 2075 2429 honore
2090 2377 2391 2445 privamus;
2416 2375 2484 2431 ob
2497 2376 2841 2432 elemosinam
2865 2393 2994 2432 vero
3015 2379 3195 2435 domni
3222 2381 3460 2452 imperas:

1873 2468 2005 2523 toris
2043 2468 2274 2529 Ottonis,
2332 2466 2483 2537 cujus
2513 2484 2699 2524 sumus
2724 2484 2891 2541 opera
2921 2471 2975 2525 in
3006 2472 3190 2527 sedem
3217 2474 3457 2531 debitam

1872 2560 2135 2625 restituti,
2174 2560 2489 2615 diaconatus
2520 2576 2642 2615 eum
2672 2561 2916 2617 ordinem
2950 2562 3153 2619 habere
3184 2566 3459 2635 permitti-

1872 2671 2022 2723 mus,
2055 2666 2108 2714 et
2140 2673 2242 2712 non
2275 2656 2385 2728 jam
2430 2655 2615 2713 Romae
2639 2700 2653 2721 .
2697 2658 2792 2715 sed
2840 2659 2896 2714 in
2948 2659 3168 2716 exilium
3213 2663 3280 2718 ad
3310 2664 3457 2734 quod

1874 2750 2083 2805 destina
2118 2752 2211 2805 ⁸⁷⁸.

1485 2941 1717 2998 VARle
1756 2944 2161 3005 LECTIONES.

243 3011 313 3096 “if
371 3032 467 3096 pra
530 3018 583 3096 ς.
678 3020 745 3054 ⁸⁷⁰
787 3024 835 3096 gi.
908 3042 953 3080 e.
1020 3041 1273 3096 peccasse
1368 3032 1435 3064 ’⁵⁷⁸
1477 3034 1553 3087 ita
1604 3040 1767 3091 codex

170 3082 222 3137 2.
257 3094 306 3137 et
360 3085 414 3139 4.
447 3088 622 3162 eodem
675 3094 847 3148 modo.
881 3104 963 3151 set
1000 3082 1052 3151 in
1086 3082 1305 3156 ciiiilim
1343 3082 1776 3162 destinamusﬂg.

1824 3041 1876 3114 1ζ
1933 3042 2052 3114 ﬁnit
2136 3042 2308 3114 inedia
2388 3044 2442 3114 in
2508 3043 2681 3114 pagia,
2714 3052 2763 3097 et
2831 3044 2983 3099 initio
3047 3044 3217 3102 linem.
3271 3046 3442 3105 Codd.

1844 3112 1937 3166 Set
1976 3112 2029 3166 iu
2061 3112 2222 3167 exilio
2280 3112 2616 3170 destinamus
2652 3113 2686 3168 5
2716 3128 2766 3169 a.
2799 3123 2883 3171 set
2930 3116 2985 3170 in
3019 3118 3239 3173 exilium
3271 3119 3439 3174 desti-

172 3168 367 3209 namus
426 3158 549 3213 editi
602 3170 650 3214 et
694 3162 985 3221 Albericus.
1037 3168 1307 3227 Sententia
1370 3158 2232 3244 pascere7ridetur"rvtlestinatu‘s
2282 3158 2618 3240 ’.εἶ’-’ἦέιῆ

175 3330 3451 3406 ww:

1226 3507 2400 3626 LIUTPBANDI

1392 3718 1875 3778 CREMONENSIS
1915 3723 2219 3780 EPISCOPI

323 3891 817 4054 RELATIll
893 3898 1038 4052 DE
1120 3902 1762 4062 LEGA'I‘IllNE

1859 3906 3259 4071 CllNSTAN'l‘lNllNLITANA.

1590 4183 1967 4198 ἡ

229 4275 460 4334 Ottones
482 4277 847 4335 Romanorum
872 4281 1256 4337 invictissimos
1282 4282 1635 4353 imperatores
1660 4301 1753 4340 au—
1780 4290 1825 4353 C
1859 4302 1958 4341 nec
1981 4287 2217 4342 calorem
2243 4291 2542 4360 repelleret,
2571 4290 2759 4349 inclusi
2780 4307 3001 4360 sumus;
3025 4297 3222 4351 armati
3246 4298 3448 4357 milita

156 4376 367 4439 gustos,
391 4367 945 4440 gloriosissimamque
964 4369 1315 4425 Adelheidem
1349 4372 1749 4442 imperatricem

159 4468 445 4529 augustam
467 4500 483 4525 ,
525 4458 903 4531 Liudprandus
929 4458 1001 4491 ⁸⁷³
1028 4468 1227 4516 sancta
1250 4460 1633 4519 Cremonensis
1655 4481 1746 4519 ec-

158 4547 338 4603 clesia:
373 4549 684 4622 episcopus,
718 4566 933 4621 semper
959 4551 1166 4618 valere,
1193 4555 1522 4623 prosperari.
1556 4554 1750 4609 trium-

158 4642 349 4711 phare,
374 4643 614 4708 anhelat,
647 4644 935 4711 desiderat,
961 4654 1131 4716 Optat.

230 4741 281 4794 l.
312 4739 454 4808 Quid
492 4758 671 4796 causa:
708 4740 904 4803 fuerit,
939 4742 1082 4812 quod
1115 4742 1265 4813 prius
1297 4742 1505 4797 litteras
1543 4742 1612 4775 ³⁷³
1636 4744 1750 4798 sive

158 4830 406 4884 nuntium
456 4845 634 4885 meum
682 4846 788 4885 non
832 4831 1201 4902 susceperitis,
1241 4833 1379 4885 ratio
1413 4832 1750 4902 subsequens

158 4921 475 4977 declarabit.
498 4922 679 4978 Pridie
702 4923 882 4979 Nonas
900 4922 1047 4979 Junii
1067 4922 1587 4994 Constantinopolim
1602 4926 1749 4981 veni-

157 5029 296 5079 mus,
334 5024 391 5068 et
421 5015 489 5069 ad
517 5016 899 5071 contumeliam
930 5026 1168 5072 vestram
1211 5018 1444 5088 turpiter
1474 5021 1743 5089 suscepti,

154 5105 395 5174 graviter
429 5108 766 5179 turpiterque
795 5122 983 5165 sumus
1015 5108 1265 5175 tractati;
1297 5108 1497 5180 palatio
1523 5111 1742 5179 quidem

158 5198 287 5253 satis
310 5213 509 5269 magno
534 5209 591 5255 et
615 5208 825 5269 aperto,
856 5201 1002 5270 quod
1022 5215 1125 5257 nec
1147 5200 1320 5272 frigus
1343 5209 1577 5272 arceret,
1600 5204 1743 5260 sicut

1473 5313 1707 5340 ἰτλυῐπ
1750 5316 1771 5340 I’
1799 5317 1834 5340 l.‘

1855 4378 2082 4446 appositi
2106 4386 2231 4433 sunt
2259 4381 2531 4448 custodes,
2559 4383 2649 4452 qui
2670 4386 2810 4439 meis
2839 4386 3089 4442 onmibus
3115 4389 3318 4443 exitum
3341 4389 3439 4457 ⁸⁷⁸,

1854 4469 2067 4523 caeteris
2092 4470 2443 4538 prohiberent
2470 4475 2795 4545 ingressum.
2820 4479 3021 4534 Domus
3042 4479 3155 4549 ipsa
3181 4482 3311 4536 solis
3340 4496 3439 4538 no-

1848 4561 1937 4616 bis
1963 4562 2180 4617 inclusis
2211 4565 2416 4633 pervia,
2447 4582 2475 4620 a
2506 4568 2709 4637 palatio
2737 4570 2873 4625 adeo
2894 4579 3253 4642 sequestrata,
3285 4583 3343 4629 ut
3372 4588 3437 4631 eo

1858 4654 2012 4707 nobis
2037 4669 2140 4708 non
2172 4658 2559 4726 equitantibus,
2586 4663 2681 4717 sed
2703 4663 3127 4729 ambulantibus,
3167 4668 3443 4725 anhelitus

1857 4755 2215 4804 truncaretur.
2248 4751 2493 4807 Accessit
2522 4756 2587 4809 ad
2612 4756 2973 4811 calamitatem
3005 4767 3272 4827 nostram,
3298 4761 3446 4829 quod

1853 4837 2162 4897 Graecorum
2185 4844 2365 4898 vinum
2384 4845 2451 4899 ob
2472 4846 2625 4913 picis,
2645 4849 2813 4909 taedae,
2832 4849 2983 4918 gypsi
3000 4851 3447 4907 commixtionem

1855 4932 2009 4986 nobis
2037 4933 2347 5006 impotabile
2370 4936 2491 4991 fuit.
2519 4938 2719 4995 Domus
2743 4941 2857 5008 ipsa
2888 4949 3008 4994 erat
3030 4940 3324 5014 inaquosa,
3352 4956 3454 4996 nec

1851 5020 1996 5075 sitim
2027 5025 2216 5083 saltem
2257 5042 2397 5097 aqua
2430 5028 2744 5099 extinguere
2770 5027 3073 5097 quivimus,
3111 5048 3285 5103 quam
3328 5031 3457 5085 data

1851 5115 2085 5182 pecunia
2112 5132 2435 5175 emeremus.
2468 5116 2606 5174 Huic
2634 5133 2832 5190 magno
2860 5135 2960 5186 vae,
2995 5135 3075 5176 vae
3104 5127 3258 5185 aliud
3288 5136 3464 5195 appo-

1847 5206 2010 5261 situm
2034 5221 2138 5277 est.
2161 5214 2327 5269 homo
2346 5208 2693 5266 scili...orum
2715 5209 2788 5247 ⁸⁷⁸
2811 5221 3016 5280 custos,
3034 5214 3124 5282 qui
3150 5216 3466 5276 cotidianos

1839 5316 2125 5340 FG‘IA‘YDA
