  <div class='ocr_page' id='page_1' title='image "/cluster/home/n/w/nwhite01/storage/ocr_20150623/136/hvd.32044015471766/459.png"; bbox 0 0 4012 5340; ppageno 0'>
   <div class='ocr_carea' id='block_1_1' title="bbox 574 336 680 392">
    <p class='ocr_par' dir='ltr' id='par_1_1' title="bbox 574 336 680 392">
     <span class='ocr_line' id='line_1_1' title="bbox 574 336 680 392; baseline -0.009 0"><span class='ocrx_word' id='word_1_1' title='bbox 574 336 680 392; x_wconf 78' lang='grc'><strong>911</strong></span> 
     </span>
    </p>
   </div>
   <div class='ocr_carea' id='block_1_2' title="bbox 1573 320 2869 395">
    <p class='ocr_par' dir='ltr' id='par_1_2' title="bbox 1573 320 2869 395">
     <span class='ocr_line' id='line_1_2' title="bbox 1573 320 2869 395; baseline 0.001 -4"><span class='ocrx_word' id='word_1_2' title='bbox 1573 332 1998 392; x_wconf 80' lang='lat' dir='ltr'><strong>LlUTPRANDl</strong></span> <span class='ocrx_word' id='word_1_3' title='bbox 2025 320 2522 394; x_wconf 45' lang='lat' dir='ltr'><strong>&#39;CREMONENSIS</strong></span> <span class='ocrx_word' id='word_1_4' title='bbox 2559 333 2869 395; x_wconf 81' lang='lat' dir='ltr'><strong>EPISCOPl</strong></span> 
     </span>
    </p>
   </div>
   <div class='ocr_carea' id='block_1_3' title="bbox 3746 341 3848 398">
    <p class='ocr_par' dir='ltr' id='par_1_3' title="bbox 3746 341 3848 398">
     <span class='ocr_line' id='line_1_3' title="bbox 3746 341 3848 398; baseline 0 -1"><span class='ocrx_word' id='word_1_5' title='bbox 3746 341 3848 398; x_wconf 72' lang='grc'>912</span> 
     </span>
    </p>
   </div>
   <div class='ocr_carea' id='block_1_4' title="bbox 575 447 3853 526">
    <p class='ocr_par' dir='ltr' id='par_1_4' title="bbox 575 447 3853 526">
     <span class='ocr_line' id='line_1_4' title="bbox 575 447 3853 526; baseline -0.001 -12"><span class='ocrx_word' id='word_1_6' title='bbox 575 463 827 526; x_wconf 81' lang='lat' dir='ltr'><strong>sumptus</strong></span> <span class='ocrx_word' id='word_1_7' title='bbox 847 454 1133 526; x_wconf 75' lang='lat' dir='ltr'><strong>praeberet,</strong></span> <span class='ocrx_word' id='word_1_8' title='bbox 1161 467 1247 509; x_wconf 78' lang='lat' dir='ltr'><strong>cui</strong></span> <span class='ocrx_word' id='word_1_9' title='bbox 1270 451 1500 508; x_wconf 86' lang='lat' dir='ltr'><strong>similem</strong></span> <span class='ocrx_word' id='word_1_10' title='bbox 1527 452 1575 508; x_wconf 88' lang='lat' dir='ltr'><strong>si</strong></span> <span class='ocrx_word' id='word_1_11' title='bbox 1600 452 1866 524; x_wconf 82' lang='lat' dir='ltr'><strong>requiras,</strong></span> <span class='ocrx_word' id='word_1_12' title='bbox 1891 466 1999 508; x_wconf 89' lang='lat' dir='ltr'><strong>non</strong></span> <span class='ocrx_word' id='word_1_13' title='bbox 2022 460 2167 508; x_wconf 86' lang='lat' dir='ltr'><strong>terra</strong></span> <span class='ocrx_word' id='word_1_14' title='bbox 2193 459 2247 519; x_wconf 76' lang='grc' dir='ltr'><strong>Α</strong></span> <span class='ocrx_word' id='word_1_15' title='bbox 2272 450 2377 507; x_wconf 91' lang='lat' dir='ltr'><strong>duo</strong></span> <span class='ocrx_word' id='word_1_16' title='bbox 2398 449 2607 522; x_wconf 87' lang='lat' dir='ltr'><strong>parvuli</strong></span> <span class='ocrx_word' id='word_1_17' title='bbox 2635 451 2990 522; x_wconf 70' lang='lat' dir='ltr'><strong>imperatores</strong></span> <span class='ocrx_word' id='word_1_18' title='bbox 3013 448 3184 522; x_wconf 81' lang='grc'>(159),</span> <span class='ocrx_word' id='word_1_19' title='bbox 3207 447 3322 521; x_wconf 86' lang='lat' dir='ltr'><strong>ejus</strong></span> <span class='ocrx_word' id='word_1_20' title='bbox 3348 449 3629 522; x_wconf 88' lang='lat' dir='ltr'><strong>quondam</strong></span> <span class='ocrx_word' id='word_1_21' title='bbox 3656 452 3853 512; x_wconf 81' lang='lat' dir='ltr'><strong>domini</strong></span> 
     </span>
    </p>
   </div>
   <div class='ocr_carea' id='block_1_5' title="bbox 572 545 2171 617">
    <p class='ocr_par' dir='ltr' id='par_1_5' title="bbox 572 545 2171 617">
     <span class='ocr_line' id='line_1_5' title="bbox 572 545 2171 617; baseline -0.003 -10"><span class='ocrx_word' id='word_1_22' title='bbox 572 550 672 607; x_wconf 83' lang='lat' dir='ltr'><strong>sed</strong></span> <span class='ocrx_word' id='word_1_23' title='bbox 699 549 946 606; x_wconf 80' lang='lat' dir='ltr'><strong>infernus</strong></span> <span class='ocrx_word' id='word_1_24' title='bbox 972 548 1156 605; x_wconf 82' lang='lat' dir='ltr'><strong>forsan</strong></span> <span class='ocrx_word' id='word_1_25' title='bbox 1186 549 1364 612; x_wconf 84' lang='lat' dir='ltr'><strong>dabit;</strong></span> <span class='ocrx_word' id='word_1_26' title='bbox 1393 547 1439 602; x_wconf 89' lang='lat' dir='ltr'><strong>is</strong></span> <span class='ocrx_word' id='word_1_27' title='bbox 1469 547 1614 602; x_wconf 91' lang='lat' dir='ltr'><strong>enim</strong></span> <span class='ocrx_word' id='word_1_28' title='bbox 1654 546 1914 617; x_wconf 90' lang='lat' dir='ltr'><strong>quicquid</strong></span> <span class='ocrx_word' id='word_1_29' title='bbox 1947 545 2171 602; x_wconf 91' lang='lat' dir='ltr'><strong>calami-</strong></span> 
     </span>
    </p>
   </div>
   <div class='ocr_carea' id='block_1_6' title="bbox 572 636 2170 712">
    <p class='ocr_par' dir='ltr' id='par_1_6' title="bbox 572 636 2170 712">
     <span class='ocr_line' id='line_1_6' title="bbox 572 636 2170 712; baseline -0.003 -16"><span class='ocrx_word' id='word_1_30' title='bbox 572 640 728 707; x_wconf 84' lang='lat' dir='ltr'><strong>tatis,</strong></span> <span class='ocrx_word' id='word_1_31' title='bbox 755 639 1014 712; x_wconf 89' lang='lat' dir='ltr'><strong>quicquid</strong></span> <span class='ocrx_word' id='word_1_32' title='bbox 1041 639 1266 710; x_wconf 66' lang='lat' dir='ltr'><strong>rapinae,</strong></span> <span class='ocrx_word' id='word_1_33' title='bbox 1301 637 1559 708; x_wconf 88' lang='lat' dir='ltr'><strong>quicquid</strong></span> <span class='ocrx_word' id='word_1_34' title='bbox 1587 636 1875 708; x_wconf 88' lang='lat' dir='ltr'><strong>dispendii,</strong></span> <span class='ocrx_word' id='word_1_35' title='bbox 1909 637 2170 708; x_wconf 91' lang='lat' dir='ltr'><strong>quicquid</strong></span> 
     </span>
    </p>
   </div>
   <div class='ocr_carea' id='block_1_7' title="bbox 570 727 2170 800">
    <p class='ocr_par' dir='ltr' id='par_1_7' title="bbox 570 727 2170 800">
     <span class='ocr_line' id='line_1_7' title="bbox 570 727 2170 800; baseline -0.002 -14"><span class='ocrx_word' id='word_1_36' title='bbox 570 729 795 795; x_wconf 76' lang='lat' dir='ltr'><strong>Iustus,</strong></span> <span class='ocrx_word' id='word_1_37' title='bbox 833 730 1090 800; x_wconf 79' lang='lat' dir='ltr'><strong>quicquid</strong></span> <span class='ocrx_word' id='word_1_38' title='bbox 1131 729 1366 785; x_wconf 76' lang='lat' dir='ltr'><strong>miseriae</strong></span> <span class='ocrx_word' id='word_1_39' title='bbox 1394 728 1708 800; x_wconf 74' lang='lat' dir='ltr'><strong>excogitare</strong></span> <span class='ocrx_word' id='word_1_40' title='bbox 1749 727 1962 798; x_wconf 88' lang='lat' dir='ltr'><strong>potuit,</strong></span> <span class='ocrx_word' id='word_1_41' title='bbox 2012 727 2170 799; x_wconf 88' lang='lat' dir='ltr'><strong>quasi</strong></span> 
     </span>
    </p>
   </div>
   <div class='ocr_carea' id='block_1_8' title="bbox 569 817 2169 877">
    <p class='ocr_par' dir='ltr' id='par_1_8' title="bbox 569 817 2169 877">
     <span class='ocr_line' id='line_1_8' title="bbox 569 817 2169 877; baseline -0.002 0"><span class='ocrx_word' id='word_1_42' title='bbox 569 829 792 877; x_wconf 71' lang='lat' dir='ltr'><strong>torrens</strong></span> <span class='ocrx_word' id='word_1_43' title='bbox 820 821 1087 876; x_wconf 89' lang='lat' dir='ltr'><strong>inundans</strong></span> <span class='ocrx_word' id='word_1_44' title='bbox 1128 820 1181 876; x_wconf 92' lang='lat' dir='ltr'><strong>in</strong></span> <span class='ocrx_word' id='word_1_45' title='bbox 1212 835 1312 876; x_wconf 89' lang='lat' dir='ltr'><strong>nos</strong></span> <span class='ocrx_word' id='word_1_46' title='bbox 1344 817 1552 875; x_wconf 76' lang='lat' dir='ltr'><strong>eﬂ‘udit.</strong></span> <span class='ocrx_word' id='word_1_47' title='bbox 1586 817 1699 874; x_wconf 90' lang='lat' dir='ltr'><strong>Nec</strong></span> <span class='ocrx_word' id='word_1_48' title='bbox 1736 818 1792 874; x_wconf 91' lang='lat' dir='ltr'><strong>in</strong></span> <span class='ocrx_word' id='word_1_49' title='bbox 1835 827 2054 875; x_wconf 88' lang='lat' dir='ltr'><strong>centum</strong></span> <span class='ocrx_word' id='word_1_50' title='bbox 2086 819 2169 874; x_wconf 84' lang='lat' dir='ltr'><strong>vi-</strong></span> 
     </span>
    </p>
   </div>
   <div class='ocr_carea' id='block_1_9' title="bbox 563 909 2166 983">
    <p class='ocr_par' dir='ltr' id='par_1_9' title="bbox 563 909 2166 983">
     <span class='ocr_line' id='line_1_9' title="bbox 563 909 2166 983; baseline 0 -15"><span class='ocrx_word' id='word_1_51' title='bbox 563 911 707 983; x_wconf 71' lang='lat' dir='ltr'><strong>ginti</strong></span> <span class='ocrx_word' id='word_1_52' title='bbox 736 911 926 968; x_wconf 87' lang='lat' dir='ltr'><strong>diebus</strong></span> <span class='ocrx_word' id='word_1_53' title='bbox 961 927 1067 966; x_wconf 92' lang='lat' dir='ltr'><strong>una</strong></span> <span class='ocrx_word' id='word_1_54' title='bbox 1099 911 1291 967; x_wconf 87' lang='lat' dir='ltr'><strong>saltem</strong></span> <span class='ocrx_word' id='word_1_55' title='bbox 1317 909 1610 983; x_wconf 70' lang='lat' dir='ltr'><strong>praeteriit,</strong></span> <span class='ocrx_word' id='word_1_56' title='bbox 1647 923 1768 980; x_wconf 71' lang='lat' dir='ltr'><strong>qua:</strong></span> <span class='ocrx_word' id='word_1_57' title='bbox 1794 925 1904 967; x_wconf 92' lang='lat' dir='ltr'><strong>non</strong></span> <span class='ocrx_word' id='word_1_58' title='bbox 1932 910 2166 983; x_wconf 81' lang='lat' dir='ltr'><strong>gemitus</strong></span> 
     </span>
    </p>
   </div>
   <div class='ocr_carea' id='block_1_10' title="bbox 567 1001 1312 1072">
    <p class='ocr_par' dir='ltr' id='par_1_10' title="bbox 567 1001 1312 1072">
     <span class='ocr_line' id='line_1_10' title="bbox 567 1001 1312 1072; baseline -0.004 -14"><span class='ocrx_word' id='word_1_59' title='bbox 567 1003 732 1058; x_wconf 77' lang='lat' dir='ltr'><strong>nobis</strong></span> <span class='ocrx_word' id='word_1_60' title='bbox 752 1003 1021 1072; x_wconf 64' lang='lat' dir='ltr'><strong>praeberet</strong></span> <span class='ocrx_word' id='word_1_61' title='bbox 1037 1011 1092 1058; x_wconf 91' lang='lat' dir='ltr'><strong>et</strong></span> <span class='ocrx_word' id='word_1_62' title='bbox 1115 1001 1312 1058; x_wconf 88' lang='lat' dir='ltr'><strong>luctus.</strong></span> 
     </span>
    </p>
   </div>
   <div class='ocr_carea' id='block_1_11' title="bbox 636 1091 2168 1165">
    <p class='ocr_par' dir='ltr' id='par_1_11' title="bbox 636 1091 2168 1165">
     <span class='ocr_line' id='line_1_11' title="bbox 636 1091 2168 1165; baseline 0.001 -16"><span class='ocrx_word' id='word_1_63' title='bbox 636 1094 694 1150; x_wconf 75' lang='lat'><strong>2.</strong></span> <span class='ocrx_word' id='word_1_64' title='bbox 711 1093 891 1150; x_wconf 86' lang='lat' dir='ltr'><strong>Pridie</strong></span> <span class='ocrx_word' id='word_1_65' title='bbox 911 1091 1093 1150; x_wconf 87' lang='lat' dir='ltr'><strong>Nonas</strong></span> <span class='ocrx_word' id='word_1_66' title='bbox 1112 1091 1284 1162; x_wconf 83' lang='lat' dir='ltr'><strong>Junii,</strong></span> <span class='ocrx_word' id='word_1_67' title='bbox 1309 1101 1368 1149; x_wconf 93' lang='lat' dir='ltr'><strong>ut</strong></span> <span class='ocrx_word' id='word_1_68' title='bbox 1391 1092 1639 1164; x_wconf 87' lang='lat' dir='ltr'><strong>superius</strong></span> <span class='ocrx_word' id='word_1_69' title='bbox 1660 1093 1994 1165; x_wconf 88' lang='lat' dir='ltr'><strong>scripsimus,</strong></span> <span class='ocrx_word' id='word_1_70' title='bbox 2021 1092 2168 1150; x_wconf 88' lang='lat' dir='ltr'><strong>Con-</strong></span> 
     </span>
    </p>
   </div>
   <div class='ocr_carea' id='block_1_12' title="bbox 560 1187 2163 1260">
    <p class='ocr_par' dir='ltr' id='par_1_12' title="bbox 560 1187 2163 1260">
     <span class='ocr_line' id='line_1_12' title="bbox 560 1187 2163 1260; baseline -0.002 -14"><span class='ocrx_word' id='word_1_71' title='bbox 560 1188 978 1259; x_wconf 70' lang='lat' dir='ltr'><strong>stantinopolim</strong></span> <span class='ocrx_word' id='word_1_72' title='bbox 1021 1196 1148 1244; x_wconf 86' lang='lat' dir='ltr'><strong>ante</strong></span> <span class='ocrx_word' id='word_1_73' title='bbox 1187 1197 1400 1260; x_wconf 90' lang='lat' dir='ltr'><strong>portam</strong></span> <span class='ocrx_word' id='word_1_74' title='bbox 1427 1187 1654 1243; x_wconf 88' lang='lat' dir='ltr'><strong>Caream</strong></span> <span class='ocrx_word' id='word_1_75' title='bbox 1684 1187 1756 1220; x_wconf 68' lang='grc' dir='ltr'><strong>δ”</strong></span> <span class='ocrx_word' id='word_1_76' title='bbox 1785 1188 2062 1254; x_wconf 85' lang='lat' dir='ltr'><strong>venimus,</strong></span> <span class='ocrx_word' id='word_1_77' title='bbox 2106 1195 2163 1243; x_wconf 90' lang='lat' dir='ltr'><strong>et</strong></span> 
     </span>
    </p>
   </div>
   <div class='ocr_carea' id='block_1_13' title="bbox 545 1278 2158 1350">
    <p class='ocr_par' dir='ltr' id='par_1_13' title="bbox 545 1278 2158 1350">
     <span class='ocr_line' id='line_1_13' title="bbox 545 1278 2158 1350; baseline 0 -16"><span class='ocrx_word' id='word_1_78' title='bbox 545 1294 738 1350; x_wconf 66' lang='lat' dir='ltr'><strong>usque</strong></span> <span class='ocrx_word' id='word_1_79' title='bbox 763 1281 832 1335; x_wconf 88' lang='lat' dir='ltr'><strong>ad</strong></span> <span class='ocrx_word' id='word_1_80' title='bbox 863 1279 1206 1336; x_wconf 88' lang='lat' dir='ltr'><strong>undecimam</strong></span> <span class='ocrx_word' id='word_1_81' title='bbox 1235 1280 1424 1335; x_wconf 89' lang='lat' dir='ltr'><strong>horam</strong></span> <span class='ocrx_word' id='word_1_82' title='bbox 1457 1294 1580 1334; x_wconf 91' lang='lat' dir='ltr'><strong>cum</strong></span> <span class='ocrx_word' id='word_1_83' title='bbox 1606 1278 1784 1349; x_wconf 89' lang='lat' dir='ltr'><strong>equis,</strong></span> <span class='ocrx_word' id='word_1_84' title='bbox 1804 1293 1912 1334; x_wconf 94' lang='lat' dir='ltr'><strong>non</strong></span> <span class='ocrx_word' id='word_1_85' title='bbox 1945 1279 2158 1336; x_wconf 90' lang='lat' dir='ltr'><strong>modica</strong></span> 
     </span>
    </p>
   </div>
   <div class='ocr_carea' id='block_1_14' title="bbox 558 1370 2156 1444">
    <p class='ocr_par' dir='ltr' id='par_1_14' title="bbox 558 1370 2156 1444">
     <span class='ocr_line' id='line_1_14' title="bbox 558 1370 2156 1444; baseline 0.003 -18"><span class='ocrx_word' id='word_1_86' title='bbox 558 1371 765 1444; x_wconf 81' lang='lat' dir='ltr'><strong>pluvia,</strong></span> <span class='ocrx_word' id='word_1_87' title='bbox 787 1373 1214 1443; x_wconf 82' lang='lat' dir='ltr'><strong>expectavimus.</strong></span> <span class='ocrx_word' id='word_1_88' title='bbox 1245 1370 1539 1428; x_wconf 87' lang='lat' dir='ltr'><strong>Undecima</strong></span> <span class='ocrx_word' id='word_1_89' title='bbox 1561 1385 1692 1426; x_wconf 90' lang='lat' dir='ltr'><strong>vero</strong></span> <span class='ocrx_word' id='word_1_90' title='bbox 1717 1372 1851 1428; x_wconf 87' lang='lat' dir='ltr'><strong>hora</strong></span> <span class='ocrx_word' id='word_1_91' title='bbox 1874 1388 1980 1429; x_wconf 92' lang='lat' dir='ltr'><strong>non</strong></span> <span class='ocrx_word' id='word_1_92' title='bbox 2005 1381 2156 1430; x_wconf 86' lang='lat' dir='ltr'><strong>ratus</strong></span> 
     </span>
    </p>
   </div>
   <div class='ocr_carea' id='block_1_15' title="bbox 560 1463 2157 1536">
    <p class='ocr_par' dir='ltr' id='par_1_15' title="bbox 560 1463 2157 1536">
     <span class='ocr_line' id='line_1_15' title="bbox 560 1463 2157 1536; baseline 0.002 -18"><span class='ocrx_word' id='word_1_93' title='bbox 560 1463 905 1536; x_wconf 78' lang='lat' dir='ltr'><strong>Nicephorus</strong></span> <span class='ocrx_word' id='word_1_94' title='bbox 937 1479 1036 1520; x_wconf 92' lang='lat' dir='ltr'><strong>nos</strong></span> <span class='ocrx_word' id='word_1_95' title='bbox 1069 1465 1260 1536; x_wconf 84' lang='lat' dir='ltr'><strong>dignos</strong></span> <span class='ocrx_word' id='word_1_96' title='bbox 1288 1479 1410 1520; x_wconf 90' lang='lat' dir='ltr'><strong>esse</strong></span> <span class='ocrx_word' id='word_1_97' title='bbox 1437 1472 1546 1519; x_wconf 90' lang='lat' dir='ltr'><strong>tam</strong></span> <span class='ocrx_word' id='word_1_98' title='bbox 1575 1472 1800 1520; x_wconf 91' lang='lat' dir='ltr'><strong>ornatos</strong></span> <span class='ocrx_word' id='word_1_99' title='bbox 1851 1473 2029 1521; x_wconf 89' lang='lat' dir='ltr'><strong>vestra</strong></span> <span class='ocrx_word' id='word_1_100' title='bbox 2055 1466 2157 1521; x_wconf 91' lang='lat' dir='ltr'><strong>mi-</strong></span> 
     </span>
    </p>
   </div>
   <div class='ocr_carea' id='block_1_16' title="bbox 561 1554 2156 1627">
    <p class='ocr_par' dir='ltr' id='par_1_16' title="bbox 561 1554 2156 1627">
     <span class='ocr_line' id='line_1_16' title="bbox 561 1554 2156 1627; baseline 0 -15"><span class='ocrx_word' id='word_1_101' title='bbox 561 1556 860 1613; x_wconf 74' lang='lat' dir='ltr'><strong>sericordia</strong></span> <span class='ocrx_word' id='word_1_102' title='bbox 891 1555 1159 1626; x_wconf 90' lang='lat' dir='ltr'><strong>equitare,</strong></span> <span class='ocrx_word' id='word_1_103' title='bbox 1191 1555 1376 1611; x_wconf 90' lang='lat' dir='ltr'><strong>venire</strong></span> <span class='ocrx_word' id='word_1_104' title='bbox 1397 1554 1582 1626; x_wconf 86' lang='lat' dir='ltr'><strong>jussit,</strong></span> <span class='ocrx_word' id='word_1_105' title='bbox 1606 1564 1661 1612; x_wconf 89' lang='lat' dir='ltr'><strong>et</strong></span> <span class='ocrx_word' id='word_1_106' title='bbox 1686 1570 1859 1625; x_wconf 86' lang='lat' dir='ltr'><strong>usque</strong></span> <span class='ocrx_word' id='word_1_107' title='bbox 1885 1557 1940 1611; x_wconf 93' lang='lat' dir='ltr'><strong>in</strong></span> <span class='ocrx_word' id='word_1_108' title='bbox 1967 1555 2156 1627; x_wconf 63' lang='lat' dir='ltr'><strong>praefa-</strong></span> 
     </span>
    </p>
   </div>
   <div class='ocr_carea' id='block_1_17' title="bbox 559 1643 2154 1718">
    <p class='ocr_par' dir='ltr' id='par_1_17' title="bbox 559 1643 2154 1718">
     <span class='ocr_line' id='line_1_17' title="bbox 559 1643 2154 1718; baseline 0.001 -18"><span class='ocrx_word' id='word_1_109' title='bbox 559 1651 672 1700; x_wconf 78' lang='lat' dir='ltr'><strong>tam</strong></span> <span class='ocrx_word' id='word_1_110' title='bbox 704 1644 923 1700; x_wconf 91' lang='lat' dir='ltr'><strong>domum</strong></span> <span class='ocrx_word' id='word_1_111' title='bbox 951 1658 1335 1710; x_wconf 88' lang='lat' dir='ltr'><strong>marmoream,</strong></span> <span class='ocrx_word' id='word_1_112' title='bbox 1364 1643 1593 1700; x_wconf 85' lang='lat' dir='ltr'><strong>invisam</strong></span> <span class='ocrx_word' id='word_1_113' title='bbox 1613 1683 1628 1711; x_wconf 89' lang='lat'><strong>,</strong></span> <span class='ocrx_word' id='word_1_114' title='bbox 1670 1645 2026 1716; x_wconf 90' lang='lat' dir='ltr'><strong>inaquosam,</strong></span> <span class='ocrx_word' id='word_1_115' title='bbox 2059 1661 2154 1718; x_wconf 90' lang='lat' dir='ltr'><strong>pa-</strong></span> 
     </span>
    </p>
   </div>
   <div class='ocr_carea' id='block_1_18' title="bbox 561 1733 2150 1813">
    <p class='ocr_par' dir='ltr' id='par_1_18' title="bbox 561 1733 2150 1813">
     <span class='ocr_line' id='line_1_18' title="bbox 561 1733 2150 1813; baseline 0.001 -23"><span class='ocrx_word' id='word_1_116' title='bbox 561 1734 761 1801; x_wconf 80' lang='lat' dir='ltr'><strong>tulam,</strong></span> <span class='ocrx_word' id='word_1_117' title='bbox 783 1748 973 1813; x_wconf 80' lang='lat' dir='ltr'><strong>sumus</strong></span> <span class='ocrx_word' id='word_1_118' title='bbox 1007 1734 1253 1800; x_wconf 89' lang='lat' dir='ltr'><strong>deducti;</strong></span> <span class='ocrx_word' id='word_1_119' title='bbox 1302 1741 1497 1789; x_wconf 90' lang='lat' dir='ltr'><strong>octavo</strong></span> <span class='ocrx_word' id='word_1_120' title='bbox 1546 1744 1725 1790; x_wconf 89' lang='lat' dir='ltr'><strong>autem</strong></span> <span class='ocrx_word' id='word_1_121' title='bbox 1761 1733 1884 1791; x_wconf 90' lang='lat' dir='ltr'><strong>ldus</strong></span> <span class='ocrx_word' id='word_1_122' title='bbox 1914 1735 1984 1767; x_wconf 76' lang='grc'><strong>⁸⁷⁷</strong></span> <span class='ocrx_word' id='word_1_123' title='bbox 2021 1735 2150 1791; x_wconf 90' lang='lat' dir='ltr'><strong>sab-</strong></span> 
     </span>
    </p>
   </div>
   <div class='ocr_carea' id='block_1_19' title="bbox 2271 541 3786 614">
    <p class='ocr_par' dir='ltr' id='par_1_19' title="bbox 2271 541 3786 614">
     <span class='ocr_line' id='line_1_19' title="bbox 2271 541 3786 614; baseline 0.002 -16"><span class='ocrx_word' id='word_1_124' title='bbox 2271 558 2417 599; x_wconf 90' lang='lat' dir='ltr'><strong>nunc</strong></span> <span class='ocrx_word' id='word_1_125' title='bbox 2441 541 2693 611; x_wconf 87' lang='lat' dir='ltr'><strong>subjecti,</strong></span> <span class='ocrx_word' id='word_1_126' title='bbox 2723 541 2882 614; x_wconf 90' lang='lat' dir='ltr'><strong>cujus</strong></span> <span class='ocrx_word' id='word_1_127' title='bbox 2912 543 3244 601; x_wconf 89' lang='lat' dir='ltr'><strong>narrationis</strong></span> <span class='ocrx_word' id='word_1_128' title='bbox 3274 543 3492 601; x_wconf 89' lang='lat' dir='ltr'><strong>initium</strong></span> <span class='ocrx_word' id='word_1_129' title='bbox 3518 544 3626 602; x_wconf 93' lang='lat' dir='ltr'><strong>hoc</strong></span> <span class='ocrx_word' id='word_1_130' title='bbox 3645 544 3786 601; x_wconf 87' lang='lat' dir='ltr'><strong>fuit:</strong></span> 
     </span>
    </p>
   </div>
   <div class='ocr_carea' id='block_1_20' title="bbox 2339 679 3856 757">
    <p class='ocr_par' dir='ltr' id='par_1_20' title="bbox 2339 679 3856 757">
     <span class='ocr_line' id='line_1_20' title="bbox 2339 679 3856 757; baseline 0.005 -23"><span class='ocrx_word' id='word_1_131' title='bbox 2339 679 2396 734; x_wconf 77' lang='grc'><strong>4.</strong></span> <span class='ocrx_word' id='word_1_132' title='bbox 2430 697 2450 732; x_wconf 74' lang='grc' dir='ltr'><strong><em>ι</em></strong></span> <span class='ocrx_word' id='word_1_133' title='bbox 2477 679 2846 737; x_wconf 84' lang='lat' dir='ltr'><strong>Debueramus</strong></span> <span class='ocrx_word' id='word_1_134' title='bbox 2866 721 2882 750; x_wconf 94' lang='lat'><strong>,</strong></span> <span class='ocrx_word' id='word_1_135' title='bbox 2909 681 3078 738; x_wconf 89' lang='lat' dir='ltr'><strong>immo</strong></span> <span class='ocrx_word' id='word_1_136' title='bbox 3111 681 3490 754; x_wconf 86' lang='lat' dir='ltr'><strong>volueramus,</strong></span> <span class='ocrx_word' id='word_1_137' title='bbox 3529 693 3586 740; x_wconf 90' lang='lat' dir='ltr'><strong>te</strong></span> <span class='ocrx_word' id='word_1_138' title='bbox 3627 684 3856 757; x_wconf 81' lang='lat' dir='ltr'><strong>benigne</strong></span> 
     </span>
    </p>
   </div>
   <div class='ocr_carea' id='block_1_21' title="bbox 2269 770 3854 847">
    <p class='ocr_par' dir='ltr' id='par_1_21' title="bbox 2269 770 3854 847">
     <span class='ocr_line' id='line_1_21' title="bbox 2269 770 3854 847; baseline 0.004 -21"><span class='ocrx_word' id='word_1_139' title='bbox 2269 770 2665 842; x_wconf 80' lang='lat' dir='ltr'><strong>magniﬁceque</strong></span> <span class='ocrx_word' id='word_1_140' title='bbox 2684 772 2991 844; x_wconf 87' lang='lat' dir='ltr'><strong>suscipere;</strong></span> <span class='ocrx_word' id='word_1_141' title='bbox 3019 773 3115 829; x_wconf 90' lang='lat' dir='ltr'><strong>sed</strong></span> <span class='ocrx_word' id='word_1_142' title='bbox 3140 774 3344 830; x_wconf 90' lang='lat' dir='ltr'><strong>domini</strong></span> <span class='ocrx_word' id='word_1_143' title='bbox 3370 775 3448 830; x_wconf 90' lang='lat' dir='ltr'><strong>tui</strong></span> <span class='ocrx_word' id='word_1_144' title='bbox 3473 775 3733 847; x_wconf 84' lang='lat' dir='ltr'><strong>impietas</strong></span> <span class='ocrx_word' id='word_1_145' title='bbox 3752 791 3854 833; x_wconf 89' lang='lat' dir='ltr'><strong>non</strong></span> 
     </span>
    </p>
   </div>
   <div class='ocr_carea' id='block_1_22' title="bbox 2265 863 3854 935">
    <p class='ocr_par' dir='ltr' id='par_1_22' title="bbox 2265 863 3854 935">
     <span class='ocr_line' id='line_1_22' title="bbox 2265 863 3854 935; baseline 0.002 -15"><span class='ocrx_word' id='word_1_146' title='bbox 2265 863 2557 934; x_wconf 88' lang='lat' dir='ltr'><strong>permittit,</strong></span> <span class='ocrx_word' id='word_1_147' title='bbox 2595 865 2688 935; x_wconf 94' lang='lat' dir='ltr'><strong>qui</strong></span> <span class='ocrx_word' id='word_1_148' title='bbox 2738 876 2849 921; x_wconf 89' lang='lat' dir='ltr'><strong>tam</strong></span> <span class='ocrx_word' id='word_1_149' title='bbox 2888 866 3108 922; x_wconf 89' lang='lat' dir='ltr'><strong>inimica</strong></span> <span class='ocrx_word' id='word_1_150' title='bbox 3139 865 3422 923; x_wconf 88' lang='lat' dir='ltr'><strong>invasione</strong></span> <span class='ocrx_word' id='word_1_151' title='bbox 3471 867 3709 923; x_wconf 84' lang='lat' dir='ltr'><strong>Romam</strong></span> <span class='ocrx_word' id='word_1_152' title='bbox 3759 868 3854 923; x_wconf 87' lang='lat' dir='ltr'><strong>sibi</strong></span> 
     </span>
    </p>
   </div>
   <div class='ocr_carea' id='block_1_23' title="bbox 2265 954 3858 1029">
    <p class='ocr_par' dir='ltr' id='par_1_23' title="bbox 2265 954 3858 1029">
     <span class='ocr_line' id='line_1_23' title="bbox 2265 954 3858 1029; baseline 0.001 -18"><span class='ocrx_word' id='word_1_153' title='bbox 2265 954 2582 1020; x_wconf 89' lang='lat' dir='ltr'><strong>vindicavit,</strong></span> <span class='ocrx_word' id='word_1_154' title='bbox 2612 954 2946 1027; x_wconf 89' lang='lat' dir='ltr'><strong>Berengario</strong></span> <span class='ocrx_word' id='word_1_155' title='bbox 2977 956 3126 1029; x_wconf 87' lang='grc'>(160)</span> <span class='ocrx_word' id='word_1_156' title='bbox 3153 964 3209 1012; x_wconf 91' lang='lat' dir='ltr'><strong>et</strong></span> <span class='ocrx_word' id='word_1_157' title='bbox 3236 956 3532 1014; x_wconf 79' lang='lat' dir='ltr'><strong>Adclberto</strong></span> <span class='ocrx_word' id='word_1_158' title='bbox 3553 956 3858 1027; x_wconf 81' lang='lat' dir='ltr'><strong>contraius</strong></span> 
     </span>
    </p>
   </div>
   <div class='ocr_carea' id='block_1_24' title="bbox 2264 1045 3858 1122">
    <p class='ocr_par' dir='ltr' id='par_1_24' title="bbox 2264 1045 3858 1122">
     <span class='ocr_line' id='line_1_24' title="bbox 2264 1045 3858 1122; baseline 0.001 -20"><span class='ocrx_word' id='word_1_159' title='bbox 2264 1045 2454 1117; x_wconf 83' lang='lat' dir='ltr'><strong>fasque</strong></span> <span class='ocrx_word' id='word_1_160' title='bbox 2474 1047 2643 1103; x_wconf 89' lang='lat' dir='ltr'><strong>vitam</strong></span> <span class='ocrx_word' id='word_1_161' title='bbox 2672 1047 2917 1116; x_wconf 90' lang='lat' dir='ltr'><strong>abstulit,</strong></span> <span class='ocrx_word' id='word_1_162' title='bbox 2943 1048 3311 1105; x_wconf 85' lang='lat' dir='ltr'><strong>Romanorum</strong></span> <span class='ocrx_word' id='word_1_163' title='bbox 3337 1049 3473 1105; x_wconf 90' lang='lat' dir='ltr'><strong>alios</strong></span> <span class='ocrx_word' id='word_1_164' title='bbox 3497 1049 3706 1122; x_wconf 88' lang='lat' dir='ltr'><strong>gladio,</strong></span> <span class='ocrx_word' id='word_1_165' title='bbox 3728 1049 3858 1105; x_wconf 79' lang='lat' dir='ltr'><strong>alios</strong></span> 
     </span>
    </p>
   </div>
   <div class='ocr_carea' id='block_1_25' title="bbox 2264 1138 3857 1211">
    <p class='ocr_par' dir='ltr' id='par_1_25' title="bbox 2264 1138 3857 1211">
     <span class='ocr_line' id='line_1_25' title="bbox 2264 1138 3857 1211; baseline 0.001 -16"><span class='ocrx_word' id='word_1_166' title='bbox 2264 1139 2556 1210; x_wconf 90' lang='lat' dir='ltr'><strong>suspendio</strong></span> <span class='ocrx_word' id='word_1_167' title='bbox 2577 1138 2879 1204; x_wconf 89' lang='lat' dir='ltr'><strong>interemit,</strong></span> <span class='ocrx_word' id='word_1_168' title='bbox 2901 1139 3073 1197; x_wconf 87' lang='lat' dir='ltr'><strong>oculis</strong></span> <span class='ocrx_word' id='word_1_169' title='bbox 3094 1139 3228 1196; x_wconf 89' lang='lat' dir='ltr'><strong>alios</strong></span> <span class='ocrx_word' id='word_1_170' title='bbox 3251 1141 3509 1211; x_wconf 86' lang='lat' dir='ltr'><strong>privavit,</strong></span> <span class='ocrx_word' id='word_1_171' title='bbox 3532 1141 3706 1196; x_wconf 79' lang='lat' dir='ltr'><strong>exilio</strong></span> <span class='ocrx_word' id='word_1_172' title='bbox 3727 1141 3857 1197; x_wconf 87' lang='lat' dir='ltr'><strong>alios</strong></span> 
     </span>
    </p>
   </div>
   <div class='ocr_carea' id='block_1_26' title="bbox 2262 1230 3860 1304">
    <p class='ocr_par' dir='ltr' id='par_1_26' title="bbox 2262 1230 3860 1304">
     <span class='ocr_line' id='line_1_26' title="bbox 2262 1230 3860 1304; baseline 0 -18"><span class='ocrx_word' id='word_1_173' title='bbox 2262 1231 2524 1302; x_wconf 76' lang='lat' dir='ltr'><strong>relegavit</strong></span> <span class='ocrx_word' id='word_1_174' title='bbox 2551 1230 2722 1304; x_wconf 85' lang='grc'>(161),</span> <span class='ocrx_word' id='word_1_175' title='bbox 2760 1239 2818 1286; x_wconf 91' lang='lat' dir='ltr'><strong>et</strong></span> <span class='ocrx_word' id='word_1_176' title='bbox 2856 1231 3071 1302; x_wconf 89' lang='lat' dir='ltr'><strong>imperii</strong></span> <span class='ocrx_word' id='word_1_177' title='bbox 3115 1232 3287 1287; x_wconf 90' lang='lat' dir='ltr'><strong>nostri</strong></span> <span class='ocrx_word' id='word_1_178' title='bbox 3335 1232 3562 1304; x_wconf 89' lang='lat' dir='ltr'><strong>insuper</strong></span> <span class='ocrx_word' id='word_1_179' title='bbox 3606 1232 3860 1288; x_wconf 88' lang='lat' dir='ltr'><strong>civitates</strong></span> 
     </span>
    </p>
   </div>
   <div class='ocr_carea' id='block_1_27' title="bbox 2261 1321 3859 1394">
    <p class='ocr_par' dir='ltr' id='par_1_27' title="bbox 2261 1321 3859 1394">
     <span class='ocr_line' id='line_1_27' title="bbox 2261 1321 3859 1394; baseline 0.001 -16"><span class='ocrx_word' id='word_1_180' title='bbox 2261 1321 2556 1378; x_wconf 89' lang='lat' dir='ltr'><strong>homicidio</strong></span> <span class='ocrx_word' id='word_1_181' title='bbox 2580 1331 2674 1377; x_wconf 92' lang='lat' dir='ltr'><strong>aut</strong></span> <span class='ocrx_word' id='word_1_182' title='bbox 2697 1321 2948 1379; x_wconf 90' lang='lat' dir='ltr'><strong>incendio</strong></span> <span class='ocrx_word' id='word_1_183' title='bbox 2967 1322 3069 1378; x_wconf 90' lang='lat' dir='ltr'><strong>sibi</strong></span> <span class='ocrx_word' id='word_1_184' title='bbox 3097 1323 3329 1380; x_wconf 89' lang='lat' dir='ltr'><strong>subdere</strong></span> <span class='ocrx_word' id='word_1_185' title='bbox 3349 1323 3419 1356; x_wconf 55' lang='lat'><strong>“1</strong></span> <span class='ocrx_word' id='word_1_186' title='bbox 3453 1326 3774 1394; x_wconf 85' lang='lat' dir='ltr'><strong>temptavit;</strong></span> <span class='ocrx_word' id='word_1_187' title='bbox 3805 1332 3859 1380; x_wconf 84' lang='lat' dir='ltr'><strong>et</strong></span> 
     </span>
    </p>
   </div>
   <div class='ocr_carea' id='block_1_28' title="bbox 2258 1412 3854 1487">
    <p class='ocr_par' dir='ltr' id='par_1_28' title="bbox 2258 1412 3854 1487">
     <span class='ocr_line' id='line_1_28' title="bbox 2258 1412 3854 1487; baseline 0.001 -17"><span class='ocrx_word' id='word_1_188' title='bbox 2258 1415 2388 1486; x_wconf 86' lang='lat' dir='ltr'><strong>quia</strong></span> <span class='ocrx_word' id='word_1_189' title='bbox 2411 1412 2638 1471; x_wconf 72' lang='lat' dir='ltr'><strong>allectus</strong></span> <span class='ocrx_word' id='word_1_190' title='bbox 2659 1415 2776 1487; x_wconf 87' lang='lat' dir='ltr'><strong>ejus</strong></span> <span class='ocrx_word' id='word_1_191' title='bbox 2801 1430 3003 1486; x_wconf 88' lang='lat' dir='ltr'><strong>pravus</strong></span> <span class='ocrx_word' id='word_1_192' title='bbox 3023 1413 3275 1472; x_wconf 79' lang='lat' dir='ltr'><strong>effectum</strong></span> <span class='ocrx_word' id='word_1_193' title='bbox 3295 1416 3501 1473; x_wconf 88' lang='lat' dir='ltr'><strong>habere</strong></span> <span class='ocrx_word' id='word_1_194' title='bbox 3521 1432 3634 1474; x_wconf 91' lang='lat' dir='ltr'><strong>non</strong></span> <span class='ocrx_word' id='word_1_195' title='bbox 3657 1419 3854 1487; x_wconf 84' lang='lat' dir='ltr'><strong>potuit,</strong></span> 
     </span>
    </p>
   </div>
   <div class='ocr_carea' id='block_1_29' title="bbox 2258 1497 3860 1582">
    <p class='ocr_par' dir='ltr' id='par_1_29' title="bbox 2258 1497 3860 1582">
     <span class='ocr_line' id='line_1_29' title="bbox 2258 1497 3860 1582; baseline -0.001 -17"><span class='ocrx_word' id='word_1_196' title='bbox 2258 1524 2404 1565; x_wconf 90' lang='lat' dir='ltr'><strong>nunc</strong></span> <span class='ocrx_word' id='word_1_197' title='bbox 2431 1516 2487 1566; x_wconf 90' lang='lat' dir='ltr'><strong>te</strong></span> <span class='ocrx_word' id='word_1_198' title='bbox 2523 1507 2745 1566; x_wconf 65' lang='lat' dir='ltr'><strong>malitia:</strong></span> <span class='ocrx_word' id='word_1_199' title='bbox 2783 1497 2942 1582; x_wconf 83' lang='lat' dir='ltr'><strong>hujus</strong></span> <span class='ocrx_word' id='word_1_200' title='bbox 2986 1517 3360 1582; x_wconf 88' lang='lat' dir='ltr'><strong>suggestorem</strong></span> <span class='ocrx_word' id='word_1_201' title='bbox 3393 1518 3561 1580; x_wconf 87' lang='lat' dir='ltr'><strong>atque</strong></span> <span class='ocrx_word' id='word_1_202' title='bbox 3601 1506 3860 1579; x_wconf 87' lang='lat' dir='ltr'><strong>impulso-</strong></span> 
     </span>
    </p>
   </div>
   <div class='ocr_carea' id='block_1_30' title="bbox 2257 1598 3856 1673">
    <p class='ocr_par' dir='ltr' id='par_1_30' title="bbox 2257 1598 3856 1673">
     <span class='ocr_line' id='line_1_30' title="bbox 2257 1598 3856 1673; baseline -0.001 -17"><span class='ocrx_word' id='word_1_203' title='bbox 2257 1614 2393 1666; x_wconf 92' lang='lat' dir='ltr'><strong>rem,</strong></span> <span class='ocrx_word' id='word_1_204' title='bbox 2426 1599 2682 1657; x_wconf 82' lang='lat' dir='ltr'><strong>simulata</strong></span> <span class='ocrx_word' id='word_1_205' title='bbox 2707 1615 2841 1673; x_wconf 88' lang='lat' dir='ltr'><strong>pace</strong></span> <span class='ocrx_word' id='word_1_206' title='bbox 2863 1642 2879 1668; x_wconf 93' lang='lat'><strong>,</strong></span> <span class='ocrx_word' id='word_1_207' title='bbox 2915 1603 3074 1672; x_wconf 90' lang='lat' dir='ltr'><strong>quasi</strong></span> <span class='ocrx_word' id='word_1_208' title='bbox 3101 1598 3327 1659; x_wconf 65' lang='grc' dir='ltr'><strong>ἄσκοπον</strong></span> <span class='ocrx_word' id='word_1_209' title='bbox 3353 1599 3450 1667; x_wconf 73' lang='grc' dir='ltr'><strong>δ”,</strong></span> <span class='ocrx_word' id='word_1_210' title='bbox 3478 1600 3535 1657; x_wconf 91' lang='lat' dir='ltr'><strong>id</strong></span> <span class='ocrx_word' id='word_1_211' title='bbox 3554 1608 3646 1656; x_wconf 86' lang='lat' dir='ltr'><strong>est</strong></span> <span class='ocrx_word' id='word_1_212' title='bbox 3670 1598 3856 1669; x_wconf 75' lang='lat' dir='ltr'><strong>explo-</strong></span> 
     </span>
    </p>
   </div>
   <div class='ocr_carea' id='block_1_31' title="bbox 2255 1692 3015 1760">
    <p class='ocr_par' dir='ltr' id='par_1_31' title="bbox 2255 1692 3015 1760">
     <span class='ocr_line' id='line_1_31' title="bbox 2255 1692 3015 1760; baseline -0.003 -12"><span class='ocrx_word' id='word_1_213' title='bbox 2255 1703 2518 1760; x_wconf 90' lang='lat' dir='ltr'><strong>ratorem,</strong></span> <span class='ocrx_word' id='word_1_214' title='bbox 2540 1695 2610 1749; x_wconf 92' lang='lat' dir='ltr'><strong>ad</strong></span> <span class='ocrx_word' id='word_1_215' title='bbox 2634 1708 2736 1750; x_wconf 92' lang='lat' dir='ltr'><strong>nos</strong></span> <span class='ocrx_word' id='word_1_216' title='bbox 2761 1692 3015 1750; x_wconf 67' lang='lat' dir='ltr'><strong>direxit.»</strong></span> 
     </span>
    </p>
   </div>
   <div class='ocr_carea' id='block_1_32' title="bbox 556 1824 3854 1900">
    <p class='ocr_par' dir='ltr' id='par_1_32' title="bbox 556 1824 3854 1900">
     <span class='ocr_line' id='line_1_32' title="bbox 556 1824 3854 1900; baseline 0 -21"><span class='ocrx_word' id='word_1_217' title='bbox 556 1824 728 1897; x_wconf 70' lang='lat' dir='ltr'><strong>batho</strong></span> <span class='ocrx_word' id='word_1_218' title='bbox 766 1825 940 1896; x_wconf 92' lang='lat' dir='ltr'><strong>primo</strong></span> <span class='ocrx_word' id='word_1_219' title='bbox 987 1825 1195 1881; x_wconf 91' lang='lat' dir='ltr'><strong>dierum</strong></span> <span class='ocrx_word' id='word_1_220' title='bbox 1238 1834 1602 1898; x_wconf 87' lang='lat' dir='ltr'><strong>pentecostes,</strong></span> <span class='ocrx_word' id='word_1_221' title='bbox 1639 1835 1766 1882; x_wconf 89' lang='lat' dir='ltr'><strong>ante</strong></span> <span class='ocrx_word' id='word_1_222' title='bbox 1804 1825 1988 1884; x_wconf 78' lang='lat' dir='ltr'><strong>fratris</strong></span> <span class='ocrx_word' id='word_1_223' title='bbox 2034 1827 2150 1897; x_wconf 84' lang='lat' dir='ltr'><strong>ejus</strong></span> <span class='ocrx_word' id='word_1_224' title='bbox 2176 1831 2226 1894; x_wconf 84' lang='grc' dir='ltr'><strong>Β</strong></span> <span class='ocrx_word' id='word_1_225' title='bbox 2323 1826 2377 1884; x_wconf 85' lang='lat'><strong>5.</strong></span> <span class='ocrx_word' id='word_1_226' title='bbox 2405 1825 2504 1883; x_wconf 83' lang='lat' dir='ltr'><strong>Cui</strong></span> <span class='ocrx_word' id='word_1_227' title='bbox 2528 1829 2743 1900; x_wconf 74' lang='lat' dir='ltr'><strong>inquam</strong></span> <span class='ocrx_word' id='word_1_228' title='bbox 2775 1844 2867 1899; x_wconf 85' lang='lat' dir='ltr'><strong>ego</strong></span> <span class='ocrx_word' id='word_1_229' title='bbox 2888 1842 2908 1880; x_wconf 90' lang='lat'><strong><em>:</em></strong></span> <span class='ocrx_word' id='word_1_230' title='bbox 2935 1825 3279 1884; x_wconf 69' lang='lat' dir='ltr'><strong>«Romanam</strong></span> <span class='ocrx_word' id='word_1_231' title='bbox 3298 1825 3579 1883; x_wconf 89' lang='lat' dir='ltr'><strong>civitatem</strong></span> <span class='ocrx_word' id='word_1_232' title='bbox 3602 1824 3854 1880; x_wconf 82' lang='lat' dir='ltr'><strong>dominus</strong></span> 
     </span>
    </p>
   </div>
   <div class='ocr_carea' id='block_1_33' title="bbox 559 1913 2148 1988">
    <p class='ocr_par' dir='ltr' id='par_1_33' title="bbox 559 1913 2148 1988">
     <span class='ocr_line' id='line_1_33' title="bbox 559 1913 2148 1988; baseline 0.002 -16"><span class='ocrx_word' id='word_1_233' title='bbox 559 1913 763 1972; x_wconf 84' lang='lat' dir='ltr'><strong>Leonis</strong></span> <span class='ocrx_word' id='word_1_234' title='bbox 802 1913 1102 1986; x_wconf 88' lang='lat' dir='ltr'><strong>coropalati</strong></span> <span class='ocrx_word' id='word_1_235' title='bbox 1135 1915 1203 1950; x_wconf 74' lang='grc'><strong>⁸⁷⁸</strong></span> <span class='ocrx_word' id='word_1_236' title='bbox 1225 1924 1280 1972; x_wconf 91' lang='lat' dir='ltr'><strong>et</strong></span> <span class='ocrx_word' id='word_1_237' title='bbox 1309 1916 1596 1988; x_wconf 71' lang='lat' dir='ltr'><strong>logothetas</strong></span> <span class='ocrx_word' id='word_1_238' title='bbox 1633 1920 1977 1988; x_wconf 87' lang='lat' dir='ltr'><strong>praesentiam</strong></span> <span class='ocrx_word' id='word_1_239' title='bbox 2027 1935 2148 1976; x_wconf 91' lang='lat' dir='ltr'><strong>sum</strong></span> 
     </span>
    </p>
   </div>
   <div class='ocr_carea' id='block_1_34' title="bbox 551 2005 2152 2081">
    <p class='ocr_par' dir='ltr' id='par_1_34' title="bbox 551 2005 2152 2081">
     <span class='ocr_line' id='line_1_34' title="bbox 551 2005 2152 2081; baseline 0 -17"><span class='ocrx_word' id='word_1_240' title='bbox 551 2005 851 2072; x_wconf 81' lang='lat' dir='ltr'><strong>deductus,</strong></span> <span class='ocrx_word' id='word_1_241' title='bbox 889 2005 982 2061; x_wconf 93' lang='lat' dir='ltr'><strong>ubi</strong></span> <span class='ocrx_word' id='word_1_242' title='bbox 1028 2005 1096 2062; x_wconf 88' lang='lat' dir='ltr'><strong>de</strong></span> <span class='ocrx_word' id='word_1_243' title='bbox 1144 2007 1411 2077; x_wconf 89' lang='lat' dir='ltr'><strong>imperiali</strong></span> <span class='ocrx_word' id='word_1_244' title='bbox 1459 2015 1642 2064; x_wconf 89' lang='lat' dir='ltr'><strong>vestro</strong></span> <span class='ocrx_word' id='word_1_245' title='bbox 1690 2009 1908 2064; x_wconf 91' lang='lat' dir='ltr'><strong>nomine</strong></span> <span class='ocrx_word' id='word_1_246' title='bbox 1956 2024 2152 2081; x_wconf 87' lang='lat' dir='ltr'><strong>magna</strong></span> 
     </span>
    </p>
   </div>
   <div class='ocr_carea' id='block_1_35' title="bbox 550 2095 2158 2170">
    <p class='ocr_par' dir='ltr' id='par_1_35' title="bbox 550 2095 2158 2170">
     <span class='ocr_line' id='line_1_35' title="bbox 550 2095 2158 2170; baseline 0.002 -18"><span class='ocrx_word' id='word_1_247' title='bbox 550 2109 746 2152; x_wconf 76' lang='lat' dir='ltr'><strong>sumus</strong></span> <span class='ocrx_word' id='word_1_248' title='bbox 771 2097 1116 2152; x_wconf 90' lang='lat' dir='ltr'><strong>contentione</strong></span> <span class='ocrx_word' id='word_1_249' title='bbox 1139 2095 1371 2169; x_wconf 80' lang='lat' dir='ltr'><strong>fatigati.</strong></span> <span class='ocrx_word' id='word_1_250' title='bbox 1398 2097 1521 2170; x_wconf 85' lang='lat' dir='ltr'><strong>Ipse</strong></span> <span class='ocrx_word' id='word_1_251' title='bbox 1545 2099 1692 2155; x_wconf 89' lang='lat' dir='ltr'><strong>enim</strong></span> <span class='ocrx_word' id='word_1_252' title='bbox 1717 2114 1815 2155; x_wconf 91' lang='lat' dir='ltr'><strong>vos</strong></span> <span class='ocrx_word' id='word_1_253' title='bbox 1845 2115 1952 2155; x_wconf 94' lang='lat' dir='ltr'><strong>non</strong></span> <span class='ocrx_word' id='word_1_254' title='bbox 1983 2100 2158 2170; x_wconf 91' lang='lat' dir='ltr'><strong>impe-</strong></span> 
     </span>
    </p>
   </div>
   <div class='ocr_carea' id='block_1_36' title="bbox 548 2190 2150 2266">
    <p class='ocr_par' dir='ltr' id='par_1_36' title="bbox 548 2190 2150 2266">
     <span class='ocr_line' id='line_1_36' title="bbox 548 2190 2150 2266; baseline 0.004 -23"><span class='ocrx_word' id='word_1_255' title='bbox 548 2197 815 2255; x_wconf 85' lang='lat' dir='ltr'><strong>ratorem,</strong></span> <span class='ocrx_word' id='word_1_256' title='bbox 846 2190 897 2246; x_wconf 93' lang='lat' dir='ltr'><strong>id</strong></span> <span class='ocrx_word' id='word_1_257' title='bbox 920 2199 1004 2246; x_wconf 90' lang='lat' dir='ltr'><strong>est</strong></span> <span class='ocrx_word' id='word_1_258' title='bbox 1033 2193 1274 2265; x_wconf 73' lang='grc' dir='ltr'><strong>βασιλέα,</strong></span> <span class='ocrx_word' id='word_1_259' title='bbox 1309 2208 1405 2249; x_wconf 92' lang='lat' dir='ltr'><strong>sua</strong></span> <span class='ocrx_word' id='word_1_260' title='bbox 1434 2193 1643 2265; x_wconf 88' lang='lat' dir='ltr'><strong>lingua,</strong></span> <span class='ocrx_word' id='word_1_261' title='bbox 1679 2194 1773 2250; x_wconf 88' lang='lat' dir='ltr'><strong>sed</strong></span> <span class='ocrx_word' id='word_1_262' title='bbox 1805 2195 1874 2250; x_wconf 91' lang='lat' dir='ltr'><strong>ob</strong></span> <span class='ocrx_word' id='word_1_263' title='bbox 1903 2195 2150 2266; x_wconf 83' lang='lat' dir='ltr'><strong>indigna-</strong></span> 
     </span>
    </p>
   </div>
   <div class='ocr_carea' id='block_1_37' title="bbox 548 2281 2152 2362">
    <p class='ocr_par' dir='ltr' id='par_1_37' title="bbox 548 2281 2152 2362">
     <span class='ocr_line' id='line_1_37' title="bbox 548 2281 2152 2362; baseline 0.004 -24"><span class='ocrx_word' id='word_1_264' title='bbox 548 2281 753 2338; x_wconf 79' lang='lat' dir='ltr'><strong>tionem</strong></span> <span class='ocrx_word' id='word_1_265' title='bbox 782 2283 933 2362; x_wconf 73' lang='grc' dir='ltr'><strong>ρἢα,</strong></span> <span class='ocrx_word' id='word_1_266' title='bbox 963 2284 1019 2341; x_wconf 90' lang='lat' dir='ltr'><strong>id</strong></span> <span class='ocrx_word' id='word_1_267' title='bbox 1047 2294 1132 2341; x_wconf 87' lang='lat' dir='ltr'><strong>est</strong></span> <span class='ocrx_word' id='word_1_268' title='bbox 1159 2301 1365 2357; x_wconf 84' lang='lat' dir='ltr'><strong>regem,</strong></span> <span class='ocrx_word' id='word_1_269' title='bbox 1397 2295 1584 2343; x_wconf 91' lang='lat' dir='ltr'><strong>nostra</strong></span> <span class='ocrx_word' id='word_1_270' title='bbox 1612 2287 1863 2344; x_wconf 87' lang='lat' dir='ltr'><strong>vocabat.</strong></span> <span class='ocrx_word' id='word_1_271' title='bbox 1895 2288 1992 2346; x_wconf 89' lang='lat' dir='ltr'><strong>Cui</strong></span> <span class='ocrx_word' id='word_1_272' title='bbox 2025 2304 2152 2345; x_wconf 92' lang='lat' dir='ltr'><strong>cum</strong></span> 
     </span>
    </p>
   </div>
   <div class='ocr_carea' id='block_1_38' title="bbox 549 2373 2145 2452">
    <p class='ocr_par' dir='ltr' id='par_1_38' title="bbox 549 2373 2145 2452">
     <span class='ocr_line' id='line_1_38' title="bbox 549 2373 2145 2452; baseline 0.005 -23"><span class='ocrx_word' id='word_1_273' title='bbox 549 2373 812 2441; x_wconf 89' lang='lat' dir='ltr'><strong>dicerem,</strong></span> <span class='ocrx_word' id='word_1_274' title='bbox 843 2376 988 2447; x_wconf 90' lang='lat' dir='ltr'><strong>quod</strong></span> <span class='ocrx_word' id='word_1_275' title='bbox 1015 2377 1354 2449; x_wconf 75' lang='lat' dir='ltr'><strong>significatur</strong></span> <span class='ocrx_word' id='word_1_276' title='bbox 1380 2379 1523 2436; x_wconf 93' lang='lat' dir='ltr'><strong>idem</strong></span> <span class='ocrx_word' id='word_1_277' title='bbox 1549 2394 1694 2442; x_wconf 89' lang='lat' dir='ltr'><strong>esse.</strong></span> <span class='ocrx_word' id='word_1_278' title='bbox 1724 2381 1976 2451; x_wconf 87' lang='lat' dir='ltr'><strong>quamvis</strong></span> <span class='ocrx_word' id='word_1_279' title='bbox 1998 2382 2145 2452; x_wconf 92' lang='lat' dir='ltr'><strong>quod</strong></span> 
     </span>
    </p>
   </div>
   <div class='ocr_carea' id='block_1_39' title="bbox 541 2458 2148 2546">
    <p class='ocr_par' dir='ltr' id='par_1_39' title="bbox 541 2458 2148 2546">
     <span class='ocr_line' id='line_1_39' title="bbox 541 2458 2148 2546; baseline 0.006 -22"><span class='ocrx_word' id='word_1_280' title='bbox 541 2468 819 2539; x_wconf 81' lang='lat' dir='ltr'><strong>signiﬁcat</strong></span> <span class='ocrx_word' id='word_1_281' title='bbox 839 2470 1109 2526; x_wconf 89' lang='lat' dir='ltr'><strong>diversum</strong></span> <span class='ocrx_word' id='word_1_282' title='bbox 1130 2514 1144 2539; x_wconf 95' lang='lat'><strong>,</strong></span> <span class='ocrx_word' id='word_1_283' title='bbox 1178 2489 1298 2539; x_wconf 89' lang='lat' dir='ltr'><strong>me,</strong></span> <span class='ocrx_word' id='word_1_284' title='bbox 1336 2475 1443 2540; x_wconf 90' lang='lat' dir='ltr'><strong>ait,</strong></span> <span class='ocrx_word' id='word_1_285' title='bbox 1481 2490 1589 2531; x_wconf 91' lang='lat' dir='ltr'><strong>non</strong></span> <span class='ocrx_word' id='word_1_286' title='bbox 1621 2458 1770 2546; x_wconf 90' lang='lat' dir='ltr'><strong>pacis</strong></span> <span class='ocrx_word' id='word_1_287' title='bbox 1798 2478 1894 2533; x_wconf 89' lang='lat' dir='ltr'><strong>sed</strong></span> <span class='ocrx_word' id='word_1_288' title='bbox 1919 2487 2148 2534; x_wconf 88' lang='lat' dir='ltr'><strong>conten-</strong></span> 
     </span>
    </p>
   </div>
   <div class='ocr_carea' id='block_1_40' title="bbox 543 2560 2147 2648">
    <p class='ocr_par' dir='ltr' id='par_1_40' title="bbox 543 2560 2147 2648">
     <span class='ocr_line' id='line_1_40' title="bbox 543 2560 2147 2648; baseline 0.008 -33"><span class='ocrx_word' id='word_1_289' title='bbox 543 2560 710 2617; x_wconf 79' lang='lat' dir='ltr'><strong>tionis</strong></span> <span class='ocrx_word' id='word_1_290' title='bbox 739 2576 906 2619; x_wconf 89' lang='lat' dir='ltr'><strong>causa</strong></span> <span class='ocrx_word' id='word_1_291' title='bbox 933 2565 1183 2634; x_wconf 89' lang='lat' dir='ltr'><strong>venisse;</strong></span> <span class='ocrx_word' id='word_1_292' title='bbox 1215 2567 1402 2638; x_wconf 85' lang='lat' dir='ltr'><strong>sicque</strong></span> <span class='ocrx_word' id='word_1_293' title='bbox 1440 2567 1614 2625; x_wconf 89' lang='lat' dir='ltr'><strong>iratus</strong></span> <span class='ocrx_word' id='word_1_294' title='bbox 1653 2585 1902 2642; x_wconf 87' lang='lat' dir='ltr'><strong>surgens,</strong></span> <span class='ocrx_word' id='word_1_295' title='bbox 1932 2582 2147 2648; x_wconf 56' lang='lat' dir='ltr'><strong>vestras</strong></span> 
     </span>
    </p>
   </div>
   <div class='ocr_carea' id='block_1_41' title="bbox 539 2648 2145 2730">
    <p class='ocr_par' dir='ltr' id='par_1_41' title="bbox 539 2648 2145 2730">
     <span class='ocr_line' id='line_1_41' title="bbox 539 2648 2145 2730; baseline 0.007 -26"><span class='ocrx_word' id='word_1_296' title='bbox 539 2648 794 2718; x_wconf 83' lang='lat' dir='ltr'><strong>litteras,</strong></span> <span class='ocrx_word' id='word_1_297' title='bbox 827 2668 957 2709; x_wconf 90' lang='lat' dir='ltr'><strong>vere</strong></span> <span class='ocrx_word' id='word_1_298' title='bbox 997 2655 1285 2726; x_wconf 87' lang='lat' dir='ltr'><strong>indignans</strong></span> <span class='ocrx_word' id='word_1_299' title='bbox 1307 2697 1321 2724; x_wconf 89' lang='lat'><strong>,</strong></span> <span class='ocrx_word' id='word_1_300' title='bbox 1363 2671 1468 2712; x_wconf 92' lang='lat' dir='ltr'><strong>non</strong></span> <span class='ocrx_word' id='word_1_301' title='bbox 1505 2673 1604 2730; x_wconf 92' lang='lat' dir='ltr'><strong>per</strong></span> <span class='ocrx_word' id='word_1_302' title='bbox 1641 2673 1700 2714; x_wconf 90' lang='lat' dir='ltr'><strong>se</strong></span> <span class='ocrx_word' id='word_1_303' title='bbox 1724 2659 1819 2715; x_wconf 89' lang='lat' dir='ltr'><strong>scd</strong></span> <span class='ocrx_word' id='word_1_304' title='bbox 1846 2675 1943 2730; x_wconf 90' lang='lat' dir='ltr'><strong>per</strong></span> <span class='ocrx_word' id='word_1_305' title='bbox 1972 2661 2145 2716; x_wconf 84' lang='lat' dir='ltr'><strong>inter-</strong></span> 
     </span>
    </p>
   </div>
   <div class='ocr_carea' id='block_1_42' title="bbox 543 2747 2148 2824">
    <p class='ocr_par' dir='ltr' id='par_1_42' title="bbox 543 2747 2148 2824">
     <span class='ocr_line' id='line_1_42' title="bbox 543 2747 2148 2824; baseline 0.006 -25"><span class='ocrx_word' id='word_1_306' title='bbox 543 2753 758 2816; x_wconf 82' lang='lat' dir='ltr'><strong>pretem</strong></span> <span class='ocrx_word' id='word_1_307' title='bbox 791 2747 1050 2818; x_wconf 88' lang='lat' dir='ltr'><strong>suscepit,</strong></span> <span class='ocrx_word' id='word_1_308' title='bbox 1079 2748 1242 2804; x_wconf 92' lang='lat' dir='ltr'><strong>homo</strong></span> <span class='ocrx_word' id='word_1_309' title='bbox 1273 2749 1388 2820; x_wconf 91' lang='lat' dir='ltr'><strong>ipse</strong></span> <span class='ocrx_word' id='word_1_310' title='bbox 1422 2750 1489 2805; x_wconf 93' lang='lat' dir='ltr'><strong>ad</strong></span> <span class='ocrx_word' id='word_1_311' title='bbox 1527 2765 1817 2820; x_wconf 90' lang='lat' dir='ltr'><strong>personam</strong></span> <span class='ocrx_word' id='word_1_312' title='bbox 1859 2753 1994 2808; x_wconf 91' lang='lat' dir='ltr'><strong>satis</strong></span> <span class='ocrx_word' id='word_1_313' title='bbox 2021 2769 2148 2824; x_wconf 83' lang='lat' dir='ltr'><strong>pro-</strong></span> 
     </span>
    </p>
   </div>
   <div class='ocr_carea' id='block_1_43' title="bbox 539 2826 2135 2910">
    <p class='ocr_par' dir='ltr' id='par_1_43' title="bbox 539 2826 2135 2910">
     <span class='ocr_line' id='line_1_43' title="bbox 539 2826 2135 2910; baseline 0.006 -20"><span class='ocrx_word' id='word_1_314' title='bbox 539 2848 726 2901; x_wconf 85' lang='lat' dir='ltr'><strong>cerus,</strong></span> <span class='ocrx_word' id='word_1_315' title='bbox 757 2834 898 2892; x_wconf 84' lang='lat' dir='ltr'><strong>falso</strong></span> <span class='ocrx_word' id='word_1_316' title='bbox 922 2837 1161 2903; x_wconf 91' lang='lat' dir='ltr'><strong>humilis,</strong></span> <span class='ocrx_word' id='word_1_317' title='bbox 1187 2839 1276 2895; x_wconf 91' lang='lat' dir='ltr'><strong>cui</strong></span> <span class='ocrx_word' id='word_1_318' title='bbox 1307 2826 1356 2897; x_wconf 90' lang='lat' dir='ltr'><strong>si</strong></span> <span class='ocrx_word' id='word_1_319' title='bbox 1379 2840 1589 2897; x_wconf 88' lang='lat' dir='ltr'><strong>inuisus</strong></span> <span class='ocrx_word' id='word_1_320' title='bbox 1617 2841 1781 2898; x_wconf 91' lang='lat' dir='ltr'><strong>homo</strong></span> <span class='ocrx_word' id='word_1_321' title='bbox 1804 2841 1993 2910; x_wconf 87' lang='lat' dir='ltr'><strong>fuerit,</strong></span> <span class='ocrx_word' id='word_1_322' title='bbox 2019 2858 2135 2900; x_wconf 90' lang='lat' dir='ltr'><strong>ma-</strong></span> 
     </span>
    </p>
   </div>
   <div class='ocr_carea' id='block_1_44' title="bbox 546 2925 1160 3000">
    <p class='ocr_par' dir='ltr' id='par_1_44' title="bbox 546 2925 1160 3000">
     <span class='ocr_line' id='line_1_44' title="bbox 546 2925 1160 3000; baseline 0.003 -18"><span class='ocrx_word' id='word_1_323' title='bbox 546 2941 680 2982; x_wconf 88' lang='lat' dir='ltr'><strong>num</strong></span> <span class='ocrx_word' id='word_1_324' title='bbox 702 2925 820 2995; x_wconf 91' lang='lat' dir='ltr'><strong>ejus</strong></span> <span class='ocrx_word' id='word_1_325' title='bbox 841 2927 1160 3000; x_wconf 84' lang='lat' dir='ltr'><strong>perforabit.</strong></span> 
     </span>
    </p>
   </div>
   <div class='ocr_carea' id='block_1_45' title="bbox 530 3017 2142 3097">
    <p class='ocr_par' dir='ltr' id='par_1_45' title="bbox 530 3017 2142 3097">
     <span class='ocr_line' id='line_1_45' title="bbox 530 3017 2142 3097; baseline 0.006 -23"><span class='ocrx_word' id='word_1_326' title='bbox 530 3025 532 3032; x_wconf 40' lang='grc' dir='ltr'><strong>λ</strong></span> <span class='ocrx_word' id='word_1_327' title='bbox 615 3018 672 3074; x_wconf 79' lang='lat'><strong>3.</strong></span> <span class='ocrx_word' id='word_1_328' title='bbox 707 3017 951 3088; x_wconf 88' lang='lat' dir='ltr'><strong>Septimo</strong></span> <span class='ocrx_word' id='word_1_329' title='bbox 977 3029 1159 3077; x_wconf 87' lang='lat' dir='ltr'><strong>autem</strong></span> <span class='ocrx_word' id='word_1_330' title='bbox 1191 3023 1316 3079; x_wconf 86' lang='lat' dir='ltr'><strong>ldus</strong></span> <span class='ocrx_word' id='word_1_331' title='bbox 1343 3024 1420 3068; x_wconf 66' lang='lat'><strong>&quot;0</strong></span> <span class='ocrx_word' id='word_1_332' title='bbox 1447 3023 1599 3097; x_wconf 84' lang='lat' dir='ltr'><strong>(Jun.</strong></span> <span class='ocrx_word' id='word_1_333' title='bbox 1633 3024 1709 3096; x_wconf 91' lang='lat'><strong>7),</strong></span> <span class='ocrx_word' id='word_1_334' title='bbox 1736 3025 1853 3095; x_wconf 93' lang='lat' dir='ltr'><strong>ipso</strong></span> <span class='ocrx_word' id='word_1_335' title='bbox 1889 3025 2142 3083; x_wconf 89' lang='lat' dir='ltr'><strong>videlicet</strong></span> 
     </span>
    </p>
   </div>
   <div class='ocr_carea' id='block_1_46' title="bbox 539 3112 2138 3194">
    <p class='ocr_par' dir='ltr' id='par_1_46' title="bbox 539 3112 2138 3194">
     <span class='ocr_line' id='line_1_46' title="bbox 539 3112 2138 3194; baseline 0.006 -26"><span class='ocrx_word' id='word_1_336' title='bbox 539 3119 732 3168; x_wconf 86' lang='lat' dir='ltr'><strong>sancto</strong></span> <span class='ocrx_word' id='word_1_337' title='bbox 753 3112 840 3168; x_wconf 89' lang='lat' dir='ltr'><strong>die</strong></span> <span class='ocrx_word' id='word_1_338' title='bbox 861 3122 1222 3184; x_wconf 89' lang='lat' dir='ltr'><strong>pentecostes,</strong></span> <span class='ocrx_word' id='word_1_339' title='bbox 1245 3115 1299 3172; x_wconf 90' lang='lat' dir='ltr'><strong>in</strong></span> <span class='ocrx_word' id='word_1_340' title='bbox 1327 3117 1506 3184; x_wconf 91' lang='lat' dir='ltr'><strong>domo,</strong></span> <span class='ocrx_word' id='word_1_341' title='bbox 1533 3133 1653 3188; x_wconf 75' lang='lat' dir='ltr'><strong>qua:</strong></span> <span class='ocrx_word' id='word_1_342' title='bbox 1673 3118 1874 3174; x_wconf 89' lang='lat' dir='ltr'><strong>dicitur</strong></span> <span class='ocrx_word' id='word_1_343' title='bbox 1891 3123 2138 3194; x_wconf 63' lang='grc' dir='ltr'><strong>Σωφάναι,</strong></span> 
     </span>
    </p>
   </div>
   <div class='ocr_carea' id='block_1_47' title="bbox 2256 1917 3854 1994">
    <p class='ocr_par' dir='ltr' id='par_1_47' title="bbox 2256 1917 3854 1994">
     <span class='ocr_line' id='line_1_47' title="bbox 2256 1917 3854 1994; baseline -0.003 -17"><span class='ocrx_word' id='word_1_344' title='bbox 2256 1936 2412 1977; x_wconf 90' lang='lat' dir='ltr'><strong>meus</strong></span> <span class='ocrx_word' id='word_1_345' title='bbox 2439 1936 2544 1977; x_wconf 93' lang='lat' dir='ltr'><strong>non</strong></span> <span class='ocrx_word' id='word_1_346' title='bbox 2587 1921 2640 1976; x_wconf 90' lang='lat' dir='ltr'><strong>vi</strong></span> <span class='ocrx_word' id='word_1_347' title='bbox 2680 1929 2776 1976; x_wconf 89' lang='lat' dir='ltr'><strong>aut</strong></span> <span class='ocrx_word' id='word_1_348' title='bbox 2802 1921 3087 1994; x_wconf 83' lang='lat' dir='ltr'><strong>tyrannice</strong></span> <span class='ocrx_word' id='word_1_349' title='bbox 3128 1919 3328 1976; x_wconf 89' lang='lat' dir='ltr'><strong>invasit</strong></span> <span class='ocrx_word' id='word_1_350' title='bbox 3349 1959 3364 1986; x_wconf 88' lang='lat'><strong>,</strong></span> <span class='ocrx_word' id='word_1_351' title='bbox 3408 1919 3506 1975; x_wconf 88' lang='lat' dir='ltr'><strong>sed</strong></span> <span class='ocrx_word' id='word_1_352' title='bbox 3531 1933 3564 1973; x_wconf 89' lang='lat' dir='ltr'><strong>a</strong></span> <span class='ocrx_word' id='word_1_353' title='bbox 3595 1917 3854 1990; x_wconf 82' lang='lat' dir='ltr'><strong>tyranni,</strong></span> 
     </span>
    </p>
   </div>
   <div class='ocr_carea' id='block_1_48' title="bbox 2256 2007 3853 2084">
    <p class='ocr_par' dir='ltr' id='par_1_48' title="bbox 2256 2007 3853 2084">
     <span class='ocr_line' id='line_1_48' title="bbox 2256 2007 3853 2084; baseline -0.002 -17"><span class='ocrx_word' id='word_1_354' title='bbox 2256 2007 2424 2068; x_wconf 88' lang='lat' dir='ltr'><strong>immo</strong></span> <span class='ocrx_word' id='word_1_355' title='bbox 2475 2021 2832 2084; x_wconf 87' lang='lat' dir='ltr'><strong>tyrannorum</strong></span> <span class='ocrx_word' id='word_1_356' title='bbox 2869 2011 3000 2084; x_wconf 91' lang='lat' dir='ltr'><strong>jugo</strong></span> <span class='ocrx_word' id='word_1_357' title='bbox 3032 2011 3302 2067; x_wconf 86' lang='lat' dir='ltr'><strong>liberavit.</strong></span> <span class='ocrx_word' id='word_1_358' title='bbox 3334 2009 3526 2066; x_wconf 81' lang='lat' dir='ltr'><strong>Nonne</strong></span> <span class='ocrx_word' id='word_1_359' title='bbox 3552 2007 3853 2065; x_wconf 73' lang='lat' dir='ltr'><strong>effeminati</strong></span> 
     </span>
    </p>
   </div>
   <div class='ocr_carea' id='block_1_49' title="bbox 2254 2102 3851 2177">
    <p class='ocr_par' dir='ltr' id='par_1_49' title="bbox 2254 2102 3851 2177">
     <span class='ocr_line' id='line_1_49' title="bbox 2254 2102 3851 2177; baseline -0.001 -18"><span class='ocrx_word' id='word_1_360' title='bbox 2254 2103 2674 2161; x_wconf 87' lang='lat' dir='ltr'><strong>dominabantur</strong></span> <span class='ocrx_word' id='word_1_361' title='bbox 2721 2105 2878 2177; x_wconf 83' lang='lat' dir='ltr'><strong>ejus?</strong></span> <span class='ocrx_word' id='word_1_362' title='bbox 2923 2113 2979 2160; x_wconf 91' lang='lat' dir='ltr'><strong>et</strong></span> <span class='ocrx_word' id='word_1_363' title='bbox 3023 2104 3168 2175; x_wconf 91' lang='lat' dir='ltr'><strong>quod</strong></span> <span class='ocrx_word' id='word_1_364' title='bbox 3210 2103 3428 2176; x_wconf 89' lang='lat' dir='ltr'><strong>gravius</strong></span> <span class='ocrx_word' id='word_1_365' title='bbox 3459 2104 3577 2159; x_wconf 87' lang='lat' dir='ltr'><strong>sive</strong></span> <span class='ocrx_word' id='word_1_366' title='bbox 3604 2102 3851 2174; x_wconf 81' lang='lat' dir='ltr'><strong>turpius,</strong></span> 
     </span>
    </p>
   </div>
   <div class='ocr_carea' id='block_1_50' title="bbox 2253 2195 3854 2264">
    <p class='ocr_par' dir='ltr' id='par_1_50' title="bbox 2253 2195 3854 2264">
     <span class='ocr_line' id='line_1_50' title="bbox 2253 2195 3854 2264; baseline -0.003 -12"><span class='ocrx_word' id='word_1_367' title='bbox 2253 2212 2435 2253; x_wconf 91' lang='lat' dir='ltr'><strong>nonne</strong></span> <span class='ocrx_word' id='word_1_368' title='bbox 2460 2197 2810 2253; x_wconf 89' lang='lat' dir='ltr'><strong>meretrices?</strong></span> <span class='ocrx_word' id='word_1_369' title='bbox 2836 2195 3168 2262; x_wconf 90' lang='lat' dir='ltr'><strong>Dormiebat,</strong></span> <span class='ocrx_word' id='word_1_370' title='bbox 3192 2203 3252 2250; x_wconf 92' lang='lat' dir='ltr'><strong>ut</strong></span> <span class='ocrx_word' id='word_1_371' title='bbox 3277 2204 3428 2264; x_wconf 90' lang='lat' dir='ltr'><strong>puto,</strong></span> <span class='ocrx_word' id='word_1_372' title='bbox 3459 2202 3592 2249; x_wconf 91' lang='lat' dir='ltr'><strong>tunc</strong></span> <span class='ocrx_word' id='word_1_373' title='bbox 3613 2200 3854 2263; x_wconf 79' lang='lat' dir='ltr'><strong>potestas</strong></span> 
     </span>
    </p>
   </div>
   <div class='ocr_carea' id='block_1_51' title="bbox 2256 2282 3850 2355">
    <p class='ocr_par' dir='ltr' id='par_1_51' title="bbox 2256 2282 3850 2355">
     <span class='ocr_line' id='line_1_51' title="bbox 2256 2282 3850 2355; baseline -0.003 -12"><span class='ocrx_word' id='word_1_374' title='bbox 2256 2295 2366 2353; x_wconf 92' lang='lat' dir='ltr'><strong>tua,</strong></span> <span class='ocrx_word' id='word_1_375' title='bbox 2392 2287 2559 2342; x_wconf 90' lang='lat' dir='ltr'><strong>immo</strong></span> <span class='ocrx_word' id='word_1_376' title='bbox 2583 2286 2931 2343; x_wconf 88' lang='lat' dir='ltr'><strong>decessorum</strong></span> <span class='ocrx_word' id='word_1_377' title='bbox 2956 2294 3191 2352; x_wconf 89' lang='lat' dir='ltr'><strong>tuorum,</strong></span> <span class='ocrx_word' id='word_1_378' title='bbox 3218 2285 3310 2355; x_wconf 91' lang='lat' dir='ltr'><strong>qui</strong></span> <span class='ocrx_word' id='word_1_379' title='bbox 3335 2283 3556 2340; x_wconf 90' lang='lat' dir='ltr'><strong>nomine</strong></span> <span class='ocrx_word' id='word_1_380' title='bbox 3575 2282 3722 2349; x_wconf 87' lang='lat' dir='ltr'><strong>solo,</strong></span> <span class='ocrx_word' id='word_1_381' title='bbox 3746 2297 3850 2338; x_wconf 84' lang='lat' dir='ltr'><strong>non</strong></span> 
     </span>
    </p>
   </div>
   <div class='ocr_carea' id='block_1_52' title="bbox 2255 2366 3849 2449">
    <p class='ocr_par' dir='ltr' id='par_1_52' title="bbox 2255 2366 3849 2449">
     <span class='ocr_line' id='line_1_52' title="bbox 2255 2366 3849 2449; baseline -0.004 -17"><span class='ocrx_word' id='word_1_382' title='bbox 2255 2385 2438 2434; x_wconf 88' lang='lat' dir='ltr'><strong>autem</strong></span> <span class='ocrx_word' id='word_1_383' title='bbox 2468 2391 2528 2432; x_wconf 89' lang='lat' dir='ltr'><strong>re</strong></span> <span class='ocrx_word' id='word_1_384' title='bbox 2556 2366 2691 2448; x_wconf 86' lang='lat' dir='ltr'><strong>ipsa,</strong></span> <span class='ocrx_word' id='word_1_385' title='bbox 2736 2377 3095 2449; x_wconf 91' lang='lat' dir='ltr'><strong>imperatores</strong></span> <span class='ocrx_word' id='word_1_386' title='bbox 3135 2375 3510 2431; x_wconf 91' lang='lat' dir='ltr'><strong>Romanorum</strong></span> <span class='ocrx_word' id='word_1_387' title='bbox 3557 2381 3849 2430; x_wconf 84' lang='lat' dir='ltr'><strong>vocantur.</strong></span> 
     </span>
    </p>
   </div>
   <div class='ocr_carea' id='block_1_53' title="bbox 2252 2469 3847 2542">
    <p class='ocr_par' dir='ltr' id='par_1_53' title="bbox 2252 2469 3847 2542">
     <span class='ocr_line' id='line_1_53' title="bbox 2252 2469 3847 2542; baseline -0.004 -16"><span class='ocrx_word' id='word_1_388' title='bbox 2252 2469 2312 2526; x_wconf 93' lang='lat' dir='ltr'><strong>Si</strong></span> <span class='ocrx_word' id='word_1_389' title='bbox 2351 2479 2634 2542; x_wconf 88' lang='lat' dir='ltr'><strong>potentes,</strong></span> <span class='ocrx_word' id='word_1_390' title='bbox 2668 2471 2715 2527; x_wconf 93' lang='lat' dir='ltr'><strong>si</strong></span> <span class='ocrx_word' id='word_1_391' title='bbox 2751 2471 3106 2542; x_wconf 90' lang='lat' dir='ltr'><strong>imperatores</strong></span> <span class='ocrx_word' id='word_1_392' title='bbox 3133 2469 3502 2524; x_wconf 82' lang='lat' dir='ltr'><strong>Romanorum</strong></span> <span class='ocrx_word' id='word_1_393' title='bbox 3531 2475 3718 2531; x_wconf 83' lang='lat' dir='ltr'><strong>erant,</strong></span> <span class='ocrx_word' id='word_1_394' title='bbox 3751 2480 3847 2522; x_wconf 85' lang='lat' dir='ltr'><strong>cur</strong></span> 
     </span>
    </p>
   </div>
   <div class='ocr_carea' id='block_1_54' title="bbox 2252 2559 3848 2634">
    <p class='ocr_par' dir='ltr' id='par_1_54' title="bbox 2252 2559 3848 2634">
     <span class='ocr_line' id='line_1_54' title="bbox 2252 2559 3848 2634; baseline -0.001 -15"><span class='ocrx_word' id='word_1_395' title='bbox 2252 2562 2481 2619; x_wconf 84' lang='lat' dir='ltr'><strong>Romam</strong></span> <span class='ocrx_word' id='word_1_396' title='bbox 2530 2563 2585 2618; x_wconf 91' lang='lat' dir='ltr'><strong>in</strong></span> <span class='ocrx_word' id='word_1_397' title='bbox 2625 2564 2973 2619; x_wconf 89' lang='lat' dir='ltr'><strong>meretricum</strong></span> <span class='ocrx_word' id='word_1_398' title='bbox 3018 2569 3289 2634; x_wconf 84' lang='lat' dir='ltr'><strong>potestate</strong></span> <span class='ocrx_word' id='word_1_399' title='bbox 3314 2561 3615 2620; x_wconf 79' lang='lat' dir='ltr'><strong>sinebant?</strong></span> <span class='ocrx_word' id='word_1_400' title='bbox 3662 2559 3848 2617; x_wconf 79' lang='lat' dir='ltr'><strong>Nonne</strong></span> 
     </span>
    </p>
   </div>
   <div class='ocr_carea' id='block_1_55' title="bbox 2251 2653 3847 2730">
    <p class='ocr_par' dir='ltr' id='par_1_55' title="bbox 2251 2653 3847 2730">
     <span class='ocr_line' id='line_1_55' title="bbox 2251 2653 3847 2730; baseline -0.004 -14"><span class='ocrx_word' id='word_1_401' title='bbox 2251 2658 2719 2716; x_wconf 86' lang='lat' dir='ltr'><strong>sanctissimorum</strong></span> <span class='ocrx_word' id='word_1_402' title='bbox 2748 2673 3010 2730; x_wconf 88' lang='lat' dir='ltr'><strong>paparum</strong></span> <span class='ocrx_word' id='word_1_403' title='bbox 3037 2657 3130 2712; x_wconf 89' lang='lat' dir='ltr'><strong>alii</strong></span> <span class='ocrx_word' id='word_1_404' title='bbox 3168 2665 3296 2713; x_wconf 89' lang='lat' dir='ltr'><strong>sunt</strong></span> <span class='ocrx_word' id='word_1_405' title='bbox 3327 2656 3581 2727; x_wconf 85' lang='lat' dir='ltr'><strong>relegati,</strong></span> <span class='ocrx_word' id='word_1_406' title='bbox 3619 2653 3714 2710; x_wconf 87' lang='lat' dir='ltr'><strong>alii</strong></span> <span class='ocrx_word' id='word_1_407' title='bbox 3737 2669 3768 2708; x_wconf 91' lang='lat' dir='ltr'><strong>a</strong></span> <span class='ocrx_word' id='word_1_408' title='bbox 3796 2663 3847 2710; x_wconf 78' lang='lat' dir='ltr'><strong>te</strong></span> 
     </span>
    </p>
   </div>
   <div class='ocr_carea' id='block_1_56' title="bbox 2251 2747 3847 2820">
    <p class='ocr_par' dir='ltr' id='par_1_56' title="bbox 2251 2747 3847 2820">
     <span class='ocr_line' id='line_1_56' title="bbox 2251 2747 3847 2820; baseline -0.003 -14"><span class='ocrx_word' id='word_1_409' title='bbox 2251 2749 2437 2815; x_wconf 83' lang='lat' dir='ltr'><strong>aﬂicti,</strong></span> <span class='ocrx_word' id='word_1_410' title='bbox 2465 2757 2526 2805; x_wconf 91' lang='lat' dir='ltr'><strong>ut</strong></span> <span class='ocrx_word' id='word_1_411' title='bbox 2555 2764 2732 2820; x_wconf 88' lang='lat' dir='ltr'><strong>neque</strong></span> <span class='ocrx_word' id='word_1_412' title='bbox 2759 2749 3064 2805; x_wconf 89' lang='lat' dir='ltr'><strong>cotidianos</strong></span> <span class='ocrx_word' id='word_1_413' title='bbox 3094 2756 3340 2820; x_wconf 91' lang='lat' dir='ltr'><strong>sumptus</strong></span> <span class='ocrx_word' id='word_1_414' title='bbox 3361 2762 3464 2804; x_wconf 87' lang='lat' dir='ltr'><strong>nec</strong></span> <span class='ocrx_word' id='word_1_415' title='bbox 3485 2747 3847 2804; x_wconf 86' lang='lat' dir='ltr'><strong>elemosinam</strong></span> 
     </span>
    </p>
   </div>
   <div class='ocr_carea' id='block_1_57' title="bbox 2248 2837 3848 2911">
    <p class='ocr_par' dir='ltr' id='par_1_57' title="bbox 2248 2837 3848 2911">
     <span class='ocr_line' id='line_1_57' title="bbox 2248 2837 3848 2911; baseline -0.003 -14"><span class='ocrx_word' id='word_1_416' title='bbox 2248 2841 2454 2897; x_wconf 89' lang='lat' dir='ltr'><strong>habere</strong></span> <span class='ocrx_word' id='word_1_417' title='bbox 2503 2839 2764 2911; x_wconf 78' lang='lat' dir='ltr'><strong>quirent?</strong></span> <span class='ocrx_word' id='word_1_418' title='bbox 2817 2837 3006 2895; x_wconf 89' lang='lat' dir='ltr'><strong>Nonne</strong></span> <span class='ocrx_word' id='word_1_419' title='bbox 3051 2837 3376 2895; x_wconf 83' lang='lat' dir='ltr'><strong>Adelbertus</strong></span> <span class='ocrx_word' id='word_1_420' title='bbox 3422 2837 3848 2894; x_wconf 76' lang='lat' dir='ltr'><strong>contumeliosa</strong></span> 
     </span>
    </p>
   </div>
   <div class='ocr_carea' id='block_1_58' title="bbox 2244 2929 3843 2997">
    <p class='ocr_par' dir='ltr' id='par_1_58' title="bbox 2244 2929 3843 2997">
     <span class='ocr_line' id='line_1_58' title="bbox 2244 2929 3843 2997; baseline -0.002 -11"><span class='ocrx_word' id='word_1_421' title='bbox 2244 2930 2459 2986; x_wconf 89' lang='lat' dir='ltr'><strong>litteras</strong></span> <span class='ocrx_word' id='word_1_422' title='bbox 2482 2929 2731 2986; x_wconf 88' lang='lat' dir='ltr'><strong>Romano</strong></span> <span class='ocrx_word' id='word_1_423' title='bbox 2760 2939 2814 2986; x_wconf 88' lang='lat' dir='ltr'><strong>et</strong></span> <span class='ocrx_word' id='word_1_424' title='bbox 2849 2929 3208 2986; x_wconf 82' lang='lat' dir='ltr'><strong>Constantino</strong></span> <span class='ocrx_word' id='word_1_425' title='bbox 3230 2969 3246 2997; x_wconf 96' lang='lat'><strong>,</strong></span> <span class='ocrx_word' id='word_1_426' title='bbox 3290 2929 3676 2986; x_wconf 88' lang='lat' dir='ltr'><strong>decessoribus</strong></span> <span class='ocrx_word' id='word_1_427' title='bbox 3722 2929 3843 2996; x_wconf 81' lang='lat' dir='ltr'><strong>tuis,</strong></span> 
     </span>
    </p>
   </div>
   <div class='ocr_carea' id='block_1_59' title="bbox 2239 3011 3846 3095">
    <p class='ocr_par' dir='ltr' id='par_1_59' title="bbox 2239 3011 3846 3095">
     <span class='ocr_line' id='line_1_59' title="bbox 2239 3011 3846 3095; baseline -0.001 -15"><span class='ocrx_word' id='word_1_428' title='bbox 2239 3011 2669 3095; x_wconf 85' lang='lat' dir='ltr'><strong>imperatoribus</strong></span> <span class='ocrx_word' id='word_1_429' title='bbox 2695 3024 2880 3080; x_wconf 81' lang='lat' dir='ltr'><strong>misit?</strong></span> <span class='ocrx_word' id='word_1_430' title='bbox 2917 3024 3108 3083; x_wconf 91' lang='lat' dir='ltr'><strong>Nonne</strong></span> <span class='ocrx_word' id='word_1_431' title='bbox 3137 3024 3610 3082; x_wconf 83' lang='lat' dir='ltr'><strong>sanctissimorum</strong></span> <span class='ocrx_word' id='word_1_432' title='bbox 3641 3031 3846 3095; x_wconf 82' lang='lat' dir='ltr'><strong>aposto-</strong></span> 
     </span>
    </p>
   </div>
   <div class='ocr_carea' id='block_1_60' title="bbox 2247 3115 3846 3189">
    <p class='ocr_par' dir='ltr' id='par_1_60' title="bbox 2247 3115 3846 3189">
     <span class='ocr_line' id='line_1_60' title="bbox 2247 3115 3846 3189; baseline -0.002 -17"><span class='ocrx_word' id='word_1_433' title='bbox 2247 3117 2425 3172; x_wconf 87' lang='lat' dir='ltr'><strong>lorum</strong></span> <span class='ocrx_word' id='word_1_434' title='bbox 2473 3116 2734 3172; x_wconf 89' lang='lat' dir='ltr'><strong>ecclesias</strong></span> <span class='ocrx_word' id='word_1_435' title='bbox 2779 3115 2984 3187; x_wconf 89' lang='lat' dir='ltr'><strong>rapinis</strong></span> <span class='ocrx_word' id='word_1_436' title='bbox 3028 3115 3356 3189; x_wconf 68' lang='lat' dir='ltr'><strong>eXpoliavit?</strong></span> <span class='ocrx_word' id='word_1_437' title='bbox 3401 3115 3539 3184; x_wconf 87' lang='lat' dir='ltr'><strong>Quis</strong></span> <span class='ocrx_word' id='word_1_438' title='bbox 3572 3130 3649 3172; x_wconf 76' lang='lat' dir='ltr'><strong>ex</strong></span> <span class='ocrx_word' id='word_1_439' title='bbox 3695 3115 3846 3170; x_wconf 88' lang='lat' dir='ltr'><strong>vobis</strong></span> 
     </span>
    </p>
   </div>
   <div class='ocr_carea' id='block_1_61' title="bbox 540 3194 3845 3284">
    <p class='ocr_par' dir='ltr' id='par_1_61' title="bbox 540 3194 3845 3284">
     <span class='ocr_line' id='line_1_61' title="bbox 540 3194 3845 3284; baseline 0 -22"><span class='ocrx_word' id='word_1_440' title='bbox 540 3205 597 3262; x_wconf 84' lang='lat' dir='ltr'><strong>id</strong></span> <span class='ocrx_word' id='word_1_441' title='bbox 623 3215 709 3262; x_wconf 92' lang='lat' dir='ltr'><strong>est</strong></span> <span class='ocrx_word' id='word_1_442' title='bbox 740 3207 1036 3264; x_wconf 89' lang='lat' dir='ltr'><strong>Coronaria</strong></span> <span class='ocrx_word' id='word_1_443' title='bbox 1062 3249 1078 3276; x_wconf 93' lang='lat'><strong>,</strong></span> <span class='ocrx_word' id='word_1_444' title='bbox 1123 3219 1249 3266; x_wconf 89' lang='lat' dir='ltr'><strong>ante</strong></span> <span class='ocrx_word' id='word_1_445' title='bbox 1288 3209 1646 3282; x_wconf 83' lang='lat' dir='ltr'><strong>Nicephorum</strong></span> <span class='ocrx_word' id='word_1_446' title='bbox 1689 3228 1808 3268; x_wconf 92' lang='lat' dir='ltr'><strong>sum</strong></span> <span class='ocrx_word' id='word_1_447' title='bbox 1844 3213 2130 3284; x_wconf 79' lang='lat' dir='ltr'><strong>deductus,</strong></span> <span class='ocrx_word' id='word_1_448' title='bbox 2159 3194 2207 3260; x_wconf 87' lang='lat' dir='ltr'><strong><em>C</em></strong></span> <span class='ocrx_word' id='word_1_449' title='bbox 2237 3209 2678 3281; x_wconf 88' lang='lat' dir='ltr'><strong>imperatoribus,</strong></span> <span class='ocrx_word' id='word_1_450' title='bbox 2702 3209 2819 3265; x_wconf 86' lang='lat' dir='ltr'><strong>zelo</strong></span> <span class='ocrx_word' id='word_1_451' title='bbox 2841 3210 2936 3265; x_wconf 89' lang='lat' dir='ltr'><strong>Dei</strong></span> <span class='ocrx_word' id='word_1_452' title='bbox 2959 3209 3301 3276; x_wconf 91' lang='lat' dir='ltr'><strong>ductus,tam</strong></span> <span class='ocrx_word' id='word_1_453' title='bbox 3321 3208 3606 3279; x_wconf 78' lang='lat' dir='ltr'><strong>indignum</strong></span> <span class='ocrx_word' id='word_1_454' title='bbox 3631 3206 3845 3264; x_wconf 75' lang='lat' dir='ltr'><strong>facinus</strong></span> 
     </span>
    </p>
   </div>
   <div class='ocr_carea' id='block_1_62' title="bbox 536 3295 2158 3377">
    <p class='ocr_par' dir='ltr' id='par_1_62' title="bbox 536 3295 2158 3377">
     <span class='ocr_line' id='line_1_62' title="bbox 536 3295 2158 3377; baseline 0.007 -25"><span class='ocrx_word' id='word_1_455' title='bbox 536 3295 814 3354; x_wconf 88' lang='lat' dir='ltr'><strong>hominem</strong></span> <span class='ocrx_word' id='word_1_456' title='bbox 837 3299 972 3356; x_wconf 90' lang='lat' dir='ltr'><strong>satis</strong></span> <span class='ocrx_word' id='word_1_457' title='bbox 996 3310 1422 3364; x_wconf 83' lang='lat' dir='ltr'><strong>monstruosum,</strong></span> <span class='ocrx_word' id='word_1_458' title='bbox 1449 3318 1772 3376; x_wconf 85' lang='lat' dir='ltr'><strong>pygmaeum,</strong></span> <span class='ocrx_word' id='word_1_459' title='bbox 1811 3307 1988 3376; x_wconf 89' lang='lat' dir='ltr'><strong>capite</strong></span> <span class='ocrx_word' id='word_1_460' title='bbox 2005 3295 2158 3377; x_wconf 15' lang='lat' dir='ltr'><strong>pin-e</strong></span> 
     </span>
    </p>
   </div>
   <div class='ocr_carea' id='block_1_63' title="bbox 535 3390 2132 3466">
    <p class='ocr_par' dir='ltr' id='par_1_63' title="bbox 535 3390 2132 3466">
     <span class='ocr_line' id='line_1_63' title="bbox 535 3390 2132 3466; baseline 0.008 -24"><span class='ocrx_word' id='word_1_461' title='bbox 535 3402 734 3456; x_wconf 83' lang='lat' dir='ltr'><strong>guetn,</strong></span> <span class='ocrx_word' id='word_1_462' title='bbox 782 3397 946 3460; x_wconf 86' lang='lat' dir='ltr'><strong>atque</strong></span> <span class='ocrx_word' id='word_1_463' title='bbox 988 3390 1270 3447; x_wconf 90' lang='lat' dir='ltr'><strong>oculorum</strong></span> <span class='ocrx_word' id='word_1_464' title='bbox 1310 3394 1578 3464; x_wconf 87' lang='lat' dir='ltr'><strong>parvitate</strong></span> <span class='ocrx_word' id='word_1_465' title='bbox 1622 3395 1919 3466; x_wconf 88' lang='lat' dir='ltr'><strong>talpinum,</strong></span> <span class='ocrx_word' id='word_1_466' title='bbox 1959 3398 2132 3454; x_wconf 88' lang='lat' dir='ltr'><strong>barba</strong></span> 
     </span>
    </p>
   </div>
   <div class='ocr_carea' id='block_1_64' title="bbox 531 3479 2134 3552">
    <p class='ocr_par' dir='ltr' id='par_1_64' title="bbox 531 3479 2134 3552">
     <span class='ocr_line' id='line_1_64' title="bbox 531 3479 2134 3552; baseline 0.006 -18"><span class='ocrx_word' id='word_1_467' title='bbox 531 3487 723 3543; x_wconf 84' lang='lat' dir='ltr'><strong>curta,</strong></span> <span class='ocrx_word' id='word_1_468' title='bbox 757 3479 865 3534; x_wconf 89' lang='lat' dir='ltr'><strong>lata</strong></span> <span class='ocrx_word' id='word_1_469' title='bbox 887 3521 903 3544; x_wconf 90' lang='lat'><strong>,</strong></span> <span class='ocrx_word' id='word_1_470' title='bbox 935 3481 1108 3552; x_wconf 89' lang='lat' dir='ltr'><strong>spissa</strong></span> <span class='ocrx_word' id='word_1_471' title='bbox 1156 3491 1210 3538; x_wconf 92' lang='lat' dir='ltr'><strong>et</strong></span> <span class='ocrx_word' id='word_1_472' title='bbox 1249 3486 1522 3540; x_wconf 85' lang='lat' dir='ltr'><strong>semicana</strong></span> <span class='ocrx_word' id='word_1_473' title='bbox 1565 3483 1827 3541; x_wconf 61' lang='lat' dir='ltr'><strong>foedatum</strong></span> <span class='ocrx_word' id='word_1_474' title='bbox 1852 3527 1868 3552; x_wconf 90' lang='lat'><strong>,</strong></span> <span class='ocrx_word' id='word_1_475' title='bbox 1917 3487 2134 3544; x_wconf 89' lang='lat' dir='ltr'><strong>cervice</strong></span> 
     </span>
    </p>
   </div>
   <div class='ocr_carea' id='block_1_65' title="bbox 536 3561 2131 3643">
    <p class='ocr_par' dir='ltr' id='par_1_65' title="bbox 536 3561 2131 3643">
     <span class='ocr_line' id='line_1_65' title="bbox 536 3561 2131 3643; baseline 0.007 -21"><span class='ocrx_word' id='word_1_476' title='bbox 536 3561 744 3638; x_wconf 84' lang='lat' dir='ltr'><strong>digitali</strong></span> <span class='ocrx_word' id='word_1_477' title='bbox 773 3578 1046 3640; x_wconf 87' lang='lat' dir='ltr'><strong>turpatum</strong></span> <span class='ocrx_word' id='word_1_478' title='bbox 1068 3611 1084 3638; x_wconf 92' lang='lat'><strong>,</strong></span> <span class='ocrx_word' id='word_1_479' title='bbox 1107 3572 1418 3643; x_wconf 83' lang='lat' dir='ltr'><strong>prolixitate</strong></span> <span class='ocrx_word' id='word_1_480' title='bbox 1458 3582 1513 3629; x_wconf 92' lang='lat' dir='ltr'><strong>et</strong></span> <span class='ocrx_word' id='word_1_481' title='bbox 1549 3575 1814 3632; x_wconf 90' lang='lat' dir='ltr'><strong>densitate</strong></span> <span class='ocrx_word' id='word_1_482' title='bbox 1847 3591 2131 3633; x_wconf 89' lang='lat' dir='ltr'><strong>comarum</strong></span> 
     </span>
    </p>
   </div>
   <div class='ocr_carea' id='block_1_66' title="bbox 533 3659 2130 3736">
    <p class='ocr_par' dir='ltr' id='par_1_66' title="bbox 533 3659 2130 3736">
     <span class='ocr_line' id='line_1_66' title="bbox 533 3659 2130 3736; baseline 0.006 -22"><span class='ocrx_word' id='word_1_483' title='bbox 533 3659 673 3714; x_wconf 85' lang='lat' dir='ltr'><strong>satis</strong></span> <span class='ocrx_word' id='word_1_484' title='bbox 695 3659 926 3731; x_wconf 87' lang='lat' dir='ltr'><strong>hyopam</strong></span> <span class='ocrx_word' id='word_1_485' title='bbox 955 3659 1208 3736; x_wconf 90' lang='lat' dir='ltr'><strong>[hirtum]</strong></span> <span class='ocrx_word' id='word_1_486' title='bbox 1239 3663 1388 3736; x_wconf 84' lang='grc'>(158)</span> <span class='ocrx_word' id='word_1_487' title='bbox 1413 3706 1428 3731; x_wconf 90' lang='grc'><em>,</em></span> <span class='ocrx_word' id='word_1_488' title='bbox 1461 3665 1642 3722; x_wconf 87' lang='lat' dir='ltr'><strong>colore</strong></span> <span class='ocrx_word' id='word_1_489' title='bbox 1667 3664 2005 3736; x_wconf 65' lang='lat' dir='ltr'><strong>Ethiopem,</strong></span> <span class='ocrx_word' id='word_1_490' title='bbox 2039 3669 2130 3724; x_wconf 90' lang='lat' dir='ltr'><strong>cui</strong></span> 
     </span>
    </p>
   </div>
   <div class='ocr_carea' id='block_1_67' title="bbox 531 3749 2132 3822">
    <p class='ocr_par' dir='ltr' id='par_1_67' title="bbox 531 3749 2132 3822">
     <span class='ocr_line' id='line_1_67' title="bbox 531 3749 2132 3822; baseline 0.007 -19"><span class='ocrx_word' id='word_1_491' title='bbox 531 3762 634 3819; x_wconf 88' lang='lat' dir='ltr'><strong>per</strong></span> <span class='ocrx_word' id='word_1_492' title='bbox 659 3749 894 3805; x_wconf 89' lang='lat' dir='ltr'><strong>mediam</strong></span> <span class='ocrx_word' id='word_1_493' title='bbox 924 3749 1064 3807; x_wconf 90' lang='lat' dir='ltr'><strong>nolis</strong></span> <span class='ocrx_word' id='word_1_494' title='bbox 1101 3766 1394 3809; x_wconf 87' lang='lat' dir='ltr'><strong>occurrere</strong></span> <span class='ocrx_word' id='word_1_495' title='bbox 1435 3764 1647 3812; x_wconf 91' lang='lat' dir='ltr'><strong>noctem</strong></span> <span class='ocrx_word' id='word_1_496' title='bbox 1670 3796 1686 3822; x_wconf 91' lang='lat'><strong>,</strong></span> <span class='ocrx_word' id='word_1_497' title='bbox 1729 3765 1920 3813; x_wconf 89' lang='lat' dir='ltr'><strong>ventre</strong></span> <span class='ocrx_word' id='word_1_498' title='bbox 1945 3768 2132 3815; x_wconf 84' lang='lat' dir='ltr'><strong>exten-</strong></span> 
     </span>
    </p>
   </div>
   <div class='ocr_carea' id='block_1_68' title="bbox 529 3840 2128 3922">
    <p class='ocr_par' dir='ltr' id='par_1_68' title="bbox 529 3840 2128 3922">
     <span class='ocr_line' id='line_1_68' title="bbox 529 3840 2128 3922; baseline 0.008 -28"><span class='ocrx_word' id='word_1_499' title='bbox 529 3852 695 3903; x_wconf 82' lang='lat' dir='ltr'><strong>sum,</strong></span> <span class='ocrx_word' id='word_1_500' title='bbox 746 3840 964 3897; x_wconf 90' lang='lat' dir='ltr'><strong>natibus</strong></span> <span class='ocrx_word' id='word_1_501' title='bbox 1006 3842 1209 3898; x_wconf 91' lang='lat' dir='ltr'><strong>siccum</strong></span> <span class='ocrx_word' id='word_1_502' title='bbox 1235 3884 1251 3910; x_wconf 94' lang='lat'><strong>,</strong></span> <span class='ocrx_word' id='word_1_503' title='bbox 1297 3845 1450 3901; x_wconf 72' lang='lat' dir='ltr'><strong>coxis</strong></span> <span class='ocrx_word' id='word_1_504' title='bbox 1483 3848 1552 3902; x_wconf 89' lang='lat' dir='ltr'><strong>ad</strong></span> <span class='ocrx_word' id='word_1_505' title='bbox 1598 3862 1910 3905; x_wconf 89' lang='lat' dir='ltr'><strong>mensuram</strong></span> <span class='ocrx_word' id='word_1_506' title='bbox 1955 3850 2128 3922; x_wconf 89' lang='lat' dir='ltr'><strong>ipsam</strong></span> 
     </span>
    </p>
   </div>
   <div class='ocr_carea' id='block_1_69' title="bbox 533 3929 2129 4011">
    <p class='ocr_par' dir='ltr' id='par_1_69' title="bbox 533 3929 2129 4011">
     <span class='ocr_line' id='line_1_69' title="bbox 533 3929 2129 4011; baseline 0.01 -25"><span class='ocrx_word' id='word_1_507' title='bbox 533 3929 756 3987; x_wconf 85' lang='lat' dir='ltr'><strong>brevem</strong></span> <span class='ocrx_word' id='word_1_508' title='bbox 792 3931 1168 4005; x_wconf 91' lang='lat' dir='ltr'><strong>longissimum</strong></span> <span class='ocrx_word' id='word_1_509' title='bbox 1194 3977 1210 4004; x_wconf 91' lang='lat'><strong>,</strong></span> <span class='ocrx_word' id='word_1_510' title='bbox 1258 3938 1509 3995; x_wconf 90' lang='lat' dir='ltr'><strong>cruribus</strong></span> <span class='ocrx_word' id='word_1_511' title='bbox 1543 3954 1805 4011; x_wconf 91' lang='lat' dir='ltr'><strong>parvum,</strong></span> <span class='ocrx_word' id='word_1_512' title='bbox 1854 3943 2129 4002; x_wconf 87' lang='lat' dir='ltr'><strong>calcaneis</strong></span> 
     </span>
    </p>
   </div>
   <div class='ocr_carea' id='block_1_70' title="bbox 533 4020 2126 4103">
    <p class='ocr_par' dir='ltr' id='par_1_70' title="bbox 533 4020 2126 4103">
     <span class='ocr_line' id='line_1_70' title="bbox 533 4020 2126 4103; baseline 0.009 -28"><span class='ocrx_word' id='word_1_513' title='bbox 533 4020 872 4093; x_wconf 87' lang='lat' dir='ltr'><strong>pedibusque</strong></span> <span class='ocrx_word' id='word_1_514' title='bbox 900 4024 1162 4094; x_wconf 88' lang='lat' dir='ltr'><strong>aequalem</strong></span> <span class='ocrx_word' id='word_1_515' title='bbox 1183 4065 1199 4092; x_wconf 94' lang='lat'><strong>,</strong></span> <span class='ocrx_word' id='word_1_516' title='bbox 1226 4026 1410 4082; x_wconf 91' lang='lat' dir='ltr'><strong>villino</strong></span> <span class='ocrx_word' id='word_1_517' title='bbox 1434 4026 1699 4103; x_wconf 87' lang='lat' dir='ltr'><strong>[byssino]</strong></span> <span class='ocrx_word' id='word_1_518' title='bbox 1727 4032 1822 4087; x_wconf 90' lang='lat' dir='ltr'><strong>sed</strong></span> <span class='ocrx_word' id='word_1_519' title='bbox 1843 4032 2005 4089; x_wconf 91' lang='lat' dir='ltr'><strong>nimis</strong></span> <span class='ocrx_word' id='word_1_520' title='bbox 2029 4049 2126 4089; x_wconf 88' lang='lat' dir='ltr'><strong>ve-</strong></span> 
     </span>
    </p>
   </div>
   <div class='ocr_carea' id='block_1_71' title="bbox 531 4115 2123 4196">
    <p class='ocr_par' dir='ltr' id='par_1_71' title="bbox 531 4115 2123 4196">
     <span class='ocr_line' id='line_1_71' title="bbox 531 4115 2123 4196; baseline 0.01 -27"><span class='ocrx_word' id='word_1_521' title='bbox 531 4122 756 4172; x_wconf 87' lang='lat' dir='ltr'><strong>ternoso</strong></span> <span class='ocrx_word' id='word_1_522' title='bbox 785 4115 870 4172; x_wconf 89' lang='lat' dir='ltr'><strong>vel</strong></span> <span class='ocrx_word' id='word_1_523' title='bbox 907 4117 1263 4176; x_wconf 89' lang='lat' dir='ltr'><strong>diuturnitate</strong></span> <span class='ocrx_word' id='word_1_524' title='bbox 1286 4122 1404 4192; x_wconf 90' lang='lat' dir='ltr'><strong>ipsa</strong></span> <span class='ocrx_word' id='word_1_525' title='bbox 1433 4121 1622 4180; x_wconf 64' lang='lat' dir='ltr'><strong>fetido</strong></span> <span class='ocrx_word' id='word_1_526' title='bbox 1651 4133 1705 4181; x_wconf 92' lang='lat' dir='ltr'><strong>et</strong></span> <span class='ocrx_word' id='word_1_527' title='bbox 1731 4127 1931 4196; x_wconf 91' lang='lat' dir='ltr'><strong>pallido</strong></span> <span class='ocrx_word' id='word_1_528' title='bbox 1957 4144 2123 4185; x_wconf 90' lang='lat' dir='ltr'><strong>orna-</strong></span> 
     </span>
    </p>
   </div>
   <div class='ocr_carea' id='block_1_72' title="bbox 530 4208 2122 4290">
    <p class='ocr_par' dir='ltr' id='par_1_72' title="bbox 530 4208 2122 4290">
     <span class='ocr_line' id='line_1_72' title="bbox 530 4208 2122 4290; baseline 0.01 -29"><span class='ocrx_word' id='word_1_529' title='bbox 530 4216 719 4263; x_wconf 86' lang='lat' dir='ltr'><strong>mento</strong></span> <span class='ocrx_word' id='word_1_530' title='bbox 749 4208 1028 4277; x_wconf 89' lang='lat' dir='ltr'><strong>indutum,</strong></span> <span class='ocrx_word' id='word_1_531' title='bbox 1075 4210 1330 4269; x_wconf 89' lang='lat' dir='ltr'><strong>Siciouiis</strong></span> <span class='ocrx_word' id='word_1_532' title='bbox 1364 4213 1752 4273; x_wconf 89' lang='lat' dir='ltr'><strong>calceamentis</strong></span> <span class='ocrx_word' id='word_1_533' title='bbox 1787 4218 2122 4290; x_wconf 89' lang='lat' dir='ltr'><strong>calceatum,</strong></span> 
     </span>
    </p>
   </div>
   <div class='ocr_carea' id='block_1_73' title="bbox 526 4299 2122 4387">
    <p class='ocr_par' dir='ltr' id='par_1_73' title="bbox 526 4299 2122 4387">
     <span class='ocr_line' id='line_1_73' title="bbox 526 4299 2122 4387; baseline 0.01 -31"><span class='ocrx_word' id='word_1_534' title='bbox 526 4299 715 4373; x_wconf 83' lang='lat' dir='ltr'><strong>lingua</strong></span> <span class='ocrx_word' id='word_1_535' title='bbox 741 4318 1046 4374; x_wconf 89' lang='lat' dir='ltr'><strong>procacem,</strong></span> <span class='ocrx_word' id='word_1_536' title='bbox 1069 4305 1288 4378; x_wconf 87' lang='lat' dir='ltr'><strong>ingenio</strong></span> <span class='ocrx_word' id='word_1_537' title='bbox 1313 4305 1593 4383; x_wconf 84' lang='lat' dir='ltr'><strong>[ingeniis]</strong></span> <span class='ocrx_word' id='word_1_538' title='bbox 1621 4311 1857 4384; x_wconf 89' lang='lat' dir='ltr'><strong>vulpem,</strong></span> <span class='ocrx_word' id='word_1_539' title='bbox 1881 4315 2122 4387; x_wconf 89' lang='lat' dir='ltr'><strong>perjurio</strong></span> 
     </span>
    </p>
   </div>
   <div class='ocr_carea' id='block_1_74' title="bbox 520 4395 2120 4470">
    <p class='ocr_par' dir='ltr' id='par_1_74' title="bbox 520 4395 2120 4470">
     <span class='ocr_line' id='line_1_74' title="bbox 520 4395 2120 4470; baseline 0.009 -21"><span class='ocrx_word' id='word_1_540' title='bbox 520 4406 624 4449; x_wconf 76' lang='lat' dir='ltr'><strong>seu</strong></span> <span class='ocrx_word' id='word_1_541' title='bbox 661 4395 944 4452; x_wconf 90' lang='lat' dir='ltr'><strong>mendacio</strong></span> <span class='ocrx_word' id='word_1_542' title='bbox 977 4395 1229 4469; x_wconf 78' lang='lat' dir='ltr'><strong>Ulyxem.</strong></span> <span class='ocrx_word' id='word_1_543' title='bbox 1269 4398 1496 4470; x_wconf 87' lang='lat' dir='ltr'><strong>Semper</strong></span> <span class='ocrx_word' id='word_1_544' title='bbox 1538 4401 1709 4469; x_wconf 91' lang='lat' dir='ltr'><strong>mihi,</strong></span> <span class='ocrx_word' id='word_1_545' title='bbox 1756 4404 1959 4461; x_wconf 93' lang='lat' dir='ltr'><strong>domini</strong></span> <span class='ocrx_word' id='word_1_546' title='bbox 2013 4407 2120 4464; x_wconf 91' lang='lat' dir='ltr'><strong>mei</strong></span> 
     </span>
    </p>
   </div>
   <div class='ocr_carea' id='block_1_75' title="bbox 522 4483 2122 4563">
    <p class='ocr_par' dir='ltr' id='par_1_75' title="bbox 522 4483 2122 4563">
     <span class='ocr_line' id='line_1_75' title="bbox 522 4483 2122 4563; baseline 0.009 -21"><span class='ocrx_word' id='word_1_547' title='bbox 522 4483 886 4556; x_wconf 88' lang='lat' dir='ltr'><strong>imperatores</strong></span> <span class='ocrx_word' id='word_1_548' title='bbox 911 4486 984 4521; x_wconf 74' lang='lat'><strong>“°</strong></span> <span class='ocrx_word' id='word_1_549' title='bbox 1015 4490 1250 4560; x_wconf 87' lang='lat' dir='ltr'><strong>augusti,</strong></span> <span class='ocrx_word' id='word_1_550' title='bbox 1274 4490 1519 4558; x_wconf 79' lang='lat' dir='ltr'><strong>formosi,</strong></span> <span class='ocrx_word' id='word_1_551' title='bbox 1544 4503 1748 4563; x_wconf 91' lang='lat' dir='ltr'><strong>quanto</strong></span> <span class='ocrx_word' id='word_1_552' title='bbox 1774 4496 1901 4554; x_wconf 88' lang='lat' dir='ltr'><strong>hinc</strong></span> <span class='ocrx_word' id='word_1_553' title='bbox 1919 4497 2122 4557; x_wconf 84' lang='lat' dir='ltr'><strong>formo-</strong></span> 
     </span>
    </p>
   </div>
   <div class='ocr_carea' id='block_1_76' title="bbox 2235 3299 3839 3370">
    <p class='ocr_par' dir='ltr' id='par_1_76' title="bbox 2235 3299 3839 3370">
     <span class='ocr_line' id='line_1_76' title="bbox 2235 3299 3839 3370; baseline -0.002 -13"><span class='ocrx_word' id='word_1_554' title='bbox 2235 3301 2515 3358; x_wconf 90' lang='lat' dir='ltr'><strong>vindicare</strong></span> <span class='ocrx_word' id='word_1_555' title='bbox 2541 3309 2597 3356; x_wconf 90' lang='lat' dir='ltr'><strong>et</strong></span> <span class='ocrx_word' id='word_1_556' title='bbox 2623 3311 2872 3357; x_wconf 89' lang='lat' dir='ltr'><strong>sanctam</strong></span> <span class='ocrx_word' id='word_1_557' title='bbox 2900 3301 3189 3358; x_wconf 88' lang='lat' dir='ltr'><strong>ecclesiam</strong></span> <span class='ocrx_word' id='word_1_558' title='bbox 3228 3301 3282 3356; x_wconf 90' lang='lat' dir='ltr'><strong>in</strong></span> <span class='ocrx_word' id='word_1_559' title='bbox 3312 3308 3516 3355; x_wconf 88' lang='lat' dir='ltr'><strong>statum</strong></span> <span class='ocrx_word' id='word_1_560' title='bbox 3553 3299 3839 3370; x_wconf 85' lang='lat' dir='ltr'><strong>proprium</strong></span> 
     </span>
    </p>
   </div>
   <div class='ocr_carea' id='block_1_77' title="bbox 2237 3390 3842 3464">
    <p class='ocr_par' dir='ltr' id='par_1_77' title="bbox 2237 3390 3842 3464">
     <span class='ocr_line' id='line_1_77' title="bbox 2237 3390 3842 3464; baseline -0.002 -17"><span class='ocrx_word' id='word_1_561' title='bbox 2237 3391 2540 3449; x_wconf 88' lang='lat' dir='ltr'><strong>reformare</strong></span> <span class='ocrx_word' id='word_1_562' title='bbox 2591 3392 2838 3448; x_wconf 89' lang='lat' dir='ltr'><strong>curavit?</strong></span> <span class='ocrx_word' id='word_1_563' title='bbox 2883 3391 3207 3464; x_wconf 79' lang='lat' dir='ltr'><strong>Neglexistis</strong></span> <span class='ocrx_word' id='word_1_564' title='bbox 3251 3407 3388 3460; x_wconf 91' lang='lat' dir='ltr'><strong>vos,</strong></span> <span class='ocrx_word' id='word_1_565' title='bbox 3437 3407 3550 3448; x_wconf 91' lang='lat' dir='ltr'><strong>non</strong></span> <span class='ocrx_word' id='word_1_566' title='bbox 3601 3390 3842 3464; x_wconf 76' lang='lat' dir='ltr'><strong>neglexit</strong></span> 
     </span>
    </p>
   </div>
   <div class='ocr_carea' id='block_1_78' title="bbox 2236 3483 3842 3558">
    <p class='ocr_par' dir='ltr' id='par_1_78' title="bbox 2236 3483 3842 3558">
     <span class='ocr_line' id='line_1_78' title="bbox 2236 3483 3842 3558; baseline 0.001 -19"><span class='ocrx_word' id='word_1_567' title='bbox 2236 3485 2490 3540; x_wconf 87' lang='lat' dir='ltr'><strong>dominus</strong></span> <span class='ocrx_word' id='word_1_568' title='bbox 2513 3499 2688 3550; x_wconf 91' lang='lat' dir='ltr'><strong>meus,</strong></span> <span class='ocrx_word' id='word_1_569' title='bbox 2718 3485 2811 3555; x_wconf 92' lang='lat' dir='ltr'><strong>qui</strong></span> <span class='ocrx_word' id='word_1_570' title='bbox 2843 3499 2874 3539; x_wconf 90' lang='lat' dir='ltr'><strong>a</strong></span> <span class='ocrx_word' id='word_1_571' title='bbox 2912 3485 3115 3542; x_wconf 86' lang='lat' dir='ltr'><strong>ﬁnibus</strong></span> <span class='ocrx_word' id='word_1_572' title='bbox 3139 3494 3296 3541; x_wconf 71' lang='lat' dir='ltr'><strong>terra:</strong></span> <span class='ocrx_word' id='word_1_573' title='bbox 3319 3501 3553 3558; x_wconf 83' lang='lat' dir='ltr'><strong>surgens</strong></span> <span class='ocrx_word' id='word_1_574' title='bbox 3575 3483 3842 3542; x_wconf 83' lang='lat' dir='ltr'><strong>Romam-</strong></span> 
     </span>
    </p>
   </div>
   <div class='ocr_carea' id='block_1_79' title="bbox 2236 3575 3841 3650">
    <p class='ocr_par' dir='ltr' id='par_1_79' title="bbox 2236 3575 3841 3650">
     <span class='ocr_line' id='line_1_79' title="bbox 2236 3575 3841 3650; baseline -0.001 -18"><span class='ocrx_word' id='word_1_575' title='bbox 2236 3593 2343 3650; x_wconf 89' lang='lat' dir='ltr'><strong>que</strong></span> <span class='ocrx_word' id='word_1_576' title='bbox 2367 3579 2617 3645; x_wconf 90' lang='lat' dir='ltr'><strong>veniens,</strong></span> <span class='ocrx_word' id='word_1_577' title='bbox 2649 3579 2844 3650; x_wconf 92' lang='lat' dir='ltr'><strong>impios</strong></span> <span class='ocrx_word' id='word_1_578' title='bbox 2873 3579 3118 3647; x_wconf 90' lang='lat' dir='ltr'><strong>abstulit,</strong></span> <span class='ocrx_word' id='word_1_579' title='bbox 3145 3587 3200 3636; x_wconf 90' lang='lat' dir='ltr'><strong>et</strong></span> <span class='ocrx_word' id='word_1_580' title='bbox 3225 3587 3539 3636; x_wconf 87' lang='lat' dir='ltr'><strong>sanctorum</strong></span> <span class='ocrx_word' id='word_1_581' title='bbox 3568 3575 3841 3648; x_wconf 87' lang='lat' dir='ltr'><strong>apostolo-</strong></span> 
     </span>
    </p>
   </div>
   <div class='ocr_carea' id='block_1_80' title="bbox 2234 3669 3838 3742">
    <p class='ocr_par' dir='ltr' id='par_1_80' title="bbox 2234 3669 3838 3742">
     <span class='ocr_line' id='line_1_80' title="bbox 2234 3669 3838 3742; baseline -0.001 -18"><span class='ocrx_word' id='word_1_582' title='bbox 2234 3683 2355 3724; x_wconf 93' lang='lat' dir='ltr'><strong>rum</strong></span> <span class='ocrx_word' id='word_1_583' title='bbox 2382 3669 2604 3726; x_wconf 87' lang='lat' dir='ltr'><strong>vicariis</strong></span> <span class='ocrx_word' id='word_1_584' title='bbox 2634 3679 2960 3742; x_wconf 77' lang='lat' dir='ltr'><strong>potestatem</strong></span> <span class='ocrx_word' id='word_1_585' title='bbox 2988 3682 3042 3727; x_wconf 85' lang='lat' dir='ltr'><strong>et</strong></span> <span class='ocrx_word' id='word_1_586' title='bbox 3068 3671 3330 3728; x_wconf 90' lang='lat' dir='ltr'><strong>honorem</strong></span> <span class='ocrx_word' id='word_1_587' title='bbox 3356 3683 3576 3726; x_wconf 87' lang='lat' dir='ltr'><strong>omnem</strong></span> <span class='ocrx_word' id='word_1_588' title='bbox 3617 3676 3838 3726; x_wconf 73' lang='lat' dir='ltr'><strong>matra-</strong></span> 
     </span>
    </p>
   </div>
   <div class='ocr_carea' id='block_1_81' title="bbox 2179 3757 3838 3837">
    <p class='ocr_par' dir='ltr' id='par_1_81' title="bbox 2179 3757 3838 3837">
     <span class='ocr_line' id='line_1_81' title="bbox 2179 3757 3838 3837; baseline -0.002 -19"><span class='ocrx_word' id='word_1_589' title='bbox 2179 3757 2185 3762; x_wconf 80' lang='grc'><strong>’</strong></span> <span class='ocrx_word' id='word_1_590' title='bbox 2233 3761 2389 3818; x_wconf 90' lang='lat' dir='ltr'><strong>didit.</strong></span> <span class='ocrx_word' id='word_1_591' title='bbox 2436 3760 2792 3818; x_wconf 88' lang='lat' dir='ltr'><strong>Postmodum</strong></span> <span class='ocrx_word' id='word_1_592' title='bbox 2845 3779 2977 3820; x_wconf 91' lang='lat' dir='ltr'><strong>vero</strong></span> <span class='ocrx_word' id='word_1_593' title='bbox 3031 3764 3375 3837; x_wconf 82' lang='lat' dir='ltr'><strong>insurgentes</strong></span> <span class='ocrx_word' id='word_1_594' title='bbox 3423 3771 3619 3819; x_wconf 87' lang='lat' dir='ltr'><strong>contra</strong></span> <span class='ocrx_word' id='word_1_595' title='bbox 3677 3776 3738 3817; x_wconf 85' lang='lat' dir='ltr'><strong>se</strong></span> <span class='ocrx_word' id='word_1_596' title='bbox 3783 3767 3838 3814; x_wconf 88' lang='lat' dir='ltr'><strong>et</strong></span> 
     </span>
    </p>
   </div>
   <div class='ocr_carea' id='block_1_82' title="bbox 2233 3852 3835 3927">
    <p class='ocr_par' dir='ltr' id='par_1_82' title="bbox 2233 3852 3835 3927">
     <span class='ocr_line' id='line_1_82' title="bbox 2233 3852 3835 3927; baseline 0.002 -20"><span class='ocrx_word' id='word_1_597' title='bbox 2233 3852 2493 3910; x_wconf 88' lang='lat' dir='ltr'><strong>domuum</strong></span> <span class='ocrx_word' id='word_1_598' title='bbox 2520 3854 2592 3887; x_wconf 71' lang='grc'><strong>⁸⁸³</strong></span> <span class='ocrx_word' id='word_1_599' title='bbox 2627 3855 2983 3926; x_wconf 89' lang='lat' dir='ltr'><strong>apostolicum</strong></span> <span class='ocrx_word' id='word_1_600' title='bbox 3008 3897 3024 3924; x_wconf 92' lang='lat'><strong>,</strong></span> <span class='ocrx_word' id='word_1_601' title='bbox 3063 3859 3219 3927; x_wconf 90' lang='lat' dir='ltr'><strong>quasi</strong></span> <span class='ocrx_word' id='word_1_602' title='bbox 3267 3855 3627 3927; x_wconf 68' lang='lat' dir='ltr'><strong>iurisiurandi</strong></span> <span class='ocrx_word' id='word_1_603' title='bbox 3671 3855 3835 3912; x_wconf 83' lang='lat' dir='ltr'><strong>viola-</strong></span> 
     </span>
    </p>
   </div>
   <div class='ocr_carea' id='block_1_83' title="bbox 2233 3949 3830 4024">
    <p class='ocr_par' dir='ltr' id='par_1_83' title="bbox 2233 3949 3830 4024">
     <span class='ocr_line' id='line_1_83' title="bbox 2233 3949 3830 4024; baseline 0.001 -22"><span class='ocrx_word' id='word_1_604' title='bbox 2233 3956 2402 4013; x_wconf 89' lang='lat' dir='ltr'><strong>tores,</strong></span> <span class='ocrx_word' id='word_1_605' title='bbox 2432 3949 2753 4022; x_wconf 84' lang='lat' dir='ltr'><strong>sacrilegos,</strong></span> <span class='ocrx_word' id='word_1_606' title='bbox 2775 3950 3120 4006; x_wconf 90' lang='lat' dir='ltr'><strong>dominorum</strong></span> <span class='ocrx_word' id='word_1_607' title='bbox 3147 3965 3369 4007; x_wconf 90' lang='lat' dir='ltr'><strong>suorum</strong></span> <span class='ocrx_word' id='word_1_608' title='bbox 3401 3951 3830 4024; x_wconf 88' lang='lat' dir='ltr'><strong>apostolicorum</strong></span> 
     </span>
    </p>
   </div>
   <div class='ocr_carea' id='block_1_84' title="bbox 2232 4041 3828 4112">
    <p class='ocr_par' dir='ltr' id='par_1_84' title="bbox 2232 4041 3828 4112">
     <span class='ocr_line' id='line_1_84' title="bbox 2232 4041 3828 4112; baseline 0.001 -20"><span class='ocrx_word' id='word_1_609' title='bbox 2232 4045 2498 4105; x_wconf 87' lang='lat' dir='ltr'><strong>tortores,</strong></span> <span class='ocrx_word' id='word_1_610' title='bbox 2536 4048 2782 4111; x_wconf 88' lang='lat' dir='ltr'><strong>raptores</strong></span> <span class='ocrx_word' id='word_1_611' title='bbox 2801 4083 2817 4107; x_wconf 94' lang='lat'><strong>,</strong></span> <span class='ocrx_word' id='word_1_612' title='bbox 2848 4043 3146 4098; x_wconf 89' lang='lat' dir='ltr'><strong>secundum</strong></span> <span class='ocrx_word' id='word_1_613' title='bbox 3179 4041 3398 4097; x_wconf 86' lang='lat' dir='ltr'><strong>decreta</strong></span> <span class='ocrx_word' id='word_1_614' title='bbox 3428 4041 3828 4112; x_wconf 86' lang='lat' dir='ltr'><strong>imperatorum</strong></span> 
     </span>
    </p>
   </div>
   <div class='ocr_carea' id='block_1_85' title="bbox 2210 4127 3828 4199">
    <p class='ocr_par' dir='ltr' id='par_1_85' title="bbox 2210 4127 3828 4199">
     <span class='ocr_line' id='line_1_85' title="bbox 2210 4127 3828 4199; baseline 0.001 -14"><span class='ocrx_word' id='word_1_615' title='bbox 2210 4127 2598 4197; x_wconf 89' lang='lat' dir='ltr'><strong>Romanorum</strong></span> <span class='ocrx_word' id='word_1_616' title='bbox 2617 4173 2632 4199; x_wconf 92' lang='lat'><strong>,</strong></span> <span class='ocrx_word' id='word_1_617' title='bbox 2664 4131 2954 4188; x_wconf 83' lang='lat' dir='ltr'><strong>Justiniani</strong></span> <span class='ocrx_word' id='word_1_618' title='bbox 2973 4173 2988 4199; x_wconf 94' lang='lat'><strong>,</strong></span> <span class='ocrx_word' id='word_1_619' title='bbox 3018 4130 3418 4198; x_wconf 75' lang='lat' dir='ltr'><strong>Valentiniani,</strong></span> <span class='ocrx_word' id='word_1_620' title='bbox 3449 4130 3746 4188; x_wconf 83' lang='lat' dir='ltr'><strong>Theodosii</strong></span> <span class='ocrx_word' id='word_1_621' title='bbox 3775 4140 3828 4187; x_wconf 86' lang='lat' dir='ltr'><strong>et</strong></span> 
     </span>
    </p>
   </div>
   <div class='ocr_carea' id='block_1_86' title="bbox 2229 4223 3830 4300">
    <p class='ocr_par' dir='ltr' id='par_1_86' title="bbox 2229 4223 3830 4300">
     <span class='ocr_line' id='line_1_86' title="bbox 2229 4223 3830 4300; baseline 0.001 -23"><span class='ocrx_word' id='word_1_622' title='bbox 2229 4229 2586 4287; x_wconf 82' lang='lat' dir='ltr'><strong>caeterorum,</strong></span> <span class='ocrx_word' id='word_1_623' title='bbox 2631 4224 2859 4290; x_wconf 83' lang='lat' dir='ltr'><strong>cecidit,</strong></span> <span class='ocrx_word' id='word_1_624' title='bbox 2892 4223 3184 4300; x_wconf 83' lang='lat' dir='ltr'><strong>jugulavit,</strong></span> <span class='ocrx_word' id='word_1_625' title='bbox 3231 4223 3546 4296; x_wconf 90' lang='lat' dir='ltr'><strong>suspendit,</strong></span> <span class='ocrx_word' id='word_1_626' title='bbox 3578 4232 3637 4280; x_wconf 90' lang='lat' dir='ltr'><strong>et</strong></span> <span class='ocrx_word' id='word_1_627' title='bbox 3661 4223 3830 4280; x_wconf 76' lang='lat' dir='ltr'><strong>exilio</strong></span> 
     </span>
    </p>
   </div>
   <div class='ocr_carea' id='block_1_87' title="bbox 2227 4312 3826 4388">
    <p class='ocr_par' dir='ltr' id='par_1_87' title="bbox 2227 4312 3826 4388">
     <span class='ocr_line' id='line_1_87' title="bbox 2227 4312 3826 4388; baseline 0.003 -19"><span class='ocrx_word' id='word_1_628' title='bbox 2227 4312 2520 4385; x_wconf 89' lang='lat' dir='ltr'><strong>relegavit;</strong></span> <span class='ocrx_word' id='word_1_629' title='bbox 2546 4330 2667 4386; x_wconf 77' lang='lat' dir='ltr'><strong>qua:</strong></span> <span class='ocrx_word' id='word_1_630' title='bbox 2693 4315 2868 4371; x_wconf 90' lang='lat' dir='ltr'><strong>sinon</strong></span> <span class='ocrx_word' id='word_1_631' title='bbox 2897 4315 3129 4382; x_wconf 86' lang='lat' dir='ltr'><strong>faceret,</strong></span> <span class='ocrx_word' id='word_1_632' title='bbox 3154 4316 3375 4388; x_wconf 86' lang='lat' dir='ltr'><strong>impius,</strong></span> <span class='ocrx_word' id='word_1_633' title='bbox 3406 4316 3669 4388; x_wconf 90' lang='lat' dir='ltr'><strong>injustus,</strong></span> <span class='ocrx_word' id='word_1_634' title='bbox 3697 4334 3826 4374; x_wconf 85' lang='lat' dir='ltr'><strong>cru-</strong></span> 
     </span>
    </p>
   </div>
   <div class='ocr_carea' id='block_1_88' title="bbox 2227 4403 3825 4482">
    <p class='ocr_par' dir='ltr' id='par_1_88' title="bbox 2227 4403 3825 4482">
     <span class='ocr_line' id='line_1_88' title="bbox 2227 4403 3825 4482; baseline 0.004 -22"><span class='ocrx_word' id='word_1_635' title='bbox 2227 4403 2381 4470; x_wconf 88' lang='lat' dir='ltr'><strong>delis,</strong></span> <span class='ocrx_word' id='word_1_636' title='bbox 2412 4415 2678 4478; x_wconf 86' lang='lat' dir='ltr'><strong>tyrannus</strong></span> <span class='ocrx_word' id='word_1_637' title='bbox 2703 4414 2877 4462; x_wconf 92' lang='lat' dir='ltr'><strong>esset.</strong></span> <span class='ocrx_word' id='word_1_638' title='bbox 2910 4407 3093 4463; x_wconf 86' lang='lat' dir='ltr'><strong>Palam</strong></span> <span class='ocrx_word' id='word_1_639' title='bbox 3122 4417 3241 4476; x_wconf 89' lang='lat' dir='ltr'><strong>est,</strong></span> <span class='ocrx_word' id='word_1_640' title='bbox 3286 4408 3432 4480; x_wconf 92' lang='lat' dir='ltr'><strong>quod</strong></span> <span class='ocrx_word' id='word_1_641' title='bbox 3458 4407 3825 4482; x_wconf 83' lang='lat' dir='ltr'><strong>Berengarius</strong></span> 
     </span>
    </p>
   </div>
   <div class='ocr_carea' id='block_1_89' title="bbox 2222 4493 3823 4573">
    <p class='ocr_par' dir='ltr' id='par_1_89' title="bbox 2222 4493 3823 4573">
     <span class='ocr_line' id='line_1_89' title="bbox 2222 4493 3823 4573; baseline 0.006 -21"><span class='ocrx_word' id='word_1_642' title='bbox 2222 4504 2279 4552; x_wconf 91' lang='lat' dir='ltr'><strong>et</strong></span> <span class='ocrx_word' id='word_1_643' title='bbox 2313 4497 2640 4555; x_wconf 82' lang='lat' dir='ltr'><strong>Adelhertus</strong></span> <span class='ocrx_word' id='word_1_644' title='bbox 2679 4499 2764 4556; x_wconf 89' lang='lat' dir='ltr'><strong>sui</strong></span> <span class='ocrx_word' id='word_1_645' title='bbox 2805 4499 3007 4556; x_wconf 89' lang='lat' dir='ltr'><strong>milites</strong></span> <span class='ocrx_word' id='word_1_646' title='bbox 3047 4501 3245 4570; x_wconf 78' lang='lat' dir='ltr'><strong>ell‘ecti,</strong></span> <span class='ocrx_word' id='word_1_647' title='bbox 3293 4517 3524 4573; x_wconf 87' lang='lat' dir='ltr'><strong>regnum</strong></span> <span class='ocrx_word' id='word_1_648' title='bbox 3576 4493 3823 4561; x_wconf 80' lang='lat' dir='ltr'><strong>Italicum</strong></span> 
     </span>
    </p>
   </div>
   <div class='ocr_carea' id='block_1_90' title="bbox 520 4559 3823 4669">
    <p class='ocr_par' dir='ltr' id='par_1_90' title="bbox 520 4559 3823 4669">
     <span class='ocr_line' id='line_1_90' title="bbox 520 4559 3823 4669; baseline 0.007 -40"><span class='ocrx_word' id='word_1_649' title='bbox 520 4574 697 4669; x_wconf 77' lang='lat' dir='ltr'><strong>siores</strong></span> <span class='ocrx_word' id='word_1_650' title='bbox 711 4576 831 4669; x_wconf 55' lang='lat' dir='ltr'><strong>visi.</strong></span> <span class='ocrx_word' id='word_1_651' title='bbox 851 4577 1020 4632; x_wconf 87' lang='lat' dir='ltr'><strong>estis?</strong></span> <span class='ocrx_word' id='word_1_652' title='bbox 1060 4559 1286 4650; x_wconf 88' lang='lat' dir='ltr'><strong>Semper</strong></span> <span class='ocrx_word' id='word_1_653' title='bbox 1315 4581 1529 4650; x_wconf 91' lang='lat' dir='ltr'><strong>ornati,</strong></span> <span class='ocrx_word' id='word_1_654' title='bbox 1560 4559 1768 4655; x_wconf 79' lang='lat' dir='ltr'><strong>quanto</strong></span> <span class='ocrx_word' id='word_1_655' title='bbox 1797 4587 1925 4645; x_wconf 91' lang='lat' dir='ltr'><strong>hinc</strong></span> <span class='ocrx_word' id='word_1_656' title='bbox 1951 4605 2116 4647; x_wconf 89' lang='lat' dir='ltr'><strong>orna-</strong></span> <span class='ocrx_word' id='word_1_657' title='bbox 2141 4559 2200 4624; x_wconf 74' lang='lat' dir='ltr'><strong><em>D</em></strong></span> <span class='ocrx_word' id='word_1_658' title='bbox 2223 4599 2440 4663; x_wconf 89' lang='lat' dir='ltr'><strong>sceptro</strong></span> <span class='ocrx_word' id='word_1_659' title='bbox 2484 4607 2650 4648; x_wconf 91' lang='lat' dir='ltr'><strong>aureo</strong></span> <span class='ocrx_word' id='word_1_660' title='bbox 2688 4607 2754 4649; x_wconf 76' lang='lat' dir='ltr'><strong>ex</strong></span> <span class='ocrx_word' id='word_1_661' title='bbox 2801 4590 2919 4662; x_wconf 86' lang='lat' dir='ltr'><strong>ejus</strong></span> <span class='ocrx_word' id='word_1_662' title='bbox 2956 4609 3122 4650; x_wconf 89' lang='lat' dir='ltr'><strong>manu</strong></span> <span class='ocrx_word' id='word_1_663' title='bbox 3168 4559 3524 4668; x_wconf 63' lang='lat' dir='ltr'><strong>susceperant</strong></span> <span class='ocrx_word' id='word_1_664' title='bbox 3551 4596 3728 4669; x_wconf 71' lang='lat'><strong>(162),</strong></span> <span class='ocrx_word' id='word_1_665' title='bbox 3764 4559 3823 4652; x_wconf 81' lang='lat' dir='ltr'><strong>et</strong></span> 
     </span>
    </p>
   </div>
   <div class='ocr_carea' id='block_1_91' title="bbox 464 4665 3821 4761">
    <p class='ocr_par' dir='ltr' id='par_1_91' title="bbox 464 4665 3821 4761">
     <span class='ocr_line' id='line_1_91' title="bbox 464 4665 3821 4761; baseline 0.007 -41"><span class='ocrx_word' id='word_1_666' title='bbox 464 4669 481 4690; x_wconf 84' lang='lat'><strong>‘</strong></span> <span class='ocrx_word' id='word_1_667' title='bbox 519 4665 730 4761; x_wconf 54' lang='lat' dir='ltr'><strong>tiores?</strong></span> <span class='ocrx_word' id='word_1_668' title='bbox 755 4666 982 4761; x_wconf 80' lang='lat' dir='ltr'><strong>Semper</strong></span> <span class='ocrx_word' id='word_1_669' title='bbox 1015 4677 1262 4740; x_wconf 87' lang='lat' dir='ltr'><strong>potentes</strong></span> <span class='ocrx_word' id='word_1_670' title='bbox 1284 4711 1300 4738; x_wconf 88' lang='lat'><strong>,</strong></span> <span class='ocrx_word' id='word_1_671' title='bbox 1348 4683 1550 4743; x_wconf 90' lang='lat' dir='ltr'><strong>quanto</strong></span> <span class='ocrx_word' id='word_1_672' title='bbox 1589 4675 1719 4733; x_wconf 92' lang='lat' dir='ltr'><strong>hinc</strong></span> <span class='ocrx_word' id='word_1_673' title='bbox 1747 4681 2114 4749; x_wconf 89' lang='lat' dir='ltr'><strong>potentiores?</strong></span> <span class='ocrx_word' id='word_1_674' title='bbox 2219 4684 2584 4755; x_wconf 67' lang='lat' dir='ltr'><strong>praesentibus</strong></span> <span class='ocrx_word' id='word_1_675' title='bbox 2614 4685 2788 4742; x_wconf 90' lang='lat' dir='ltr'><strong>servis</strong></span> <span class='ocrx_word' id='word_1_676' title='bbox 2818 4686 2942 4753; x_wconf 91' lang='lat' dir='ltr'><strong>tuis,</strong></span> <span class='ocrx_word' id='word_1_677' title='bbox 2971 4687 3064 4757; x_wconf 89' lang='lat' dir='ltr'><strong>qui</strong></span> <span class='ocrx_word' id='word_1_678' title='bbox 3085 4701 3232 4745; x_wconf 89' lang='lat' dir='ltr'><strong>nunc</strong></span> <span class='ocrx_word' id='word_1_679' title='bbox 3251 4665 3423 4760; x_wconf 74' lang='lat' dir='ltr'><strong>usque</strong></span> <span class='ocrx_word' id='word_1_680' title='bbox 3449 4665 3745 4761; x_wconf 84' lang='lat' dir='ltr'><strong>supersunt</strong></span> <span class='ocrx_word' id='word_1_681' title='bbox 3766 4696 3821 4744; x_wconf 89' lang='lat' dir='ltr'><strong>et</strong></span> 
     </span>
    </p>
   </div>
   <div class='ocr_carea' id='block_1_92' title="bbox 515 4755 3824 4853">
    <p class='ocr_par' dir='ltr' id='par_1_92' title="bbox 515 4755 3824 4853">
     <span class='ocr_line' id='line_1_92' title="bbox 515 4755 3824 4853; baseline 0.008 -41"><span class='ocrx_word' id='word_1_682' title='bbox 515 4755 760 4853; x_wconf 72' lang='lat' dir='ltr'><strong>Semper</strong></span> <span class='ocrx_word' id='word_1_683' title='bbox 781 4759 961 4853; x_wconf 79' lang='lat' dir='ltr'><strong>mites,</strong></span> <span class='ocrx_word' id='word_1_684' title='bbox 989 4769 1194 4831; x_wconf 91' lang='lat' dir='ltr'><strong>quanto</strong></span> <span class='ocrx_word' id='word_1_685' title='bbox 1222 4761 1350 4818; x_wconf 90' lang='lat' dir='ltr'><strong>hinc</strong></span> <span class='ocrx_word' id='word_1_686' title='bbox 1374 4764 1654 4823; x_wconf 86' lang='lat' dir='ltr'><strong>mitiores?</strong></span> <span class='ocrx_word' id='word_1_687' title='bbox 1680 4766 1911 4842; x_wconf 88' lang='lat' dir='ltr'><strong>Semper</strong></span> <span class='ocrx_word' id='word_1_688' title='bbox 1937 4773 2110 4830; x_wconf 81' lang='lat' dir='ltr'><strong>virtu-</strong></span> <span class='ocrx_word' id='word_1_689' title='bbox 2219 4774 2324 4833; x_wconf 91' lang='lat' dir='ltr'><strong>hac</strong></span> <span class='ocrx_word' id='word_1_690' title='bbox 2358 4777 2413 4832; x_wconf 91' lang='lat' dir='ltr'><strong>in</strong></span> <span class='ocrx_word' id='word_1_691' title='bbox 2455 4776 2677 4834; x_wconf 89' lang='lat' dir='ltr'><strong>civitate</strong></span> <span class='ocrx_word' id='word_1_692' title='bbox 2710 4778 2934 4851; x_wconf 88' lang='lat' dir='ltr'><strong>degunt,</strong></span> <span class='ocrx_word' id='word_1_693' title='bbox 2959 4755 3316 4851; x_wconf 84' lang='lat' dir='ltr'><strong>jurejurando</strong></span> <span class='ocrx_word' id='word_1_694' title='bbox 3335 4755 3535 4837; x_wconf 31' lang='lat' dir='ltr'><strong>&#39;fidem-</strong></span> <span class='ocrx_word' id='word_1_695' title='bbox 3557 4783 3824 4853; x_wconf 89' lang='lat' dir='ltr'><strong>promise-</strong></span> 
     </span>
    </p>
   </div>
   <div class='ocr_carea' id='block_1_93' title="bbox 517 4847 3820 4951">
    <p class='ocr_par' dir='ltr' id='par_1_93' title="bbox 517 4847 3820 4951">
     <span class='ocr_line' id='line_1_93' title="bbox 517 4847 3820 4951; baseline 0.008 -50"><span class='ocrx_word' id='word_1_696' title='bbox 517 4847 670 4951; x_wconf 16' lang='lat' dir='ltr'><strong>tibus»</strong></span> <span class='ocrx_word' id='word_1_697' title='bbox 707 4847 853 4920; x_wconf 88' lang='lat' dir='ltr'><strong>pleni</strong></span> <span class='ocrx_word' id='word_1_698' title='bbox 879 4891 896 4918; x_wconf 93' lang='lat'><strong>,</strong></span> <span class='ocrx_word' id='word_1_699' title='bbox 946 4861 1173 4951; x_wconf 33' lang='lat' dir='ltr'><strong>quanto-</strong></span> <span class='ocrx_word' id='word_1_700' title='bbox 1199 4853 1343 4951; x_wconf 24' lang='lat' dir='ltr'><strong>hinc‘</strong></span> <span class='ocrx_word' id='word_1_701' title='bbox 1368 4855 1675 4927; x_wconf 85' lang='lat' dir='ltr'><strong>pleniores?</strong></span> <span class='ocrx_word' id='word_1_702' title='bbox 1725 4859 1999 4922; x_wconf 88' lang='lat' dir='ltr'><strong>Sedebant</strong></span> <span class='ocrx_word' id='word_1_703' title='bbox 2041 4866 2112 4922; x_wconf 89' lang='lat' dir='ltr'><strong>ad</strong></span> <span class='ocrx_word' id='word_1_704' title='bbox 2219 4877 2370 4926; x_wconf 88' lang='lat' dir='ltr'><strong>runt.</strong></span> <span class='ocrx_word' id='word_1_705' title='bbox 2401 4869 2470 4925; x_wconf 88' lang='lat' dir='ltr'><strong>Et</strong></span> <span class='ocrx_word' id='word_1_706' title='bbox 2496 4869 2645 4942; x_wconf 89' lang='lat' dir='ltr'><strong>quia,</strong></span> <span class='ocrx_word' id='word_1_707' title='bbox 2677 4847 3001 4942; x_wconf 77' lang='lat' dir='ltr'><strong>suggerente</strong></span> <span class='ocrx_word' id='word_1_708' title='bbox 3040 4847 3276 4937; x_wconf 80' lang='lat' dir='ltr'><strong>diabolo,</strong></span> <span class='ocrx_word' id='word_1_709' title='bbox 3303 4871 3445 4928; x_wconf 87' lang='lat' dir='ltr'><strong>hanc</strong></span> <span class='ocrx_word' id='word_1_710' title='bbox 3469 4847 3681 4944; x_wconf 70' lang='lat' dir='ltr'><strong>perﬁde</strong></span> <span class='ocrx_word' id='word_1_711' title='bbox 3705 4874 3820 4927; x_wconf 88' lang='lat' dir='ltr'><strong>vio-</strong></span> 
     </span>
    </p>
   </div>
   <div class='ocr_carea' id='block_1_94' title="bbox 510 4944 3816 5038">
    <p class='ocr_par' dir='ltr' id='par_1_94' title="bbox 510 4944 3816 5038">
     <span class='ocr_line' id='line_1_94' title="bbox 510 4944 3816 5038; baseline 0.009 -44"><span class='ocrx_word' id='word_1_712' title='bbox 510 4944 819 5011; x_wconf 75' lang='lat' dir='ltr'><strong>sinistram,</strong></span> <span class='ocrx_word' id='word_1_713' title='bbox 850 4944 1040 5002; x_wconf 89' lang='lat' dir='ltr'><strong>nonin</strong></span> <span class='ocrx_word' id='word_1_714' title='bbox 1074 4945 1264 5002; x_wconf 88' lang='lat' dir='ltr'><strong>eadem</strong></span> <span class='ocrx_word' id='word_1_715' title='bbox 1308 4946 1448 5005; x_wconf 88' lang='lat' dir='ltr'><strong>linea</strong></span> <span class='ocrx_word' id='word_1_716' title='bbox 1478 4991 1493 5013; x_wconf 79' lang='lat'><strong>,</strong></span> <span class='ocrx_word' id='word_1_717' title='bbox 1541 4951 1637 5010; x_wconf 87' lang='lat' dir='ltr'><strong>sed</strong></span> <span class='ocrx_word' id='word_1_718' title='bbox 1673 4952 1830 5026; x_wconf 86' lang='lat' dir='ltr'><strong>longe</strong></span> <span class='ocrx_word' id='word_1_719' title='bbox 1855 4958 2111 5016; x_wconf 89' lang='lat' dir='ltr'><strong>deorsum</strong></span> <span class='ocrx_word' id='word_1_720' title='bbox 2219 4964 2425 5032; x_wconf 88' lang='lat' dir='ltr'><strong>larunt,</strong></span> <span class='ocrx_word' id='word_1_721' title='bbox 2444 4963 2593 5035; x_wconf 85' lang='lat' dir='ltr'><strong>juste</strong></span> <span class='ocrx_word' id='word_1_722' title='bbox 2621 4963 2766 5033; x_wconf 89' lang='lat' dir='ltr'><strong>illos,</strong></span> <span class='ocrx_word' id='word_1_723' title='bbox 2814 4965 2970 5036; x_wconf 90' lang='lat' dir='ltr'><strong>quasi</strong></span> <span class='ocrx_word' id='word_1_724' title='bbox 2989 4964 3299 5023; x_wconf 84' lang='lat' dir='ltr'><strong>desertores</strong></span> <span class='ocrx_word' id='word_1_725' title='bbox 3323 4967 3537 5038; x_wconf 87' lang='lat' dir='ltr'><strong>sibique</strong></span> <span class='ocrx_word' id='word_1_726' title='bbox 3559 4965 3816 5032; x_wconf 77' lang='lat' dir='ltr'><strong>rebelles,</strong></span> 
     </span>
    </p>
   </div>
   <div class='ocr_carea' id='block_1_95' title="bbox 1848 5113 2522 5180">
    <p class='ocr_par' dir='ltr' id='par_1_95' title="bbox 1848 5113 2522 5180">
     <span class='ocr_line' id='line_1_95' title="bbox 1848 5113 2522 5180; baseline 0.015 -12"><span class='ocrx_word' id='word_1_727' title='bbox 1848 5113 2081 5175; x_wconf 74' lang='lat' dir='ltr'><strong>VARUE</strong></span> <span class='ocrx_word' id='word_1_728' title='bbox 2118 5119 2522 5180; x_wconf 83' lang='lat' dir='ltr'><strong>LECTIONES.</strong></span> 
     </span>
    </p>
   </div>
   <div class='ocr_carea' id='block_1_96' title="bbox 1094 5212 1551 5230">
    <p class='ocr_par' dir='ltr' id='par_1_96' title="bbox 1094 5212 1551 5230">
     <span class='ocr_line' id='line_1_96' title="bbox 1094 5212 1551 5230; baseline 0 0"><span class='ocrx_word' id='word_1_729' title='bbox 1094 5212 1134 5230; x_wconf 74' lang='grc' dir='ltr'><em>Π</em></span> <span class='ocrx_word' id='word_1_730' title='bbox 1231 5217 1379 5230; x_wconf 66' lang='grc' dir='ltr'><strong>ιι...</strong></span> <span class='ocrx_word' id='word_1_731' title='bbox 1476 5219 1551 5230; x_wconf 42' lang='grc' dir='ltr'><em>νη</em></span> 
     </span>
    </p>
   </div>
  </div>
