4012 5340
208 190 305 251 915

1610 188 1909 251 LEGATIO
1942 192 2046 251 CP.

2258 141 2324 154 σε..

3362 190 3471 250 9η

204 328 361 385 regno
386 310 816 383 privavit;quod
844 312 920 369 ita
956 306 1189 369 subditis
1220 310 1321 368 tibi
1345 316 1402 368 et
1428 311 1773 383 postmodum
1799 315 1855 377 Α
1879 311 2129 377 collecta,
2173 306 2242 367 ad
2290 309 2688 380 susceptionem
2734 318 2788 365 et
2818 308 3033 365 laudem
3083 306 3395 380 Nicephori,
3433 325 3467 365 a

201 402 475 461 rebellibus
504 401 760 459 faceres.»

264 495 313 550 6.
344 512 362 546 ι
383 493 491 550 Sed
520 510 624 551 non
642 536 659 562 ,
689 494 802 561 ait,
826 492 1105 551 Adelberti
1137 494 1243 549 hoc
1274 492 1560 564 proﬁtetur
1593 494 1771 551 miles.

198 586 288 642 Cui
325 587 541 656 inquam
560 598 581 640 :
622 584 680 642 Si
705 600 863 642 secus
892 586 1111 653 dixerit,
1140 601 1389 642 meorum
1414 587 1611 658 aliquis
1638 588 1775 645 mili-

198 689 318 741 tum,
351 678 397 733 si
422 677 601 749 jubes,
635 694 778 744 cras,
811 678 886 734 ita
916 693 1032 735 rem
1062 693 1207 745 esse,
1242 678 1423 735 duello
1448 680 1770 736 declarabit.

195 772 333 838 Esto,
378 772 583 843 inquit,
622 772 815 828 fecerit
859 772 999 839 hac,
1044 782 1106 829 ut
1136 774 1239 840 ais,
1274 772 1439 843 juste.
1476 774 1632 832 Nunc
1676 791 1774 833 cur

194 862 391 933 imperii
422 864 597 920 nostri
625 864 891 921 terminos
919 864 1062 921 bello
1100 866 1458 936 incendioque
1484 883 1772 940 aggressus

193 952 276 1017 sit,
306 953 519 1024 expedi.
547 953 726 1009 Amici
755 969 997 1021 eramus,
1026 956 1454 1028 societatemque
1489 958 1774 1015 indissolu-

191 1043 361 1110 bilem,
388 1045 595 1116 nuptiis
617 1044 975 1117 interpositis,
1004 1046 1183 1104 facere
1209 1049 1633 1119 cogitabamus.»

250 1135 301 1190 7.
334 1135 623 1205 «Terram,
654 1139 897 1211 inquam,
925 1156 1091 1211 quam
1118 1142 1331 1213 imperii
1371 1144 1448 1199 tui
1486 1158 1608 1201 esse
1646 1161 1772 1203 nar-

192 1243 289 1294 ras,
311 1243 444 1300 gens
469 1230 649 1287 incola
675 1242 731 1287 et
756 1231 940 1305 lingua
966 1233 1137 1290 Italici
1179 1235 1331 1306 regni
1360 1252 1481 1293 esse
1504 1238 1767 1296 declarat.

192 1320 602 1394 Tenueruntque
630 1323 779 1379 illam
819 1326 1145 1395 potestative
1186 1326 1570 1400 Langobardi;
1604 1348 1772 1403 quam

190 1423 239 1470 et
260 1413 563 1471 Lodovicus
587 1456 603 1481 ,
639 1415 1124 1489 Langobardorum
1165 1435 1260 1476 seu
1303 1420 1638 1479 Francorum
1670 1427 1774 1482 im-

1876 405 2083 475 palatio
2112 419 2285 475 usque
2313 405 2382 460 ad
2405 412 2649 460 sanctam
2671 402 3125 472 Sophiam,quasi
3148 418 3249 473 pro
3270 401 3466 470 tauris,

1876 499 1980 553 viae
2009 496 2283 564 margines
2313 495 2510 560 tenuit,
2542 493 2800 566 clypeolis
2833 493 3085 549 tenuibus
3114 493 3252 549 satis
3278 503 3332 548 et
3356 495 3469 563 spir-

1873 589 2013 646 culis
2049 588 2246 644 vilibus
2291 588 2634 645 dedecorata.
2678 587 2925 642 Accessit
2967 596 3021 643 et
3062 588 3129 641 ad
3181 586 3467 645 dedecoris

1876 680 2040 752 hujus
2061 687 2435 752 augmentum,
2468 679 2613 750 quod
2638 678 2783 749 vulgi
2815 678 2986 749 ipsius
3016 678 3196 749 potior
3224 693 3373 749 pars,
3396 680 3469 736 ad

1873 774 2087 829 laudem
2135 772 2327 844 ipsius,
2382 771 2543 827 nudis
2596 780 2942 840 processerat
2987 770 3232 841 pedibus.
3290 770 3470 827 Credo

1872 867 1953 922 sic
2005 880 2101 922 eos
2146 875 2365 935 putasse
2440 872 2687 919 sanctam
2742 863 2915 935 ipsam
2974 866 3155 935 potius
3200 877 3471 920 exornare

1873 960 2194 1035 προὲλινσιν.
2234 954 2340 1013 Sed
2365 965 2424 1012 et
2449 957 2740 1027 optimates
2781 958 2888 1023 sui,
2924 957 3017 1026 qui
3070 972 3195 1013 cum
3224 948 3341 1027 ipso
3371 971 3471 1027 per

1872 1052 2141 1124 plebeiam
2171 1058 2227 1107 et
2246 1048 2629 1105 discalceatam
2655 1047 3063 1105 multitudinem
3087 1050 3259 1119 ipsam
3286 1057 3474 1104 transp

1874 1145 2073 1210 ierant,
2128 1141 2341 1213 magnis
2376 1150 2432 1196 et
2476 1140 2643 1195 nimia
2690 1149 2959 1196 vetustate
3004 1140 3216 1195 rimatis
3265 1139 3475 1195 tunicis

1872 1248 2031 1294 erant
2059 1236 2250 1292 induti.
2284 1234 2433 1291 Satis
2463 1234 2745 1290 decentius
2786 1234 3059 1290 cotidiana
3098 1242 3249 1289 veste
3292 1231 3469 1288 induti

1872 1327 2251 1401 procederent.
2306 1323 2497 1380 Nullus
2550 1322 2828 1393 est.cujus
2877 1322 3236 1379 atavushanc
3266 1336 3470 1379 novam

1877 1424 2127 1482 haberet.
2160 1421 2333 1478 Nemo
2360 1423 2432 1479 ibi
2459 1438 2615 1490 auro,
2638 1437 2800 1478 nemo
2823 1421 3051 1491 gemmis
3076 1428 3301 1476 ornatus
3322 1426 3469 1486 erat,

188 1513 429 1576 perator,
476 1506 547 1563 de
584 1508 1185 1566 manuSaracenorum
1213 1551 1229 1578 ,
1263 1513 1612 1570 multitudine
1642 1530 1771 1586 pro-
1840 1564 1848 1585 ηρ
1876 1516 1983 1571 nisi
2030 1516 2147 1586 ipse
2177 1514 2324 1570 solus
2358 1512 2720 1585 Nicephorius,
2761 1528 2921 1583 quem
2965 1512 3266 1584 imperialia
3303 1526 3471 1567 orna-

189 1594 655 1662 strata,liberavit.
674 1596 783 1653 Sed
803 1608 859 1653 et
878 1598 1771 1672 Landulpbus,Beneventanorum
1874 1618 2079 1676 menta,
2106 1611 2174 1665 ad
2218 1609 2483 1678 majorum
2510 1623 2772 1679 personas
2802 1615 3019 1677 sumpta
3045 1616 3102 1662 et
3142 1606 3467 1677 composita,

190 1694 237 1741 et
256 1686 634 1758 Capuanorum
666 1691 946 1764 princeps,
978 1697 1266 1766 septennio
1291 1702 1617 1769 potestative
1645 1717 1769 1757 eam
1799 1686 1849 1748 Β
1875 1702 2161 1758 foediorem
2210 1700 2577 1757 reddiderant.
2611 1699 2715 1754 Per
2763 1698 2989 1754 salutem
3039 1708 3303 1762 vestram,
3348 1709 3475 1765 quae

190 1779 276 1835 sibi
298 1779 623 1855 subjugavit.
646 1783 759 1842 Nec
779 1802 809 1841 a
832 1787 1116 1846 servitutis
1137 1790 1254 1861 ejus
1273 1807 1368 1848 seu
1391 1807 1767 1853 successorum
1876 1794 2011 1850 mihi
2041 1810 2163 1850 mea
2184 1794 2367 1849 carior
2387 1801 2557 1858 extat,
2583 1808 2689 1847 una
2712 1799 3017 1847 vestrorum
3039 1791 3276 1860 pretiosa
3301 1789 3478 1846 vesti.

189 1887 391 1929 suorum
430 1874 567 1949 jugo
595 1892 767 1949 usque
800 1880 869 1935 ad
909 1896 1149 1951 praesens
1177 1884 1372 1950 exiret,
1419 1886 1467 1941 si
1510 1902 1641 1955 non,
1667 1889 1769 1945 im-
1874 1900 2189 1955 procerum,
2220 1892 2440 1939 centum
2467 1883 2663 1940 borum
2709 1892 2765 1937 et
2802 1898 2867 1938 eo
2897 1881 3133 1953 amplius
3173 1880 3479 1951 pretiosior

192 1982 357 2023 mensa
398 1969 526 2025 data
572 1973 842 2042 pecunia,
886 1972 1161 2032 Romanos
1182 1976 1255 2010 ⁸⁸⁸
1276 1979 1575 2050 imperator
1597 1982 1769 2039 nostri
1869 1980 1984 2037 est!
2036 1977 2241 2033 Ductus
2270 1992 2372 2049 ego
2416 1977 2485 2031 ad
2528 1975 2827 2051 προὶλενσιν
2880 1976 3074 2043 ipsam,
3118 1973 3173 2029 in
3218 1975 3471 2029 eminen-

190 2058 319 2128 regis
345 2059 589 2132 IIugonis
620 2064 919 2121 amicitiam
944 2077 1174 2124 emeret.
1202 2068 1271 2124 Et
1294 2071 1410 2131 haec
1439 2086 1605 2129 causa
1642 2072 1765 2141 fuit,

192 2152 318 2220 quod
348 2155 532 2225 nepoti
564 2170 663 2212 suo
695 2169 751 2213 et
792 2161 1094 2230 aequivoco,
1126 2164 1271 2233 regis
1297 2166 1493 2230 nostri,
1522 2166 1768 2237 ejusdem

193 2239 445 2314 Hugonis,
492 2248 737 2316 spuriam
787 2248 1038 2322 conjugio
1074 2253 1347 2322 copulavit
1373 2254 1541 2327 (I63).
1590 2257 1678 2324 Et,
1709 2266 1771 2315 ut

192 2337 470 2403 considero,
498 2340 723 2398 domino
749 2359 870 2401 meo
892 2360 997 2401 non
1014 2347 1262 2419 gratiam,
1286 2350 1381 2405 sed
1396 2350 1766 2421 impotentiam

194 2429 419 2496 ascribis,
448 2433 598 2503 quod
627 2444 761 2504 post.
786 2435 953 2493 Italiae
990 2454 1086 2494 seu
1122 2438 1309 2494 Roma!
1348 2444 1766 2512 acquisitionem

192 2524 262 2572 tot
285 2521 430 2577 annis
457 2537 584 2578 eam
617 2524 713 2580 tibi
741 2526 1027 2584 dimiserit.
1060 2528 1389 2587 Societatem
1420 2548 1553 2591 vero
1578 2537 1770 2593 amici-

194 2611 288 2677 tiae,
315 2630 468 2684 quam
494 2625 551 2671 te
578 2620 854 2688 parentela
874 2621 1110 2679 voluisse
1139 2625 1320 2682 facere
1340 2626 1498 2695 dicis,
1522 2628 1766 2687 fraudem

192 2715 279 2758 nos
303 2704 593 2778 dolumque
622 2718 903 2779 tenemus;
940 2728 1210 2784 pausanas
1251 2716 1542 2795 [inducias]
1571 2725 1764 2797 exigis,

190 2809 308 2864 quas
335 2814 429 2856 nec
456 2811 511 2857 te
540 2803 758 2876 exigere
786 2821 962 2876 neque
1001 2824 1101 2865 nos
1142 2812 1441 2870 concedere
1470 2816 1610 2873 ratio
1647 2819 1765 2890 ipsa

192 2890 457 2960 compellit.
484 2891 689 2949 Verum
714 2904 774 2951 ut
795 2895 1008 2954 fallacia
1037 2901 1403 2973 exsculpatur,
1435 2908 1635 2964 veritas
1656 2925 1763 2967 non

191 2980 498 3039 reticeatur:
543 2986 693 3041 misit
737 3002 825 3044 me
860 2990 1109 3048 dominus
1136 3007 1289 3050 meus
1314 2995 1382 3052 ad
1418 3006 1493 3067 te,
1530 3009 1591 3056 ut
1614 3002 1660 3058 si
1698 3002 1765 3058 Ii-

189 3068 297 3165 liam
318 3073 548 3133 Romani
572 3078 915 3149 imperatoris
934 3094 988 3139 et
1009 3083 1358 3159 Theophanae
1376 3091 1761 3165 imperatricis,

189 3161 383 3266 domino
409 3184 533 3226 meo
559 3170 672 3227 tilio
701 3174 1036 3240 suo,‘0ttoni
1072 3178 1388 3252 imperatori
1417 3161 1666 3257 augusto,
1706 3161 1763 3248 in

189 3258 476 3329 conjugium
501 3262 719 3318 tradere
740 3264 997 3335 volueris,
1020 3267 1328 3338 iuramento
1349 3276 1482 3331 mihi
1504 3278 1762 3353 aiiirmes,

186 3351 235 3397 et
260 3359 372 3417 ego,
398 3364 499 3419 pro
542 3354 842 3424 gratiarum
872 3364 1378 3432 recompensatione
1406 3365 1523 3424 haec
1552 3379 1607 3426 et
1648 3351 1764 3431 haec

188 3432 442 3534 dominum
464 3457 649 3534 meum
674 3445 767 3502 tibi
791 3446 1061 3507 facturum
1083 3460 1137 3508 et
1158 3452 1591 3527 observaturum,
1612 3463 1763 3534 jure-

182 3520 393 3625 jurando
423 3530 727 3591 aﬂirmabo.
756 3538 862 3593 Sed
897 3548 954 3596 et
986 3542 1248 3625 optimam
1277 3548 1534 3605 amicitia:
1564 3520 1761 3609 arabe-

187 3632 297 3676 nam
319 3623 387 3659 m
405 3625 741 3687 fraternitati
763 3640 868 3689 tua:
890 3649 1037 3691 nunc
1059 3623 1311 3697 dominus
1332 3655 1487 3699 meus
1512 3646 1759 3716 contulit,

191 3725 300 3770 cum
331 3718 617 3791 Appuliam
647 3738 863 3781 omnem
900 3730 1157 3797 potestati
1190 3732 1487 3802 subditam,
1516 3753 1638 3794 meo
1678 3740 1764 3795 in-

188 3807 435 3878 terventu,
473 3811 630 3882 cujus
659 3814 763 3871 hoc
787 3818 1134 3888 suggestione
1174 3822 1378 3879 malum
1409 3823 1613 3883 factum
1638 3843 1762 3886 esse

184 3892 304 3987 dicis
326 3898 413 3956 ⁸³⁸.
444 3902 614 3975 Cujus
652 3908 730 3964 rei
764 3917 842 3965 tot
870 3919 998 3967 sunt
1032 3922 1198 3971 testes
1238 3925 1371 3987 quot
1407 3928 1535 3976 sunt
1596 3922 1761 3979 totius

184 3985 404 4061 Appulia:
432 3997 784 4058 habitatores.
827 4022 847 4056 ι

243 4084 291 4140 8.
316 4086 447 4179 Δ(Αη.
475 4089 601 4160 968,
628 4092 758 4150 Jun.
790 4095 872 4166 7.)
906 4114 925 4149 ι
963 4096 1234 4168 Secunda,
1280 4102 1759 4179 inquit‘Nicepho-

185 4185 296 4269 rus,
316 4177 448 4236 hora
474 4181 587 4253 jam
611 4186 860 4256 transiit;
888 4191 1215 4265 προέλιυσις,
1244 4193 1299 4250 id
1340 4204 1425 4252 est
1456 4177 1757 4269 processio,

188 4262 328 4361 nobis
351 4278 433 4326 est
490 4272 835 4333 celebranda.
885 4262 1040 4346 Quod
1094 4297 1240 4339 nunc
1293 4262 1475 4343 instat
1508 4262 1753 4361 agamus.

184 4355 365 4420 Contra
410 4367 574 4437 haec,‘
608 4385 731 4427 cum
787 4380 1114 4444 oportunum
1158 4376 1346 4447 fuerit,
1398 4355 1753 4454 respondebi-

187 4463 310 4509 mus.
353 4475 373 4510 ι

247 4544 296 4641 9_.
314 4546 425 4641 Non
440 4552 623 4625 pigeat
636 4568 745 4625 me,
759 4560 1060 4634 προέλευσιν
1071 4565 1244 4632 ipsam
1262 4562 1569 4623 describere
1582 4566 1754 4641 (164),

186 4641 234 4688 et
256 4635 493 4699 dominos
540 4660 713 4715 meos,
751 4650 958 4707 audire.
1007 4650 1417 4724 Negotiatorum
1468 4635 1757 4716 multitudo

187 4727 388 4798 copiosa
408 4733 833 4812 ignobiliumque
854 4756 1232 4815 personarum,
1245 4761 1312 4805 ea
1338 4748 1756 4823 sollempnitate,

1872 2070 2001 2129 tiori
2034 2069 2156 2125 loco
2191 2067 2349 2139 juxta
2378 2067 2603 2140 psaltas,
2641 2068 2696 2124 id
2723 2076 2811 2123 est
2835 2074 3114 2134 cantores,
3162 2080 3285 2121 sum
3337 2080 3472 2123 con-

1872 2166 2111 2222 stitutus.

1944 2259 2033 2313 40.
2075 2256 2321 2329 Cumque
2341 2256 2497 2328 quasi
2529 2263 2750 2326 reptans
2780 2261 3085 2310 monstrum
3114 2252 3246 2309 illud
3272 2267 3471 2324 proce-

1872 2351 2049 2417 deret,
2077 2350 2390 2406 clamabant
2413 2347 2727 2405 adulatores
2756 2346 2945 2417 psalta:
2963 2363 2977 2401 :
2998 2345 3135 2400 Ecce
3162 2346 3294 2401 venit
3317 2343 3473 2400 stella

1870 2444 2153 2508 matutina,
2174 2444 2342 2513 surgit
2366 2440 2533 2507 Eous,
2561 2440 2853 2496 reverberat
2885 2439 3067 2494 obtutu
3112 2438 3240 2493 solis
3262 2437 3471 2503 radios,

1870 2536 2070 2607 pallida
2098 2534 2484 2592 Saracenorum
2509 2550 2671 2599 mors,
2705 2532 3039 2596 Nicephorus
3076 2528 3257 2605 μέδων,
3288 2529 3340 2584 id
3379 2536 3473 2585 est

1870 2636 2109 2704 princeps
2127 2634 2148 2687 .'
2170 2631 2325 2687 Unde
2350 2641 2403 2687 et
2426 2632 2746 2686 cantabatur
2764 2648 2776 2683 :
2793 2627 3015 2701 μίδοντι,
3036 2627 3088 2682 id
3118 2635 3202 2681 est
3216 2624 3472 2695 principi,

1874 2723 2194 2796 Nicephoro,
2222 2724 2382 2783 πολλᾶ
2407 2723 2518 2789 ἔτη,
2568 2723 2622 2777 id
2649 2730 2732 2777 est
2764 2720 2939 2791 plures
2984 2720 3109 2774 anni
3138 2718 3245 2772 sint
3279 2714 3467 2786 (165)!

1872 2814 2080 2881 Gentes,
2105 2816 2243 2869 hunc
2267 2815 2503 2878 adorate,
2519 2814 2657 2867 hunc
2673 2812 2849 2877 colite,
2868 2810 2989 2865 huic
3016 2820 3165 2863 tanto
3188 2806 3325 2862 coita
3344 2805 3471 2861 sub-

1869 2909 2009 2964 dite!
2029 2908 2242 2976 Quanto
2267 2917 2395 2963 tunc
2425 2906 2607 2962 verius
2637 2912 2899 2961 canerent
2932 2921 2943 2956 :
2970 2902 3151 2958 Carbo
3197 2902 3473 2957 exstincto

1870 3002 2017 3069 veni,
2051 3002 2218 3074 μὲλλι,
2241 3016 2378 3056 anus
2414 3001 2651 3065 incessu,
2704 2997 2973 3069 Sylvanns
3013 2995 3189 3061 vultu,
3238 2995 3472 3062 rustice,

1870 3093 2188 3167 lustrivage,
2232 3095 2500 3166 capripes,
2552 3101 2802 3158 cornute,
2850 3090 3193 3156 bimembris,
3241 3089 3472 3161 setiger,

1868 3185 2145 3253 indocilis,
2172 3184 2430 3257 agrestis,
2461 3184 2713 3249 barbare,
2762 3183 2917 3249 dure,
2960 3178 3176 3245 villose,
3222 3177 3468 3245 rebellis,

1866 3279 2187 3351 Cappadox!
2217 3278 2387 3350 Igitur
2416 3276 2679 3333 falsidicis
2699 3274 2807 3330 illis
2838 3272 3058 3329 inﬂatus
3086 3271 3300 3335 maniis,
3330 3285 3463 3327 sau-

1864 3384 2013 3430 ctam
2046 3371 2306 3444 Sophiam
2337 3371 2663 3443 ingreditur,
2695 3368 2932 3426 dominis
2979 3367 3098 3424 suis
3119 3362 3467 3436 imperatori;

1864 3467 1968 3524 bus
1997 3481 2057 3522 se
2080 3481 2109 3521 a
2141 3464 2302 3536 longe
2330 3464 2684 3535 sequentibus
2710 3471 2765 3516 et
2792 3462 2845 3516 in.
2868 3460 3022 3531 pacis
3045 3458 3233 3516 osculo
3259 3457 3326 3513 ad
3349 3465 3467 3512 ter-

1864 3575 1983 3615 ram
2000 3572 2173 3630 usque
2185 3557 2559 3613 adorantibus.
2577 3555 2829 3626 Armiger
2850 3551 3012 3623 hujus
3033 3552 3231 3624 sagitta
3248 3548 3469 3607 calamo

1867 3648 2109 3705 immissa
2143 3662 2327 3703 aeram
2356 3644 2426 3679 ⁸⁸⁷
2452 3644 2602 3717 (166)
2628 3646 2681 3699 in
2706 3644 2936 3700 ecclesia
2956 3642 3132 3714 ponit,
3164 3655 3285 3712 quae
3327 3653 3467 3710 pro-

1865 3742 2129 3812 sequitur,
2165 3756 2273 3811 quo
2301 3740 2559 3796 nimirum
2606 3747 2852 3808 tempore
2909 3736 3179 3806 imperare
3205 3733 3464 3805 cmperit,

1863 3844 1920 3892 et
1952 3835 2031 3891 sic
2059 3849 2266 3900 aeram,
2292 3834 2386 3904 qui
2414 3833 2468 3889 id
2491 3848 2599 3889 non
2622 3831 2901 3897 viderunt,
2924 3828 3256 3901 intelligunt.
3438 3899 3463 3910 ‘

1932 3927 2022 3982 ii.
2057 3924 2173 3982 Hac
2210 3926 2401 3982 eadem
2454 3924 2542 3980 die
2567 3924 2849 3979 convivam
2879 3937 2966 3977 me
2998 3920 3101 3976 sibi
3127 3918 3461 3993 esse~jussit.

1862 4018 1979 4077 Non
2012 4028 2162 4075 ratus
2191 4029 2373 4074 autem
2428 4032 2516 4073 me
2557 4016 2781 4088 dignum
2813 4030 2936 4072 esse
2965 4014 3205 4085 cuipiam
3236 4028 3462 4071 suorum

1860 4109 2105 4183 praeponi
2142 4124 2451 4182 procerum,
2495 4109 2718 4181 quintus
2774 4108 3020 4163 decimus
3050 4108 3123 4163 ab
3146 4122 3212 4163 eo
3244 4107 3456 4177 absque

1863 4219 2099 4276 gausape
2149 4204 2299 4270 sedi;
2348 4215 2594 4258 meorum
2646 4214 2805 4255 nemo
2856 4199 3136 4265 comitum,
3179 4214 3287 4254 non
3335 4199 3463 4254 dico

1860 4296 2036 4353 solum
2060 4309 2262 4351 mensae
2293 4310 2401 4351 non
2436 4293 2658 4359 assedit,
2682 4292 2778 4349 sed
2800 4306 2975 4362 neque
2995 4290 3236 4357 domum,
3265 4291 3319 4345 in
3348 4303 3458 4359 qua

1863 4388 2090 4443 conviva
2115 4402 2290 4452 eram,
2319 4386 2474 4441 vidit.
2499 4386 2616 4453 Qua
2648 4385 2704 4440 in
2734 4398 2892 4440 caena
2936 4382 3193 4453 temporis
3220 4381 3461 4445 satis,.et

1863 4480 2121 4546 obscena,
2154 4479 2431 4534 ebriorum
2452 4491 2627 4545 more,
2659 4476 2779 4533 oleo
2796 4476 3057 4542 delibuta,
3085 4473 3297 4543 alioque
3319 4486 3462 4542 quo-

1864 4570 1990 4626 dam
2018 4570 2316 4626 deterrimo
2334 4570 2564 4642 piscium
2586 4568 2794 4640 liquore
2818 4582 3060 4639 aspersa,
3098 4565 3267 4620 multa
3292 4577 3459 4634 super

1862 4661 2105 4733 potentia
2141 4671 2342 4729 vestra,
2375 4661 2542 4717 multa
2570 4676 2733 4732 super
2754 4660 2935 4731 regnis
2957 4667 3013 4713 et
3053 4655 3339 4721 militibus,
3368 4666 3458 4708 me

1867 4755 2097 4825 rogavit.
2120 4754 2218 4813 Cui
2237 4772 2360 4813 cum
2383 4763 2780 4825 consequenter
2806 4762 2861 4807 et
2888 4765 3023 4808 vere
3043 4749 3465 4820 responderem.

1473 4879 1710 4941 VARIIE
1748 4884 2156 4949 LECTIONES.
3431 4935 3452 4963 θ

248 5001 315 5036 ⁸⁸⁸
336 5010 409 5063 at.
450 5013 715 5083 optimum
741 5020 1065 5079 arrabonem
1092 5023 1229 5081 ΒΑιι.
1303 5024 1375 5061 ιν
1399 5020 1520 5081 scil.
1548 5020 1852 5082 dimiserit?
1882 5020 2206 5096 reliquerit?
2277 5028 2350 5064 W
2375 5041 2633 5087 romanus
2658 5025 2719 5083 ε.
2795 5023 2867 5059 ’δ”
2894 5023 2948 5080 al
2971 5038 3123 5087 aram
3146 5031 3217 5091 ε,

1681 5176 1917 5241 NOTAE.

245 5311 379 5340 IIM\
408 5318 534 5340 In)-
573 5320 809 5340 A-..i__.-_l
862 5338 871 5340 _
951 5338 959 5340 _
1026 5321 1084 5340 ιι

3397 4966 3458 5070 :3
