4012 5340
515 95 624 160 915
1513 80 1938 156 LlUTPRANDl
1974 93 2462 152 CREMONENSIS
2501 92 2810 150 EPISCOPI
3691 92 3782 151 9η

533 235 553 267 ι
593 212 868 269 Mentiris!
905 214 1003 279 ait,
1039 210 1240 269 domini
1273 215 1350 269 tui
1381 213 1583 270 milites
1601 213 1882 283 equitandi
1909 211 2105 285 ignari,
2133 215 2189 275 Α
2212 208 2462 266 ultimum
2514 207 2802 264 imminere
2855 203 3189 271 formidaret.
3247 202 3393 274 Cur,
3435 216 3646 281 quasso,
3689 218 3784 261 non

519 305 791 376 pedestris
818 319 1012 374 pugna:
1062 312 1188 358 sunt
1239 304 1417 371 inscii,
1449 313 1729 360 scutorum
1771 301 2106 374 magnitudo,
2213 307 2565 372 tegrotarent,
2589 299 2785 368 quibus
2803 304 2922 351 erat
2945 305 3107 366 potus
3126 309 3229 364 pro
3245 294 3454 365 optimo
3481 295 3612 348 vino
3632 293 3787 350 salsu-

509 397 811 453 ~loricarum
834 396 1134 468 gravitudo,
1160 397 1699 470 ensiumlongitudo,
1719 396 2110 468 galearumque
2208 407 2310 464 go,
2339 405 2439 461 pro
2457 390 2684 446 culcitra
2716 403 2824 444 non
2850 386 3074 450 fmnum,
3104 400 3212 441 non
3258 396 3526 451 stramen,
3561 400 3672 440 non
3700 384 3793 440 επις

522 490 740 561 pondus
763 499 954 544 neutra
973 496 1128 559 parte
1150 503 1246 544 eos
1271 497 1512 560 pugnare
1529 489 1679 555 sinit,
1695 503 1758 544 ac
1789 486 2105 544 subridens:
2205 491 2323 542 tem
2347 493 2518 550 terra,
2546 483 2644 540 sed
2671 482 2864 538 durum
2918 495 3177 555 marmor,
3210 495 3309 550 pro
3337 477 3600 534 cervicali
3638 477 3795 549 lapis!

517 582 770 653 Impedit,
799 583 998 654 inquit,
1026 598 1122 639 eos
1148 593 1201 638 et
1236 582 1632 655 gastrimargia,
1663 583 1768 638 hoc
1795 590 1880 638 est
1904 580 2108 638 ventris
2205 578 2409 649 quibus
2437 575 2622 647 patula
2648 575 2843 631 domus
2867 588 2973 630 non
2995 572 3254 635 calorem,
3278 586 3386 626 non
3416 571 3676 632 imbrem,
3701 586 3796 624 non

520 673 820 743 ingluvies;
843 688 1075 743 quorum
1099 674 1242 729 Deus
1262 682 1452 729 venter
1476 682 1838 744 est;quorum
1859 672 2104 738 audacia,
2201 668 2384 741 frigus
2414 669 2655 724 arcebat.
2687 666 2830 736 Ipsa,
2863 666 2908 722 si
2939 664 3121 731 vellet,
3171 663 3319 719 salus
3339 663 3428 718 liis
3451 661 3796 724 circumfusa,

525 763 786 834 crapula;
819 762 1102 828 fortitudo,
1159 763 1426 829 ebrietas;
1476 761 1761 835 jejunium,
1795 760 2105 829 dissolutio;
2203 770 2274 818 .ut
2302 761 2462 832 vulgo
2491 761 2783 830 loquimur,
2809 773 2904 818 eos
2933 757 3144 814 salvare
3198 771 3305 812 non
3332 763 3546 825 posset.
3580 754 3800 824 Proprie

519 869 709 924 pavor,
737 855 1024 910 sobrietas.
1051 852 1162 910 Nec
1192 863 1277 909 est
1301 855 1358 909 in
1407 855 1546 909 mari
1599 855 1819 908 domino
1849 861 1939 909 tuo
1972 850 2111 908 clas-
2200 868 2346 923 .ergo
2368 861 2532 922 atque
2555 867 2800 907 nieorum
2829 849 3144 905 debilitatus
3170 862 3394 918 angore,
3417 855 3724 908 convocato
3743 846 3800 900 ad
3866 857 3876 868 °

521 947 665 1000 slum
691 961 968 1002 numerus.
992 945 1366 1017 Navigantium
1389 945 1652 1001 fortitudo
1667 945 1795 1000 mihi
1827 943 1925 1000 soli
1948 944 2107 1009 inest,
2213 960 2300 1001 me
2328 945 2576 1011 custode,
2617 945 2784 998 immo
2810 951 3182 1012 persecutore,
3235 954 3376 1004 meo,
3413 953 3525 994 non
3557 938 3804 1008 precibus

523 1035 616 1104 qui
644 1050 766 1090 eum
795 1035 1062 1091 classibus
1119 1037 1419 1107 aggrediar,
1476 1036 1616 1092 bello
1662 1035 1967 1092 maritimas
1992 1032 2111 1103 ejus
2203 1034 2410 1101 solum,
2445 1035 2540 1090 sed
2566 1033 2740 1104 pretio
2770 1031 3004 1097 obtinui,
3035 1040 3090 1085 ut
3117 1029 3402 1101 epistolam
3451 1043 3640 1082 meam
3672 1029 3804 1082 hunc

527 1126 782 1183 civitates
835 1128 1119 1194 demoliar,
1147 1139 1203 1182 et
1247 1144 1368 1198 quae
1409 1126 1724 1184 ﬂuminibus
1761 1137 1888 1183 sunt
1934 1125 2111 1180 vicina
2215 1129 2433 1184 modum
2469 1127 2838 1182 continentem
2863 1123 3150 1194 Nicephori
3187 1121 3346 1176 fratri
3379 1119 3628 1177 deferret
3662 1138 3674 1171 :

521 1218 764 1290 redigam
784 1218 838 1273 in
869 1218 1127 1273 favillam.
1157 1219 1307 1286 Quis,
1339 1220 1494 1285 cedo,
1525 1219 1660 1276 mihi
1690 1219 1854 1274 etiam
1879 1218 1932 1273 in
1962 1225 2105 1272 terra

2287 1221 2374 1275 14.
2407 1238 2424 1270 ‹
2447 1217 2613 1274 Leoni
2634 1215 2931 1286 coropalati
2946 1223 3001 1271 et
3015 1214 3302 1286 logothetm
3320 1217 3416 1270 τοῦ
3434 1211 3637 1286 δρόμου
3666 1207 3801 1277 (168ὶ

523 1312 803 1382 copiarum
848 1311 1124 1381 paucitate
1170 1310 1428 1367 resistere
1488 1310 1720 1380 poterit?
1768 1308 1941 1364 Filius
2001 1323 2109 1362 non
2202 1312 2596 1383 Liudprandus
2626 1311 2930 1380 episcOpus.
2979 1307 3038 1362 Si
3090 1307 3388 1376 imperator
3419 1301 3804 1358 serenissimus

523 1401 699 1458 abfuit
738 1401 832 1468 ⁸⁸⁸,
866 1418 1003 1458 uxor
1051 1419 1159 1458 non
1202 1402 1402 1470 defuit;
1461 1403 1730 1468 Saxones,
1772 1400 1957 1468 Suevi,
2011 1402 2110 1456 Ba-
2215 1406 2556 1480 petitionem,
2582 1403 2652 1458 ob
2704 1417 2868 1472 quam
2920 1399 3066 1466 veni,
3118 1397 3384 1471 perlicere
3433 1394 3664 1464 cogitat,
3707 1407 3806 1447 non

523 1494 697 1566 goarii
741 1493 1030 1560 ‘°°,ltaliei
1062 1509 1255 1550 omnes
1277 1510 1487 1551 cumeo
1523 1493 1835 1559 adfuerunt,
1884 1504 1938 1549 et
1986 1508 2110 1549 cum
2217 1498 2448 1568 fatigant
2497 1511 2604 1561 me,
2655 1509 2792 1564 quas
2822 1493 2912 1550 hic
2957 1490 3220 1556 sustineo,
3267 1485 3583 1557 passiones;
3623 1483 3807 1539 litteris

521 1585 859 1645 civitatulam
887 1602 1050 1642 unam
1075 1587 1178 1641 sibi
1209 1587 1554 1642 resistentem
1584 1603 1779 1658 capere
1815 1588 2108 1652 nescirent,
2142 1607 2186 1669 Β
2216 1591 2558 1647 solummodo
2612 1589 2748 1646 meis
2801 1597 2854 1643 et
2913 1584 3104 1642 nuntio
3143 1591 3204 1637 ut
3228 1581 3537 1636 instruatur
3563 1578 3807 1633 dominus

467 1699 476 1708 ’
521 1675 693 1733 immo
719 1677 1027 1747 nequirent,
1059 1678 1332 1747 quomodo
1363 1679 1496 1734 milii
1531 1678 1790 1734 resistent
1832 1677 2104 1742 venienti,
2214 1698 2386 1749 meus,
2425 1698 2509 1738 me
2534 1682 2626 1740 hic
2645 1695 2855 1736 moram
2873 1679 2942 1734 ab
2969 1693 3028 1732 re
3052 1691 3158 1730 non
3184 1673 3385 1729 facere.
3411 1671 3571 1739 Quod
3591 1671 3639 1725 si
3661 1684 3810 1724 secus

520 1783 684 1838 quem
709 1778 789 1826 tot
811 1769 979 1841 copiae
1006 1779 1422 1841 prosequentur,
1723 1787 1732 1800 ’
2213 1790 2304 1830 res
2335 1789 2456 1830 sese
2484 1773 2668 1838 habet,
2703 1771 2857 1826 navis
2881 1777 2965 1825 est
2985 1768 3056 1800 ⁸⁸³⁸
3081 1767 3167 1822 hic
3196 1763 3590 1821 Yeneticorum
3621 1775 3808 1816 onera-

505 1903 552 1966 ‘G
2215 1869 2319 1934 ria,
2353 1883 2474 1939 quze
2516 1866 2587 1898 ’⁵³³
2640 1864 2911 1936 proﬁcisci
2939 1861 3192 1926 festinat;
3247 1860 3390 1914 lianc
3420 1871 3512 1911 me
3545 1863 3807 1926 aegrotum

523 1917 1014 1986 Aargara_(167)qu_ot
1036 1923 1556 1984 segetesquotbabet
1581 1923 1852 1986 Methymna
1874 1934 2108 1983 racemos,
2214 1961 2421 1986 ,Mnmn
2456 1960 2593 1986 ΑΜ,
2651 1967 2705 1986 __,
2735 1958 2776 1986 ηε
2834 1953 3204 1986 manuum,“
3239 1965 3374 1986 mn,
3405 1958 3623 1986 “unum
3652 1947 3807 1986 ,δτι

515 1947 1215 2046 53bi‘ééiid‘a1‘ii’gf‘éigf
1219 1947 1437 2035 ῖίιξῗὲιίξξ
1445 1947 2108 2037 ‘ii’;;i.;1;§‘1;{,‘52;‘,":“°""’°’
2214 1961 2424 2031 ingredi
2456 1960 2620 2025 sinat,
2651 1967 2711 2013 ut
2735 1958 2781 2013 si
2832 1953 3208 2012 dissolutionis
3239 1965 3375 2006 mea:
3405 1958 3624 2020 tempus
3651 1947 3808 2002 adve-

2215 2059 2378 2122 nerit,
2423 2059 2656 2114 cadaver
2710 2068 2890 2110 meum
2933 2048 3167 2123 genitale
3201 2046 3396 2104 saltem
3425 2042 3608 2098 solum
3645 2040 3810 2096 susci-

593 2127 682 2220 lﬂ.
722 2128 820 2184 Cui
845 2145 969 2185 cum
1003 2133 1333 2203 respondere
1361 2143 1417 2188 et
1443 2132 1859 2204 apologeticum,
1890 2134 2110 2204 dignum
2213 2151 2348 2220 piat,
2396 2167 2416 2200 ι

521 2217 802 2278 inﬂatione
834 2224 957 2291 bac,
989 2240 1245 2283 evomere
1292 2226 1361 2258 ‘9°
1415 2227 1628 2293 vellem,
1673 2245 1778 2283 non
1828 2227 2106 2298 permisit;
2214 2217 2233 2220 “
2287 2241 2377 2296 15,
2419 2239 2566 2308 Quas
2592 2252 2714 2293 cum
2748 2235 2984 2306 legisset,
3036 2247 3094 2289 sc
3144 2238 3270 2302 post
3320 2226 3680 2299 quatriduum
3726 2235 3810 2278 me

521 2315 618 2370 sed
661 2315 859 2386 adjecit
903 2320 1056 2389 quasi
1117 2321 1184 2374 ad
1215 2321 1596 2377 contumeliam
1632 2339 1644 2374 :
1685 2341 1702 2371 ι
1732 2320 1842 2376 Vos
1869 2336 1976 2375 non
2004 2319 2110 2375 Ro—
2207 2333 2372 2404 jussi;
2426 2333 2601 2388 adire,
2652 2328 2929 2385 sederunt
2959 2340 3084 2381 cum
3127 2337 3193 2377 eo
3240 2321 3310 2376 ad
3361 2315 3811 2389 disceptatione!l

519 2408 688 2474 mani,
718 2410 810 2464 sed
835 2409 1180 2480 Langobardi
1208 2414 1371 2468 estis!
1411 2434 1428 2465 ι
1459 2413 1559 2468 Cui
1603 2414 1780 2468 adhuc
1808 2414 1988 2468 dicere
2018 2428 2114 2468 vo-
2202 2435 2471 2488 uestram,
2505 2421 2802 2478 secundum
2861 2431 3049 2472 eorum
3101 2413 3472 2477 traditionem,
3518 2406 3810 2478 sapienlil‘r

523 2493 680 2563 lenti,
725 2507 781 2553 et
835 2514 1020 2568 manu,
1073 2510 1132 2556 ut
1184 2510 1438 2570 tacerem,
1497 2504 1762 2569 innueuti,
1808 2511 2107 2560 commotus

2225 2518 2337 2575 simi
2391 2516 2511 2581 viri,
2545 2513 2729 2570 Attico
2778 2509 3044 2582 pollentes
3098 2505 3333 2576 eloquio.
3365 2501 3607 2557 Basilius
3658 2511 3809 2568 para-

522 2591 748 2660 inqnam
775 2609 788 2644 :
830 2611 848 2643 ι
881 2593 1169 2650 Βοιιιιιιυιιι
1198 2595 1558 2664 fratricidam,
1580 2614 1646 2654 ex
1667 2615 1775 2669 quo
1802 2608 1855 2654 et
1877 2598 2106 2654 Romani

2223 2611 2539 2668 kinumenos
2586 2607 2681 2674 θ’θ’,
2712 2614 2870 2677 proto
2899 2621 2928 2660 a
2959 2602 3209 2668 secretis,
3250 2594 3732 2669 protovestiarius,
3754 2599 3807 2648 et

521 2686 652 2742 dicti
681 2696 824 2753 sunt,
856 2691 1316 2762 porniogenitum,
1351 2693 1453 2749 hoc
1480 2702 1562 2748 est
1604 2709 1669 2748 ex
1721 2693 1986 2748 adulterio
2016 2709 2105 2748 na-

2221 2704 2322 2760 duo
2346 2702 2614 2774 magistri,
2647 2714 2880 2772 quorum
2914 2697 3018 2752 hoc
3049 2695 3156 2750 fuit
3192 2690 3528 2748 narrationis
3557 2686 3805 2743 initium:

521 2781 1111 2855 tum,chronograpliia
1137 2785 1741 2859 innotuit;asylumque
1762 2787 1864 2842 sibi
1891 2786 2109 2854 fecisse,
2219 2815 2238 2848 ι
2275 2794 2416 2863 Quid
2447 2808 2628 2848 causa!
2685 2791 2775 2856 sit,
2827 2803 2998 2859 quare
3055 2795 3108 2841 te
3158 2787 3262 2841 huc
3310 2780 3584 2853 fatigasti,
3625 2777 3804 2840 frater.

523 2868 580 2934 in
610 2886 717 2940 quo
749 2871 912 2928 alieni
948 2875 1092 2930 aeris
1106 2874 1397 2942 debitores,
1423 2877 1676 2948 fugitivos
1698 2893 1905 2943 servos,
1931 2877 2108 2934 liomi-
2213 2888 2472 2944 edissere.
2514 2905 2531 2937 ι
2565 2883 2773 2952 Quibus
2818 2897 2942 2936 cum
2973 2877 3263 2951 parentela:
3295 2874 3496 2947 gratia,
3525 2873 3812 2942 quaeesset

519 2961 780 3026 cidas,ae
802 2979 900 3034 pro
930 2967 1172 3022 reatibus
1224 2969 1338 3031 suis
1388 2982 1560 3024 morte
1610 2969 1801 3041 dignos
1846 2969 2103 3041 suscepit,

2224 2977 2432 3036 occasio
2475 2975 2699 3030 inﬁnitae
2733 2973 2898 3044 pacis,
2932 2972 3224 3035 edicerem,
3255 2966 3516 3036 inquiunt
3545 2980 3558 3016 :
3601 2979 3622 3012 ε
3657 2959 3808 3013 inau-

2235 3071 2268 3076 --
2827 3064 2841 3076 .
3194 3053 3641 3076 mutuum,“
3714 3050 3808 3076 LM

519 3053 1033 3129 multitudinmnque
1059 3060 1329 3129 quandam
1376 3061 1563 3116 talium
1593 3061 1696 3117 sibi
1722 3063 1934 3128 ascivit,
1973 3079 2108 3134 quos
2136 3050 2183 3076 υ
2217 3071 2330 3126 dira
2358 3084 2446 3124 res
2475 3077 2578 3133 est,
2606 3076 2662 3121 ut
2689 3061 3134 3137 porphyrogeniti
3178 3053 3671 3130 porphyrogenita,
3714 3050 3812 3106 hoc

521 3143 798 3203 Romanos
848 3150 1170 3220 appellavit;
1213 3168 1280 3206 ex
1335 3170 1442 3224 qua
1495 3155 1778 3210 nobilitate
1829 3155 2109 3226 propagati
2217 3161 2383 3218 estin
2433 3175 2673 3230 purpura
2704 3157 2816 3212 uati
2850 3155 2960 3210 lilia
3011 3155 3063 3208 in
3097 3165 3335 3223 purpura
3379 3157 3534 3212 nata,
3565 3142 3814 3216 gemitu

525 3246 654 3315 sunt
686 3239 808 3309 ipsi,
835 3257 972 3310 quos
1000 3259 1096 3300 vos
1145 3245 1598 3312 kosmocratores,
1633 3247 1682 3301 id
1707 3255 1791 3302 est
1819 3247 2112 3318 imperato-
2216 3254 2533 3328 misceatur.
2569 3250 2770 3306 Verum
2797 3249 2923 3320 quia
2951 3257 3062 3301 tam
3083 3241 3438 3300 excellentem
3464 3252 3585 3293 rem
3609 3232 3811 3306 Ρειίίῖίο

523 3346 628 3395 t'es,
661 3334 973 3404 appellatis;
1033 3340 1170 3408 Quos
1217 3354 1336 3405 nos,
1387 3339 1723 3413 Langobardi
1753 3340 1845 3405 "‘,
1879 3342 2108 3408 scilicet,
2207 3347 2266 3406 ,εἰ
2292 3347 2434 3402 dalis
2463 3344 2811 3416 quoddecet,
2832 3339 3113 3410 accipietis
3137 3335 3470 3408 quodlibet;
3496 3331 3814 3386 1‘an

525 3423 788 3498 Saxones,
845 3428 1062 3497 Franci,
1123 3431 1463 3504 Lolliaring’i,
1521 3433 1771 3506 Bagoanii
1824 3434 1889 3468 η’
1924 3435 2106 3498 Saevi,

2225 3441 2425 3496 scilicet
2474 3448 2536 3494 et
2583 3437 2820 3498 Romam
2860 3451 2989 3491 eum
3035 3433 3124 3491 his
3175 3427 3426 3506 omnibus
3456 3421 3809 3492 continuatis,

519 3515 1126 3590 Burgundiones,tanto
1146 3523 1525 3598 dedignamur,
1542 3505 1880 3586 ntiinimicos
1897 3537 2112 3584 nostros
2216 3547 2336 3602 quae
2374 3529 2444 3586 ab
2495 3531 2582 3586 his
2620 3537 2752 3585 sunt
2788 3541 2961 3597 usque
2992 3528 3060 3581 ad
3109 3538 3228 3580 nos.
3269 3521 3330 3578 Si
3354 3505 3489 3576 vero
3520 3515 3812 3574 amicitia

520 3615 782 3670 commoti
837 3616 916 3670 nil
957 3616 1102 3672 aliud
1131 3619 1606 3686 contumeliarum,
1640 3621 1783 3676 nisi:
1832 3619 2105 3677 Romane!
2215 3629 2423 3696 absque
2446 3622 2724 3696 parentela
2755 3620 3100 3686 desideratis,
3129 3617 3358 3674 Romam
3410 3613 3653 3669 liberam
3697 3620 3814 3664 0‘03

521 3707 786 3777 dicamus,
850 3711 952 3766 hoc
1008 3711 1147 3780 solo,
1201 3712 1256 3766 id
1314 3722 1398 3770 est
1444 3713 1815 3770 Romanorum
1869 3714 2106 3784 nomine,
2215 3717 2472 3774 dominus
2494 3727 2618 3781 tuus
2646 3704 3813 3786 permittat;principesautem,Capuanun

521 3800 780 3872 quicquid
805 3803 1176 3873 ignobilitatis,
1215 3805 1472 3876 quicquid
1503 3807 1828 3873 timiditatis,
1854 3806 2110 3878 quicquid
2215 3807 2424 3864 scilicet
2449 3816 2505 3864 et
2531 3807 2994 3870 Beneventanum,
3028 3801 3202 3862 sancti
3231 3799 3406 3856 nostri
3441 3796 3664 3867 imperii
3685 3793 3810 3850 01'-

521 3895 783 3961 avaritire,
803 3898 1061 3968 quicquid
1089 3898 1610 3971 luxttriae,quicquid
1638 3901 2111 3966 mendacii,inuno
2214 3915 2421 3964 servos,
2449 3914 2596 3954 nunc
2625 3897 2882 3962 rebelles,
2912 3894 3158 3952 servituti
3188 3892 3430 3963 pristinae
3461 3887 3669 3943 tradat.
3708 3905 3734 3938 ι

525 3983 784 4054 quicquid
827 3989 1080 4044 vitiorum
1125 3999 1232 4056 est,
1278 3993 1817 4061 compreliendentes.
1863 3992 2111 4049 imbelles
2231 3987 2238 3992 ’
2289 3990 2378 4050 16.
2413 3991 2621 4059 Quibus
2651 4009 2674 4058 ε¹
2700 4009 2719 4042 ι
2757 3989 3048 4046 Dominum
3092 3999 3293 4048 meum,
3335 3983 3588 4052 inquam,
3627 3987 3812 4050 poten-

527 4089 657 4130 vero
681 4093 778 4132 nos
808 4088 865 4135 et
891 4081 1170 4151 equitandi
1217 4082 1415 4138 inscios
1437 4084 1564 4153 quia
1591 4084 1746 4148 dicis,
1780 4083 1824 4140 si
1849 4085 2112 4140 Christia—
2216 4087 2384 4141 tiores
2413 4084 2614 4140 habere
2646 4082 2910 4148 Schlavos
2953 4081 3116 4146 Petro
3153 4077 3511 4146 Bulgarorum
3546 4087 3694 4144 rege,
3723 4066 3811 4138 qui

523 4183 716 4223 norum
748 4182 968 4240 peccata
996 4185 1400 4244 promerentur,
1454 4186 1512 4231 ut
1555 4177 1610 4230 in
1661 4175 1762 4232 hac
1789 4176 2110 4236 austeritate
2216 4179 2602 4250 Christopltori
2622 4175 2968 4248 imperatoris
2999 4160 3163 4230 filiam
3193 4173 3246 4226 in
3289 4167 3610 4237 coniugium
3635 4163 3806 4226 duxit.

522 4260 808 4329 perdures,
836 4263 1024 4332 quales
1080 4280 1176 4322 vos
1226 4266 1358 4321 estis
1405 4282 1636 4337 quamve
1686 4282 1960 4340 pugnaces
2011 4283 2110 4324 nos
2217 4272 2381 4327 etiam
2437 4271 2539 4342 ipsi
2596 4284 2704 4324 non
2764 4267 3058 4339 ignoratis!
3091 4294 3163 4305 —
3197 4260 3307 4317 Sed
3359 4255 3805 4326 Cbristophorus,

517 4353 710 4420 simus,
738 4356 876 4412 bella
909 4359 1152 4429 proxima
1181 4361 1651 4417 demonstrabunt.
1690 4383 1708 4414 ι
2133 4389 2186 4450 D
2217 4366 2390 4430 aiunt,
2421 4379 2526 4418 non
2555 4359 3045 4432 porphyrogeuitus
3067 4355 3185 4410 fuit.
3211 4373 3230 4408 ι

593 4449 682 4503 15.
726 4448 946 4506 Talibus
973 4450 1310 4522 Nicephorus
1349 4455 1707 4510 exacerbatus
1735 4453 1917 4518 dictis,
1946 4468 2108 4508 manu
2137 4438 2179 4450 ”
2288 4458 2374 4511 l7.
2422 4475 2442 4508 ι
2482 4456 2708 4510 Romam
2765 4467 2916 4518 vero,
2957 4451 3198 4520 inquam,
3230 4458 3396 4516 quam
3441 4456 3541 4496 vos
3579 4438 3803 4494 liberam

519 4538 794 4595 silentium
821 4542 1037 4608 indixit,
1066 4559 1419 4614 mensamque
1441 4545 1561 4600 sine
1590 4544 1873 4599 latitudine
1895 4545 2108 4614 longam
2215 4565 2335 4606 esse
2383 4548 2522 4604 velle
2551 4545 2912 4618 perstrepitis,
2969 4542 3057 4598 cui
3109 4537 3312 4596 servit?
3340 4535 3426 4592 cui
3454 4531 3666 4594 tributa
3692 4540 3805 4618 per-

522 4630 748 4698 auferri,
777 4648 970 4703 meque
1011 4635 1064 4690 in
1095 4635 1323 4690 invisam
1363 4636 1607 4702 domum,
1663 4651 1778 4703 seu,
1830 4646 1888 4690 ut
1929 4637 2106 4692 verius

2221 4643 2412 4698 solvit?
2439 4617 2628 4698 Nonne
2648 4640 2798 4710 prius
2821 4635 3203 4694 meretricibus
3241 4625 3553 4690 serviebat?
3575 4630 3638 4679 et
3661 4617 3805 4673 vobis

523 4720 720 4788 fama",
748 4738 1043 4789 carcerem.
1076 4728 1271 4782 reVel‘li
1295 4729 1569 4796 ριέεοθνίιο
1590 4727 1690 4782 Ubi
1714 4739 1836 4798 ροει
1865 4729 2108 4796 biduum,
2214 4736 2629 4801 dormientibus,
2659 4735 2824 4789 immo
2854 4747 2960 4787 non
3014 4726 3336 4785 valentibus,
3372 4720 3629 4777 dominus
3658 4724 3805 4768 meus

523 4827 645 4868 eum
679 4817 1046 4887 indignatione
1086 4830 1198 4875 tum
1230 4830 1365 4876 testu
1394 4829 1450 4875 et
1475 4821 1589 4886 siti,
1619 4837 1816 4891 magno
1845 4837 1963 4876 sum
1995 4823 2110 4878 lan-
2198 4829 2515 4898 imperator
2543 4798 2804 4899 angustus
2835 4841 2864 4879 a
2916 4832 3026 4878 tam
3059 4819 3200 4889 turpi
3229 4814 3492 4873 servitute
3519 4798 3806 4862 liberavit?

525 4917 693 4969 guore
722 4904 964 4963 allectus.
1018 4909 1125 4965 Sed
1177 4920 1235 4966 et
1275 4909 1606 4967 asseclarum
1656 4927 1902 4967 meorum
1948 4928 2108 4968 nemo
2217 4918 2614 4976 Constantinus
2639 4919 2933 4989 imperator
2977 4921 3262 4985 angustus,
3309 4904 3404 4977 qui
3433 4905 3577 4962 hanc
3599 4913 3672 4953 es
3708 4906 3805 4949 suo

529 4997 756 5064 exstitit,
789 5000 882 5069 qui
912 5016 1019 5057 non
1047 5003 1237 5058 eodem
1286 5004 1526 5059 ebriatus
1571 5004 1786 5073 poculo,
1821 5005 1962 5060 diem
2008 5006 2110 5062 sibi
2219 5013 2439 5066 nomine
2479 4984 2729 5066 condidit
2751 4984 3068 5072 civitatem,
3095 5009 3296 5059 sanctae
3334 4990 3653 5066 apostolicae
3698 4984 3804 5039 Ro-

1823 5111 2059 5189 mam:
2102 5117 2505 5177 LECTIONES.

610 5197 875 5284 ftadfgit
896 5199 958 5254 C.
1034 5201 1106 5284 δίη
1132 5202 1553 5284 boarii,C.;_"°
1603 5217 1857 5261 emovere
1885 5201 1948 5261 C.
2026 5208 2095 5242 ⁸⁸⁸
2126 5210 2448 5284 longobardi
2493 5213 2554 5267 (λ,
2632 5214 2700 5245 to:
2732 5211 2936 5274 baoaﬂi
2965 5211 3026 5266 α.
3102 5206 3171 5239 tu
3205 5212 3262 5262 ει
3280 5200 3339 5267 ς,
3411 5195 3486 5230 tu
3513 5189 3801 5252 eum-

527 5277 631 5338 que
657 5265 719 5322 ϐ.
794 5267 864 5302 ⁸⁸⁵
889 5271 1392 5340 paracknoumenos
1416 5273 1476 5332 C.
2134 5265 2330 5316 "'1’".
