4012 5340
211 290 316 347 917

1625 288 1921 346 LEGA'I‘IO
1959 293 2043 346 (ΖΡ

3367 299 3470 357 918

213 423 389 464 mana:
422 406 683 469 ecclesias,
715 415 772 462 ut
796 415 913 461 erat
938 389 1330 471 kosmocrator,
1372 406 1533 462 multa
1566 406 1788 459 donaria
1815 409 1868 466 Α
1897 409 2010 472 tim,
2045 407 2193 461 nefas
2222 409 2582 475 decernimus,
2611 411 2933 479 iudicamus.
2962 411 3026 466 Et
3059 412 3310 481 quoniam
3335 425 3384 468 te
3416 416 3472 470 id

214 499 465 564 contulit,
500 499 682 552 nonin
710 498 857 553 ltalia
905 497 1103 563 solum,
1153 503 1245 553 sed
1296 499 1346 552 in
1376 499 1626 553 omnibus
1653 512 1789 566 pene

214 591 648 648 occidentalibus
673 592 871 661 regnis,
925 608 1133 646 necnon
1164 593 1229 647 de
1254 591 1606 646 orientalibus
1629 598 1789 658 atque

212 682 787 748 meridianis,Gra:cia
810 681 1030 743 scilicet,
1077 681 1279 747 Judaea,
1331 682 1572 744 Perside,
1620 679 1790 734 Meso-

213 775 474 842 potamia,
501 771 812 844 Babylonia,
830 770 1083 844 Egypto,
1106 771 1296 843 Libya,
1319 781 1376 826 ut
1399 771 1564 840 ipsius
1586 778 1787 824 testan-

216 875 304 919 tur
332 865 634 935 privilegia,
667 880 784 935 qua:
813 879 976 932 penes
1019 879 1116 918 nos
1166 875 1307 918 sunt.
1350 862 1490 916 Sane
1533 859 1788 930 quicquid

218 954 270 1008 iu
302 954 473 1016 Italia,
512 955 606 1010 sed
635 965 690 1009 et
717 953 785 985 “‘
818 955 866 1007 in
898 954 1155 1018 Saxonia,
1186 951 1450 1023 Bagoaria
1502 951 1592 1012 "7,
1616 949 1790 1004 enmi-

214 1045 315 1099 bus
341 1045 545 1099 domini
601 1046 706 1100 mei
761 1045 942 1116 regnis
975 1055 1080 1110 est,
1111 1045 1250 1114 quod
1303 1045 1366 1098 ad
1421 1042 1788 1111 apostolorum

213 1136 495 1192 beatorum
523 1138 804 1194 ecclesiam
859 1139 1102 1208 respicit,
1154 1136 1620 1191 sanctissimornm
1661 1149 1789 1202 apo-

212 1230 478 1286 stolorum
502 1233 706 1288 vicario
734 1233 982 1289 contulit.
1011 1234 1073 1287 Et
1096 1233 1137 1286 si
1167 1241 1344 1296 cst,ut
1369 1231 1614 1285 dominus
1638 1245 1790 1283 meus

211 1335 280 1376 ex
304 1323 390 1379 his
411 1324 662 1380 omnibus
686 1325 954 1388 civitates,
983 1325 1161 1388 vi!las,
1187 1323 1385 1377 milites
1409 1330 1500 1376 aut
1529 1321 1789 1375 familiam

211 1416 477 1484 obtineat,
522 1418 692 1472 Deum
751 1419 960 1487 negavi.
1018 1418 1127 1471 Cur
1173 1417 1465 1486 imperator
1515 1429 1641 1468 vero
1683 1429 1786 1467 non

213 1513 400 1567 itidem
426 1510 582 1578 facit,
611 1520 668 1566 ut
697 1525 779 1575 ea,
812 1528 929 1582 ane
979 1512 1092 1565 suis
1122 1511 1300 1565 insunt
1337 1509 1536 1579 regnis,
1575 1516 1792 1578 aposto-

211 1602 388 1659 lorum
419 1605 662 1660 ecclesiaa
695 1604 905 1668 reddat,
944 1612 999 1658 et
1021 1618 1116 1673 per
1146 1602 1382 1656 laborem
1411 1609 1572 1670 atque
1613 1599 1789 1654 muni-

211 1691 486 1750 licentiam
519 1695 723 1749 domini
776 1695 878 1748 mei
929 1695 1096 1749 ditem
1148 1704 1198 1748 et
1254 1692 1496 1755 liberam,
1531 1691 1784 1745 ditiorem

211 1785 324 1854 ipse
348 1801 412 1840 ac
435 1785 742 1841 liberiorem
773 1785 996 1840 reddat?
1033 1806 1049 1836 ι

281 1876 367 1932 l8.
402 1894 422 1928 ι
451 1875 557 1931 Sed
585 1877 705 1941 hoc,
734 1875 810 1930 ait
839 1874 1069 1930 Basilius
1105 1873 1560 1941 parakinumenos
1590 1872 1682 1936 ‘9',
1707 1870 1791 1925 fa-

211 1965 339 2030 ciet,
367 1981 488 2020 cum
519 1967 586 2020 ad
615 1976 800 2020 nutum
830 1981 984 2021 suum
1013 1965 1184 2019 Roma
1207 1975 1260 2018 et
1284 1965 1524 2018 [tertiana
1555 1962 1793 2017 Ecclesia

210 2057 570 2112 ordinabitur.
608 2077 625 2109 ι
654 2057 820 2112 Tum:
853 2074 870 2108 ι
902 2055 1090 2117 llomo,
1123 2057 1364 2125 inquam,
1391 2055 1630 2124 quidam,
1658 2053 1794 2108 mul—

219 2161 323 2202 tam
354 2149 422 2203 ab
446 2149 551 2204 alio
574 2164 759 2219 passus
787 2148 1059 2216 injuriam,
1091 2147 1177 2202 his
1201 2148 1368 2202 Deum
1400 2163 1686 2219 aggressus
1709 2156 1795 2202 est

212 2240 433 2294 verbis:
476 2239 718 2304 Domine,
757 2240 958 2295 vindica
991 2257 1070 2294 me
1101 2239 1164 2292 de
1193 2240 1488 2294 adversario
1515 2240 1660 2293 meo!
1693 2238 1794 2295 Cui

214 2331 512 2388 Dominus:
545 2331 593 2385 F
595 2333 783 2397 ariam,
820 2332 1024 2402 inquit,
1073 2333 1125 2384 in
1161 2331 1244 2384 die
1283 2348 1398 2384 cum
1429 2331 1640 2385 reddam
1677 2331 1795 2384 urti-

214 2425 398 2494 cuique
435 2424 720 2480 secundum
749 2440 901 2493 opera
945 2440 1039 2477 sua
1063 2423 1084 2476 !
1121 2423 1191 2476 At
1237 2423 1361 2478 ille:
1403 2421 1572 2488 Quam
1603 2421 1795 2476 tarde!

213 2519 349 2573 infit.
392 2537 411 2570 ι

283 2609 374 2664 l9.
409 2607 574 2662 Tunc
619 2623 806 2663 omnes
846 2615 1044 2678 praater
1091 2605 1312 2663 fratrem
1352 2606 1616 2662 cachinno
1646 2621 1794 2660 com-

212 2700 369 2765 moti,
401 2699 843 2769 disceptationem
871 2701 1220 2764 dimiserunt,
1249 2713 1443 2769 meque
1475 2699 1530 2752 in
1567 2698 1794 2752 invisam

215 2790 435 2846 domum
488 2790 670 2845 reduci
717 2799 1128 2862 praeceperunt,
1183 2805 1485 2861 magnaque
1537 2789 1796 2844 custodiri

214 2882 428 2938 cautela
473 2897 643 2954 usque
684 2882 736 2937 in
776 2893 1082 2938 sanctorum
1132 2882 1497 2952 apostolorum
1530 2881 1797 2953 religiosis

215 2975 427 3030 cunctis
473 2973 742 3030 celebrem
785 2975 948 3029 diem.
1002 2973 1116 3041 Qua
1167 2973 1476 3029 celebritate
1528 2989 1612 3028 me
1665 2973 1796 3028 satis

212 3071 502 3137 aegrotum,
530 3082 738 3123 necnon
773 3075 827 3122 et
851 3065 1204 3137 Bulgarorum
1230 3065 1468 3126 nuntios,
1508 3063 1598 3135 qui
1624 3063 1798 3133 pridie

1894 499 2111 568 indigne
2144 500 2290 554 ferre-
2315 501 2719 569 cognoscimus,
2753 517 2857 557 non
2903 513 2954 556 te
2985 519 3156 567 nunc,
3189 513 3245 558 ut
3287 514 3467 573 putas,

1894 591 1961 643 ad
1993 590 2283 660 hospitium
2317 592 2495 647 redire
2524 593 2768 654 sinimus,
2804 594 2894 648 sed
2929 595 2980 646 in
3013 595 3310 650 diversorio
3339 613 3470 666 quo-

1893 680 2016 732 dam
2045 695 2165 733 cum
2198 681 2538 750 imperatoris
2564 683 2736 737 servis
2772 683 2948 737 cibum
2985 696 3202 752 gustare
3230 686 3467 756 compel-

1894 768 2069 824 limus.
2108 788 2124 819 I

1961 863 2050 916 2t).
2085 864 2289 928 Quibus
2320 864 2390 917 ob
2415 866 2887 935 incomparabilem
2921 868 3098 921 cordis
3129 868 3366 923 dolorem
3397 869 3471 923 nil

1892 955 2175 1023 respondi,
2216 957 2307 1009 sed
2330 957 2741 1025 quagjusserant
2770 959 2901 1024 feci;
2938 960 3212 1032 indignum
3238 959 3308 993 "’
3329 961 3473 1032 judi-

1893 1060 2021 1099 cans
2052 1061 2314 1111 mensam,
2345 1064 2447 1116 qua
2480 1065 2582 1103 non
2615 1051 2733 1104 dico
2765 1051 2916 1117 mihi,
2945 1052 2994 1106 id
3019 1061 3102 1106 est
3128 1052 3470 1123 Liudprando

1891 1138 2163 1207 episcopo,
2199 1141 2290 1192 sed
2321 1141 2669 1210 Bulgarornm
2699 1143 2918 1196 nuntius
2940 1154 3117 1198 vestro
3145 1145 3472 1214 prmponitur

1891 1229 2102 1281 nuntio.
2137 1228 2246 1281 Sed
2289 1230 2476 1284 lenivit
2514 1232 2752 1285 dolorem
2801 1249 2976 1287 meum
3020 1234 3314 1304 imperator
3349 1252 3470 1291 san-

1891 1334 2012 1376 ctus
2045 1340 2270 1378 munere
2309 1339 2524 1392 magno,
2560 1325 2776 1379 mittens
2805 1327 2933 1379 mihi
2966 1343 3029 1380 ex
3075 1328 3472 1384 delicatissimis

1891 1413 2026 1467 cibis
2054 1416 2166 1467 suis
2201 1416 2409 1470 haedum
2441 1419 2714 1488 pinguem,
2746 1433 2810 1472 ex
2844 1434 2949 1488 quo
2981 1420 3094 1488 ipse
3131 1421 3468 1486 comederat,

1891 1503 2036 1570 allio,
2064 1520 2216 1574 cepe,
2249 1508 2425 1574 porris
2451 1508 2596 1563 laute
2625 1507 3030 1563 suffarcinatum
3054 1552 3067 1572 ,
3100 1527 3231 1579 garo
3262 1511 3472 1566 delibu-

1891 1605 2024 1660 tum,
2052 1614 2212 1666 quem
2241 1609 2431 1654 vestra:
2458 1610 2582 1656 tunc
2618 1616 2816 1656 mensae
2848 1603 3026 1656 inesse
3053 1603 3265 1671 optavi,
3293 1611 3352 1656 ut
3379 1603 3471 1672 qui

1889 1686 2110 1742 delicias
2137 1689 2307 1744 sancti
2342 1690 2686 1758 imperatoris
2713 1690 2917 1746 faustas
2943 1707 3062 1747 esse
3083 1708 3185 1747 non
3216 1691 3470 1760 creditis,

1816 1766 1868 1828 Β
1895 1781 2085 1836 saltem
2119 1781 2202 1837 his
2231 1786 2528 1853 perspectis
2555 1785 2868 1840 crederetis.

1965 1877 2055 1930 2i.
2087 1876 2400 1932 Transactis
2423 1893 2554 1946 ergo
2581 1887 2704 1932 octo
2731 1880 2942 1943 diebus,
2973 1894 3093 1933 cum
3120 1878 3334 1948 Bulgari
3357 1877 3470 1946 jam

1896 1967 2167 2031 abessent,
2193 1977 2387 2036 putans
2429 1985 2514 2022 me
2555 1983 2795 2023 mensam
2825 1968 3168 2038 magnificare
3198 1983 3380 2034 suam,
3415 1967 3470 2022 in

1896 2058 2082 2114 eodem
2111 2057 2228 2112 loco
2258 2073 2343 2113 me
2371 2060 2503 2114 satis
2530 2069 2790 2130 aegrotum
2826 2075 3008 2114 secum
3041 2060 3323 2115 convivare
3379 2074 3474 2113 co-

1897 2152 2022 2224 egit.
2037 2153 2354 2208 Adfuitcum
2373 2154 2613 2222 pluribus
2626 2155 2892 2224 episcOpis
2913 2154 3280 2225 etpatriarcha
3299 2152 3470 2223 (l69),

1897 2249 2094 2319 quibus
2120 2250 2498 2317 praesentibus.
2529 2249 2708 2318 plures
2733 2249 2864 2305 mihi
2895 2248 3220 2319 quazstiones
3249 2247 3313 2301 de
3340 2246 3474 2301 scri-

1897 2341 2072 2410 pturis
2097 2342 2267 2395 sacris
2292 2341 2591 2411 proposuit,
2623 2355 2758 2411 quas
2785 2356 2906 2395 cum
2945 2339 3147 2411 Spiritu
3176 2347 3363 2393 sancto
3395 2335 3474 2388 af-

1895 2433 2058 2488 ﬂante
2081 2435 2357 2503 eleganter
2380 2435 2624 2504 exposui,
2655 2435 2946 2490 novissime
2975 2446 3173 2496 autem,
3201 2442 3259 2486 ut
3287 2430 3351 2484 de
3381 2443 3475 2483 γοα

1896 2526 1981 2581 bis
2010 2526 2189 2582 ludum
2218 2529 2458 2591 haberet,
2490 2543 2624 2597 quas
2646 2527 2880 2598 synodos
2900 2527 3220 2581 haberemus
3247 2522 3468 2590 rogavit.

1897 2618 1991 2674 Cui
2029 2636 2151 2673 cum
2203 2619 2490 2683 Nicenam,
2538 2619 3060 2680 Cbalcedonensem,
3114 2615 3469 2686 Ephesinam,

1897 2712 2318 2780 Antiochenam,
2365 2712 2878 2782 Carthaginensem,
2925 2711 3288 2781 Ancyranam,
3331 2702 3476 2762 Con-

1899 2803 2438 2872 stantinOpolitanam
2485 2803 2794 2858 edicerem:
2848 2821 2866 2853 ε
2914 2802 3020 2856 Ha!
3067 2801 3165 2854 ha!
3215 2800 3316 2853 he!
3370 2798 3473 2861 ait,

1901 2894 2225 2951 Saxonicam
2254 2895 2434 2949 dicere
2463 2910 2522 2949 es
2551 2893 2768 2958 oblitus,
2799 2908 2956 2962 quam
2989 2893 3033 2947 si
3067 2906 3228 2961 rogas
3257 2905 3352 2943 cur
3383 2903 3478 2942 no-

1900 2987 1998 3042 stri
2025 2987 2238 3042 codices
2269 3001 2374 3041 non
2402 2986 2635 3051 habent,
2678 2987 2864 3041 rudem
2893 2999 3030 3050 esse,
3055 2993 3109 3038 et
3134 2984 3197 3038 ad
3231 2997 3327 3035 nos
3355 2993 3477 3034 nec-

1909 3080 2034 3134 dum
2065 3081 2248 3134 venire
2273 3093 2452 3148 posse,
2484 3078 2802 3150 respondeo.
2833 3098 2850 3131 ι

214 3167 496 3224 venerant,
531 3158 597 3212 ad
627 3168 842 3214 sanctos
868 3156 1139 3227 apostolos
1161 3156 1263 3209 sibi
1294 3155 1516 3210 obviare
1542 3154 1799 3224 praecepit
1825 3131 1874 3196 ε
1973 3172 2060 3225 εξ,
2091 3172 2189 3226 Cui
2219 3131 2474 3241 ίηξιυριηέ
2512 3189 2532 3221 ε
2563 3131 2618 3224 Ir"
2643 3185 2750 3240 quo
2774 3170 3017 3225 membro
3043 3174 3230 3238 regna!
3258 3161 3481 3218 ίηηι-ιηί-

213 3251 369 3321 (Jun.
413 3251 530 3321 29).
563 3250 805 3320 Cumque
848 3259 970 3322 post
989 3249 1293 3302 naeniarum
1339 3246 1710 3318 garrulitate.
1746 3257 1802 3300 et

221 3343 514 3398 missarum
540 3340 954 3396 celebrationem
985 3339 1050 3394 ad
1077 3354 1316 3394 mensam
1346 3339 1717 3403 invitarentur,
1749 3338 1802 3394 in

214 3433 458 3488 citeriori
489 3447 691 3487 mensa:
725 3431 968 3502 margine
989 3471 1004 3496 ,
1049 3446 1170 3500 qua:
1200 3439 1318 3483 erat
1364 3429 1478 3483 sine
1522 3428 1803 3484 latitudine

214 3525 398 3595 longa,
426 3523 773 3594 Bulgarornm
806 3523 1070 3585 nuntium,
1098 3520 1365 3592 Ungarico
1393 3536 1542 3576 more
1567 3529 1800 3596 tonsum,

213 3629 365 3671 aenea
398 3625 591 3669 catena
619 3615 878 3680 cinctum,
903 3623 958 3669 et
984 3622 1042 3668 ut
1069 3629 1222 3668 mens
1251 3614 1383 3668 mihi
1418 3613 1676 3684 suggerit,
1711 3628 1803 3667 ca-

219 3707 642 3771 techumenum,
697 3706 828 3760 mihi
873 3705 1174 3775 praeponit;
1217 3704 1282 3758 ad
1327 3714 1562 3757 vestram
1612 3701 1802 3772 plane,

219 3795 431 3850 domini
460 3795 566 3850 mei
595 3795 827 3866 augusti,
851 3794 1256 3850 contumeliam.
1286 3794 1342 3850 In
1372 3794 1523 3849 vobis
1561 3802 1808 3848 contem-

218 3894 366 3958 ptus,
399 3887 452 3940 in
478 3886 634 3940 vobis
661 3893 893 3956 spretus,
928 3886 981 3940 in
1010 3887 1163 3942 vobis
1191 3886 1449 3955 abjeetus.
1477 3885 1582 3941 Sed
1605 3886 1807 3956 gratias

221 3992 327 4048 ago
355 3977 575 4033 domino
596 3975 722 4033 Jesu
752 3977 967 4033 Christo
986 4019 1001 4044 ,
1039 3979 1125 4033 cui
1154 3993 1248 4034 vos
1276 3978 1492 4033 servitis
1520 3979 1666 4032 omni
1696 3978 1808 4048 spi-

221 4069 331 4123 ritu
364 4079 584 4135 vestro,
623 4070 764 4139 quod
810 4069 1028 4125 habitus
1075 4085 1192 4125 sum
1241 4083 1337 4140 pro
1382 4068 1596 4123 nomine
1629 4076 1809 4123 vestro

222 4163 422 4236 dignus
449 4161 806 4219 contumelias
831 4163 964 4233 pati.
991 4162 1214 4227 Verum,
1245 4161 1444 4216 domini
1477 4160 1603 4226 mei,
1633 4175 1809 4216 meam

223 4275 334 4312 non
369 4255 724 4313 considerans
753 4257 845 4312 sed
879 4265 1116 4311 vestram
1146 4254 1416 4325 injuriam,
1448 4269 1687 4310 mensam
1726 4267 1810 4308 re-

221 4348 380 4419 liqui.
431 4348 674 4420 Cumque
715 4347 998 4419 indignans
1029 4348 1180 4402 abire
1207 4346 1420 4413 vellem,
1453 4346 1561 4402 Leo
1591 4359 1812 4416 coropa-

225 4441 386 4506 lates,
420 4439 763 4512 imperatoris
783 4437 974 4505 frater,
1002 4447 1060 4492 et
1081 4447 1235 4507 proto
1260 4455 1289 4492 a
1316 4438 1540 4492 secretis
1564 4437 1808 4502 Simeon,

225 4551 368 4606 pone
402 4549 490 4590 me
519 4543 842 4605 sequuntur,
870 4533 984 4588 haec
1012 4531 1310 4586 latrantes:
1342 4548 1360 4582 ι
1397 4530 1532 4586 Cum
1566 4530 1810 4584 Christo-

224 4629 385 4698 phori
415 4628 581 4683 filiam
605 4627 823 4696 Petrus,
850 4626 1204 4698 Bulgarornm
1238 4624 1470 4680 vasileus
1488 4665 1502 4690 ,
1529 4623 1812 4695 conjugem

226 4722 475 4786 duceret,
504 4719 821 4792 symphona,
848 4719 901 4774 id
927 4727 1012 4774 est
1038 4716 1388 4773 consonantia
1417 4714 1639 4784 scripta,
1661 4712 1814 4781 jura-

230 4822 418 4868 mento
447 4812 664 4866 firmata
699 4821 845 4880 sunt,
873 4819 932 4865 ut
964 4811 1206 4867 omnium
1253 4809 1491 4877 gentium
1522 4807 1778 4876 apostolis
1798 4848 1813 4872 ,

231 4905 287 4960 id
313 4914 397 4961 est
426 4905 661 4970 nuntiis,
710 4919 875 4975 penes
909 4919 1004 4960 nos
1038 4902 1390 4973 Bulgarornm
1426 4899 1651 4972 apostoli
1681 4914 1816 4968 prae-

230 5005 543 5067 ponantur,
573 4997 936 5064 honorentur,
981 4995 1288 5065 diligantur.
1331 4993 1689 5065 Bulgarornm
1728 4991 1817 5047 ille

233 5090 533 5160 apostolus,
556 5102 904 5160 quamquam,
932 5098 990 5144 ut
1016 5089 1152 5144 dicis
1175 5094 1229 5142 et
1253 5101 1438 5143 verum
1467 5093 1549 5139 est
1567 5126 1582 5152 ,
1607 5091 1815 5149 tonsus,

238 5181 418 5212 ἶΙῘΛοο-ιο
474 5192 526 5212 Δ.
559 5193 746 5212 nail-ano
779 5196 920 5212 mnnn
953 5183 1154 5212 Αἷηηοηο
1199 5181 1268 5212 οἷο
1339 5179 1598 5212 ηηίηῖηἶιια
1639 5186 1815 5212 lonia"

1906 3273 2007 3326 tas,
2045 3262 2169 3317 illud
2199 3271 2280 3316 est
2309 3262 2551 3317 cauterio
2583 3261 2938 3316 exurendum.
2967 3258 3210 3313 Haereses
3239 3270 3426 3311 omnes
3450 3270 3482 3307 a

1906 3355 2057 3409 vobis
2082 3363 2426 3418 emanarunt,
2458 3369 2625 3423 penes
2652 3369 2746 3407 vos
2773 3354 3092 3422 viguerunt;
3137 3365 3166 3403 a
3203 3348 3356 3402 nobis
3376 3388 3389 3410 ,
3429 3345 3481 3399 id

1905 3456 1986 3500 est
2030 3445 2482 3508 occidentalibus,
2512 3445 2598 3498 hic
2629 3451 2752 3499 sunt
2791 3441 3077 3513 jugulatae,
3123 3441 3211 3494 hic
3239 3448 3364 3493 sunt
3392 3453 3487 3490 oc-

1907 3536 2050 3588 cisae.
2099 3533 2393 3587 Romanam
2441 3533 2554 3588 sive
2595 3532 2909 3602 Papiensem
2957 3530 3252 3602 synodum,
3297 3541 3487 3596 (ιιιιιιι-

1907 3641 2067 3695 quam
2091 3633 2269 3679 essent
2293 3639 2453 3694 saepe,
2477 3623 2566 3678 his
2587 3638 2692 3678 non
2711 3635 3182 3678 connumeramus.
3208 3617 3485 3672 Romanus

1907 3715 2049 3770 enim
2081 3714 2332 3779 clericus,
2359 3713 2700 3783 postmodum
2735 3711 3055 3768 universalis
3083 3724 3217 3780 papa
3239 3749 3254 3773 ,
3285 3707 3488 3775 Grego—

1909 3808 2042 3872 rius,
2070 3808 2162 3878 qui
2190 3822 2218 3860 a
2251 3805 2403 3860 vobis
2432 3805 2729 3876 appellatus
2757 3813 2839 3860 est
2863 3803 3132 3871 Dialogus,
3165 3798 3487 3870 Eutychium

1909 3901 2561 3972 ConstantinOpolitanum
2624 3900 2988 3971 patriarcham
3054 3896 3362 3952 haereticum
3420 3894 3488 3947 ab

1910 3995 2174 4065 ejusmodi
2212 3994 2404 4053 haeresi
2451 3993 2714 4048 liberavit.
2759 3993 2950 4047 Aiebat
2985 3991 3125 4045 idem
3156 3985 3486 4059 Eutychius,

1913 4103 2013 4143 nec
2041 4087 2214 4142 solum
2243 4086 2443 4152 aiebat,
2464 4085 2558 4141 sed
2587 4085 2750 4140 etiam
2773 4085 3015 4149 docebat,
3041 4081 3332 4146 clamabat,
3359 4076 3492 4133 scri-

1914 4175 2160 4250 ptitabat,
2178 4193 2298 4234 .nos
2323 4178 2378 4232 in
2403 4176 2801 4234 resurrectione
2835 4189 2938 4230 non
2965 4188 3150 4229 veram
3171 4213 3185 4236 ,
3213 4185 3373 4242 quam
3405 4167 3492 4221 hic

1915 4271 2195 4337 habemus,
2229 4271 2322 4327 sed
2361 4269 2706 4325 fantasticam
2745 4267 3014 4336 quandam
3039 4279 3257 4322 carnem
3287 4275 3494 4318 assum-

1914 4373 2136 4434 pturos;
2164 4362 2314 4432 cujus
2338 4359 2542 4416 erroris
2568 4360 2706 4415 liber
2733 4375 2763 4413 a
2793 4357 3055 4428 Gregorio
3087 4355 3384 4412 orthodoxe
3411 4361 3494 4406 est

1916 4455 2248 4510 combustus.
2294 4449 2400 4506 Sed
2427 4449 2664 4506 Evodius
2705 4448 2982 4518 Papiensis
3019 4449 3333 4517 episcopus,
3366 4457 3492 4513 pro-

1919 4554 2038 4615 pter
2065 4544 2222 4598 aliam
2252 4542 2522 4612 quandam
2568 4540 2801 4596 bmresin
2830 4540 2954 4603 huc,
2997 4539 3048 4592 id
3075 4547 3158 4592 est
3191 4532 3497 4590 Constanti-

1922 4637 2177 4708 nopolim,
2210 4653 2239 4689 a
2272 4635 2518 4708 Romano
2556 4642 2640 4691 est
2676 4632 2986 4703 patriarcha
3024 4631 3294 4692 directus,
3334 4639 3497 4696 quam

1921 4702 2281 4800 compressam
2321 4729 2375 4781 in
2406 4702 2726 4782 catholicam
2757 4735 2919 4802 atque
2943 4720 3296 4778 orthodoxam
3327 4714 3499 4771 refor-

1923 4821 2108 4876 mavit.
2143 4820 2417 4876 Saxonum
2443 4834 2632 4890 genus,
2657 4833 2723 4872 ex
2751 4832 2859 4887 quo
2883 4824 3126 4870 sanctum
3151 4811 3423 4864 lavacrum
3445 4815 3502 4858 et

1924 4911 2017 4965 Dei
2046 4911 2252 4981 accepit
2282 4908 2564 4972 notitiam,
2608 4905 2750 4961 nulla
2793 4912 2877 4960 est
2914 4899 3107 4958 haeresi
3134 4897 3462 4954 maculatum
3485 4932 3501 4958 ,

1925 5011 1983 5057 ut
2013 5001 2084 5055 ibi
2116 5001 2351 5074 synodus
2377 4999 2549 5064 ﬁeret,
2579 5013 2684 5068 qua
2708 5008 2972 5060 errorem,
2998 5004 3120 5046 cum
3140 4989 3320 5044 nullus
3340 4990 3504 5046 esset,

1924 5093 2239 5164 corrigeret.
2270 5091 2481 5146 Rudem
2507 5089 2636 5158 quia
2674 5088 2808 5143 dicis
2834 5082 3143 5142 Saxonibus
3171 5096 3292 5139 esse
3316 5078 3506 5139 tidem,

1927 5185 1979 5212 ζᾹ
2025 5185 2192 5210 :nu-a...
2245 5194 2290 5210 Α.
2348 5197 2445 5210 ιιι-Α
2493 5179 2696 5208 ﬂm-MA
2720 5197 2732 5208 ο
2779 5194 2990 5206 ηΑ-νςνιη-
3034 5175 3184 5206 Ληςννι
3237 5172 3373 5204 Ληιιιι
3420 5181 3513 5204 ΜΕ
