4012 5340
443 210 548 267 919

1446 201 1869 266 LIUTPRANDI
1901 197 2400 264 CREMONENSIS
2436 201 2744 264 EPISCOPI

2991 157 2995 161 ν
3014 154 3111 164 --ν-ο-

3628 193 3741 261 920

447 304 766 398 sequuntur.
805 327 906 384 llic
953 328 1087 385 ﬁdes
1132 341 1240 384 non
1282 327 1433 384 rudis
1470 327 1565 384 sed
1604 336 1761 383 vetus
1802 333 1920 391 est,
1954 322 2045 380 ubi
2070 321 2124 380 Δ
2148 300 2268 377 mea
2298 322 2401 379 hoc
2426 295 2653 380 stultitia
2682 321 2908 389 faceret,
2934 327 3285 379 conservatos
3310 332 3614 392 sperarem,
3641 317 3741 375 sed

449 419 610 476 ﬁdem
655 435 818 492 opera
864 436 972 477 non
1004 420 1355 486 comitantur,
1396 419 1490 474 sed
1532 418 1685 489 quasi
1718 431 1849 489 'prae
1887 423 2041 471 vetu-

447 519 611 578 state,
661 522 720 569 ut
747 512 913 569 vestis
958 521 1284 584 contempta,
1333 513 1717 570 contemnitur.
1756 511 1862 568 Sed
1900 510 2041 568 hanc

448 604 714 675 synodum
743 603 941 661 factam
972 620 1092 661 esse
1120 605 1173 660 in
1201 606 1436 661 Saxonia
1468 614 1619 662 certo
1654 604 1805 673 seio,
1836 605 1892 660 in
1933 619 2040 676 qua

449 702 744 750 tractatum
768 704 853 750 est
871 706 926 751 et
947 694 1241 764 ﬁrmatum,
1264 697 1542 753 decentius
1565 696 1784 753 ensibus
1803 710 2042 768 pugnare

449 801 612 858 quam
642 787 889 854 calamis,
919 798 974 843 et
1003 790 1155 859 prius
1182 800 1413 846 mortem
1438 791 1590 847 obire
1611 806 1771 860 quam
1797 790 2043 847 hostibus

447 890 600 948 terga
648 880 798 935 dare.
846 879 998 947 Quod
1038 881 1122 936 vel
1161 890 1284 939 tuus
1325 885 1598 939 exercitus
1628 885 1942 956 experitur!
1983 883 2042 939 In

450 972 616 1027 corde
640 964 760 1028 meo
789 972 899 1027 dixi
924 990 938 1027 :
971 982 1025 1029 et
1052 989 1217 1044 quam
1248 976 1358 1031 sint
1384 976 1680 1047 pugnaces,
1719 992 1779 1033 re
1807 977 1922 1047 ipsa
1947 992 2045 1032 ex-

448 1063 694 1133 periatur
719 1065 732 1119 l
770 1084 790 1118 ι

522 1152 610 1209 23.
648 1154 847 1211 Verum
884 1156 987 1212 hac
1030 1157 1220 1213 eadem
1267 1158 1384 1225 die,
1413 1168 1536 1231 post
1566 1159 1877 1223 meridiem,
1913 1161 2047 1217 adeo

451 1244 803 1315 impotentem
840 1256 896 1302 et
927 1248 1369 1321 transﬁguratum
1409 1267 1496 1307 me
1524 1253 1816 1309 revertenti
1845 1254 1912 1309 ad
1952 1268 2049 1323 pa.

453 1336 645 1393 latium
689 1339 793 1395 sibi
835 1342 1097 1412 praecepit
1124 1357 1435 1412 occurrere,
1481 1353 1542 1400 ut
1585 1344 1869 1401 obviantes
1914 1344 2047 1400 mihi

452 1444 575 1499 qua:
619 1431 804 1501 prius,
856 1434 911 1487 in
960 1443 1238 1503 stuporem
1287 1436 1487 1491 mentis
1534 1437 1788 1493 mulieres
1828 1452 2045 1493 versae:

452 1517 645 1587 Manu,
673 1540 834 1578 mana
859 1524 954 1592 m,
983 1525 1311 1595 clamabant,
1342 1530 1619 1586 miseriam
1639 1545 1816 1586 meam
1857 1530 2053 1605 pugnis

450 1621 674 1682 pectora
705 1622 874 1672 tunsa:
911 1634 926 1672 :
964 1616 1259 1676 Dicebatur
1291 1638 1306 1676 :
1346 1625 1556 1680 ταπεινὲ
1596 1627 1682 1680 καὶ
1710 1622 2045 1696 ταλαίπωρεί

452 1702 553 1760 Cui
582 1705 677 1772 ὀί,
706 1705 1013 1780 Nicephoro
1043 1711 1251 1769 scilicet
1291 1715 1549 1782 venienti,
1580 1726 1637 1771 et
1668 1716 1818 1772 vobis
1853 1718 2051 1773 absen-

452 1793 619 1862 tibus,
645 1797 776 1867 quid
798 1806 926 1856 tunc
945 1802 1194 1859 manibus
1214 1803 1267 1858 in
1290 1803 1489 1860 coelum
1511 1807 1710 1862 erectis
1729 1808 2051 1877 optaverim,

451 1889 741 1957 proveniat
768 1892 1009 1949 utinam!
1037 1893 1142 1950 Sed
1171 1896 1301 1952 mihi
1328 1897 1487 1953 velim
1508 1899 1768 1964 credatis,
1794 1899 1859 1954 ad
1883 1900 2053 1955 risum

452 1996 543 2038 me
569 1997 679 2038 non
707 1999 901 2055 parum
930 1986 1121 2045 illexit.
1152 1988 1462 2060 lmpatienti
1489 1992 1636 2048 enim
1664 2001 1826 2064 atque
1859 1993 2050 2050 eﬁ'reni

453 2074 697 2132 insidens
743 2093 904 2149 equo,
955 2081 1089 2136 satis
1133 2096 1335 2152 parvus
1379 2083 1512 2139 satis
1553 2098 1771 2154 magno,
1817 2099 2053 2156 puppam

451 2167 629 2237 ipsum
661 2186 814 2228 mens
850 2172 952 2229 sibi
983 2173 1226 2244 depinxit
1252 2190 1403 2241 mea,
1445 2191 1607 2246 quam
1638 2175 1858 2232 Schlavi
1889 2184 2055 2234 vestri

453 2260 655 2329 equino
681 2262 999 2335 colligantes
1022 2266 1188 2336 pullo,
1224 2277 1453 2324 matrem
1477 2270 1872 2339 praecedentem
1901 2271 2054 2342 sequi

457 2350 719 2409 eﬁrenate
752 2355 1053 2412 dimittunt.

524 2441 616 2497 24.
639 2443 737 2501 His
755 2446 1006 2517 expletis,
1020 2448 1085 2503 ad
1112 2452 1364 2507 concives
1382 2461 1437 2508 et
1455 2453 1860 2512 cohabitatores
1880 2469 2052 2524 meos,

455 2536 697 2607 quinque
725 2537 934 2605 leones,
975 2540 1029 2596 in
1067 2544 1519 2612 praenomiuatam
1559 2546 1789 2602 invisam
1834 2549 2055 2605 domum

454 2641 577 2684 sum
631 2629 937 2699 deductus,
987 2633 1077 2689 ubi
1129 2642 1253 2703 post
1302 2635 1766 2695 hebdomadarum
1819 2642 2056 2711 spatium

456 2721 646 2789 trium,
677 2723 879 2780 nullius
903 2725 1009 2782 nisi
1038 2742 1286 2785 meorum
1323 2744 1444 2785 sum
1488 2730 1757 2802 colloquio
1779 2733 2049 2790 visitatus.

459 2818 578 2885 Qua
598 2836 666 2877 ex
689 2837 772 2887 re,
792 2821 1157 2895 Nicephorum
1184 2840 1462 2896 nunquam
1489 2842 1578 2883 me
1599 2827 1736 2884 velle
1758 2829 2054 2896 dimittere,

458 2924 617 2967 mens
645 2911 747 2967 sibi
777 2912 1020 2983 depinxit
1062 2929 1218 2983 mea,
1249 2930 1315 2971 ac
1344 2916 1563 2973 tristitia
1604 2918 1892 2975 immodica
1934 2919 2056 2976 lan-

458 3017 683 3074 guorem
721 3005 965 3079 languori
1012 3008 1148 3064 adeo
1187 3009 1642 3081 superimposuit,
1674 3020 1734 3067 ut
1756 3012 1869 3069 vita
1898 3028 2058 3070 exce-

463 3096 675 3163 derem,
706 3097 811 3154 nisi
834 3098 965 3155 mihi
988 3099 1132 3157 hanc
1159 3100 1255 3157 Dei
1286 3101 1518 3173 genitrix
1545 3118 1575 3158 a
1604 3113 1849 3162 creatore
1870 3114 1927 3161 et
1947 3105 2059 3163 ﬁlio

465 3202 564 3242 suo
593 3188 845 3259 precibus
872 3190 1177 3259 obtineret;
1219 3194 1701 3264 quemadmodum,
1731 3212 1839 3253 non
1876 3197 2060 3259 fanta-

464 3282 600 3338 stiea
629 3284 727 3339 sed
754 3300 904 3353 vera,
935 3297 1022 3343 est
1050 3288 1183 3344 mihi
1212 3289 1417 3347 visione
1438 3302 1821 3351 monstratum.

535 3372 625 3429 25.
680 3374 775 3433 llis
816 3392 947 3449 ergo
990 3378 1164 3436 tribus
1210 3380 1642 3441 hebdomadibus
1674 3384 1865 3444 habuit
1909 3387 2065 3446 Nice-

463 3465 669 3533 phorus
717 3477 870 3525 extra
920 3471 1445 3547 Constantinopolim
1492 3481 1843 3547 metastasin,
1890 3484 1945 3540 id
1978 3494 2066 3541 est

465 3558 777 3628 stationem,
809 3562 862 3618 in
894 3562 1012 3620 loco
1045 3566 1137 3636 qui
1163 3565 1363 3631 dicitur
1391 3567 1489 3633 ἐις
1530 3576 1734 3649 πήγασ,
1778 3575 1831 3649 id
1869 3584 1956 3632 est
1981 3575 2065 3633 Ad

465 3649 663 3719 fontes,
695 3655 997 3728 eodemque
1027 3674 1114 3716 me
1142 3661 1328 3718 venire
1356 3648 1632 3735 praecepit.
1679 3667 1747 3722 Et
1780 3648 1914 3724 cum
1954 3677 2065 3725 tam

464 3740 754 3815 languidus
778 3762 979 3808 essem.
1007 3760 1200 3809 utnon
1229 3753 1402 3811 solum
1433 3757 1615 3825 statio,
1648 3760 1741 3815 sed
1766 3760 1879 3831 ipsa
1901 3763 2066 3819 etiam

464 3835 640 3895 sessio
680 3839 862 3910 gravis
890 3841 1021 3897 mihi
1063 3858 1232 3901 morae
1259 3847 1566 3916 videretur,
1603 3850 1947 3924 discooperto
1975 3870 2069 3910 ca-

461 3924 593 3995 pite,
644 3931 787 3998 quod
834 3931 990 3988 malae
1032 3934 1325 3994 valetudini
1356 3934 1492 3997 meae
1535 3941 1699 4000 nimis
1729 3945 2066 4002 contrarium

466 4025 607 4084 erat,
630 4029 756 4076 ante
794 4036 854 4077 se
891 4039 978 4080 me
1008 4033 1156 4084 stare
1197 4031 1406 4103 coegit;
1446 4033 1531 4089 cui
1562 4042 1618 4092 et
1643 4036 1761 4091 ait:
1798 4056 1818 4089 ι
1853 4037 2069 4095 Domini

465 4109 545 4165 tui
570 4113 715 4203 regis
736 4113 952 4174 Ottonis
972 4122 1170 4187 nuntii,
1192 4125 1284 4194 qui
1304 4129 1580 4195 praeterito
1603 4138 1656 4187 te
1675 4141 2071 4203 praecesserant

470 4215 641 4301 anno,
665 4200 982 4301 iuramento
1023 4211 1158 4267 mihi
1203 4217 1599 4287 promiserunt,
1634 4200 1690 4278 et
1711 4220 2068 4294 iurisiurandi

470 4289 670 4349 littera:
694 4294 1165 4366 inpraesentiarum
1202 4314 1348 4373 sunt,
1380 4323 1658 4381 nunquam
1693 4289 1865 4369 illumv
1885 4315 1939 4370 in
1970 4312 2070 4370 ali-

2143 414 2312 471 voluit
2356 415 2556 473 habere
2595 430 2707 489 pra:
2748 415 2999 473 manibus
3025 414 3187 486 {quod
3220 414 3274 469 in
3316 412 3534 469 laudem
3585 424 3740 468 suam

2144 516 2201 563 et
2228 508 2614 565 contumeliam
2662 515 2904 568 nostram
2949 506 3263 565 ostenderet
3293 504 3494 562 futuris
3533 512 3743 576 tempo-

2142 599 2317 656 ribus.
3788 658 3791 663 .

2212 690 2304 748 26.
2342 690 2440 748 Cui
2477 693 2739 764 inquam:
2775 711 2794 746 ι
2842 691 3025 765 Nuper
3068 690 3447 749 sanctissimus
3490 688 3750 746 dominus

2143 798 2326 850 meus,
2378 793 2439 840 ut
2481 793 2565 841 est
2612 783 3047 857 sapientissimus
3073 793 3128 841 et
3166 782 3361 855 spiritu
3389 782 3488 839 Dei
3514 781 3749 855 plenus.

2146 878 2265 934 haec
2317 891 2664 949 praenoscens
2704 892 2828 949 qua:
2871 877 3107 945 asseris,
3154 891 3225 933 ne
3272 874 3569 941 terminos,
3615 889 3755 946 quos

2147 973 2429 1031 constituit
2457 972 2612 1037 mihi,
2640 973 3098 1037 trauscenderem,
3132 970 3349 1029 ἕντόλινα
3367 1010 3384 1037 ,
3415 968 3469 1026 id
3499 977 3589 1026 est
3614 983 3757 1040 pra-

2148 1076 2385 1137 ceptum,
2419 1066 2765 1138 conscripsit,
2797 1065 2939 1136 quod
2967 1073 3024 1121 et
3061 1063 3238 1136 sigillo
3273 1061 3512 1135 signavit
3539 1076 3662 1128 suo,
3686 1074 3757 1116 ne

2150 1174 2307 1216 secus
2335 1160 2593 1216 facerem.
2630 1178 2650 1212 ι
2693 1157 2852 1224 Scis,
2900 1157 3118 1214 domine
3147 1158 3223 1213 mi
3251 1166 3502 1229 auguste,
3545 1170 3657 1227 qua
3700 1153 3757 1211 id

2151 1248 2345 1305 ﬁducia
2374 1249 2629 1305 dixerim.
2675 1267 2695 1301 ι
2744 1248 3006 1307 Ἐντὸλινα
3034 1248 3179 1304 istud
3208 1248 3261 1303 in
3287 1247 3531 1304 medium
3573 1244 3759 1318 profe-

2152 1352 2334 1409 ratur,
2365 1351 2420 1399 et
2445 1342 2702 1413 quicquid
2723 1339 2978 1411 jusserit,
2999 1339 3313 1411 iuramento
3348 1355 3380 1395 a
3419 1354 3510 1396 me
3535 1338 3638 1396 tibi
3662 1338 3759 1395 ﬁr-

2154 1445 2351 1493 metur.
2402 1433 2507 1492 Sed
2554 1435 2811 1506 praeteriti
2862 1433 3035 1490 nuntii
3081 1440 3279 1505 praeter
3312 1430 3623 1503 iussionem
3662 1431 3760 1488 do-

2154 1530 2286 1586 mini
2331 1530 2435 1584 mei
2471 1529 2871 1599 promiserunt,
2896 1524 3257 1596 iuraverunt,
3287 1523 3757 1595 conscripserunt.

2154 1622 2233 1677 lta
2265 1630 2371 1686 est,
2419 1629 2477 1675 ut
2505 1618 2660 1675 Plato
2690 1619 2804 1674 ait:
2840 1616 3019 1676 Causa
3061 1631 3230 1689 penes
3272 1624 3583 1689 optantem.
3613 1613 3764 1673 Deus

2158 1722 2312 1769 extra
2345 1714 2580 1784 culpam.
2610 1732 2628 1764 ι

2227 1805 2316 1859 27.
2343 1802 2439 1859 His
2472 1802 2719 1875 expletis,
2752 1810 2971 1859 ventum
3000 1810 3085 1859 est
3111 1802 3179 1858 ad
3206 1798 3582 1858 nobilissimos
3606 1799 3765 1870 prin-

2157 1898 2306 1969 cipes
2327 1897 2643 1969 Capuanum
2670 1905 2723 1952 et
2755 1895 3195 1952 Beneventanum
3213 1932 3230 1960 ,
3256 1908 3396 1965 quos
3422 1893 3544 1965 ipse
3574 1905 3763 1948 serves

2106 2030 2111 2035 ι
2158 1991 2438 2055 nominat,
2484 1999 2539 2044 et
2569 1989 2640 2044 ob
2666 2002 2804 2059 quos
2831 1986 3120 2042 intestinus
3165 1984 3343 2056 ipsum
3374 1984 3546 2056 agitat
3588 1982 3762 2039 dolor.

2165 2103 2183 2135 ι
2215 2083 2434 2149 Servos,
2464 2082 2658 2152 inquit,
2689 2096 2840 2137 meos
2865 2080 3116 2136 dominus
3143 2087 3266 2136 tuus
3295 2079 3349 2135 in
3378 2076 3605 2133 tutelam
3635 2076 3765 2132 reci-

2156 2177 2236 2249 pit
2255 2191 2439 2242 suam;
2466 2189 2602 2246 quos
2624 2174 2670 2229 si
2704 2189 2809 2230 non
2837 2172 3106 2229 dimiserit
3127 2180 3184 2227 et
3210 2170 3262 2225 in
3284 2169 3574 2241 pristinam
3597 2167 3766 2223 servi-

2158 2278 2327 2326 tutem
2349 2266 2641 2340 redegerit,
2663 2275 2852 2322 nostra
2874 2264 3115 2320 amicitia
3135 2262 3362 2319 carebit.
3386 2259 3492 2332 Ipsi
3515 2259 3573 2314 in
3601 2260 3767 2335 impe-

2080 2393 2094 2406 -
2158 2363 2302 2418 rium
2346 2368 2595 2417 nostrum
2629 2367 2688 2413 ut
2724 2357 3077 2428 recipiantur,
3110 2354 3380 2427 ﬂagitant;
3419 2352 3515 2408 sed
3548 2356 3766 2406 recusat

2159 2470 2255 2511 eos
2296 2461 2542 2509 nostrum
2567 2450 2878 2523 imperium,
2902 2458 2962 2504 ut
2981 2455 3309 2520 cognoscant
3329 2453 3384 2501 et
3403 2443 3763 2516 experiantur

2158 2560 2322 2617 quam
2336 2542 2697 2615 periculosum
2712 2542 2785 2597 sit
2812 2555 2998 2598 servos
3014 2555 3043 2595 a
3057 2539 3288 2596 dominis
3300 2536 3628 2601 declinasse,
3644 2549 3761 2591 ser-

2157 2637 2385 2694 vitutem
2419 2635 2671 2706 eﬁ‘ugere.
2717 2632 2784 2689 Et
2803 2628 3402 2690 estdeceutiusdomino
3426 2622 3764 2693 tuo,utmihl

2158 2745 2254 2788 eos
2275 2725 2453 2786 tradat
2477 2727 2704 2794 amicus,
2738 2740 2900 2797 quam
2922 2723 3055 2780 mihi
3078 2722 3316 2778 dimittat
3367 2721 3594 2776 invitus.
3651 2718 3760 2774 Ex-

2160 2810 2443 2895 perientur
2463 2819 2646 2891 plane,
2670 2818 2779 2874 vita
2803 2818 3024 2885 comite,
3055 2815 3184 2888 quid
3206 2814 3278 2871 sit
3312 2813 3508 2868 herum
3553 2810 3759 2877 fallere,

2160 2914 2293 2986 quid
2315 2915 2388 2971 sit
2411 2913 2728 2971 servitutem
2751 2911 3038 2977 deserere;
3080 2916 3159 2975 et,
3208 2914 3268 2962 ut
3319 2914 3472 2978 puto,
3522 2903 3765 2961 sentiunt

2162 3024 2310 3065 nunc
2345 3006 2491 3079 quod
2525 3005 2668 3072 dico,
2696 3003 3046 3076 operantibus
3080 3002 3183 3058 hoc
3208 2998 3434 3065 nostris,
3490 2997 3587 3070 qui
3642 3002 3764 3053 sunt

2163 3100 2308 3157 ultra
2331 3113 2503 3165 mare,
2523 3097 2805 3154 militibus.
2847 3116 2867 3150 ι

2235 3192 2327 3249 28.
2353 3190 2562 3261 Quibus
2596 3190 2924 3262 respondere
2946 3204 3033 3247 me
3049 3205 3157 3247 non
3190 3187 3470 3262 permisit;
3497 3185 3597 3243 sed
3618 3184 3766 3242 abire

2166 3287 2499 3358 cupientem,
2525 3285 2594 3341 ad
2625 3299 2871 3341 mensam
2918 3299 3071 3341 suam
3120 3282 3300 3341 redire
3327 3282 3613 3354 pmcepit.
3670 3277 3767 3336 Cui

2164 3389 2325 3453 pater
2352 3377 2499 3453 (170)
2524 3378 2728 3436 assedit
2773 3379 2957 3446 homo,
2987 3387 3057 3435 .ut
3086 3378 3221 3434 mihi
3243 3376 3556 3443 videbatur,
3611 3382 3769 3430 natus

2168 3484 2382 3533 centum
2405 3472 2794 3546 quinquaginta
2812 3472 2986 3528 annis.
3009 3471 3109 3529 Cui
3130 3471 3336 3537 itidem,
3359 3479 3421 3526 ut
3438 3468 3572 3536 ﬁlio,
3597 3462 3770 3524 Grec!

2169 3573 2226 3629 in
2256 3570 2528 3637 laudibus,
2556 3568 2748 3636 immo,
2772 3569 2828 3624 in
2851 3567 3026 3625 ventis
3053 3568 3186 3636 suis,
3208 3566 3346 3623 Deus
3369 3579 3547 3621 annos
3559 3560 3766 3618 utmul—

2169 3665 2398 3737 tiplicet,
2437 3663 2801 3721 conclamant.
2833 3661 2950 3731 Qua
2975 3663 3030 3718 in
3072 3675 3151 3729 re,
3206 3676 3369 3733 quam
3422 3659 3536 3714 sint
3596 3654 3769 3713 Graeci

2171 3756 2343 3824 stulti,
2369 3770 2605 3828 quamve
2629 3753 2790 3825 huius
2820 3753 3004 3826 gloriae
3028 3761 3320 3817 amatores,
3366 3764 3603 3822 quamve
3632 3748 3770 3802 adu-

2171 3850 2396 3915 latores,
2429 3863 2591 3919 quam
2618 3847 2823 3919 cupidi,
2854 3847 2981 3903 hinc
3011 3845 3270 3914 colligere
3300 3857 3595 3915 possumus
3631 3856 3647 3893 :
3677 3854 3771 3910 op-

2172 3951 2290 3999 tant
2314 3940 2414 3998 soli
2440 3957 2546 3997 non
2577 3940 2711 4009 sola,
2730 3940 2827 3996 sed
2856 3937 3129 3995 silicernio
3152 3934 3487 4009 (l7l),quod
3517 3942 3771 3988 naturam

2173 4034 2346 4104 ipsam
2378 4048 2484 4087 non
2511 4032 2624 4103 pati
2651 4040 2803 4088 certo
2833 4032 3050 4097 sciunt;
3088 4028 3287 4100 gaudet
3320 4035 3375 4081 et
3430 4022 3770 4081 silicernium

2172 4140 2235 4181 ea
2272 4123 2374 4181 sibi
2403 4124 2745 4196 optari,qu;c
2774 4136 2875 4178 nec
2919 4119 3089 4177 Deum
3138 4119 3341 4183 facere,
3393 4130 3496 4173 nec
3545 4113 3655 4169 sibi
3703 4110 3771 4145 ⁸⁸⁸

2170 4218 2433 4290 prodesse
2459 4216 2555 4273 sed
2579 4215 2791 4281 obesse,
2824 4213 2991 4270 etiam
3018 4213 3065 4268 si
3100 4210 3328 4275 faceret,
3378 4208 3553 4264 novit.
3618 4202 3771 4274 Quod

2171 4324 2358 4383 quaeso
2378 4307 2742 4379 Nicephorum
2781 4306 3020 4379 gaudere
3046 4303 3198 4377 pacis
3228 4302 3463 4359 ⁸⁰³.......
3513 4298 3671 4354 illum
3720 4304 3773 4352 et

470 4397 580 4489 quo
600 4392 847 4444 nostrum
871 4391 1243 4489 scandalizare
1262 4397 1569 4470 imperium.
1594 4404 1689 4461 Vis
1709 4404 1883 4475 maius
1904 4422 2066 4463 scan-
2088 4423 2147 4489 ι)
2170 4400 2491 4475 phosl‘orum
2517 4399 2846 4456 clamabant.
2885 4395 3239 4467 lmpotentem
3266 4392 3502 4457 virilem,
3546 4387 3771 4446 stultum

469 4471 674 4572 dalum,
701 4491 864 4572 quam
889 4482 1033 4552 quod
1070 4500 1130 4541 se
1172 4486 1555 4559 imperatorem
1602 4482 1763 4554 vocat
1783 4471 1809 4563 ,⁷
1848 4499 2065 4572 imperii

472 4566 645 4621 nostri
682 4568 919 4628 themata
958 4574 1062 4631 sibi
1098 4581 1369 4651 usurpat?
1418 4582 1663 4658 Utraque
1691 4604 1796 4645 non
1827 4566 1955 4647 sunt
1984 4591 2065 4648 fe-

472 4660 678 4728 renda;
707 4672 765 4718 et
792 4666 839 4720 si
869 4673 1100 4739 utraque
1128 4670 1524 4745 importabilia,
1555 4680 1697 4737 istud
1725 4693 1808 4739 est
1842 4698 1949 4740 non
1983 4685 2065 4742 fe—
2139 4673 2146 4680 ’

469 4750 722 4821 rendum,
744 4755 913 4814 immo
935 4774 1034 4816 nec
1056 4763 1400 4832 audiendum,
1426 4771 1572 4839 quod
1592 4787 1654 4829 se
1678 4773 2063 4846 imperatorem

474 4848 740 4941 nominat.
773 4850 880 4909 Sed
910 4854 957 4911 si
986 4856 1280 4916 conﬁrmas
1302 4862 1496 4919 eadem
1519 4879 1641 4935 qua:
1663 4867 1763 4939 ipsi
1793 4869 2061 4941 fecerunt,

476 4935 813 5038 fortunatum
844 4956 898 5003 te
924 4956 1090 5019 atque
1110 4950 1432 5024 locupletem
1460 4935 1869 5028 imperii-nostri
1901 4935 2065 5038 maie;

472 5037 588 5088 stas
613 5034 723 5092 cito
743 5035 1002 5095 dimittet.
1039 5059 1060 5094 ο
1086 5039 1145 5098 Id
1171 5052 1352 5102 autem
1379 5061 1444 5103 eo
1471 5062 1578 5105 non
1606 5051 1763 5118 dixit,
1787 5061 1846 5111 ut
1875 5034 2064 5126 νοεξεί

2175 4498 2498 4571 sapientem,
2540 4493 2762 4550 brevem
2797 4504 3076 4564 magnum,
3104 4487 3319 4557 nigrum
3351 4484 3561 4549 album,
3587 4496 3753 4554 pecca
3801 4512 3812 4537 ι

2176 4601 2348 4646 torem
2383 4594 2631 4644 sanctum
2660 4585 2862 4650 dicere,
2917 4582 3052 4640 mihi
3103 4578 3331 4647 credite,
3359 4593 3469 4634 non
3514 4576 3637 4631 laus
3682 4574 3773 4633 sed

2176 4680 2507 4739 contumelia
2527 4688 2631 4736 est.
2671 4676 2740 4734 Et
2772 4676 2865 4748 qui
2888 4674 3065 4732 aliena
3102 4672 3275 4744 magis
3301 4670 3502 4743 gaudet
3527 4669 3634 4725 sibi
3684 4682 3771 4723 ac-
3809 4682 3819 4751 ξ

2178 4776 2405 4834 clamari
2441 4789 2605 4845 quam
2636 4770 2878 4842 propria,
2914 4764 3369 4849 avibuslomnino
3418 4770 3506 4819 est
3550 4759 3772 4824 similis,
3813 4766 3819 4784 ³

2177 4884 2404 4942 quarum
2427 4865 2684 4923 intuitum
2711 4877 2820 4919 nox
2837 4859 3127 4925 illuminat,
3150 4857 3268 4915 dies
3290 4864 3480 4913 caecat.

2244 4964 2337 5019 29.
2380 4960 2489 5018 Sed
2520 4959 2807 5016 redeamus
2828 4955 2898 5012 ad
2928 4968 3065 5011 rem.
3093 4951 3210 5009 Hac
3245 4952 3300 5006 in
3329 4963 3485 5005 caena
3505 4945 3602 5011 ⁸⁸⁸,
3634 4942 3773 5015 quod

2173 5056 2327 5129 prius
2350 5070 2458 5111 non
2468 5052 2700 5118 fecerat,
2741 5063 2875 5107 voce
2906 5046 3049 5105 elata
3069 5045 3141 5078 '°'
3155 5042 3300 5101 beati
3314 5038 3581 5099 Johannis
3602 5035 3773 5107 Chry-

1775 5193 2011 5255 vsnm
2048 5196 2495 5274 moriones,
