4012 5340
196 287 293 348 921

1617 292 1919 353 LEGATIO
1955 295 2061 353 ep.
2229 286 2407 336 ait!
2490 254 2500 263 ’

3377 295 3489 356 929

206 409 424 467 δοεωωί
451 407 729 467 homiliam
754 409 809 465 in
830 409 1194 481 apostolorum
1216 409 1427 469 actibus
1447 411 1629 485 legere
1672 412 1793 483 jus-
1818 416 1871 477 Α
1896 412 2246 469 collectitium
2271 413 2445 484 ipsum
2483 411 2731 469 navalem
2759 411 3083 483 exercitum,
3107 424 3195 471 me
3214 414 3283 471 ab
3313 416 3491 473 invisa

206 505 285 561 sit.
319 504 452 560 Post
481 505 634 575 cujus
662 504 910 561 lectionis
937 505 1248 573 terminum,
1272 521 1397 562 cum
1443 506 1511 561 ad
1570 521 1667 562 vos
1710 520 1793 561 re-

202 596 397 651 deundi
428 594 701 651 licentiam
730 611 1056 668 quaererem,
1086 597 1267 668 capite
1296 612 1355 652 se
1401 596 1473 652 ita
1521 596 1791 652 facturum

198 687 450 756 innuens,
502 689 670 759 recipi
726 705 814 745 me
866 690 934 745 ad
993 689 1245 746 concives
1293 698 1348 745 et
1394 688 1795 745 cobabitatores

196 798 349 839 meos
368 782 554 839 leones
575 783 909 855 persecutori
937 797 1061 838 meo
1084 783 1297 839 indixit.
1327 783 1480 851 Quod
1526 798 1648 837 cum
1700 781 1794 837 fie-

195 888 297 940 ret,
325 893 433 933 non
461 893 581 933 sum
617 878 686 934 ab
708 892 774 932 eo
802 877 951 934 visus
987 892 1159 949 usque
1186 878 1239 932 in
1272 878 1433 933 tertio
1456 877 1666 933 decimo
1686 875 1793 931 Ca-

194 968 646 1040 lcndas‘Augusti
672 968 806 1040 (Jul.
833 968 947 1040 20),
988 970 1081 1024 sed
1132 968 1422 1039 diligenter
1468 968 1792 1033 custoditus,

194 1075 263 1117 ne
292 1059 594 1130 cujuspiam
624 1059 835 1115 fruerer
858 1075 1124 1126 sermone,
1164 1060 1253 1130 qui
1282 1074 1411 1115 suos
1456 1059 1586 1115 mihi
1638 1067 1794 1114 actus

193 1150 718 1207 indicaret.lnterea
747 1150 1142 1216 Grimizonem,
1184 1151 1460 1208 Adelberti
1518 1151 1789 1216 nuntium,

191 1259 253 1300 se
285 1244 438 1298 adire
464 1242 643 1314 jussit,
675 1258 835 1313 quem
860 1259 983 1298 cum
1013 1242 1189 1297 navali
1213 1258 1312 1299 suo
1339 1242 1583 1297 exercitu
1614 1242 1792 1298 redire

190 1336 462 1406 praecipit.
490 1334 731 1391 Fuerunt
754 1335 1036 1391 chelandia
1061 1335 1153 1401 24,
1178 1335 1471 1391 Rusiorum
1498 1334 1567 1367 '°‘
1626 1348 1792 1390 naves

189 1426 249 1493 2,
274 1426 499 1483 Gallica:
528 1426 593 1492 2;
616 1426 663 1480 si
688 1425 809 1497 plus
834 1426 1065 1491 miserit,
1090 1441 1227 1496 quas
1254 1441 1361 1481 non
1391 1426 1643 1491 viderim,
1698 1440 1793 1480 ne-

189 1518 324 1573 scio.
355 1517 693 1578 Vestrorum,
726 1515 943 1572 Domini
977 1516 1083 1572 mei
1135 1516 1495 1587 imperatores
1551 1515 1790 1587 augusti,

188 1608 424 1665 militum
461 1608 720 1664 fortitudo
746 1625 853 1665 non
878 1620 1024 1679 eget,
1049 1618 1110 1663 ut
1135 1610 1568 1666 adversariorum
1618 1610 1793 1679 impo-

188 1699 362 1755 tentia
394 1699 697 1765 animetur;
744 1700 888 1771 quod
928 1700 979 1754 in
1039 1699 1125 1755 his
1173 1715 1317 1772 saepe
1377 1708 1659 1770 expertum
1708 1708 1793 1755 est

186 1790 466 1859 gentibus,
502 1805 729 1860 quarum
761 1791 926 1845 etiam
954 1790 1134 1846 ultimi
1166 1801 1221 1847 et
1268 1801 1591 1847 caeterorum
1639 1806 1788 1846 coin-

1896 504 2057 560 domo
2093 513 2395 575 spectante,
2423 504 2645 561 dimisit.
2690 505 2912 560 Decimo
2938 506 3099 562 tertio
3125 516 3307 563 autem
3350 506 3487 577 (Jul.

1894 594 2008 665 20),
2042 610 2151 665 quo
2177 596 2265 650 die
2294 594 2440 651 leves
2462 595 2638 651 Grzeci
2662 595 2969 666 raptionem
2997 594 3163 651 Heliae
3207 596 3485 666 prophetas

1896 688 1964 744 ad
1992 687 2154 744 caelos
2176 688 2319 745 ludis
2342 689 2577 745 scenicis
2596 689 2894 757 celebrant,
2921 704 3008 745 me
3033 704 3091 745 se
3110 689 3259 744 adire
3284 702 3489 760 praece-

1894 781 1995 850 pit,
2023 781 2109 837 cui
2139 790 2194 835 et
2222 782 2337 836 ait:
2371 802 2389 833 ι
2422 782 2714 852 Imperium
2747 792 2994 838 nostrum
3020 784 3204 852 copias
3226 782 3280 836 in
3322 781 3493 853 Assy-

1895 872 2009 928 rios
2037 873 2237 929 ducere
2263 874 2485 945 cogitat,
2518 890 2627 929 non
2663 889 2829 944 super
2882 874 3241 938 Christicolas,
3295 888 3488 943 quem-

1896 966 2186 1021 admodum
2212 966 2464 1021 dominus
2505 974 2653 1022 tuus.
2686 966 2969 1022 Prazterito
3010 966 3207 1037 quippe
3254 979 3397 1021 anno
3437 964 3492 1020 id

1897 1060 2072 1129 ipsum
2112 1059 2292 1116 facere
2321 1060 2485 1127 volui,
2516 1060 2609 1117 sed
2655 1060 2839 1115 audito
2868 1060 3013 1130 quod
3060 1059 3310 1115 dominus
3368 1066 3494 1113 tuus

1895 1152 2106 1224 imperii
2136 1153 2306 1209 nostri
2334 1162 2533 1209 terram
2564 1154 2818 1209 invadere
2843 1153 3036 1220 vellet,
3063 1151 3303 1208 dimissis
3327 1151 3495 1222 Assy-

1896 1244 2013 1310 riis,
2044 1243 2191 1299 illum
2222 1260 2413 1301 versus
2456 1245 2697 1301 habenas
2739 1246 3086 1310 rctorsimus;
3144 1243 3494 1312 obviavitque

1896 1332 2055 1388 nobis
2086 1334 2141 1388 in
2168 1333 2479 1391 Macedonia
2530 1335 2843 1391 Dominicus
2890 1334 3217 1400 Vencdicus,
3265 1334 3492 1390 nuntius

1896 1441 2047 1495 suus,
2080 1426 2173 1496 qui
2206 1426 2377 1482 multo
2398 1427 2585 1483 labore
2606 1440 2662 1483 et
2690 1428 2887 1483 sudore
2916 1442 3038 1493 nos,
3074 1436 3133 1482 ut
3183 1435 3489 1483 revertere-

1895 1533 2040 1583 mur,
2064 1517 2281 1583 delusit,
2303 1517 2657 1590 jurejurando
2686 1518 2841 1573 nobis
2863 1518 3163 1583 afﬁrmans,
3214 1531 3496 1587 nunquam

1900 1611 2181 1667 dominum
2225 1620 2374 1666 tuum
2404 1626 2524 1668 esse
2554 1612 2607 1667 id
2637 1612 3021 1683 cogitaturum,
3064 1610 3261 1666 nedum
3317 1610 3491 1665 factu-

1896 1720 2039 1759 rum.
2063 1703 2359 1759 Revertere
2382 1704 2754 1775 ergo—quod
2794 1719 2919 1759 cum
2964 1702 3239 1758 audissem
3298 1702 3495 1759 tacitus

1895 1795 2007 1851 Deo
2033 1795 2265 1865 gratias!
2302 1794 2569 1849 dixi—et
2597 1795 2713 1849 haec
2743 1802 2904 1864 atque
2957 1792 3074 1849 haec
3126 1802 3219 1848 tuo
3267 1792 3490 1849 domino

186 1885 477 1956 paratione
512 1884 858 1954 impotentes,
891 1882 1136 1939 Graecam
1171 1882 1548 1939 fortitudinem
1574 1892 1788 1939 strave-
1814 1868 1865 1929 Β
1893 1886 2185 1951 nuuciato;
2216 1886 2261 1942 si
2285 1900 2374 1941 me
2398 1894 2705 1956 compotem
2731 1884 2947 1951 facerit,
2977 1885 3092 1956 ipse
3113 1884 3310 1940 redito.
3350 1902 3369 1936 ι

187 1986 340 2042 runt,
374 1974 718 2031 tributariam
750 1974 1017 2029 fecerunt.
1048 1973 1203 2030 Sicut
1229 1974 1375 2029 enim
1404 1988 1501 2029 vos
1546 1988 1653 2029 non
1686 1982 1789 2029 ter-

186 2083 391 2133 rerem,
424 2069 469 2122 si
494 2064 821 2123 fortissimos
875 2067 994 2123 illos
1041 2075 1094 2123 et
1142 2066 1453 2122 Alexandro
1509 2066 1788 2123 Macedoni

186 2160 393 2216 similes
421 2159 796 2228 praedicarem,
827 2160 907 2214 sic
935 2170 990 2215 et
1021 2174 1117 2215 vos
1162 2174 1272 2215 non
1293 2159 1362 2192 ⁸⁸⁷
1389 2159 1611 2230 instigo,
1662 2175 1786 2217 cum

186 2254 568 2324 impotentiam
596 2270 809 2319 eorum,
835 2269 957 2324 qua:
981 2270 1113 2310 vera
1142 2263 1246 2321 est,
1273 2271 1461 2311 narro.
1493 2255 1621 2311 Mihi
1670 2272 1789 2312 cre-

187 2345 329 2400 datis
359 2345 545 2411 velim,
570 2354 623 2401 et
651 2344 885 2401 credetis
916 2346 1054 2411 scio,
1086 2361 1306 2401 omnem
1335 2348 1510 2418 ipsum
1566 2348 1785 2403 exerci-

188 2446 303 2491 tum
335 2438 752 2508 quadringentis
779 2439 977 2495 vestris
1002 2438 1097 2504 m,
1123 2438 1169 2495 si
1213 2438 1357 2495 fossa
1412 2440 1622 2495 murive
1680 2455 1788 2497 non

187 2530 512 2601 impediant,
544 2546 705 2601 posse
742 2532 1014 2597 occidere,
1041 2532 1127 2587 cui
1159 2532 1445 2597 exercitui,
1476 2542 1538 2588 ut
1565 2542 1697 2603 puto
1721 2535 1790 2589 ad

184 2620 571 2677 contumeliam
634 2631 920 2690 vestram,
982 2622 1256 2679 hominem
1326 2624 1791 2695 quandam—sed

186 2714 463 2783 quandam
494 2729 559 2769 eo
584 2713 716 2782 dixi,
742 2716 868 2786 quia
893 2731 1008 2771 mas
1038 2730 1162 2771 esse
1186 2716 1370 2782 desiit,
1415 2716 1611 2773 mulier
1669 2717 1789 2774 fieri

185 2807 787 2877 nequit—prmposuit.
816 2807 1141 2863 Adelbertus
1167 2815 1295 2865 octo
1323 2808 1473 2863 milia
1528 2809 1789 2863 loricatoc

186 2912 308 2952 rum
339 2913 397 2952 se
445 2898 648 2953 habere
702 2897 1006 2970 Nicephoro
1056 2900 1357 2965 mandavit,
1418 2900 1739 2970 quibuscum
1774 2940 1791 2969 ,

183 2990 391 3062 Argivo
416 2991 838 3047 adminiculante
870 2993 1135 3059 exercitu,
1167 3008 1264 3049 vos
1297 2992 1492 3064 fugare
1529 3002 1624 3048 aut
1652 3002 1798 3049 ster-

186 3098 321 3139 nere
346 3084 497 3149 dicit,
528 3086 848 3157 rogavitque
870 3085 1125 3140 aamulum
1150 3093 1421 3153 vestrum,
1463 3094 1522 3140 ut
1561 3087 1795 3157 pecunia

186 3177 263 3234 illi
289 3178 622 3244 mitteretur,
649 3194 755 3249 qua
800 3177 919 3235 illos
970 3179 1181 3236 avidius
1233 3179 1301 3234 ad
1355 3194 1592 3251 pugnam
1634 3178 1793 3236 insti-

184 3282 362 3343 garet.

256 3364 350 3421 50.
390 3364 497 3421 Sed
521 3381 686 3431 nunc,
710 3366 911 3422 domini
943 3366 1070 3432 mei,

253 3478 479 3541 Accipite
506 3479 643 3541 (172)
669 3480 867 3529 insidias
887 3479 1129 3540 Danaum,
1152 3485 1206 3531 et
1226 3481 1431 3532 crimine
1454 3480 1516 3531 ab
1540 3493 1636 3530 uno

252 3540 446 3592 Discite
470 3540 663 3591 omnes.

183 3647 530 3719 Nicephorus
555 3649 826 3719 mancipio
860 3650 955 3713 illi,
995 3649 1078 3703 cui
1104 3648 1455 3705 eollectitium
1484 3648 1792 3718 atque’con—

185 3744 478 3800 duc-tilium
507 3744 910 3798 commendavit
952 3745 1279 3802 exercitum.
1332 3742 1619 3812 pecuniam
1656 3744 1792 3799 satis

186 3854 441 3909 magnam
469 3838 573 3892 hac
623 3838 830 3893 ratione
873 3837 1041 3905 dedit,
1094 3846 1152 3892 ut
1205 3837 1247 3891 si
1302 3836 1624 3893 Adelhertus
1667 3852 1790 3892 cum

184 3942 395 4002 septem
453 3931 670 3986 milibus
726 3931 1077 3986 loricatorum
1124 3939 1181 3987 et
1224 3946 1291 3987 eo
1339 3931 1590 4001 amplius,
1651 3931 1794 3986 sicut

186 4026 489 4088 mandavit,
511 4041 568 4081 sc
596 4025 809 4089 adierit,
842 4036 969 4080 tunc
997 4026 1310 4081 donativum
1342 4026 1421 4079 cis
1448 4024 1576 4078 illud
1609 4023 1792 4079 distri-

184 4115 342 4181 buat,
365 4115 514 4171 Cona
547 4117 713 4171 frater
752 4132 884 4172 suus
908 4132 1030 4172 cum
1087 4117 1204 4187 ipso
1251 4125 1304 4170 et
1336 4115 1587 4185 Argolico
1634 4131 1793 4170 exer-

183 4212 297 4267 citu
323 4227 422 4267 vos
446 4213 742 4283 impugnet,
775 4212 1097 4268 Adelbertus
1142 4225 1272 4265 vero
1321 4211 1511 4265 Barcis
1564 4210 1793 4279 diligen-

188 4314 273 4358 ter
307 4303 670 4371 custodiatur,
702 4306 871 4361 donec
902 4304 1103 4373 potitus
1134 4303 1360 4359 victoria
1397 4302 1564 4357 frater
1581 4302 1787 4359 redeat.

187 4397 345 4466 Quod
381 4399 429 4454 si
458 4400 682 4455 veniens
711 4408 785 4455 tot
812 4399 1092 4454 hominum
1122 4399 1272 4454 milia
1308 4413 1414 4452 non
1466 4397 1701 4459 duxerit,
1733 4403 1793 4451 ut

185 4492 460 4561 capiatur,
484 4491 775 4555 vinciatur,
808 4491 1071 4561 vobisque
1095 4506 1161 4545 eo
1219 4489 1563 4544 venientibus
1611 4488 1793 4543 trada-

188 4590 299 4646 tur,
337 4582 559 4652 iusuper
584 4591 641 4638 et
676 4583 903 4653 pecunia
926 4596 1047 4652 qure
1082 4581 1131 4637 ei
1161 4581 1462 4636 debebatur
1496 4589 1707 4634 vestras
1738 4579 1791 4633 in

188 4688 390 4727 manus
413 4671 752 4739 conferatur,
799 4674 989 4728 edixit.
1032 4671 1078 4727 Ο
1100 4672 1449 4728 bellatorem!
1481 4686 1514 4726 ο
1536 4671 1785 4727 ﬁdelem!

188 4760 431 4819 Prodere
459 4764 630 4834 cupit,
664 4765 749 4819 cui
787 4764 857 4795 ⁸⁰⁹
912 4764 1252 4819 defensorem
1296 4773 1484 4833 parat;
1543 4762 1794 4818 defenso-

184 4866 304 4910 rem
344 4864 525 4924 parat,
550 4870 713 4925 quem
736 4856 1162 4926 perdere-cupit;
1197 4855 1251 4910 in
1294 4867 1487 4910 neutro
1523 4854 1676 4921 ﬁdes,
1738 4854 1792 4910 in

184 4954 424 5015 utroque
458 4944 786 5011 infidelitas;
818 4944 968 5011 fecit,
991 4960 1097 5017 quo
1127 4962 1232 5002 non
1261 4946 1428 5016 eguit,
1448 4945 1619 5017 eguit,
1647 4944 1793 5015 quod

182 5051 293 5093 non
323 5036 553 5095 fecerat.
586 5035 696 5091 Sed
741 5045 887 5102 esto;
931 5035 1143 5105 facerit,
1197 5046 1258 5093 ut
1299 5037 1518 5094 Graecos
1568 5037 1787 5093 decuit!

184 5124 296 5182 Nos
328 5128 397 5184 ad
427 5126 770 5199 propositum
794 5127 1097 5184 redeamus.

254 5219 346 5275 5i.
426 5216 856 5286 Quartodecimo
909 5219 1173 5277 Calendas
1234 5220 1463 5297 Augusti
1516 5217 1654 5292 (Jul.
1706 5219 1795 5291 l9)

1962 2008 2052 2063 '52.
2085 2007 2185 2063 Cui
2222 2026 2236 2062 :
2276 2026 2295 2060 ‹
2326 2008 2541 2075 Jubeat,
2573 2008 2815 2079 inquam,
2856 2008 3265 2064 sanctissimum
3323 2006 3494 2076 impe-

1892 2100 2035 2155 rium
2061 2099 2131 2131 ⁸¹⁹
2163 2106 2331 2163 tuum,
2360 2114 2451 2155 me
2497 2100 2551 2155 in
2609 2099 2822 2154 Italiam
2868 2099 2979 2155 cito
3022 2096 3293 2164 advolare,
3346 2104 3495 2152 certa

1891 2193 2122 2257 ratione,
2145 2192 2289 2263 quod
2339 2192 2587 2247 dominus
2634 2207 2812 2258 meus,
2866 2207 2989 2263 quae
3030 2190 3147 2245 vult
3202 2189 3496 2260 imperium

1893 2291 2069 2349 tuum,
2104 2283 2392 2354 compleat,
2416 2292 2471 2339 et
2493 2283 2647 2339 laetus
2668 2299 2798 2354 ergo
2822 2284 2889 2338 ad
2918 2292 2972 2339 te
3016 2283 3254 2339 redeam.
3287 2301 3305 2335 ι
3340 2278 3497 2349 Quod

1892 2387 2001 2443 qua
2027 2383 2205 2429 mente
2233 2375 2487 2441 dixerim,
2515 2390 2617 2430 nec
2646 2375 2844 2445 ipsum,
2898 2373 3035 2445 proh
3080 2373 3264 2430 dolor!
3314 2371 3494 2426 latuit.

1890 2469 2029 2523 Nam
2062 2470 2370 2535 subridens,
2398 2469 2558 2525 simul
2596 2469 2774 2539 capite
2829 2468 3029 2534 innuit,
3093 2480 3289 2536 meque
3350 2472 3498 2519 terra

1892 2561 1961 2597 ⁶¹¹
1991 2572 2148 2618 tenus
2170 2578 2228 2618 se
2250 2562 2567 2618 adorantem
2613 2571 2778 2634 atque
2808 2563 3097 2618 abeuntem
3136 2567 3313 2624 extra,
3363 2556 3498 2613 foris

1893 2672 2140 2720 manere,
2175 2665 2340 2726 atque
2380 2657 2446 2711 ad
2478 2670 2716 2722 coenam,
2741 2656 2871 2713 allio
2901 2666 2956 2711 et
3004 2668 3138 2725 cepa
3169 2654 3306 2708 bene
3340 2651 3495 2707 olen-n

1896 2751 2174 2816 tein,oleo
2195 2760 2250 2804 et
2299 2765 2430 2821 garo
2478 2750 2774 2815 sordidam,
2824 2748 3012 2805 venire
3064 2746 3499 2818 praecepit;ma-

1894 2844 2124 2914 guisque
2165 2842 2251 2897 die
2280 2842 2368 2897 illa
2395 2840 2546 2898 effeci
2595 2840 2868 2912 precibus,
2917 2847 2980 2895 ut
3032 2854 3230 2894 munus
3295 2850 3497 2905 meum,

1894 2936 2040 3005 quod
2065 2948 2206 3004 saepe
2228 2942 2552 3004 aspernatus
2578 2942 2720 2999 erat,
2750 2932 3068 3003 dignaretur
3095 2929 3364 2998 accipere.

1967 3049 2058 3105 55.
2090 3049 2478 3105 Residentibus
2521 3050 2707 3120 itaque
2758 3048 2916 3103 nobis
2954 3047 3022 3103 ad
3074 3062 3320 3102 mensam
3381 3045 3500 3101 sine

1897 3144 2183 3199 latitudine
2237 3143 2471 3214 longam,
2532 3143 2756 3215 pallingi
2803 3142 2875 3175 ⁵¹³
2931 3140 3218 3196 latitudine
3276 3146 3498 3205 tectam,

1819 3242 1866 3306 ο
1897 3235 2233 3307 longitudine
2288 3236 2653 3300 seminudam,
2696 3248 2765 3288 ex
2814 3232 3065 3298 Francis,
3118 3246 3223 3301 quo
3278 3228 3499 3285 nomine

1897 3338 2006 3385 tam
2038 3328 2262 3383 Latinos
2298 3344 2462 3399 quam
2491 3328 2765 3383 Teutones
2816 3325 3253 3396 comprehendit,
3310 3324 3500 3378 ludum

1892 3422 2111 3487 habuit;
2141 3421 2457 3492 rogavitque
2482 3434 2587 3485 me,
2617 3428 2699 3485 ut,
2732 3433 2842 3490 quo
2872 3418 2927 3472 in
2975 3416 3096 3473 loco
3151 3416 3499 3486 episcopatus

1893 3514 2000 3570 mei
2026 3513 2219 3569 civitas
2243 3520 2407 3576 esset,
2436 3525 2613 3582 quove
2631 3510 2852 3565 nomine
2874 3507 3175 3573 frueretur,
3196 3507 3490 3563 edicerem.

1892 3603 1990 3659 Cui
2021 3621 2033 3657 :
2067 3621 2086 3654 ι
2122 3602 2411 3667 Cremona,
2446 3602 2693 3672 inquam,
2725 3599 2963 3655 Eridano
2999 3597 3287 3653 fluviorum
3333 3595 3498 3650 Italiae

1894 3696 2005 3767 regi
2038 3696 2172 3751 satis
2197 3694 2393 3749 vicina.
2418 3693 2485 3747 Et
2515 3692 2643 3763 quia
2667 3690 2957 3760 imperium
3008 3698 3161 3745 tuum
3212 3686 3497 3743 chelandia

1858 3802 1960 3843 'co
1987 3788 2202 3842 mittere
2230 3793 2506 3856 pr0perat,
2551 3783 2724 3853 prosit
2768 3781 2901 3836 mihi
2946 3789 2998 3836 te
3046 3780 3269 3846 vidisse,
3323 3778 3499 3850 prosit

1894 3879 2212 3951 agnovisse!
2239 3878 2317 3932 Da
2345 3892 2533 3948 pacem
2559 3876 2697 3939 loco,
2736 3883 2797 3929 ut
2852 3889 2949 3944 per
2999 3881 3051 3929 te
3083 3872 3273 3928 saltem
3328 3870 3499 3942 possit

1894 3972 2213 4037 subsistere,
2244 3970 2336 4040 qui
2366 3970 2463 4024 tibi
2490 3983 2597 4024 non
2626 3974 2805 4037 potest
2831 3964 3122 4020 resistere!
3150 3984 3169 4017 ι
3210 3964 3317 4019 Sed
3348 3960 3498 4016 vafer

1894 4063 2123 4119 ille:th
2148 4065 2410 4137 εἰρωνικις
2434 4074 2516 4115 me
2541 4059 2743 4115 dixisse
2774 4057 3065 4129 cognovit,
3120 4054 3499 4123 submissoque

1892 4156 2042 4211 vultu
2076 4169 2133 4210 se
2160 4156 2233 4209 ita
2256 4153 2526 4208 facturum
2560 4151 2829 4221 promisit,
2852 4148 3170 4221 juravitque
3220 4146 3352 4201 mihi
3400 4159 3498 4216 per

1894 4248 2067 4304 sancti
2106 4248 2191 4301 sui
2216 4245 2473 4300 virtutem
2533 4243 2747 4314 imperii
2778 4242 2854 4297 nil
2892 4258 2980 4298 me
3005 4241 3132 4297 mali
3187 4252 3497 4311 passurum,

1894 4339 1988 4394 sed
2013 4350 2271 4408 prospere
2292 4335 2406 4392 suis
2434 4351 2557 4390 cum
2586 4333 2888 4391 chelandiis
2912 4348 3086 4405 usque
3122 4332 3177 4387 in
3216 4328 3497 4386 Anchoni-

1894 4437 2080 4482 tanum
2106 4435 2321 4498 portum
2344 4426 2453 4480 cito
2478 4433 2906 4495 perventurum;
2953 4431 3010 4479 et
3052 4422 3183 4478 mihi
3231 4422 3285 4477 id
3337 4429 3499 4476 tunso

1896 4521 2078 4593 digitis
2101 4528 2319 4590 pectore
2341 4516 2565 4587 juravit.

1971 4652 2059 4706 54.
2091 4651 2293 4706 Verum
2330 4646 2677 4719 quamimpie
2690 4645 3040 4718 pejeraverit,
3058 4641 3496 4699 animadvertite.

1899 4748 2027 4804 Hmc
2061 4754 2201 4811 acta,
2247 4744 2363 4798 haec
2415 4741 2562 4796 dicta
2600 4748 2727 4796 sunt
2762 4739 2973 4796 decimo
3021 4736 3180 4792 tertio
3228 4733 3497 4790 Kalendas

1898 4838 2147 4911 Augusti,
2179 4834 2417 4892 secunda
2440 4832 2579 4888 feria
2605 4830 2774 4902 (175),
2818 4844 2927 4900 quo
2954 4844 3024 4885 ex
3075 4826 3163 4882 die
3225 4838 3394 4896 usque
3439 4822 3497 4876 in

1900 4946 2101 4988 nonum
2134 4925 2527 4999 stipendiorum
2555 4922 2691 4979 nihil
2723 4924 2792 4977 ab
2820 4934 2886 4976 eo
2914 4917 3119 4988 recepi,
3163 4934 3289 4975 cum
3350 4920 3502 4969 tanta

1905 5033 2047 5082 esset
2070 5016 2543 5088 Constantinopoli
2586 5017 2795 5079 fames,
2836 5021 2898 5068 ut
2918 5010 3106 5084 viginti
3138 5013 3383 5083 quinque
3411 5021 3504 5062 as-

1904 5112 2080 5179 seclas
2110 5134 2258 5177 meos
2285 5128 2342 5176 et
2372 5122 2609 5187 quatuor
2658 5110 2914 5166 custodes
2940 5108 3168 5164 Graecos
3196 5108 3370 5166 tribus
3414 5116 3509 5155 au-

1908 5215 2015 5271 reis
2038 5230 2143 5271 una
2171 5228 2327 5270 creua
2358 5207 2643 5277 nequirem
2668 5200 2919 5259 reticere.
2940 5199 3150 5269 Quarta
3175 5200 3312 5261 feria
3342 5194 3513 5267 ipsius
