4012 5340
1603 301 2035 361 ιιυΤΡιιΑΝιιιπ
2066 288 2552 357 cnenomn'usrs
2586 302 2903 393 EPISCOPt

3683 300 3785 358 9“

507 416 863 483 hebdomadze
890 414 1028 491 (Jul.
1054 415 1150 489 32)
1194 414 1532 486 Nicephorus
1576 414 2098 487 Constantinopolim
2126 418 2179 479 Α
2207 423 2417 478 verunt,
2448 430 2506 470 se
2542 431 2664 486 quas
2692 414 3001 470 latraveran
3068 429 3179 472 non
3227 420 3441 485 sponte,
3486 412 3587 470 sed
3622 413 3784 487 impe-

515 511 812 584 cgreditnr,
843 509 899 569 in
919 509 1174 582 Assyrios
1198 506 1558 579 proiecturus.

583 604 678 659 55.
718 603 917 671 Quinta
940 601 1078 659 feria
1109 600 1245 674 (Jul.
1268 600 1360 674 25)
1392 599 1563 658 frater
1583 610 1717 658 suus
1745 615 1833 656 me
1862 599 2100 656 accersi-

515 699 611 764 vit,
643 712 806 769 quem
844 697 919 754 ita
945 696 1239 755 convenit:
1287 714 1307 748 ι
1340 694 1541 752 Sancto
1590 695 1916 766 imperatore
1970 708 2103 763 prae-

510 791 698 858 misso,
725 789 872 847 domi
905 790 1069 848 hodie
1116 790 1488 862 dispositionis
1521 789 1759 860 ejusdem
1788 804 1951 845 causa
1982 789 2109 844 sub.

507 886 660 952 stiti;
693 900 841 942 nunc
863 886 910 942 si
940 886 994 942 te
1018 893 1270 942 sanctum
1292 885 1673 955 imperatorem
1705 883 1915 939 visendi
1962 883 2103 939 desi-

506 977 724 1034 derium
779 977 1026 1046 obtinet,
1077 985 1133 1034 et
1193 978 1261 1037 si.
1287 978 1620 1050 quidquam,
1685 976 1830 1046 quod
1873 974 2102 1031 necdum

509 1069 839 1138 prodideris,
869 1070 1058 1136 habes,
1101 1069 1360 1126 edissere.
1392 1090 1411 1123 ι
1466 1068 1563 1126 Cui
1619 1069 1878 1140 inquam:
1918 1086 1940 1121 ι
1992 1065 2104 1124 Nec

512 1170 759 1218 sanctum
784 1161 1167 1233 imperatorem
1208 1161 1449 1229 videndi,
1506 1176 1607 1218 nec
1647 1161 1725 1216 rei
1781 1174 1931 1216 novre
1977 1175 2104 1213 nar-

511 1252 697 1309 randa
731 1251 905 1309 habeo
953 1268 1206 1319 causam;
1257 1270 1421 1309 unum
1462 1253 1565 1308 hoc
1609 1263 1756 1323 peto,
1808 1250 2101 1308 secundum

514 1344 692 1402 sancti
712 1344 927 1416 imperii
951 1346 1367 1417 promissionem
1402 1355 1460 1400 ut
1484 1345 1782 1401 chelandiis
1808 1344 1860 1398 in
1892 1344 2105 1400 Anche-

516 1435 759 1492 nitauum
781 1444 998 1508 portum
1029 1453 1200 1509 usque
1223 1437 1474 1493 deducat.
1514 1458 1535 1490 ι
1582 1438 1699 1503 Quo
1747 1435 1932 1491 audito
1952 1465 2023 1475 ——
2045 1444 2105 1490 ut

514 1536 643 1584 ﬂint
670 1526 844 1585 Graeci
883 1542 984 1605 per
1029 1538 1191 1600 caput
1231 1529 1455 1595 alterius
1509 1544 1722 1600 semper
1759 1530 1943 1599 jurare
2008 1542 2107 1598 pa-

516 1620 819 1691 rati—per
845 1621 1253 1693 imperatorium
1283 1632 1468 1694 caput,
1497 1638 1592 1694 per
1614 1625 1779 1679 vitam
1807 1622 2103 1692 propriam,

516 1726 616 1783 per
651 1712 873 1781 liberos,
911 1731 1049 1786 quos
1078 1717 1216 1772 Deus
1239 1717 1334 1783 ita,
1363 1727 1422 1771 ut
1443 1733 1630 1773 verum
1675 1717 1833 1781 dixit,
1885 1732 2107 1772 conser-

2208 515 2387 563 ratore
2418 508 2629 564 volente
2659 518 2714 564 et
2740 510 3129 577 comminante,
3161 508 3384 577 dixisse.
3419 506 3533 565 Sed
3565 516 3625 565 et
3650 508 3786 565 idem

2205 599 2539 671 Nicephorus
2566 604 2619 658 in
2651 604 2840 661 eadem
2873 620 3031 663 coena
3062 620 3148 663 me
3182 604 3560 677 interrogavit,
3606 603 3655 659 si
3698 617 3789 662 vos

2203 693 2486 763 perivolia,
2548 695 2600 750 id
2653 706 2736 751 est
2764 697 2959 753 briolia
2997 697 3147 771 (175)
3183 697 3268 753 vel
3305 697 3353 752 si
3406 697 3465 752 in
3515 694 3790 767 perivoliis

2204 799 2438 852 onagros
2487 786 2570 841 vel
2601 795 2797 843 caetera
2848 788 3120 845 amimalia
3168 788 3493 846 haberetis?
3522 786 3627 844 Cui
3650 802 3788 853 cum,

2205 891 2300 931 vos
2331 878 2502 933 brolia
2533 887 2589 933 et
2633 879 2689 934 in
2718 879 2907 936 broliis
2935 881 3191 937 animalia
3210 922 3227 947 ,
3275 880 3500 953 onagris
3528 879 3792 950 exceptis,

2206 967 2435 1038 habere,
2458 968 2779 1027 allirmarem
2806 988 2820 1026 :
2859 991 2879 1025 ι
2908 972 3108 1028 Ducam
3141 981 3209 1037 te,
3236 971 3435 1042 inquit,
3468 970 3526 1026 in
3549 976 3794 1025 nostrum

2204 1059 2547 1129 perivolium,
2593 1060 2747 1130 cujus
2782 1062 3208 1135 magnitudinem
3249 1070 3306 1118 et
3330 1074 3590 1134 onagros,
3632 1059 3689 1114 id
3716 1066 3798 1115 est

2206 1152 2494 1224 sylvestres
2518 1154 2723 1221 asinos,
2756 1163 2811 1210 te
2837 1156 3041 1211 vidisse
3070 1155 3377 1213 miraberis.
3407 1174 3427 1208 ι
3458 1153 3671 1209 Ductus
3699 1151 3795 1207 ita-

2205 1261 2311 1316 que
2337 1247 2390 1301 in
2425 1248 2744 1319 perivolium
2792 1249 2925 1305 satis
2954 1264 3232 1321 magnum,
3278 1255 3656 1311 montuosum,
3688 1242 3801 1299 fru-

2206 1344 2484 1404 ctuosum,
2539 1338 2763 1394 minime
2794 1353 3067 1395 amoenum
3098 1322 3189 1408 “ﬂ
3224 1353 3349 1395 cum
3378 1337 3617 1408 pileatns
3649 1335 3799 1406 equi-

2207 1437 2402 1494 tarem,
2438 1446 2631 1500 meque
2659 1430 2993 1501 coropalates
3036 1447 3067 1486 a
3095 1432 3253 1501 longe
3284 1429 3650 1502 prospiceret,
3690 1426 3799 1483 ﬁlio

2207 1522 2459 1580 celeriter
2488 1525 2695 1582 directo
2742 1526 2874 1581 mihi
2918 1526 3195 1582 mandavit
3222 1524 3304 1580 fas
3328 1539 3437 1581 non
3458 1536 3587 1581 esse
3610 1537 3799 1595 quem-

2207 1614 2377 1685 piam,
2425 1615 2516 1669 ubi
2554 1616 2850 1685 imperator
2896 1625 3063 1683 esset,
3104 1615 3385 1687 pileatum,
3416 1615 3513 1670 sed
3546 1614 3798 1669 teristra-

2210 1717 2322 1762 tum
2384 1707 2656 1763 incedere.
2711 1706 2853 1763 Cui:
2909 1726 2929 1760 ι
2956 1707 3229 1774 Mulieres,
3283 1707 3506 1777 inquam
3535 1745 3555 1771 ,
3601 1714 3802 1760 nostra

512 1813 710 1871 vet,se
748 1806 803 1862 id
842 1807 1260 1878 completurum,
1305 1807 1491 1878 jurare
1539 1810 1722 1880 εωρὶι,
1775 1809 1873 1866 Cui
1928 1824 2049 1865 cum
2084 1827 2099 1863 ε
2133 1792 2179 1852 Β
2210 1798 2423 1855 tiaratae
2456 1794 2517 1853 et
2543 1799 2852 1864 teristratas,
2890 1799 2995 1854 viri
3026 1800 3274 1869 equitant
3306 1796 3515 1869 pileati.
3571 1793 3689 1852 Nec
3711 1794 3801 1850 de-

524 1909 545 1945 σ
574 1893 837 1963 Quando?
870 1918 891 1953 ν
919 1900 1180 1967 dicerem,
1208 1919 1228 1951 ι
1256 1900 1379 1956 Mox
1400 1902 1730 1968 discedente,
1758 1901 1954 1972 inquit,
2010 1902 2110 1956 im-

522 1997 815 2058 peratore;
860 1990 1177 2064 Delongaris
1232 1994 1398 2060 enim,
1447 1995 1549 2050 sub
1597 1993 1749 2064 cujus
1803 2011 1963 2049 manu
2012 2010 2109 2049 na-

518 2076 665 2133 vium
691 2088 776 2137 est
803 2082 980 2138 omnis
1020 2093 1281 2154 potestas,
1322 2084 1612 2141 recedente
1650 2093 1836 2140 sancto
1874 2085 2111 2155 impera-

518 2175 657 2234 tore,
683 2185 869 2227 curam
902 2173 977 2228 tui
1005 2184 1149 2245 aget.
1185 2194 1204 2227 ι
1236 2175 1350 2232 Hac
1373 2193 1468 2247 spe
1499 2176 1831 2241 luditicatus,
1855 2175 2009 2231 laetus
2040 2176 2109 2234 ab

514 2273 582 2317 oo
612 2262 832 2319 recessi.

592 2352 684 2409 56.
709 2353 841 2413 Post
869 2367 1186 2430 sequentem
1213 2376 1343 2416 vero
1371 2361 1534 2426 diem,
1583 2362 1850 2419 sabbatho
1899 2360 2111 2417 scilicet

519 2442 655 2527 μαι.
678 2447 871 2522 25),ἱιι
893 2450 1188 2518 Umbriam,
1216 2455 1307 2524 qui
1335 2463 1418 2511 est
1456 2456 1607 2513 locus
1655 2457 1840 2513 decem
1882 2467 1939 2513 et
1987 2466 2111 2514 octo

516 2536 820 2597 miliaribus
870 2541 1333 2618 Constantinopoli
1380 2548 1985 2623 distans,~Nicephorus
2022 2566 2115 2611 me

518 2628 781 2685 accersiri
808 2630 995 2702 jubet;
1027 2635 1112 2690 cui
1141 2645 1197 2691 et
1239 2637 1314 2692 ait
1358 2656 1371 2692 :
1426 2658 1445 2691 ι
1485 2639 1750 2696 Putabam
1800 2650 1851 2696 te
1888 2641 2110 2712 quidem

516 2716 697 2774 virum
724 2736 980 2795 magnum
1001 2734 1057 2781 et
1093 2728 1379 2787 honestum
1402 2745 1465 2787 ea
1496 2733 1669 2805 gratia
1717 2733 1822 2790 huc
1868 2735 2107 2803 venisse,

520 2815 602 2875 ut,
626 2812 894 2884 completa
943 2817 1256 2876 omnimodo
1297 2821 1573 2879 voluntate
1618 2840 1758 2888 mea,
1789 2834 2107 2895 perpetuam

519 2898 665 2957 inter
703 2919 788 2960 me
816 2913 871 2961 et
889 2906 1167 2965 dominum
1208 2921 1356 2968 tuum
1382 2916 1742 2972 constitueres
1788 2918 2104 2973 amicitiam.

460 3046 475 3057 ,
520 2992 591 3049 Et
615 2996 874 3065 quoniam
898 2999 970 3057 ob
1007 3003 1185 3059 cordis
1215 3006 1291 3060 tui
1320 3006 1573 3062 duritiem
1616 3009 1672 3062 id
1719 3009 1902 3064 facere
1945 3009 2106 3079 nolis,

516 3098 689 3141 unum
713 3085 907 3144 saltem
952 3092 1099 3165 quod
1122 3092 1301 3150 facere
1323 3097 1470 3166 justa
1493 3098 1704 3154 ratione
1741 3100 1936 3169 possis,
1987 3098 2105 3155 etii-

518 3176 662 3247 cito;
696 3180 905 3240 scilicet
926 3183 1204 3243 dominum
1234 3198 1384 3244 tuum
1412 3192 1748 3264 principibus
1774 3192 2032 3265 Capuano
2053 3205 2108 3251 et

518 3268 921 3343 Beneventano,
946 3279 1119 3335 servis
1141 3281 1296 3348 meis,
1321 3298 1458 3353 quos
1489 3299 1805 3357 oppugnare
1857 3287 2108 3357 dispono,

518 3361 727 3419 nullum
754 3367 1040 3426 consilium
1067 3370 1409 3429 collaturum.
1445 3375 1557 3432 Sua
1578 3377 1671 3449 qui
1699 3393 1808 3435 non
1854 3379 2107 3452 largitur,

520 3464 705 3512 nostra
722 3458 916 3517 saltem
941 3461 1197 3520 dimittat.
1228 3464 1364 3522 Nota
1387 3468 1458 3501 ⁸¹³
1486 3486 1574 3526 res
1594 3479 1699 3540 est,
1724 3474 1889 3543 lquod
1919 3488 2109 3529 eorum

518 3558 704 3639 patres
731 3560 788 3607 et
811 3552 899 3609 avi
925 3563 1113 3612 nostro
1143 3557 1373 3631 imperio
1417 3561 1617 3617 tributa
1645 3564 1944 3631 dederunt;
1976 3573 2031 3620 at
2056 3562 2109 3621 id

522 3636 654 3696 istos
674 3643 828 3701 brevi
860 3652 1106 3721 tempore
1130 3647 1391 3720 facturos,
1418 3652 1629 3724 imperii
1665 3657 1837 3712 nostri
1900 3658 2110 3714 exerci-

516 3739 605 3789 tus
631 3732 920 3795 laborabit.
952 3759 972 3794 ι

588 3821 688 3883 Cui
717 3828 983 3900 inquam:
1018 3851 1039 3885 ι
1075 3832 1353 3904 Principes
1376 3837 1465 3894 isti
1511 3841 1755 3910 apprime
1803 3840 2011 3897 nobiles
2054 3848 2109 3898 et

519 3912 720 3973 domini
751 3920 861 3976 mei
887 3934 1017 3980 sunt
1046 3926 1287 3995 milites;
1321 3929 1493 4000 quisi
1522 3933 1754 3987 senserit
1806 3934 2107 4003 exercitum

518 4014 672 4063 tuum
702 4025 865 4082 super
887 4029 981 4071 eos
1006 4020 1237 4086 irruere,
1274 4020 1353 4077 eis
1398 4025 1584 4094 copias
1630 4026 1827 4094 mittet,
1885 4027 2107 4097 quibus-

517 4112 641 4155 cum
665 4109 787 4159 tuos
814 4115 1116 4177 conterere,
1144 4101 1328 4168 et'duo
1380 4114 1470 4171 illa
1524 4115 1784 4184 themata,
1821 4133 1939 4189 qua:
1968 4117 2108 4174 ultra

518 4206 673 4251 mare
694 4195 886 4268 habes,
912 4200 1005 4258 tibi
1030 4205 1398 4275 praevalebunt
1420 4208 1656 4264 auferre.
1684 4229 1701 4260 ι
1723 4208 1872 4265 Tunc
1894 4208 2107 4267 bufonis

518 4285 576 4342 in
603 4290 821 4347 modum
852 4296 1175 4355 tumefactus
1200 4309 1255 4354 et
1295 4312 1602 4359 commotus
1629 4321 1640 4358 :
1673 4323 1692 4356 ι
1725 4302 1974 4370 Discede,
2024 4303 2107 4358 in-

518 4374 655 4470 quit.
685 4378 791 4470 Per
816 4398 926 4453 me,
956 4396 1054 4457 per
1074 4388 1166 4465 qui
1210 4406 1296 4446 mc
1348 4392 1509 4449 talem
1565 4410 1803 4466 genuere
1852 4404 2105 4466 parentes

519 4464 690 4545 (1⁸η),
717 4464 913 4533 faciam
942 4489 1000 4534 ut
1019 4464 1164 4538 aliud
1194 4483 1445 4543 dominus
1473 4464 1618 4554 tuus,
1647 4504 1812 4560 quam
1853 4464 2101 4546 deserto-

516 4576 606 4620 res
640 4580 825 4625 servos
850 4570 1157 4643 defendere,
1194 4579 1412 4651 cogitet.
1442 4599 1461 4634 ι

562 4655 678 4758 .37.
706 4659 951 4758 Cumque
971 4665 1205 4758 abirem,
1221 4667 1385 4739 jussit
1408 4673 1691 4743 interpreti
1737 4690 1823 4729 me
1849 4674 1951 4730 sibi
1977 4690 2105 4730 con-

516 4749 703 4804 vivam
731 4749 893 4820 ﬁeri;
943 4757 1239 4829 accitisque
1279 4765 1576 4820 eorundem
1608 4766 1909 4836 principum
1937 4766 2112 4824 fratre

515 4848 575 4931 et
616 4840 877 4915 Bysantio
923 4847 1227 4920 Barisiano,
1280 4870 1508 4928 magnas
1550 4858 1604 4913 in
1643 4875 1739 4915 vos
1780 4869 2109 4931 gentemque

513 4929 767 5025 Catinam
805 4945 862 4993 et
890 4939 1239 5001 Teutonicam
1264 4950 1625 5007 contumelias
1642 4929 1906 5008 evomere
1924 4929 2107 5025 jussit.

516 5022 721 5082 Verum
757 5044 885 5087 cum
920 5048 953 5089 a
1000 5037 1219 5095 stu-dide
1267 5056 1424 5096 omna
1450 5041 1522 5079 ⁸¹⁸
1579 5045 1696 5096 inse
1747 5022 2103 5096 discederem.

2135 4535 2187 4597 D

2212 1901 2301 1950 cet
2334 1908 2432 1949 vos
2461 1893 2786 1964 compellere
2821 1894 3056 1964 patrium
3089 1908 3176 1949 me
3216 1893 3306 1949 hic
3329 1902 3543 1947 mutare
3568 1905 3801 1956 morem,

2213 2003 2337 2043 cum
2369 1996 2602 2051 vestros,
2648 2002 2748 2044 nos
2778 1987 3063 2063 adeuntes,
3095 1987 3331 2058 patrium
3373 1999 3585 2041 morem
3616 1992 3805 2039 tenere

2213 2078 2494 2147 sinamus;
2528 2081 2785 2136 manicati
2807 2081 2974 2147 enim,
3002 2079 3454 2147 fasciati,tibulati
3477 2079 3572 2146 ⁵⁸⁸,
3598 2077 3802 2142 criniti,

2215 2170 2372 2228 talari
2403 2172 2586 2227 tunica
2621 2171 2815 2238 induti,
2859 2187 3028 2242 penes
3071 2188 3171 2229 nos
3205 2171 3472 2243 equitant,
3521 2169 3799 2235 incedunt,

2214 2279 2416 2319 mensae
2459 2265 2740 2331 assident,
2795 2274 2885 2331 et,
2924 2265 3071 2336 quod
3121 2265 3322 2322 nostris
3348 2262 3611 2320 omnibus
3643 2260 3803 2316 nimis

2214 2367 2372 2428 turpe
2416 2358 2652 2426 videtur,
2706 2359 2808 2431 ipsi
2843 2359 2943 2415 soli
2991 2358 3171 2431 rapite
3214 2365 3406 2429 operto
3442 2357 3803 2427 imperatores

2214 2457 2429 2506 nostros
2453 2449 2861 2506 deosculantur.
2878 2479 2950 2491 -—
2963 2449 3117 2516 Quod
3141 2464 3246 2506 non
3272 2447 3513 2519 amplius
3527 2447 3653 2503 ﬁeri
3666 2446 3804 2504 Dens

2211 2543 2530 2616 permittat!
2574 2543 2774 2600 tacitus
2811 2543 2944 2599 dixi.
2987 2572 3061 2584 -—-
3092 2542 3388 2600 Revertere
3424 2540 3603 2613 ergo!
3642 2558 3666 2592 ι
3718 2538 3805 2595 in-

2211 2637 2347 2708 quit.
3070 2674 3089 2691 χ

2283 2729 2371 2785 38.
2403 2727 2557 2797 Quod
2585 2744 2708 2785 cum
2734 2727 3000 2795 facerem,
3046 2735 3342 2784 occurrunt
3364 2725 3503 2783 mihi
3529 2721 3804 2783 commisti

2212 2825 2442 2896 capreis,
2471 2839 2608 2895 quos
2634 2824 2731 2895 ipsi
2760 2823 2947 2879 dicunt
2973 2821 3185 2894 onagri.
3213 2818 3342 2887 Sed,
3363 2833 3577 2891 quaso,
3617 2816 3803 2888 quales

2211 2919 2437 2989 onagri?
2466 2916 2664 2985 Quales
2685 2926 2812 2972 sunt
2826 2915 3106 2973 Cremonae
3125 2910 3427 2969 domestici.
3449 2907 3619 2967 Color
3638 2908 3801 2975 idem,

2212 3013 2386 3067 forma
2422 3011 2632 3075 eadem,
2691 3010 2855 3066 auriti
2893 3008 3099 3074 itidem,
3150 3004 3364 3064 vocales
3405 3003 3804 3060 similitercnm

2215 3104 2409 3160 rudere
2459 3102 2746 3172 incipiunt;
2802 3100 3116 3173 magnitudo
3164 3114 3271 3156 non
3298 3097 3510 3168 dispar,
3544 3092 3803 3150 velocitas

2215 3215 2345 3263 una,
2377 3196 2558 3252 dulces
2593 3196 2733 3268 lupis
2760 3210 2932 3266 aeque.
2965 3194 3113 3261 Quos
3134 3208 3260 3249 cum
3286 3190 3553 3255 viderem,
3585 3183 3802 3257 θοαιυί-

2217 3291 2350 3346 tanti
2413 3289 2603 3345 Graeco
2631 3290 2850 3359 inquam
2890 3306 2903 3342 :
2975 3305 2994 3339 ι
3033 3283 3351 3356 Huiusmodi
3411 3294 3696 3353 nunquam
3742 3276 3803 3336 in

2216 3383 2448 3439 Saxonia
2476 3383 2604 3438 vidi.
2645 3382 2726 3448 Si,
2758 3382 2953 3452 inquit,
2982 3380 3232 3437 dominus
3259 3386 3383 3434 tuus
3404 3384 3602 3434 sancto
3634 3375 3800 3445 impe-

2214 3475 2382 3531 ratori
2413 3475 2771 3546 morigeratus
2800 3474 2981 3539 fuerit,
3028 3472 3226 3528 multos
3256 3470 3332 3526 illi
3364 3466 3678 3542 huiusmodi
3709 3465 3799 3521 da—

2211 3567 2312 3633 bit,
2341 3566 2551 3636 eritque
2577 3566 2650 3620 illi
2682 3581 2785 3620 non
2814 3580 2979 3634 parva
3009 3564 3203 3636 gloria,
3250 3577 3375 3618 cum
3402 3561 3525 3633 ipse
3557 3556 3800 3631 possitb-

2212 3659 2313 3723 bit,
2372 3657 2515 3729 quod
2564 3672 2723 3714 nemo
2776 3657 3119 3713 dominorum
3173 3656 3527 3713 decessorum
3575 3663 3799 3709 suorum

2211 3752 2365 3808 vidit.
2396 3772 2416 3804 ι
2464 3751 2573 3808 Sed
2599 3752 2726 3807 mihi
2759 3751 2984 3816 credite,
3015 3748 3223 3806 domini
3250 3748 3359 3805 mei
3389 3745 3637 3820 augusti,
3666 3758 3799 3800 eon-

2212 3845 2382 3901 l‘rater
2420 3857 2475 3900 et
2504 3843 2856 3914 coepisc0pus
2880 3856 3033 3897 meus
3077 3840 3327 3898 dominus
3354 3836 3632 3896 Antonius
3656 3830 3803 3909 (176)

2209 3945 2389 4009 potest
2415 3934 2835 3992 noninferiores
2861 3934 3015 4015 (larga,
3051 3942 3110 3988 ut
3137 3929 3467 3989 commercia
3504 3934 3801 3990 testantur,

2210 4044 2333 4101 quae
2369 4028 2507 4083 ﬁunt
2529 4025 2849 4093 Cremorue;
2903 4017 3068 4096 atque
3095 4023 3194 4096 ipsi
3225 4039 3336 4080 non
3366 4021 3563 4097 onagri
3590 4019 3691 4078 sed
3712 4018 3804 4075 do-

2210 4120 2447 4187 mestici,
2473 4135 2581 4175 non
2601 4117 2759 4175 vacui
2787 4116 2881 4175 sed
2906 4116 3154 4182 onerati,
3185 4114 3509 4188 procedunt.
3543 4111 3658 4169 Sed
3682 4125 3806 4169 cum

2210 4229 2275 4270 ea
2303 4211 2552 4282 superius
2575 4211 2776 4281 scripta
2801 4209 2966 4266 verba
2990 4208 3133 4265 idem
3155 4205 3462 4277 Nicephoro
3475 4202 3806 4269 nuntiasset,

2212 4305 2546 4363 transmissis
2596 4302 2731 4358 mibi
2755 4300 2962 4358 duabus
2993 4299 3228 4372 capreis,
3271 4306 3330 4352 ut
3360 4295 3596 4361 abirem,
3641 4293 3810 4348 licat-

2211 4402 2339 4456 tiam
2364 4400 2531 4456 dedit.
2567 4398 2627 4455 In
2653 4397 2954 4454 crastinum
2985 4404 3168 4452 autem
3208 4391 3427 4465 Syriam
3463 4404 3667 4448 versus
3682 4400 3808 4461 pro-

2210 4491 2402 4548 fectus.

2284 4582 2374 4640 59.
2408 4581 2512 4639 Sed
2542 4596 2639 4637 cur
2666 4579 2961 4636 exercitum
2992 4593 3137 4634 nunc
3160 4575 3229 4609 '"
3268 4575 3323 4631 in
3350 4570 3613 4646 Assyrios
3640 4568 3810 4626 duxe-

2214 4678 2305 4743 rit,
2321 4689 2505 4746 quazso
2529 4673 2811 4729 advertite.
2828 4668 3226 4727 HabentGraeci
3247 4676 3304 4724 et
3322 4662 3589 4723 Saraceni
3615 4660 3809 4725 libros,

2214 4783 2351 4838 quos
2391 4766 2628 4842 ὁράσεις,
2679 4764 2794 4820 sive
2819 4763 3058 4819 visiones
3081 4802 3096 4828 ,
3129 4758 3367 4815 Danielis
3412 4763 3619 4813 vocant
3641 4795 3661 4821 ,
3709 4764 3810 4824 ego

2215 4869 2396 4915 autem
2447 4855 2793 4928 Sibyllanos;
2847 4854 2903 4909 in
2964 4853 3160 4924 quibus
3217 4847 3479 4920 scriptum
3533 4844 3810 4918 reperitur

2214 4960 2351 5022 quot
2399 4949 2555 5004 annis
2586 4948 2880 5018 imperator
2920 4944 3152 5017 quisque
3173 4942 3359 5008 vivat;
3408 4953 3535 5010 quas
3572 4938 3687 4996 sint
3727 4935 3814 4992 fn~

2216 5055 2362 5096 tura.
2392 5060 2458 5096 eo
2497 5044 2862 5096 imperitante.
2892 5050 3177 5096 tempora:
3222 5052 3354 5096 pax.
3395 5050 3469 5093 an
3508 5030 3809 5096 simultas;
