4012 5340
1686 126 1984 183 LEGATIO
2021 127 2125 182 ΟΡ.

3431 124 3538 184 926

256 243 365 301 que
425 230 586 303 hujus
638 233 928 308 Nicephori
970 237 1304 310 temporibus
1345 240 1598 312 Assyrios
1640 239 1846 297 Grzecis
1874 248 1924 308 Α
1951 249 2005 295 et
2035 239 2160 296 οιω
2191 240 2256 280 “9
2297 239 2366 296 sit
2416 239 2628 297 catulus
2655 281 2669 308 ,
2736 240 2829 312 qui
2877 236 3036 296 simul
3076 235 3441 295 exterminent
3469 233 3541 269 ¹¹²⁹

256 336 366 377 non
405 339 565 394 posse
604 327 882 399 resistere,
919 331 1169 403 huncque
1209 333 1490 404 septennio
1525 341 1732 388 tantum
1770 334 1847 389 vim

253 429 426 482 vere;
465 426 590 486 post
612 418 769 490 cujus
811 422 1018 478 obitum
1057 424 1441 496 imperatorem
1470 426 1574 481 isto
1609 425 1847 481 deterio-

254 512 582 567 rem—sed
639 514 802 570 timeo
855 517 998 586 quod
1055 518 1286 574 inveniri
1346 534 1454 576 non
1503 519 1850 590 possit—et

253 601 432 672 magis
486 602 758 661 imbellem
791 608 989 664 debere
1023 625 1284 682 surgere;
1329 612 1484 684 cujus
1515 613 1849 684 temporibus

251 691 554 761 praevalere
579 695 778 752 debent
808 699 943 756 adeo
972 700 1204 773 Assyrii,
1246 713 1302 758 ut
1345 703 1395 758 in
1427 702 1846 760 Chalcedoniam

249 795 446 850 usque,
477 798 601 853 quae
629 786 796 843 distat
816 788 1284 863 Constantinopoli
1313 793 1455 849 haud
1486 794 1662 866 longe,
1696 805 1848 866 pote-

249 871 450 926 stative
480 885 674 930 cuncta
719 878 953 936 debeant
992 883 1260 938 obtinere.
1307 884 1669 940 Considerant
1699 887 1845 942 enim

249 965 470 1036 utrique
522 976 798 1040 tempora;
855 991 962 1030 una
990 976 1290 1047 eademque
1335 993 1392 1032 re
1418 977 1590 1034 Graeci
1621 979 1844 1035 animati

246 1053 630 1129 insequuntur,
655 1062 918 1122 Saraceni
940 1067 1210 1138 desperati
1244 1087 1347 1126 non
1378 1071 1672 1137 resistunt;
1709 1082 1846 1127 tem-

243 1161 349 1218 pus
375 1164 747 1222 expectantes,
770 1175 892 1214 cum
916 1170 971 1216 et
993 1162 1094 1232 ipsi
1135 1163 1512 1234 insequantur,
1552 1165 1726 1222 Graeci
1759 1167 1842 1222 in-

243 1241 536 1299 Ierimnon
559 1249 820 1306 resistant
840 1251 932 1305 m.

315 1335 408 1390 40.
445 1336 553 1393 Sed
581 1340 903 1415 Hippolytus
948 1347 1170 1417 quidam
1226 1349 1527 1406 Siciliensis
1557 1351 1844 1422 episcopus

242 1429 436 1484 eadem
465 1433 684 1504 scripsit
720 1445 775 1491 et
804 1441 870 1494 de
915 1440 1142 1510 imperio
1177 1453 1356 1498 vestro
1378 1453 1428 1498 et
1460 1455 1620 1516 gente
1656 1456 1842 1501 nostra

239 1550 315 1562 —-
342 1533 586 1580 nostram
619 1544 762 1584 nunc
812 1533 933 1587 dico
973 1550 1210 1601 omnem,
1246 1553 1365 1606 quae
1397 1539 1496 1592 Sub
1525 1550 1706 1594 vestro
1738 1541 1840 1594 im-

1951 330 2208 400 aliquem.

2013 441 2185 514 Ante_(
2195 442 2304 514 177)
2332 442 2468 514 enim
2497 445 2769 514 pererratis
2793 443 3041 514 amborum
3066 436 3428 514 lini-bushexul,

2014 504 2113 555 Aut
2130 501 2321 556 Ararim
2338 501 2549 555 Parthus
2568 507 2727 566 bibet,
2753 514 2838 555 aut
2857 504 3118 556 Germania
3139 501 3354 566 'l‘ygrim,

1950 626 2114 681 quam
2145 610 2479 682 Nieephorus
2515 621 2571 668 et
2597 613 2724 670 Otto
2747 612 2983 668 amicitia
3023 617 3218 667 coeant
3255 617 3310 665 et
3340 607 3541 663 findere

1943 701 2192 774 jungant.

2021 796 2109 848 41.
2137 795 2378 852 Audistis
2399 796 2732 865 Graecorum,
2785 798 2970 853 audite
3017 809 3162 850 nunc
3199 789 3534 862 Liudprandi

1948 889 2331 944 Cremonensis
2360 891 2596 961 episcopi
2622 891 3142 963 interpretationem.
3185 888 3316 941 Dico
3339 895 3539 946 autem,

1948 987 2002 1034 et
2029 994 2134 1034 non
2165 980 2338 1034 solum
2368 981 2490 1035 dico
2517 983 2611 1037 sed
2639 981 2868 1047 allirmo,
2899 982 2943 1036 si
2969 981 3236 1050 scriptura
3270 978 3383 1032 haec
3408 989 3544 1046 prae-

1949 1072 2194 1126 sentibus
2241 1080 2325 1126 est
2377 1072 2647 1144 implenda
2690 1071 3049 1145 temporibus,
3087 1071 3170 1126 leo
3201 1077 3256 1125 et
3303 1065 3539 1130 catulus,

1948 1174 2103 1233 pater
2128 1172 2180 1218 et
2212 1162 2374 1231 illius,
2409 1164 2535 1220 Otto
2564 1175 2618 1221 et
2649 1166 2798 1231 Otto,
2832 1167 2883 1221 in
2925 1164 3072 1220 nullo
3115 1165 3378 1232 dispares,
3407 1169 3547 1214 tem-

1946 1271 2078 1327 pore
2113 1257 2378 1312 distantes
2407 1268 2634 1325 tantum,
2681 1259 2842 1314 simul
2880 1259 2982 1313 hoc
3012 1256 3265 1330 praesenti
3298 1265 3542 1324 tempore

1946 1350 2387 1404 exterminabunt
2435 1368 2722 1423 onagrum,
2772 1355 2823 1408 id
2852 1361 2935 1408 est
2977 1352 3295 1424 sylvestrcm
3327 1350 3540 1404 asinum

1946 1441 2342 1514 Nicephorum;
2372 1445 2461 1514 qui
2485 1461 2592 1501 non
2623 1447 2919 1517 incongrue
2933 1445 3185 1518 sylvestri
3211 1443 3364 1498 asino
3387 1455 3539 1496 com-

1945 1545 2189 1606 paratur,
2221 1537 2290 1591 ob
2335 1553 2528 1591 vanam
2553 1547 2607 1594 et
2636 1539 2849 1593 inanem
2881 1539 3129 1610 gloriam,
3162 1537 3539 1604 incestumque

239 1614 396 1683 peric
443 1624 548 1682 est,
574 1630 787 1689 gentem
807 1642 915 1690 —;
947 1635 1110 1696 atque
1140 1629 1347 1683 utinam
1380 1646 1565 1685 verum
1590 1631 1659 1686 sit
1695 1633 1837 1702 quod
1872 1625 1918 1686 Β
1944 1631 2175 1685 dominre
2205 1642 2259 1685 et
2296 1635 2612 1687 commatris
2639 1649 2749 1689 sum
2780 1632 3087 1704 conjugium
3111 1629 3278 1701 (1'78).
3315 1629 3371 1685 Si
3403 1644 3540 1683 ona-

242 1705 312 1760 de
338 1711 695 1776 praesentibus
721 1717 940 1785 scripsit
976 1717 1078 1772 iste
1110 1723 1464 1790 temporibus.
1499 1722 1731 1786 Caetera,
1781 1733 1840 1779 ut

239 1798 480 1868 scripsit,
536 1814 658 1857 sunt
698 1821 869 1876 usque
901 1809 1004 1864 huc
1035 1812 1324 1880 completa,
1383 1815 1838 1882 quemadmodum

237 1905 341 1960 per
367 1892 533 1962 ipsos,
591 1898 679 1966 qui
734 1898 924 1953 horum
981 1902 1244 1957 librorum
1287 1906 1568 1960 scientiam
1615 1907 1835 1972 habent,

239 1983 444 2039 audivi.
477 1987 545 2042 Et
575 2004 639 2043 ex
675 1993 856 2047 multis
879 1995 994 2066 ejus
1025 1996 1186 2053 dictis
1210 2014 1376 2052 unum
1421 1999 1470 2053 id
1497 1999 1839 2070 proferamus

237 2075 295 2130 in
325 2080 584 2135 medium.
608 2082 699 2137 Ait
721 2087 864 2140 enim
883 2104 1025 2143 nunc
1049 2092 1373 2160 completum
1393 2093 1455 2146 iri
1489 2095 1836 2164 scripturam,

236 2183 359 2238 quae
415 2172 548 2228 dicit
598 2176 721 2231 λέων
765 2182 852 2232 καὶ
904 2183 1112 2252 cuipam:
1182 2182 1546 2254 ὁμοδιῶξουσιν
1601 2182 1834 2259 δναἹΡΟνο

236 2259 428 2319 Gmce
455 2265 549 2320 ita.
583 2267 836 2324 Latinum
869 2283 1050 2327 autem
1077 2274 1192 2330 sic:
1235 2274 1340 2329 Leo
1370 2286 1418 2330 et
1444 2278 1648 2331 catulus
1681 2277 1838 2332 simul

235 2363 657 2417 exlerminabant
692 2383 968 2436 onagrum.
1023 2370 1188 2436 Cujus
1231 2372 1609 2444 interpretatio
1641 2392 1834 2431 secun-

238 2448 368 2505 dum
394 2451 654 2510 Graecos:
701 2456 827 2521 Leo,
862 2460 912 2512 id
938 2469 1021 2514 est
1065 2462 1434 2518 Romanorum
1469 2468 1583 2522 sive
1623 2467 1840 2524 Gnaeo-

237 2555 358 2594 rum
390 2541 706 2612 imperator,
744 2555 798 2600 et
830 2549 1061 2615 catulus,
1113 2552 1449 2608 Francorum
1483 2556 1689 2612 Scilicet
1717 2573 1833 2625 rex,

235 2633 398 2688 simul
463 2635 546 2690 his
589 2640 950 2706 praesentibus
1003 2645 1337 2714 temporibus
1395 2650 1838 2704 exterminabunt

234 2739 541 2796 onagrum,
592 2730 642 2783 id
697 2742 781 2787 est
823 2734 1222 2792 Saracenorum
1270 2755 1449 2812 regem
1489 2741 1831 2797 Africanum.

235 2816 366 2883 Quae
398 2819 776 2892 interpretatio
817 2842 883 2882 eo
906 2829 1036 2882 mihi
1078 2847 1206 2886 vera
1256 2848 1360 2887 non
1414 2834 1646 2902 videtur,
1700 2851 1835 2905 quo-

232 2909 381 2964 niam
412 2911 494 2966 leo
525 2922 582 2968 et
623 2916 852 2983 catulus,
885 2923 1133 2990 quamvis
1161 2922 1392 2994 disparis
1424 2926 1830 2996 magnitudinis,

1945 1735 2038 1793 ger
2070 1721 2169 1776 iste
2196 1739 2338 1777 nunc
2361 1739 2391 1776 a
2423 1723 2576 1779 leone
2603 1736 2657 1779 et
2687 1726 2866 1780 catulo
2897 1736 3103 1790 nostro,
3147 1722 3345 1780 Ottonc
3368 1729 3422 1777 et
3445 1717 3542 1778 Ot-

1946 1822 2090 1880 tonc,
2150 1826 2305 1885 patre
2335 1817 2543 1873 scilicet
2593 1829 2648 1874 et
2699 1819 2832 1884 lilio,
2893 1819 3136 1891 angustis
3168 1818 3540 1874 Romanorum

1945 1906 2381 1976 imperatoribus,
2434 1913 2832 1967 exterminatus
2865 1929 2970 1967 non
3019 1912 3206 1978 fuerit,
3244 1928 3344 1967 nec
3396 1903 3542 1980 quod

1942 1996 2264 2070 Hippolytus
2296 2002 2511 2071 scripsit
2536 2019 2726 2059 verum
2758 2006 2900 2070 erit;
2933 2005 3244 2061 Gratcorum
3277 2003 3418 2059 enim
3451 2000 3540 2056 illa

1943 2095 2190 2162 superior
2250 2096 2533 2150 abicicnda
2589 2097 2967 2169 interpretatio
3024 2105 3128 2153 est.
3179 2095 3322 2162 Sed,
3354 2093 3540 2150 oJesu

1941 2185 2101 2250 1'0"“
2157 2187 2296 2240 De“
2348 2197 2573 2254 ίθίθΐηε,
2615 2191 2840 2245 Verbum
2869 2189 3069 2255 Patris,
3120 2188 3209 2258 qui
3256 2186 3410 2242 nobis
3459 2185 3541 2240 irt-

1943 2278 2119 2346 dignis
2150 2279 2405 2350 loqueris,
2455 2299 2561 2336 non
2593 2298 2726 2338 voce
2772 2284 2868 2339 sed
2913 2282 3289 2353 inspiratione,
3335 2278 3540 2335 nullam

1941 2368 2100 2424 aliam
2136 2371 2636 2442 interpretationem
2664 2391 2826 2446 quam
2849 2391 3026 2431 meam
3064 2375 3116 2429 in
3142 2375 3243 2430 hac
3267 2372 3540 2429 sententia

1941 2462 2090 2516 velis.
2121 2462 2256 2519 Jube
2290 2476 2345 2518 ut
2397 2466 2480 2522 leo
2502 2475 2556 2522 et
2578 2467 2893 2534 catplusisti
2918 2467 3061 2522 hunc
3094 2466 3458 2520 exterminent
3485 2465 3542 2518 et

1940 2554 2222 2610 humilient
2248 2573 2512 2629 onagrum
2533 2575 2781 2631 corpore,
2805 2559 3064 2630 quatinus
3095 2558 3146 2612 in
3177 2573 3235 2613 se
3263 2570 3535 2623 reversus,

1941 2646 2280 2717 dominisque
2332 2651 2442 2704 suis
2488 2651 2685 2707 Basilio
2713 2664 2766 2707 et
2793 2651 3152 2707 Constantino
3197 2645 3539 2728 imperatori:-

1938 2736 2038 2790 bus
2069 2738 2336 2806 subditus,
2368 2741 2421 2796 in
2447 2743 2532 2797 die
2556 2743 2770 2797 Domini
2794 2743 3016 2814 spiritus
3037 2747 3108 2797 sit
3140 2742 3342 2797 salvus.

2007 2826 2095 2879 42.
2129 2829 2234 2882 Sed
2266 2832 2566 2886 astronomi
2592 2833 2694 2886 hoc
2718 2833 2859 2888 idem
2892 2833 2956 2888 de
2986 2833 3142 2888 vobis
3161 2829 3538 2918 etNicephore

1937 2923 2308 2988 pronuntiant.
2338 2923 2463 2989 Res,
2497 2927 2740 2996 inquam,
2775 2927 2932 2981 mira.
2963 2925 3097 2982 Cum
3130 2927 3365 2996 quodam
3409 2939 3532 2981 sum

232 3000 395 3056 unius
427 3013 604 3059 tamen
631 3017 754 3062 sunt
785 3021 993 3084 natium
1015 3023 1070 3068 et
1092 2991 1287 3085 speciei
1312 3033 1403 3071 seu
1431 3019 1630 3085 moris;
1665 3028 1826 3090 atque
1857 2991 1901 3052 Ο
1935 3011 2145 3069 lOculus
2170 3023 2505 3081 θεινοιιοηὶον
2537 3020 2626 3088 (illi
2654 3029 2910 3085 νεεῑΐθῐην
2935 3020 3136 3074 domini
3165 3019 3272 3075 mei
3297 3015 3534 3090 αυειιειι.

230 3101 294 3146 ut
318 3094 448 3149 mihi
480 3111 602 3152 mea
633 3101 854 3156 scientia
884 3107 1144 3177 suggerit,
1174 3107 1219 3163 si
1251 3108 1335 3162 leo
1379 3107 1692 3165 Graecorum
1728 3112 1830 3166 im-

227 3197 472 3254 perator,
518 3190 905 3249 inconveniens
955 3206 1059 3262 est,
1123 3209 1180 3252 ut
1228 3200 1440 3254 catulus
1477 3201 1548 3254 sit
1579 3201 1822 3257 Franco-

228 3287 350 3329 rum
394 3292 510 3333 rex.
541 3279 800 3347 Quamvis
829 3287 972 3341 enim
1001 3289 1216 3358 utrique
1246 3291 1493 3346 homines
1526 3293 1654 3358 sint,
1685 3295 1833 3347 sicut“

225 3366 314 3422 leo
340 3379 396 3424 et
418 3373 633 3428 catulus
664 3383 892 3448 uterque
920 3380 1194 3445 animalia,
1247 3385 1451 3438 distant
1506 3395 1684 3440 tamen
1710 3402 1826 3442 mo-

225 3461 380 3516 ribus
408 3471 639 3532 tantum,
680 3484 786 3523 non
819 3470 942 3526 dico
972 3473 1144 3529 solum
1171 3489 1430 3546 quantum
1465 3481 1674 3548 species
1704 3495 1827 3551 spe-

221 3553 436 3622 ciebus,
466 3559 560 3612 sed
590 3570 851 3628 quantum
886 3567 1163 3622 sensibilia
1207 3570 1628 3628 insensibilibus.
1660 3573 1824 3630 Catu~

218 3645 305 3703 lus
347 3665 375 3703 a
427 3649 584 3707 leone
616 3655 688 3708 nil
725 3656 826 3711 nisi
859 3666 1103 3730 tempore
1153 3663 1347 3729 distat,
1387 3664 1561 3720 forma
1608 3668 1818 3734 eadem,

218 3738 406 3796 rabies
446 3758 582 3806 una,
630 3747 842 3816 rugitus
872 3748 1036 3805 idem.
1079 3751 1394 3808 Graecorum
1441 3772 1532 3811 rex
1569 3759 1816 3827 crinitus,

221 3830 519 3900 mnicatus,
563 3837 886 3906 manicatus,
918 3831 1248 3909 tcrﬁtratus,
1291 3848 1547 3915 mendax,
1578 3849 1814 3906 dolosus.

217 3919 613 3980 immisericors
641 3970 655 3991 ,
714 3930 963 4000 vulpinus
991 3975 1003 3997 ,
1053 3938 1318 4006 superbus
1341 3981 1354 4004 ,
1403 3938 1538 3996 falso
1574 3941 1814 4010 humilis,

213 4025 434 4079 parcus,
459 4016 708 4084 cupidus,
741 4019 867 4074 allio
896 4037 1030 4093 cepe
1056 4033 1109 4078 et
1138 4027 1315 4096 porris
1345 4043 1592 4096 vescens,
1627 4032 1817 4088 balnea

208 4104 446 4173 bibens;
496 4109 836 4169 Francorum
877 4132 968 4170 rex
1024 4128 1210 4174 contra
1251 4122 1477 4191 pulchre
1527 4134 1730 4192 tonsus,
1784 4143 1816 4182 a

211 4198 465 4254 muliebri
497 4204 697 4258 vestitu
729 4216 877 4262 veste
921 4209 1186 4277 diversus,
1221 4214 1473 4284 pileatus,
1519 4233 1705 4285 veras,
1737 4221 1813 4277 nil

209 4289 320 4343 doli
359 4291 589 4359 habens,
631 4297 763 4351 satis
794 4299 883 4354 ubi
917 4304 1174 4379 competit
1207 4307 1539 4374 misericors,
1588 4326 1811 4368 severus

207 4380 300 4434 ubi
329 4392 566 4452 oportet,
600 4401 816 4458 semper
841 4407 968 4448 vere
1013 4395 1253 4462 humilis,
1287 4413 1558 4469 nunquam
1588 4418 1806 4471 parcus,

209 4487 316 4528 non
346 4474 492 4544 allio,
515 4480 690 4550 cepis,
713 4485 893 4553 porris
915 4502 1166 4555 vesceris,
1195 4499 1255 4544 ut
1279 4493 1450 4561 possit
1479 4495 1809 4554 animalibus

205 4579 272 4618 eo
303 4582 550 4639 parcere,
583 4575 843 4643 quatinus
872 4594 977 4634 non
1009 4583 1368 4648 manducatis,
1414 4587 1509 4639 sed
1534 4591 1810 4646 venunda-

208 4659 276 4713 tis
307 4663 596 4730 pecuniam
639 4681 952 4742 congreget.
1001 4674 1246 4731 Audistis
1275 4675 1666 4747 differentiam;
1712 4699 1808 4740 no-

205 4749 300 4806 lite
362 4754 506 4812 hanc
570 4759 1080 4832 interpretationem
1137 4770 1451 4840 suscipere;
1514 4781 1606 4826 aut
1659 4776 1805 4831 enim

206 4842 386 4901 futura
415 4855 524 4917 est,
575 4860 672 4907 aut
729 4855 844 4910 haec
887 4871 1016 4913 vera
1062 4875 1170 4915 non
1219 4871 1321 4918 est.
1360 4863 1696 4933 impossibile
1722 4875 1806 4923 est

207 4935 372 5006 enim,
402 4947 468 4996 ut
489 4939 854 5015 Nicephorus,
888 4949 1032 5006 sicut
1069 4951 1171 5023 ipsi
1198 4955 1554 5021 mentiuntur,
1595 4957 1668 5012 sit
1691 4958 1800 5028 leo,

1933 3109 2305 3180 mquivocique
2330 3113 2492 3166 vestri
2524 3113 2761 3184 angusti,
2795 3111 3048 3178 formam,
3073 3126 3271 3178 mores,
3303 3120 3362 3164 ut
3386 3115 3536 3182 sunt,

1930 3215 2058 3256 vere
2099 3202 2254 3267 dixit,
2289 3212 2593 3273 cunctaque
2627 3219 2744 3259 mea
2777 3205 3076 3274 praeterita,
3105 3203 3261 3272 quasi
3297 3215 3536 3272 praesen-

1931 3293 2005 3346 tia
2032 3294 2188 3348 dixit.
2238 3295 2348 3350 Nec
2379 3297 2642 3366 prwteriit
2672 3298 2959 3367 quisquam
2992 3297 3292 3352 amicorum
3319 3294 3405 3350 vel
3432 3293 3537 3350 ini-

1930 3383 2222 3450 micorum,
2253 3385 2320 3439 de
2347 3388 2542 3456 quibus
2570 3403 2721 3442 mens
2749 3388 2881 3441 mihi
2912 3387 3176 3458 suggessit
3208 3394 3266 3440 ut
3302 3386 3535 3441 interro-

1931 3488 2142 3546 garent,
2173 3477 2326 3547 cujus
2356 3481 2624 3547 habitum,
2662 3481 2892 3536 formam
2931 3491 2984 3536 et
3017 3496 3194 3536 mores
3229 3497 3336 3537 non
3385 3478 3534 3536 dice-

1927 3579 2028 3625 ret.
2056 3571 2328 3643 Quicquid
2346 3574 2671 3628 calamitatis
2697 3575 2826 3629 mihi
2858 3574 2960 3630 hoc
2991 3575 3042 3628 in
3089 3573 3283 3628 itinere
3312 3569 3533 3638 accidit,

1931 3664 2169 3721 futurum
2231 3682 2354 3723 esse
2403 3669 2673 3739 praedixit.
2731 3667 2816 3724 Sit
2869 3668 3212 3723 mendacium
3275 3679 3436 3722 omne
3459 3661 3532 3698 ⁵³⁸

1929 3759 2074 3828 quod
2107 3760 2279 3825 dixit;
2329 3777 2519 3827 unum,
2577 3775 2784 3832 quazso,
2845 3760 3184 3817 solummodo
3210 3760 3280 3814 sit
3317 3771 3526 3826 verum,

1927 3853 2070 3923 quod
2102 3870 2197 3910 vos
2221 3869 2344 3910 esse
2371 3855 2613 3912 facturos
2634 3857 2945 3929 Niceplioro
2978 3857 3248 3928 praedixit.
3283 3855 3403 3911 Fiat
3426 3854 3531 3910 uti-

1928 3963 2076 4010 nam,
2111 3950 2320 4004 utinam
2344 3949 2458 4018 llat,
2497 3959 2698 4023 etLtum
2747 3951 2823 4007 nil
2862 3967 2948 4007 me
2973 3950 3102 4006 mali
3145 3965 3364 4021 passum
3407 3953 3532 4005 esse

1927 4039 2226 4112 intelligam
2253 4042 2266 4096 !

1993 4134 2082 4188 45.
2112 4134 2314 4191 Scribit
2333 4138 2496 4192 etiam
2519 4137 2774 4210 praefatus
2799 4137 3141 4210 Hippolytus,
3171 4135 3392 4194 Graecos
3416 4149 3528 4224 non

1923 4225 2122 4280 debere
2184 4227 2526 4295 Saracenos,
2587 4230 2682 4286 sed
2733 4229 2976 4286 Francos
3031 4240 3356 4297 conterere;
3416 4241 3526 4299 qua

1922 4317 2154 4374 lectione
2195 4321 2456 4377 Saraceni
2500 4322 2746 4388 animati,
2777 4333 2901 4378 ante
2926 4325 3216 4380 triennium
3252 4339 3376 4379 cum
3402 4319 3520 4377 Ma-

1923 4415 2078 4468 nuele
2107 4415 2367 4485 patricio,
2420 4417 2708 4489 Nicephori
2754 4428 2970 4489 nepote,
3011 4419 3169 4491 juxta
3203 4416 3438 4490 Scyllam
3469 4420 3526 4470 et

1919 4507 2247 4577 Charybdim
2294 4510 2344 4563 in
2397 4511 2532 4565 mari
2583 4510 2790 4580 Siculo,
2834 4512 3034 4568 bellum
3085 4520 3318 4585 parant;
3367 4506 3523 4582 cujus

1919 4600 2213 4656 immensas
2264 4604 2446 4674 copias
2500 4618 2625 4659 cum
2657 4607 3118 4677 prostravissent,
3167 4605 3342 4676 ipsum
3375 4616 3524 4655 com-

1875 4737 1878 4740 .
1916 4692 2342 4760 prehenderunt,
2381 4696 2668 4767 capiteque
2693 4708 2946 4752 truncum
2983 4695 3053 4728 ⁸³⁸
3081 4693 3520 4767 suspenderunt;

1920 4784 2074 4854 cujus
2120 4787 2327 4842 socium
2372 4790 2882 4845 etcommilitoncm
2926 4804 3049 4844 cum
3093 4796 3371 4862 caperent,
3430 4783 3525 4856 qui

1916 4877 2162 4933 neutrius
2196 4888 2315 4934 erat
2349 4879 2565 4950 generis
2593 4879 3040 4952 (l79),‘occidere
3071 4889 3199 4936 sunt
3227 4876 3522 4946 dedignati,
3585 4881 3588 4884 '

1917 4967 2011 5020 sed
2036 4969 2277 5027 vinctum
2301 4984 2365 5026 ac
2391 4969 2554 5042 longa
2586 4971 2834 5027 custodia
2865 4979 3203 5029 maceratum
3237 4968 3372 5024 tanti
3393 4982 3528 5023 ven-

1547 5067 1771 5128 v'ARlAE
1811 5073 2110 5139 LECTION
2117 5085 2216 5141 ES.

269 5169 338 5274 “‘3
370 5170 686 5274 in...“
714 5187 826 5274 gap
853 5178 1133 5236 resistunt.
1167 5179 1226 5236 C.
1266 5183 1354 5254 qui
1397 5180 1456 5234 in
1502 5185 1741 5253 margine
1762 5187 1928 5274 dedit.
2002 5195 2071 5232 ⁸η
2093 5200 2225 5256 otho
2256 5198 2299 5255 C
2324 5211 2482 5268 saepe.
2563 5195 2633 5228 "°
2661 5193 3071 5253 exterminetC.
3155 5197 3228 5234 ⁸³⁸
3276 5206 3437 5251 omen
3464 5189 3530 5248 C-

201 5237 268 5270 ⁵¹¹
304 5241 345 5309 Ῑ.
376 5251 688 5299 truncatum
713 5241 847 5297 ΒΑιι.

1745 5327 1882 5340 “ΙΛ-
1909 5333 1951 5340 —
