  <div class='ocr_page' id='page_1' title='image "/cluster/home/n/w/nwhite01/storage/ocr_20150623/136/hvd.32044015471766/467.png"; bbox 0 0 4012 5334; ppageno 0'>
   <div class='ocr_carea' id='block_1_1' title="bbox 448 260 622 324">
    <p class='ocr_par' dir='ltr' id='par_1_1' title="bbox 448 260 622 324">
     <span class='ocr_line' id='line_1_1' title="bbox 448 260 622 324; baseline -0.011 0"><span class='ocrx_word' id='word_1_1' title='bbox 448 260 622 324; x_wconf 73' lang='lat'><strong>927&#39;</strong></span> 
     </span>
    </p>
   </div>
   <div class='ocr_carea' id='block_1_2' title="bbox 1516 265 2813 328">
    <p class='ocr_par' dir='ltr' id='par_1_2' title="bbox 1516 265 2813 328">
     <span class='ocr_line' id='line_1_2' title="bbox 1516 265 2813 328; baseline -0.002 0"><span class='ocrx_word' id='word_1_2' title='bbox 1516 267 1938 328; x_wconf 75' lang='lat' dir='ltr'><strong>LlU’l‘PRANDl</strong></span> <span class='ocrx_word' id='word_1_3' title='bbox 1978 266 2467 327; x_wconf 75' lang='lat' dir='ltr'><strong>CREMONENSIS</strong></span> <span class='ocrx_word' id='word_1_4' title='bbox 2504 265 2813 328; x_wconf 80' lang='lat' dir='ltr'><strong>EPISCOPI</strong></span> 
     </span>
    </p>
   </div>
   <div class='ocr_carea' id='block_1_3' title="bbox 3623 272 3736 330">
    <p class='ocr_par' dir='ltr' id='par_1_3' title="bbox 3623 272 3736 330">
     <span class='ocr_line' id='line_1_3' title="bbox 3623 272 3736 330; baseline 0 0"><span class='ocrx_word' id='word_1_5' title='bbox 3623 272 3736 330; x_wconf 75' lang='lat'><strong>928</strong></span> 
     </span>
    </p>
   </div>
   <div class='ocr_carea' id='block_1_4' title="bbox 451 381 3734 459">
    <p class='ocr_par' dir='ltr' id='par_1_4' title="bbox 451 381 3734 459">
     <span class='ocr_line' id='line_1_4' title="bbox 451 381 3734 459; baseline 0.002 -22"><span class='ocrx_word' id='word_1_6' title='bbox 451 381 724 450; x_wconf 89' lang='lat' dir='ltr'><strong>diderunt,</strong></span> <span class='ocrx_word' id='word_1_7' title='bbox 752 383 940 454; x_wconf 77' lang='lat' dir='ltr'><strong>quanti</strong></span> <span class='ocrx_word' id='word_1_8' title='bbox 969 399 1070 442; x_wconf 90' lang='lat' dir='ltr'><strong>nec</strong></span> <span class='ocrx_word' id='word_1_9' title='bbox 1091 384 1260 441; x_wconf 92' lang='lat' dir='ltr'><strong>ullum</strong></span> <span class='ocrx_word' id='word_1_10' title='bbox 1295 385 1603 456; x_wconf 88' lang='lat' dir='ltr'><strong>hujusmodi</strong></span> <span class='ocrx_word' id='word_1_11' title='bbox 1643 386 1899 443; x_wconf 82' lang='lat' dir='ltr'><strong>mortales</strong></span> <span class='ocrx_word' id='word_1_12' title='bbox 1921 383 2039 442; x_wconf 88' lang='lat' dir='ltr'><strong>sani</strong></span> <span class='ocrx_word' id='word_1_13' title='bbox 2064 387 2118 446; x_wconf 79' lang='grc' dir='ltr'><strong>Α</strong></span> <span class='ocrx_word' id='word_1_14' title='bbox 2145 385 2413 442; x_wconf 90' lang='lat' dir='ltr'><strong>biberent.</strong></span> <span class='ocrx_word' id='word_1_15' title='bbox 2443 387 2652 444; x_wconf 68' lang='lat' dir='ltr'><strong>Latina:</strong></span> <span class='ocrx_word' id='word_1_16' title='bbox 2677 387 2873 459; x_wconf 72' lang='lat' dir='ltr'><strong>linguae</strong></span> <span class='ocrx_word' id='word_1_17' title='bbox 2905 400 3203 458; x_wconf 81' lang='lat' dir='ltr'><strong>pauperes,</strong></span> <span class='ocrx_word' id='word_1_18' title='bbox 3237 387 3330 457; x_wconf 91' lang='lat' dir='ltr'><strong>qui</strong></span> <span class='ocrx_word' id='word_1_19' title='bbox 3359 399 3450 443; x_wconf 88' lang='lat' dir='ltr'><strong>me</strong></span> <span class='ocrx_word' id='word_1_20' title='bbox 3471 386 3734 445; x_wconf 82' lang='lat' dir='ltr'><strong>elemosi-</strong></span> 
     </span>
    </p>
   </div>
   <div class='ocr_carea' id='block_1_5' title="bbox 448 472 2040 546">
    <p class='ocr_par' dir='ltr' id='par_1_5' title="bbox 448 472 2040 546">
     <span class='ocr_line' id='line_1_5' title="bbox 448 472 2040 546; baseline 0.003 -19"><span class='ocrx_word' id='word_1_21' title='bbox 448 472 646 543; x_wconf 90' lang='lat' dir='ltr'><strong>capitis</strong></span> <span class='ocrx_word' id='word_1_22' title='bbox 679 484 945 532; x_wconf 82' lang='lat' dir='ltr'><strong>emerent.</strong></span> <span class='ocrx_word' id='word_1_23' title='bbox 977 474 1089 533; x_wconf 90' lang='lat' dir='ltr'><strong>Nec</strong></span> <span class='ocrx_word' id='word_1_24' title='bbox 1125 476 1414 536; x_wconf 80' lang='lat' dir='ltr'><strong>inﬁrmiori</strong></span> <span class='ocrx_word' id='word_1_25' title='bbox 1458 478 1664 546; x_wconf 91' lang='lat' dir='ltr'><strong>animo,</strong></span> <span class='ocrx_word' id='word_1_26' title='bbox 1691 481 1881 536; x_wconf 89' lang='lat' dir='ltr'><strong>eadem</strong></span> <span class='ocrx_word' id='word_1_27' title='bbox 1907 493 2040 534; x_wconf 84' lang='lat' dir='ltr'><strong>con-</strong></span> 
     </span>
    </p>
   </div>
   <div class='ocr_carea' id='block_1_6' title="bbox 451 565 2040 642">
    <p class='ocr_par' dir='ltr' id='par_1_6' title="bbox 451 565 2040 642">
     <span class='ocr_line' id='line_1_6' title="bbox 451 565 2040 642; baseline 0.003 -21"><span class='ocrx_word' id='word_1_28' title='bbox 451 565 652 624; x_wconf 71' lang='lat' dir='ltr'><strong>ﬁrmati</strong></span> <span class='ocrx_word' id='word_1_29' title='bbox 672 567 926 636; x_wconf 86' lang='lat' dir='ltr'><strong>lectione,</strong></span> <span class='ocrx_word' id='word_1_30' title='bbox 949 570 1092 626; x_wconf 88' lang='lat' dir='ltr'><strong>baud</strong></span> <span class='ocrx_word' id='word_1_31' title='bbox 1122 571 1293 627; x_wconf 91' lang='lat' dir='ltr'><strong>multo</strong></span> <span class='ocrx_word' id='word_1_32' title='bbox 1316 580 1437 642; x_wconf 92' lang='lat' dir='ltr'><strong>post</strong></span> <span class='ocrx_word' id='word_1_33' title='bbox 1464 573 1726 641; x_wconf 88' lang='lat' dir='ltr'><strong>magistro</strong></span> <span class='ocrx_word' id='word_1_34' title='bbox 1751 571 2040 627; x_wconf 82' lang='lat' dir='ltr'><strong>Exacontae</strong></span> 
     </span>
    </p>
   </div>
   <div class='ocr_carea' id='block_1_7' title="bbox 449 664 2041 737">
    <p class='ocr_par' dir='ltr' id='par_1_7' title="bbox 449 664 2041 737">
     <span class='ocr_line' id='line_1_7' title="bbox 449 664 2041 737; baseline 0.003 -20"><span class='ocrx_word' id='word_1_35' title='bbox 449 671 784 729; x_wconf 88' lang='lat' dir='ltr'><strong>occurrunt;</strong></span> <span class='ocrx_word' id='word_1_36' title='bbox 817 678 979 734; x_wconf 85' lang='lat' dir='ltr'><strong>quem</strong></span> <span class='ocrx_word' id='word_1_37' title='bbox 1009 664 1137 719; x_wconf 92' lang='lat' dir='ltr'><strong>dum</strong></span> <span class='ocrx_word' id='word_1_38' title='bbox 1166 665 1222 721; x_wconf 90' lang='lat' dir='ltr'><strong>in</strong></span> <span class='ocrx_word' id='word_1_39' title='bbox 1250 664 1434 737; x_wconf 89' lang='lat' dir='ltr'><strong>l&#39;ugam</strong></span> <span class='ocrx_word' id='word_1_40' title='bbox 1460 673 1755 732; x_wconf 89' lang='lat' dir='ltr'><strong>verterent,</strong></span> <span class='ocrx_word' id='word_1_41' title='bbox 1799 664 1916 735; x_wconf 88' lang='lat' dir='ltr'><strong>ejus</strong></span> <span class='ocrx_word' id='word_1_42' title='bbox 1950 681 2041 722; x_wconf 86' lang='lat' dir='ltr'><strong>co-</strong></span> 
     </span>
    </p>
   </div>
   <div class='ocr_carea' id='block_1_8' title="bbox 451 755 1463 828">
    <p class='ocr_par' dir='ltr' id='par_1_8' title="bbox 451 755 1463 828">
     <span class='ocr_line' id='line_1_8' title="bbox 451 755 1463 828; baseline 0.002 -16"><span class='ocrx_word' id='word_1_43' title='bbox 451 755 570 828; x_wconf 85' lang='lat' dir='ltr'><strong>pias</strong></span> <span class='ocrx_word' id='word_1_44' title='bbox 591 755 842 813; x_wconf 89' lang='lat' dir='ltr'><strong>omnibns</strong></span> <span class='ocrx_word' id='word_1_45' title='bbox 866 757 1041 814; x_wconf 90' lang='lat' dir='ltr'><strong>modis</strong></span> <span class='ocrx_word' id='word_1_46' title='bbox 1066 758 1463 814; x_wconf 88' lang='lat' dir='ltr'><strong>contriverunt.</strong></span> 
     </span>
    </p>
   </div>
   <div class='ocr_carea' id='block_1_9' title="bbox 518 846 2042 921">
    <p class='ocr_par' dir='ltr' id='par_1_9' title="bbox 518 846 2042 921">
     <span class='ocr_line' id='line_1_9' title="bbox 518 846 2042 921; baseline 0.002 -19"><span class='ocrx_word' id='word_1_47' title='bbox 518 846 611 902; x_wconf 73' lang='grc'><strong>44.</strong></span> <span class='ocrx_word' id='word_1_48' title='bbox 650 847 749 904; x_wconf 88' lang='lat' dir='ltr'><strong>Est</strong></span> <span class='ocrx_word' id='word_1_49' title='bbox 774 857 830 905; x_wconf 90' lang='lat' dir='ltr'><strong>et</strong></span> <span class='ocrx_word' id='word_1_50' title='bbox 854 847 999 905; x_wconf 87' lang='lat' dir='ltr'><strong>aliud</strong></span> <span class='ocrx_word' id='word_1_51' title='bbox 1020 890 1035 916; x_wconf 94' lang='lat'><strong>,</strong></span> <span class='ocrx_word' id='word_1_52' title='bbox 1066 849 1211 920; x_wconf 89' lang='lat' dir='ltr'><strong>quod</strong></span> <span class='ocrx_word' id='word_1_53' title='bbox 1239 865 1386 907; x_wconf 91' lang='lat' dir='ltr'><strong>nunc</strong></span> <span class='ocrx_word' id='word_1_54' title='bbox 1413 848 1781 921; x_wconf 84' lang='lat' dir='ltr'><strong>Nicephorum</strong></span> <span class='ocrx_word' id='word_1_55' title='bbox 1810 864 2042 920; x_wconf 87' lang='lat' dir='ltr'><strong>compu-</strong></span> 
     </span>
    </p>
   </div>
   <div class='ocr_carea' id='block_1_10' title="bbox 450 936 2040 1016">
    <p class='ocr_par' dir='ltr' id='par_1_10' title="bbox 450 936 2040 1016">
     <span class='ocr_line' id='line_1_10' title="bbox 450 936 2040 1016; baseline 0.003 -23"><span class='ocrx_word' id='word_1_56' title='bbox 450 936 514 994; x_wconf 89' lang='lat' dir='ltr'><strong>lit</strong></span> <span class='ocrx_word' id='word_1_57' title='bbox 531 938 715 1009; x_wconf 86' lang='lat' dir='ltr'><strong>oopias</strong></span> <span class='ocrx_word' id='word_1_58' title='bbox 738 939 792 994; x_wconf 93' lang='lat' dir='ltr'><strong>in</strong></span> <span class='ocrx_word' id='word_1_59' title='bbox 817 939 1074 1012; x_wconf 88' lang='lat' dir='ltr'><strong>Assyrios</strong></span> <span class='ocrx_word' id='word_1_60' title='bbox 1098 940 1323 999; x_wconf 89' lang='lat' dir='ltr'><strong>ducere.</strong></span> <span class='ocrx_word' id='word_1_61' title='bbox 1355 943 1624 1016; x_wconf 87' lang='lat' dir='ltr'><strong>Argorum</strong></span> <span class='ocrx_word' id='word_1_62' title='bbox 1653 942 1799 998; x_wconf 91' lang='lat' dir='ltr'><strong>enim</strong></span> <span class='ocrx_word' id='word_1_63' title='bbox 1822 957 2040 998; x_wconf 92' lang='lat' dir='ltr'><strong>omnem</strong></span> 
     </span>
    </p>
   </div>
   <div class='ocr_carea' id='block_1_11' title="bbox 450 1031 2045 1107">
    <p class='ocr_par' dir='ltr' id='par_1_11' title="bbox 450 1031 2045 1107">
     <span class='ocr_line' id='line_1_11' title="bbox 450 1031 2045 1107; baseline 0.003 -22"><span class='ocrx_word' id='word_1_64' title='bbox 450 1031 726 1101; x_wconf 86' lang='lat' dir='ltr'><strong>regionem</strong></span> <span class='ocrx_word' id='word_1_65' title='bbox 755 1031 966 1090; x_wconf 88' lang='lat' dir='ltr'><strong>instans</strong></span> <span class='ocrx_word' id='word_1_66' title='bbox 1014 1043 1246 1107; x_wconf 85' lang='lat' dir='ltr'><strong>tempus,</strong></span> <span class='ocrx_word' id='word_1_67' title='bbox 1301 1037 1414 1092; x_wconf 92' lang='lat' dir='ltr'><strong>Deo</strong></span> <span class='ocrx_word' id='word_1_68' title='bbox 1446 1034 1714 1105; x_wconf 72' lang='lat' dir='ltr'><strong>‘jubente,</strong></span> <span class='ocrx_word' id='word_1_69' title='bbox 1763 1049 1829 1090; x_wconf 91' lang='lat' dir='ltr'><strong>eo</strong></span> <span class='ocrx_word' id='word_1_70' title='bbox 1874 1049 2045 1105; x_wconf 90' lang='lat' dir='ltr'><strong>usque</strong></span> 
     </span>
    </p>
   </div>
   <div class='ocr_carea' id='block_1_12' title="bbox 449 1119 2042 1198">
    <p class='ocr_par' dir='ltr' id='par_1_12' title="bbox 449 1119 2042 1198">
     <span class='ocr_line' id='line_1_12' title="bbox 449 1119 2042 1198; baseline 0.002 -22"><span class='ocrx_word' id='word_1_71' title='bbox 449 1119 624 1178; x_wconf 77' lang='lat' dir='ltr'><strong>fames</strong></span> <span class='ocrx_word' id='word_1_72' title='bbox 651 1122 884 1192; x_wconf 89' lang='lat' dir='ltr'><strong>attrivit,</strong></span> <span class='ocrx_word' id='word_1_73' title='bbox 915 1133 977 1180; x_wconf 92' lang='lat' dir='ltr'><strong>ut</strong></span> <span class='ocrx_word' id='word_1_74' title='bbox 1000 1139 1182 1196; x_wconf 86' lang='lat' dir='ltr'><strong>neque</strong></span> <span class='ocrx_word' id='word_1_75' title='bbox 1206 1126 1378 1182; x_wconf 83' lang='lat' dir='ltr'><strong>tritici</strong></span> <span class='ocrx_word' id='word_1_76' title='bbox 1402 1126 1508 1182; x_wconf 93' lang='lat' dir='ltr'><strong>duo</strong></span> <span class='ocrx_word' id='word_1_77' title='bbox 1534 1125 1829 1198; x_wconf 88' lang='lat' dir='ltr'><strong>Papienses</strong></span> <span class='ocrx_word' id='word_1_78' title='bbox 1858 1135 2042 1182; x_wconf 81' lang='lat' dir='ltr'><strong>sexta-</strong></span> 
     </span>
    </p>
   </div>
   <div class='ocr_carea' id='block_1_13' title="bbox 448 1211 2045 1288">
    <p class='ocr_par' dir='ltr' id='par_1_13' title="bbox 448 1211 2045 1288">
     <span class='ocr_line' id='line_1_13' title="bbox 448 1211 2045 1288; baseline 0.003 -21"><span class='ocrx_word' id='word_1_79' title='bbox 448 1211 519 1268; x_wconf 90' lang='lat' dir='ltr'><strong>rii</strong></span> <span class='ocrx_word' id='word_1_80' title='bbox 566 1227 733 1270; x_wconf 92' lang='lat' dir='ltr'><strong>aureo</strong></span> <span class='ocrx_word' id='word_1_81' title='bbox 779 1228 1181 1286; x_wconf 84' lang='lat' dir='ltr'><strong>comparentur,</strong></span> <span class='ocrx_word' id='word_1_82' title='bbox 1216 1217 1430 1288; x_wconf 89' lang='lat' dir='ltr'><strong>hocque</strong></span> <span class='ocrx_word' id='word_1_83' title='bbox 1478 1218 1571 1272; x_wconf 87' lang='lat' dir='ltr'><strong>ubi</strong></span> <span class='ocrx_word' id='word_1_84' title='bbox 1619 1217 1842 1273; x_wconf 84' lang='lat' dir='ltr'><strong>ubertas</strong></span> <span class='ocrx_word' id='word_1_85' title='bbox 1888 1216 2045 1286; x_wconf 87' lang='lat' dir='ltr'><strong>quasi</strong></span> 
     </span>
    </p>
   </div>
   <div class='ocr_carea' id='block_1_14' title="bbox 451 1305 2045 1382">
    <p class='ocr_par' dir='ltr' id='par_1_14' title="bbox 451 1305 2045 1382">
     <span class='ocr_line' id='line_1_14' title="bbox 451 1305 2045 1382; baseline 0.002 -21"><span class='ocrx_word' id='word_1_86' title='bbox 451 1315 663 1378; x_wconf 88' lang='lat' dir='ltr'><strong>regnat.</strong></span> <span class='ocrx_word' id='word_1_87' title='bbox 697 1305 850 1364; x_wconf 83' lang='lat' dir='ltr'><strong>Hanc</strong></span> <span class='ocrx_word' id='word_1_88' title='bbox 894 1321 1140 1380; x_wconf 84' lang='lat' dir='ltr'><strong>pestem,</strong></span> <span class='ocrx_word' id='word_1_89' title='bbox 1191 1311 1438 1366; x_wconf 87' lang='lat' dir='ltr'><strong>muribus</strong></span> <span class='ocrx_word' id='word_1_90' title='bbox 1464 1311 1881 1382; x_wconf 89' lang='lat' dir='ltr'><strong>cooperantibus</strong></span> <span class='ocrx_word' id='word_1_91' title='bbox 1908 1351 1923 1377; x_wconf 92' lang='lat'><strong>,</strong></span> <span class='ocrx_word' id='word_1_92' title='bbox 1970 1311 2045 1365; x_wconf 90' lang='lat' dir='ltr'><strong>ita</strong></span> 
     </span>
    </p>
   </div>
   <div class='ocr_carea' id='block_1_15' title="bbox 459 1397 2048 1474">
    <p class='ocr_par' dir='ltr' id='par_1_15' title="bbox 459 1397 2048 1474">
     <span class='ocr_line' id='line_1_15' title="bbox 459 1397 2048 1474; baseline 0.002 -20"><span class='ocrx_word' id='word_1_93' title='bbox 459 1397 728 1468; x_wconf 83' lang='lat' dir='ltr'><strong>dilatavit,</strong></span> <span class='ocrx_word' id='word_1_94' title='bbox 760 1410 821 1456; x_wconf 91' lang='lat' dir='ltr'><strong>ut</strong></span> <span class='ocrx_word' id='word_1_95' title='bbox 841 1402 1128 1458; x_wconf 89' lang='lat' dir='ltr'><strong>messionis</strong></span> <span class='ocrx_word' id='word_1_96' title='bbox 1157 1410 1402 1474; x_wconf 89' lang='lat' dir='ltr'><strong>tempore</strong></span> <span class='ocrx_word' id='word_1_97' title='bbox 1423 1404 1682 1473; x_wconf 89' lang='lat' dir='ltr'><strong>quicquid</strong></span> <span class='ocrx_word' id='word_1_98' title='bbox 1711 1403 1912 1473; x_wconf 92' lang='lat' dir='ltr'><strong>ubique</strong></span> <span class='ocrx_word' id='word_1_99' title='bbox 1938 1411 2048 1457; x_wconf 86' lang='lat' dir='ltr'><strong>ter-</strong></span> 
     </span>
    </p>
   </div>
   <div class='ocr_carea' id='block_1_16' title="bbox 450 1494 2044 1565">
    <p class='ocr_par' dir='ltr' id='par_1_16' title="bbox 450 1494 2044 1565">
     <span class='ocr_line' id='line_1_16' title="bbox 450 1494 2044 1565; baseline 0.003 -21"><span class='ocrx_word' id='word_1_100' title='bbox 450 1504 637 1546; x_wconf 89' lang='lat' dir='ltr'><strong>rarum</strong></span> <span class='ocrx_word' id='word_1_101' title='bbox 668 1507 897 1548; x_wconf 65' lang='lat' dir='ltr'><strong>annona:</strong></span> <span class='ocrx_word' id='word_1_102' title='bbox 923 1502 1070 1560; x_wconf 91' lang='lat' dir='ltr'><strong>erat,</strong></span> <span class='ocrx_word' id='word_1_103' title='bbox 1102 1494 1330 1549; x_wconf 91' lang='lat' dir='ltr'><strong>minimo</strong></span> <span class='ocrx_word' id='word_1_104' title='bbox 1359 1494 1487 1550; x_wconf 90' lang='lat' dir='ltr'><strong>dato</strong></span> <span class='ocrx_word' id='word_1_105' title='bbox 1526 1494 1702 1565; x_wconf 91' lang='lat' dir='ltr'><strong>pretio</strong></span> <span class='ocrx_word' id='word_1_106' title='bbox 1720 1535 1734 1562; x_wconf 91' lang='lat'><strong>,</strong></span> <span class='ocrx_word' id='word_1_107' title='bbox 1761 1509 2044 1565; x_wconf 88' lang='lat' dir='ltr'><strong>possesso-</strong></span> 
     </span>
    </p>
   </div>
   <div class='ocr_carea' id='block_1_17' title="bbox 452 1581 2043 1658">
    <p class='ocr_par' dir='ltr' id='par_1_17' title="bbox 452 1581 2043 1658">
     <span class='ocr_line' id='line_1_17' title="bbox 452 1581 2043 1658; baseline 0.003 -22"><span class='ocrx_word' id='word_1_108' title='bbox 452 1581 604 1637; x_wconf 84' lang='lat' dir='ltr'><strong>ribus</strong></span> <span class='ocrx_word' id='word_1_109' title='bbox 654 1582 1019 1654; x_wconf 88' lang='lat' dir='ltr'><strong>ejulantibus,</strong></span> <span class='ocrx_word' id='word_1_110' title='bbox 1076 1585 1441 1658; x_wconf 86' lang='lat' dir='ltr'><strong>congregarit.</strong></span> <span class='ocrx_word' id='word_1_111' title='bbox 1496 1585 1651 1652; x_wconf 86' lang='lat' dir='ltr'><strong>Quod</strong></span> <span class='ocrx_word' id='word_1_112' title='bbox 1713 1601 1836 1642; x_wconf 92' lang='lat' dir='ltr'><strong>cum</strong></span> <span class='ocrx_word' id='word_1_113' title='bbox 1886 1586 2043 1656; x_wconf 85' lang='lat' dir='ltr'><strong>juxta</strong></span> 
     </span>
    </p>
   </div>
   <div class='ocr_carea' id='block_1_18' title="bbox 449 1672 2046 1752">
    <p class='ocr_par' dir='ltr' id='par_1_18' title="bbox 449 1672 2046 1752">
     <span class='ocr_line' id='line_1_18' title="bbox 449 1672 2046 1752; baseline 0.004 -23"><span class='ocrx_word' id='word_1_114' title='bbox 449 1672 894 1746; x_wconf 83' lang='lat' dir='ltr'><strong>Mesopotamiam</strong></span> <span class='ocrx_word' id='word_1_115' title='bbox 940 1676 1182 1743; x_wconf 81' lang='lat' dir='ltr'><strong>faceret,</strong></span> <span class='ocrx_word' id='word_1_116' title='bbox 1231 1679 1323 1734; x_wconf 88' lang='lat' dir='ltr'><strong>ubi</strong></span> <span class='ocrx_word' id='word_1_117' title='bbox 1355 1679 1568 1752; x_wconf 83' lang='lat' dir='ltr'><strong>frugum</strong></span> <span class='ocrx_word' id='word_1_118' title='bbox 1611 1679 1765 1751; x_wconf 91' lang='lat' dir='ltr'><strong>copia</strong></span> <span class='ocrx_word' id='word_1_119' title='bbox 1802 1681 2046 1736; x_wconf 87' lang='lat' dir='ltr'><strong>muribus</strong></span> 
     </span>
    </p>
   </div>
   <div class='ocr_carea' id='block_1_19' title="bbox 449 1762 2048 1837">
    <p class='ocr_par' dir='ltr' id='par_1_19' title="bbox 449 1762 2048 1837">
     <span class='ocr_line' id='line_1_19' title="bbox 449 1762 2048 1837; baseline 0.006 -19"><span class='ocrx_word' id='word_1_120' title='bbox 449 1762 769 1823; x_wconf 87' lang='lat' dir='ltr'><strong>absentibus</strong></span> <span class='ocrx_word' id='word_1_121' title='bbox 785 1778 1056 1837; x_wconf 85' lang='lat' dir='ltr'><strong>creverat,</strong></span> <span class='ocrx_word' id='word_1_122' title='bbox 1073 1785 1253 1826; x_wconf 65' lang='lat' dir='ltr'><strong>arenae</strong></span> <span class='ocrx_word' id='word_1_123' title='bbox 1279 1771 1447 1826; x_wconf 89' lang='lat' dir='ltr'><strong>maris</strong></span> <span class='ocrx_word' id='word_1_124' title='bbox 1464 1772 1790 1828; x_wconf 88' lang='lat' dir='ltr'><strong>multitudini</strong></span> <span class='ocrx_word' id='word_1_125' title='bbox 1820 1787 2048 1827; x_wconf 68' lang='lat' dir='ltr'><strong>annona:</strong></span> 
     </span>
    </p>
   </div>
   <div class='ocr_carea' id='block_1_20' title="bbox 450 1849 2049 1932">
    <p class='ocr_par' dir='ltr' id='par_1_20' title="bbox 450 1849 2049 1932">
     <span class='ocr_line' id='line_1_20' title="bbox 450 1849 2049 1932; baseline 0.006 -25"><span class='ocrx_word' id='word_1_126' title='bbox 450 1849 854 1912; x_wconf 81' lang='lat' dir='ltr'><strong>multitudinem</strong></span> <span class='ocrx_word' id='word_1_127' title='bbox 877 1860 1197 1929; x_wconf 66' lang='lat' dir='ltr'><strong>coaequavit.</strong></span> <span class='ocrx_word' id='word_1_128' title='bbox 1220 1859 1391 1932; x_wconf 84' lang='lat' dir='ltr'><strong>Igitur</strong></span> <span class='ocrx_word' id='word_1_129' title='bbox 1404 1876 1530 1917; x_wconf 92' lang='lat' dir='ltr'><strong>cum</strong></span> <span class='ocrx_word' id='word_1_130' title='bbox 1549 1862 1638 1917; x_wconf 86' lang='lat' dir='ltr'><strong>vili</strong></span> <span class='ocrx_word' id='word_1_131' title='bbox 1659 1863 1762 1918; x_wconf 89' lang='lat' dir='ltr'><strong>hoc</strong></span> <span class='ocrx_word' id='word_1_132' title='bbox 1776 1877 2049 1919; x_wconf 91' lang='lat' dir='ltr'><strong>commer-</strong></span> 
     </span>
    </p>
   </div>
   <div class='ocr_carea' id='block_1_21' title="bbox 451 1944 2048 2026">
    <p class='ocr_par' dir='ltr' id='par_1_21' title="bbox 451 1944 2048 2026">
     <span class='ocr_line' id='line_1_21' title="bbox 451 1944 2048 2026; baseline 0.008 -28"><span class='ocrx_word' id='word_1_133' title='bbox 451 1944 537 1999; x_wconf 91' lang='lat' dir='ltr'><strong>cio</strong></span> <span class='ocrx_word' id='word_1_134' title='bbox 563 1947 797 2017; x_wconf 88' lang='lat' dir='ltr'><strong>turpiter</strong></span> <span class='ocrx_word' id='word_1_135' title='bbox 819 1948 994 2005; x_wconf 87' lang='lat' dir='ltr'><strong>lames</strong></span> <span class='ocrx_word' id='word_1_136' title='bbox 1021 1951 1210 2006; x_wconf 89' lang='lat' dir='ltr'><strong>ubiubi</strong></span> <span class='ocrx_word' id='word_1_137' title='bbox 1234 1953 1529 2010; x_wconf 60' lang='lat' dir='ltr'><strong>desreviret</strong></span> <span class='ocrx_word' id='word_1_138' title='bbox 1547 1995 1562 2021; x_wconf 96' lang='lat'><strong>,</strong></span> <span class='ocrx_word' id='word_1_139' title='bbox 1592 1955 1870 2026; x_wconf 87' lang='lat' dir='ltr'><strong>oct0ginta</strong></span> <span class='ocrx_word' id='word_1_140' title='bbox 1898 1957 2048 2011; x_wconf 88' lang='lat' dir='ltr'><strong>milia</strong></span> 
     </span>
    </p>
   </div>
   <div class='ocr_carea' id='block_1_22' title="bbox 453 2029 2045 2119">
    <p class='ocr_par' dir='ltr' id='par_1_22' title="bbox 453 2029 2045 2119">
     <span class='ocr_line' id='line_1_22' title="bbox 453 2029 2045 2119; baseline 0.008 -28"><span class='ocrx_word' id='word_1_141' title='bbox 453 2038 796 2106; x_wconf 84' lang='lat' dir='ltr'><strong>mortalium,</strong></span> <span class='ocrx_word' id='word_1_142' title='bbox 843 2042 1073 2098; x_wconf 88' lang='lat' dir='ltr'><strong>obtentu</strong></span> <span class='ocrx_word' id='word_1_143' title='bbox 1123 2043 1363 2112; x_wconf 68' lang='lat' dir='ltr'><strong>militiae,</strong></span> <span class='ocrx_word' id='word_1_144' title='bbox 1427 2060 1613 2103; x_wconf 84' lang='lat' dir='ltr'><strong>secum</strong></span> <span class='ocrx_word' id='word_1_145' title='bbox 1662 2029 2045 2119; x_wconf 76' lang='lat' dir='ltr'><strong>congregavit;</strong></span> 
     </span>
    </p>
   </div>
   <div class='ocr_carea' id='block_1_23' title="bbox 449 2131 2051 2212">
    <p class='ocr_par' dir='ltr' id='par_1_23' title="bbox 449 2131 2051 2212">
     <span class='ocr_line' id='line_1_23' title="bbox 449 2131 2051 2212; baseline 0.007 -26"><span class='ocrx_word' id='word_1_146' title='bbox 449 2131 647 2202; x_wconf 90' lang='lat' dir='ltr'><strong>quibus</strong></span> <span class='ocrx_word' id='word_1_147' title='bbox 690 2147 788 2204; x_wconf 91' lang='lat' dir='ltr'><strong>per</strong></span> <span class='ocrx_word' id='word_1_148' title='bbox 831 2135 1151 2192; x_wconf 90' lang='lat' dir='ltr'><strong>continuum</strong></span> <span class='ocrx_word' id='word_1_149' title='bbox 1199 2152 1472 2207; x_wconf 88' lang='lat' dir='ltr'><strong>mensem,</strong></span> <span class='ocrx_word' id='word_1_150' title='bbox 1516 2141 1660 2212; x_wconf 87' lang='lat' dir='ltr'><strong>quod</strong></span> <span class='ocrx_word' id='word_1_151' title='bbox 1698 2157 1806 2198; x_wconf 89' lang='lat' dir='ltr'><strong>uno</strong></span> <span class='ocrx_word' id='word_1_152' title='bbox 1843 2151 2051 2198; x_wconf 86' lang='lat' dir='ltr'><strong>emerat</strong></span> 
     </span>
    </p>
   </div>
   <div class='ocr_carea' id='block_1_24' title="bbox 453 2215 2047 2306">
    <p class='ocr_par' dir='ltr' id='par_1_24' title="bbox 453 2215 2047 2306">
     <span class='ocr_line' id='line_1_24' title="bbox 453 2215 2047 2306; baseline 0.007 -25"><span class='ocrx_word' id='word_1_153' title='bbox 453 2241 651 2291; x_wconf 88' lang='lat' dir='ltr'><strong>aureo,</strong></span> <span class='ocrx_word' id='word_1_154' title='bbox 673 2215 894 2284; x_wconf 88' lang='lat' dir='ltr'><strong>duobus</strong></span> <span class='ocrx_word' id='word_1_155' title='bbox 938 2230 1198 2286; x_wconf 85' lang='lat' dir='ltr'><strong>vendidit.</strong></span> <span class='ocrx_word' id='word_1_156' title='bbox 1230 2230 1325 2289; x_wconf 67' lang='lat' dir='ltr'><strong>Hae</strong></span> <span class='ocrx_word' id='word_1_157' title='bbox 1355 2243 1512 2301; x_wconf 90' lang='lat' dir='ltr'><strong>sunt,</strong></span> <span class='ocrx_word' id='word_1_158' title='bbox 1541 2234 1760 2306; x_wconf 76' lang='lat' dir='ltr'><strong>domine</strong></span> <span class='ocrx_word' id='word_1_159' title='bbox 1787 2236 1892 2302; x_wconf 93' lang='lat' dir='ltr'><strong>mi,</strong></span> <span class='ocrx_word' id='word_1_160' title='bbox 1926 2251 2047 2306; x_wconf 89' lang='lat' dir='ltr'><strong>res,</strong></span> 
     </span>
    </p>
   </div>
   <div class='ocr_carea' id='block_1_25' title="bbox 446 2301 2050 2403">
    <p class='ocr_par' dir='ltr' id='par_1_25' title="bbox 446 2301 2050 2403">
     <span class='ocr_line' id='line_1_25' title="bbox 446 2301 2050 2403; baseline 0.008 -32"><span class='ocrx_word' id='word_1_161' title='bbox 446 2331 573 2388; x_wconf 70' lang='lat' dir='ltr'><strong>qua:</strong></span> <span class='ocrx_word' id='word_1_162' title='bbox 613 2317 976 2403; x_wconf 86' lang='lat' dir='ltr'><strong>Nicephorum</strong></span> <span class='ocrx_word' id='word_1_163' title='bbox 1013 2323 1198 2394; x_wconf 90' lang='lat' dir='ltr'><strong>copias</strong></span> <span class='ocrx_word' id='word_1_164' title='bbox 1241 2324 1293 2378; x_wconf 93' lang='lat' dir='ltr'><strong>in</strong></span> <span class='ocrx_word' id='word_1_165' title='bbox 1344 2301 1797 2398; x_wconf 62' lang='lat' dir='ltr'><strong>Assyrios&#39;nunc</strong></span> <span class='ocrx_word' id='word_1_166' title='bbox 1847 2327 2050 2384; x_wconf 86' lang='lat' dir='ltr'><strong>ducere</strong></span> 
     </span>
    </p>
   </div>
   <div class='ocr_carea' id='block_1_26' title="bbox 452 2411 2048 2490">
    <p class='ocr_par' dir='ltr' id='par_1_26' title="bbox 452 2411 2048 2490">
     <span class='ocr_line' id='line_1_26' title="bbox 452 2411 2048 2490; baseline 0.007 -25"><span class='ocrx_word' id='word_1_167' title='bbox 452 2411 851 2484; x_wconf 89' lang='lat' dir='ltr'><strong>compulerunt.</strong></span> <span class='ocrx_word' id='word_1_168' title='bbox 881 2413 989 2470; x_wconf 92' lang='lat' dir='ltr'><strong>Sed</strong></span> <span class='ocrx_word' id='word_1_169' title='bbox 1016 2416 1208 2486; x_wconf 89' lang='lat' dir='ltr'><strong>quales</strong></span> <span class='ocrx_word' id='word_1_170' title='bbox 1230 2459 1244 2484; x_wconf 96' lang='lat'><strong>,</strong></span> <span class='ocrx_word' id='word_1_171' title='bbox 1273 2433 1458 2488; x_wconf 65' lang='lat' dir='ltr'><strong>quaeso</strong></span> <span class='ocrx_word' id='word_1_172' title='bbox 1477 2460 1492 2484; x_wconf 92' lang='lat'><strong>,</strong></span> <span class='ocrx_word' id='word_1_173' title='bbox 1524 2421 1748 2490; x_wconf 89' lang='lat' dir='ltr'><strong>copias?</strong></span> <span class='ocrx_word' id='word_1_174' title='bbox 1775 2435 1933 2488; x_wconf 85' lang='lat' dir='ltr'><strong>vere,</strong></span> <span class='ocrx_word' id='word_1_175' title='bbox 1961 2422 2048 2476; x_wconf 92' lang='lat' dir='ltr'><strong>in-</strong></span> 
     </span>
    </p>
   </div>
   <div class='ocr_carea' id='block_1_27' title="bbox 453 2508 2049 2585">
    <p class='ocr_par' dir='ltr' id='par_1_27' title="bbox 453 2508 2049 2585">
     <span class='ocr_line' id='line_1_27' title="bbox 453 2508 2049 2585; baseline 0.009 -27"><span class='ocrx_word' id='word_1_176' title='bbox 453 2517 617 2575; x_wconf 91' lang='lat' dir='ltr'><strong>quam</strong></span> <span class='ocrx_word' id='word_1_177' title='bbox 635 2547 652 2573; x_wconf 96' lang='lat'><strong>,</strong></span> <span class='ocrx_word' id='word_1_178' title='bbox 687 2522 794 2562; x_wconf 92' lang='lat' dir='ltr'><strong>non</strong></span> <span class='ocrx_word' id='word_1_179' title='bbox 821 2508 1100 2575; x_wconf 89' lang='lat' dir='ltr'><strong>homines,</strong></span> <span class='ocrx_word' id='word_1_180' title='bbox 1125 2511 1220 2568; x_wconf 90' lang='lat' dir='ltr'><strong>sed</strong></span> <span class='ocrx_word' id='word_1_181' title='bbox 1246 2512 1559 2569; x_wconf 89' lang='lat' dir='ltr'><strong>hominibus</strong></span> <span class='ocrx_word' id='word_1_182' title='bbox 1581 2514 1817 2582; x_wconf 88' lang='lat' dir='ltr'><strong>similes;</strong></span> <span class='ocrx_word' id='word_1_183' title='bbox 1850 2516 2049 2585; x_wconf 89' lang='lat' dir='ltr'><strong>quibus</strong></span> 
     </span>
    </p>
   </div>
   <div class='ocr_carea' id='block_1_28' title="bbox 453 2596 2048 2679">
    <p class='ocr_par' dir='ltr' id='par_1_28' title="bbox 453 2596 2048 2679">
     <span class='ocr_line' id='line_1_28' title="bbox 453 2596 2048 2679; baseline 0.007 -26"><span class='ocrx_word' id='word_1_184' title='bbox 453 2596 638 2670; x_wconf 90' lang='lat' dir='ltr'><strong>lingua</strong></span> <span class='ocrx_word' id='word_1_185' title='bbox 703 2608 913 2656; x_wconf 90' lang='lat' dir='ltr'><strong>tantum</strong></span> <span class='ocrx_word' id='word_1_186' title='bbox 967 2617 1198 2672; x_wconf 78' lang='lat' dir='ltr'><strong>procax,</strong></span> <span class='ocrx_word' id='word_1_187' title='bbox 1264 2605 1358 2661; x_wconf 88' lang='lat' dir='ltr'><strong>sed</strong></span> <span class='ocrx_word' id='word_1_188' title='bbox 1415 2625 1433 2658; x_wconf 84' lang='grc'>‹</span> <span class='ocrx_word' id='word_1_189' title='bbox 1477 2605 1671 2679; x_wconf 83' lang='lat' dir='ltr'><strong>frigida</strong></span> <span class='ocrx_word' id='word_1_190' title='bbox 1719 2607 1861 2663; x_wconf 88' lang='lat' dir='ltr'><strong>bello</strong></span> <span class='ocrx_word' id='word_1_191' title='bbox 1915 2609 2048 2664; x_wconf 80' lang='lat' dir='ltr'><strong>dex-</strong></span> 
     </span>
    </p>
   </div>
   <div class='ocr_carea' id='block_1_29' title="bbox 455 2691 2049 2771">
    <p class='ocr_par' dir='ltr' id='par_1_29' title="bbox 455 2691 2049 2771">
     <span class='ocr_line' id='line_1_29' title="bbox 455 2691 2049 2771; baseline 0.007 -26"><span class='ocrx_word' id='word_1_192' title='bbox 455 2697 574 2746; x_wconf 90' lang='lat' dir='ltr'><strong>tera</strong></span> <span class='ocrx_word' id='word_1_193' title='bbox 597 2691 771 2764; x_wconf 86' lang='grc'>(180).</span> <span class='ocrx_word' id='word_1_194' title='bbox 802 2711 821 2744; x_wconf 79' lang='grc' dir='ltr'><strong><em>ι</em></strong></span> <span class='ocrx_word' id='word_1_195' title='bbox 852 2692 967 2750; x_wconf 89' lang='lat' dir='ltr'><strong>Non</strong></span> <span class='ocrx_word' id='word_1_196' title='bbox 1006 2695 1222 2766; x_wconf 83' lang='lat' dir='ltr'><strong>inspicit</strong></span> <span class='ocrx_word' id='word_1_197' title='bbox 1255 2697 1308 2752; x_wconf 91' lang='lat' dir='ltr'><strong>iu</strong></span> <span class='ocrx_word' id='word_1_198' title='bbox 1337 2697 1423 2753; x_wconf 89' lang='lat' dir='ltr'><strong>his</strong></span> <span class='ocrx_word' id='word_1_199' title='bbox 1447 2697 1786 2769; x_wconf 86' lang='lat' dir='ltr'><strong>Nicephorus</strong></span> <span class='ocrx_word' id='word_1_200' title='bbox 1815 2702 2049 2771; x_wconf 87' lang='lat' dir='ltr'><strong>qualita-</strong></span> 
     </span>
    </p>
   </div>
   <div class='ocr_carea' id='block_1_30' title="bbox 459 2783 2052 2863">
    <p class='ocr_par' dir='ltr' id='par_1_30' title="bbox 459 2783 2052 2863">
     <span class='ocr_line' id='line_1_30' title="bbox 459 2783 2052 2863; baseline 0.008 -27"><span class='ocrx_word' id='word_1_201' title='bbox 459 2789 604 2848; x_wconf 84' lang='lat' dir='ltr'><strong>tem,</strong></span> <span class='ocrx_word' id='word_1_202' title='bbox 636 2783 734 2838; x_wconf 89' lang='lat' dir='ltr'><strong>sed</strong></span> <span class='ocrx_word' id='word_1_203' title='bbox 777 2783 950 2840; x_wconf 88' lang='lat' dir='ltr'><strong>solam</strong></span> <span class='ocrx_word' id='word_1_204' title='bbox 978 2787 1372 2857; x_wconf 83' lang='lat' dir='ltr'><strong>quantitatem;</strong></span> <span class='ocrx_word' id='word_1_205' title='bbox 1425 2791 1566 2860; x_wconf 92' lang='lat' dir='ltr'><strong>quod</strong></span> <span class='ocrx_word' id='word_1_206' title='bbox 1595 2807 1756 2861; x_wconf 91' lang='lat' dir='ltr'><strong>quam</strong></span> <span class='ocrx_word' id='word_1_207' title='bbox 1785 2794 2052 2863; x_wconf 89' lang='lat' dir='ltr'><strong>periculo-</strong></span> 
     </span>
    </p>
   </div>
   <div class='ocr_carea' id='block_1_31' title="bbox 459 2873 2052 2951">
    <p class='ocr_par' dir='ltr' id='par_1_31' title="bbox 459 2873 2052 2951">
     <span class='ocr_line' id='line_1_31' title="bbox 459 2873 2052 2951; baseline 0.009 -24"><span class='ocrx_word' id='word_1_208' title='bbox 459 2886 584 2928; x_wconf 84' lang='lat' dir='ltr'><strong>sum</strong></span> <span class='ocrx_word' id='word_1_209' title='bbox 617 2873 693 2929; x_wconf 90' lang='lat' dir='ltr'><strong>illi</strong></span> <span class='ocrx_word' id='word_1_210' title='bbox 723 2876 829 2942; x_wconf 90' lang='lat' dir='ltr'><strong>sit,</strong></span> <span class='ocrx_word' id='word_1_211' title='bbox 857 2884 970 2932; x_wconf 91' lang='lat' dir='ltr'><strong>tum</strong></span> <span class='ocrx_word' id='word_1_212' title='bbox 1001 2893 1126 2934; x_wconf 91' lang='lat' dir='ltr'><strong>sero</strong></span> <span class='ocrx_word' id='word_1_213' title='bbox 1154 2880 1442 2951; x_wconf 74' lang='lat' dir='ltr'><strong>ptenitebit</strong></span> <span class='ocrx_word' id='word_1_214' title='bbox 1468 2896 1590 2936; x_wconf 89' lang='lat' dir='ltr'><strong>eum</strong></span> <span class='ocrx_word' id='word_1_215' title='bbox 1613 2922 1628 2947; x_wconf 95' lang='lat'><strong>,</strong></span> <span class='ocrx_word' id='word_1_216' title='bbox 1657 2899 1780 2938; x_wconf 91' lang='lat' dir='ltr'><strong>cum</strong></span> <span class='ocrx_word' id='word_1_217' title='bbox 1809 2884 2052 2941; x_wconf 90' lang='lat' dir='ltr'><strong>imbelles</strong></span> 
     </span>
    </p>
   </div>
   <div class='ocr_carea' id='block_1_32' title="bbox 457 2963 2054 3046">
    <p class='ocr_par' dir='ltr' id='par_1_32' title="bbox 457 2963 2054 3046">
     <span class='ocr_line' id='line_1_32' title="bbox 457 2963 2054 3046; baseline 0.009 -28"><span class='ocrx_word' id='word_1_218' title='bbox 457 2963 709 3036; x_wconf 90' lang='lat' dir='ltr'><strong>plurimi,</strong></span> <span class='ocrx_word' id='word_1_219' title='bbox 755 2966 1103 3025; x_wconf 88' lang='lat' dir='ltr'><strong>multitudine</strong></span> <span class='ocrx_word' id='word_1_220' title='bbox 1144 2972 1403 3038; x_wconf 87' lang='lat' dir='ltr'><strong>animati,</strong></span> <span class='ocrx_word' id='word_1_221' title='bbox 1455 2990 1487 3029; x_wconf 90' lang='lat' dir='ltr'><strong>a</strong></span> <span class='ocrx_word' id='word_1_222' title='bbox 1535 2975 1738 3029; x_wconf 90' lang='lat' dir='ltr'><strong>nostris</strong></span> <span class='ocrx_word' id='word_1_223' title='bbox 1765 2977 2054 3046; x_wconf 89' lang='lat' dir='ltr'><strong>perpaucis</strong></span> 
     </span>
    </p>
   </div>
   <div class='ocr_carea' id='block_1_33' title="bbox 453 3055 1938 3134">
    <p class='ocr_par' dir='ltr' id='par_1_33' title="bbox 453 3055 1938 3134">
     <span class='ocr_line' id='line_1_33' title="bbox 453 3055 1938 3134; baseline 0.009 -22"><span class='ocrx_word' id='word_1_224' title='bbox 453 3055 596 3113; x_wconf 84' lang='lat' dir='ltr'><strong>bella</strong></span> <span class='ocrx_word' id='word_1_225' title='bbox 625 3060 955 3130; x_wconf 85' lang='lat' dir='ltr'><strong>scientibus,</strong></span> <span class='ocrx_word' id='word_1_226' title='bbox 983 3062 1150 3120; x_wconf 89' lang='lat' dir='ltr'><strong>immo</strong></span> <span class='ocrx_word' id='word_1_227' title='bbox 1181 3065 1492 3124; x_wconf 89' lang='lat' dir='ltr'><strong>sitientibus</strong></span> <span class='ocrx_word' id='word_1_228' title='bbox 1515 3109 1528 3134; x_wconf 94' lang='lat'><strong>,</strong></span> <span class='ocrx_word' id='word_1_229' title='bbox 1566 3077 1938 3125; x_wconf 90' lang='lat' dir='ltr'><strong>conterentur.</strong></span> 
     </span>
    </p>
   </div>
   <div class='ocr_carea' id='block_1_34' title="bbox 2141 477 3735 550">
    <p class='ocr_par' dir='ltr' id='par_1_34' title="bbox 2141 477 3735 550">
     <span class='ocr_line' id='line_1_34' title="bbox 2141 477 3735 550; baseline 0.002 -18"><span class='ocrx_word' id='word_1_230' title='bbox 2141 493 2336 532; x_wconf 91' lang='lat' dir='ltr'><strong>narum</strong></span> <span class='ocrx_word' id='word_1_231' title='bbox 2356 478 2530 550; x_wconf 91' lang='lat' dir='ltr'><strong>gratia</strong></span> <span class='ocrx_word' id='word_1_232' title='bbox 2553 478 2824 544; x_wconf 90' lang='lat' dir='ltr'><strong>adierunt,</strong></span> <span class='ocrx_word' id='word_1_233' title='bbox 2845 477 3368 548; x_wconf 88' lang='lat' dir='ltr'><strong>comprehendentes</strong></span> <span class='ocrx_word' id='word_1_234' title='bbox 3386 478 3735 547; x_wconf 84' lang='lat' dir='ltr'><strong>ceciderunt,</strong></span> 
     </span>
    </p>
   </div>
   <div class='ocr_carea' id='block_1_35' title="bbox 2144 567 3741 637">
    <p class='ocr_par' dir='ltr' id='par_1_35' title="bbox 2144 567 3741 637">
     <span class='ocr_line' id='line_1_35' title="bbox 2144 567 3741 637; baseline 0.003 -14"><span class='ocrx_word' id='word_1_235' title='bbox 2144 568 2400 624; x_wconf 80' lang='lat' dir='ltr'><strong>custodiae</strong></span> <span class='ocrx_word' id='word_1_236' title='bbox 2449 569 2819 637; x_wconf 88' lang='lat' dir='ltr'><strong>tradiderunt;</strong></span> <span class='ocrx_word' id='word_1_237' title='bbox 2874 567 3227 625; x_wconf 64' lang='lat' dir='ltr'><strong>Graecolonou</strong></span> <span class='ocrx_word' id='word_1_238' title='bbox 3274 585 3494 637; x_wconf 89' lang='lat' dir='ltr'><strong>meum,</strong></span> <span class='ocrx_word' id='word_1_239' title='bbox 3541 569 3600 626; x_wconf 89' lang='lat' dir='ltr'><strong>id</strong></span> <span class='ocrx_word' id='word_1_240' title='bbox 3651 579 3741 627; x_wconf 73' lang='lat' dir='ltr'><strong>est</strong></span> 
     </span>
    </p>
   </div>
   <div class='ocr_carea' id='block_1_36' title="bbox 2142 659 3740 734">
    <p class='ocr_par' dir='ltr' id='par_1_36' title="bbox 2142 659 3740 734">
     <span class='ocr_line' id='line_1_36' title="bbox 2142 659 3740 734; baseline 0.002 -17"><span class='ocrx_word' id='word_1_241' title='bbox 2142 659 2345 717; x_wconf 71' lang='lat' dir='ltr'><strong>Graecae</strong></span> <span class='ocrx_word' id='word_1_242' title='bbox 2372 660 2569 732; x_wconf 60' lang='lat' dir='ltr'><strong>linguae</strong></span> <span class='ocrx_word' id='word_1_243' title='bbox 2611 677 2870 734; x_wconf 90' lang='lat' dir='ltr'><strong>gnarum,</strong></span> <span class='ocrx_word' id='word_1_244' title='bbox 2923 677 3034 719; x_wconf 89' lang='lat' dir='ltr'><strong>non</strong></span> <span class='ocrx_word' id='word_1_245' title='bbox 3080 661 3468 734; x_wconf 81' lang='lat' dir='ltr'><strong>permittebant</strong></span> <span class='ocrx_word' id='word_1_246' title='bbox 3508 662 3740 732; x_wconf 73' lang='lat' dir='ltr'><strong>egredi,</strong></span> 
     </span>
    </p>
   </div>
   <div class='ocr_carea' id='block_1_37' title="bbox 2144 749 3742 822">
    <p class='ocr_par' dir='ltr' id='par_1_37' title="bbox 2144 749 3742 822">
     <span class='ocr_line' id='line_1_37' title="bbox 2144 749 3742 822; baseline 0.001 -15"><span class='ocrx_word' id='word_1_247' title='bbox 2144 751 2335 807; x_wconf 90' lang='lat' dir='ltr'><strong>saltem</strong></span> <span class='ocrx_word' id='word_1_248' title='bbox 2357 759 2419 805; x_wconf 90' lang='lat' dir='ltr'><strong>ut</strong></span> <span class='ocrx_word' id='word_1_249' title='bbox 2443 759 2689 822; x_wconf 91' lang='lat' dir='ltr'><strong>sumptus</strong></span> <span class='ocrx_word' id='word_1_250' title='bbox 2725 761 2967 821; x_wconf 86' lang='lat' dir='ltr'><strong>emeret,</strong></span> <span class='ocrx_word' id='word_1_251' title='bbox 2992 751 3088 809; x_wconf 92' lang='lat' dir='ltr'><strong>sed</strong></span> <span class='ocrx_word' id='word_1_252' title='bbox 3115 767 3305 810; x_wconf 88' lang='lat' dir='ltr'><strong>cocum</strong></span> <span class='ocrx_word' id='word_1_253' title='bbox 3328 751 3506 808; x_wconf 89' lang='lat' dir='ltr'><strong>solum</strong></span> <span class='ocrx_word' id='word_1_254' title='bbox 3531 749 3742 808; x_wconf 66' lang='lat' dir='ltr'><strong>Graeca</strong></span> 
     </span>
    </p>
   </div>
   <div class='ocr_carea' id='block_1_38' title="bbox 2144 842 3746 918">
    <p class='ocr_par' dir='ltr' id='par_1_38' title="bbox 2144 842 3746 918">
     <span class='ocr_line' id='line_1_38' title="bbox 2144 842 3746 918; baseline 0.001 -19"><span class='ocrx_word' id='word_1_255' title='bbox 2144 842 2342 913; x_wconf 80' lang='lat' dir='ltr'><strong>linguae</strong></span> <span class='ocrx_word' id='word_1_256' title='bbox 2389 843 2671 914; x_wconf 90' lang='lat' dir='ltr'><strong>ignarum;</strong></span> <span class='ocrx_word' id='word_1_257' title='bbox 2700 845 2793 916; x_wconf 90' lang='lat' dir='ltr'><strong>qui</strong></span> <span class='ocrx_word' id='word_1_258' title='bbox 2823 861 2932 901; x_wconf 93' lang='lat' dir='ltr'><strong>non</strong></span> <span class='ocrx_word' id='word_1_259' title='bbox 2965 845 3243 918; x_wconf 89' lang='lat' dir='ltr'><strong>signorum</strong></span> <span class='ocrx_word' id='word_1_260' title='bbox 3275 845 3486 917; x_wconf 88' lang='lat' dir='ltr'><strong>signis,</strong></span> <span class='ocrx_word' id='word_1_261' title='bbox 3528 845 3629 900; x_wconf 78' lang='lat' dir='ltr'><strong>sed</strong></span> <span class='ocrx_word' id='word_1_262' title='bbox 3659 843 3746 900; x_wconf 83' lang='lat' dir='ltr'><strong>di-</strong></span> 
     </span>
    </p>
   </div>
   <div class='ocr_carea' id='block_1_39' title="bbox 2145 937 3746 1009">
    <p class='ocr_par' dir='ltr' id='par_1_39' title="bbox 2145 937 3746 1009">
     <span class='ocr_line' id='line_1_39' title="bbox 2145 937 3746 1009; baseline -0.001 -17"><span class='ocrx_word' id='word_1_263' title='bbox 2145 937 2509 1009; x_wconf 85' lang='lat' dir='ltr'><strong>gitorumseu</strong></span> <span class='ocrx_word' id='word_1_264' title='bbox 2543 937 2736 1008; x_wconf 90' lang='lat' dir='ltr'><strong>capitis</strong></span> <span class='ocrx_word' id='word_1_265' title='bbox 2775 937 3030 1005; x_wconf 90' lang='lat' dir='ltr'><strong>nutibus,</strong></span> <span class='ocrx_word' id='word_1_266' title='bbox 3060 952 3185 993; x_wconf 92' lang='lat' dir='ltr'><strong>cum</strong></span> <span class='ocrx_word' id='word_1_267' title='bbox 3211 937 3498 994; x_wconf 81' lang='lat' dir='ltr'><strong>venditare</strong></span> <span class='ocrx_word' id='word_1_268' title='bbox 3524 944 3746 1005; x_wconf 82' lang='lat' dir='ltr'><strong>emptor</strong></span> 
     </span>
    </p>
   </div>
   <div class='ocr_carea' id='block_1_40' title="bbox 2145 1028 3744 1102">
    <p class='ocr_par' dir='ltr' id='par_1_40' title="bbox 2145 1028 3744 1102">
     <span class='ocr_line' id='line_1_40' title="bbox 2145 1028 3744 1102; baseline 0.001 -16"><span class='ocrx_word' id='word_1_269' title='bbox 2145 1030 2490 1101; x_wconf 90' lang='lat' dir='ltr'><strong>loquebatur,</strong></span> <span class='ocrx_word' id='word_1_270' title='bbox 2515 1030 2760 1102; x_wconf 85' lang='lat' dir='ltr'><strong>tantique</strong></span> <span class='ocrx_word' id='word_1_271' title='bbox 2779 1032 3015 1087; x_wconf 89' lang='lat' dir='ltr'><strong>nummis</strong></span> <span class='ocrx_word' id='word_1_272' title='bbox 3035 1031 3250 1087; x_wconf 89' lang='lat' dir='ltr'><strong>emebat</strong></span> <span class='ocrx_word' id='word_1_273' title='bbox 3267 1038 3526 1102; x_wconf 87' lang='lat' dir='ltr'><strong>quatuor,</strong></span> <span class='ocrx_word' id='word_1_274' title='bbox 3549 1028 3744 1101; x_wconf 79' lang='lat' dir='ltr'><strong>quanti</strong></span> 
     </span>
    </p>
   </div>
   <div class='ocr_carea' id='block_1_41' title="bbox 2145 1122 3746 1194">
    <p class='ocr_par' dir='ltr' id='par_1_41' title="bbox 2145 1122 3746 1194">
     <span class='ocr_line' id='line_1_41' title="bbox 2145 1122 3746 1194; baseline -0.001 -14"><span class='ocrx_word' id='word_1_275' title='bbox 2145 1122 2494 1180; x_wconf 77' lang='lat' dir='ltr'><strong>Gnecolonus</strong></span> <span class='ocrx_word' id='word_1_276' title='bbox 2541 1124 2829 1180; x_wconf 89' lang='lat' dir='ltr'><strong>obsonium</strong></span> <span class='ocrx_word' id='word_1_277' title='bbox 2857 1141 2986 1180; x_wconf 91' lang='lat' dir='ltr'><strong>uno.</strong></span> <span class='ocrx_word' id='word_1_278' title='bbox 3019 1125 3087 1180; x_wconf 85' lang='lat' dir='ltr'><strong>Et</strong></span> <span class='ocrx_word' id='word_1_279' title='bbox 3116 1141 3239 1181; x_wconf 91' lang='lat' dir='ltr'><strong>cum</strong></span> <span class='ocrx_word' id='word_1_280' title='bbox 3267 1124 3575 1182; x_wconf 89' lang='lat' dir='ltr'><strong>amicorum</strong></span> <span class='ocrx_word' id='word_1_281' title='bbox 3617 1123 3746 1194; x_wconf 80' lang='lat' dir='ltr'><strong>qui-</strong></span> 
     </span>
    </p>
   </div>
   <div class='ocr_carea' id='block_1_42' title="bbox 2149 1215 3745 1288">
    <p class='ocr_par' dir='ltr' id='par_1_42' title="bbox 2149 1215 3745 1288">
     <span class='ocr_line' id='line_1_42' title="bbox 2149 1215 3745 1288; baseline 0.001 -16"><span class='ocrx_word' id='word_1_282' title='bbox 2149 1216 2270 1272; x_wconf 89' lang='lat' dir='ltr'><strong>dam</strong></span> <span class='ocrx_word' id='word_1_283' title='bbox 2306 1225 2579 1283; x_wconf 88' lang='lat' dir='ltr'><strong>aromata,</strong></span> <span class='ocrx_word' id='word_1_284' title='bbox 2607 1231 2815 1288; x_wconf 86' lang='lat' dir='ltr'><strong>panes,</strong></span> <span class='ocrx_word' id='word_1_285' title='bbox 2861 1218 3082 1283; x_wconf 90' lang='lat' dir='ltr'><strong>vinum,</strong></span> <span class='ocrx_word' id='word_1_286' title='bbox 3117 1232 3280 1288; x_wconf 89' lang='lat' dir='ltr'><strong>poma</strong></span> <span class='ocrx_word' id='word_1_287' title='bbox 3309 1217 3593 1284; x_wconf 88' lang='lat' dir='ltr'><strong>mitteret,</strong></span> <span class='ocrx_word' id='word_1_288' title='bbox 3625 1215 3745 1273; x_wconf 81' lang='lat' dir='ltr'><strong>solo</strong></span> 
     </span>
    </p>
   </div>
   <div class='ocr_carea' id='block_1_43' title="bbox 2147 1307 3742 1380">
    <p class='ocr_par' dir='ltr' id='par_1_43' title="bbox 2147 1307 3742 1380">
     <span class='ocr_line' id='line_1_43' title="bbox 2147 1307 3742 1380; baseline 0.002 -17"><span class='ocrx_word' id='word_1_289' title='bbox 2147 1317 2341 1364; x_wconf 90' lang='lat' dir='ltr'><strong>cuncta</strong></span> <span class='ocrx_word' id='word_1_290' title='bbox 2385 1307 2705 1375; x_wconf 82' lang='lat' dir='ltr'><strong>fundentes,</strong></span> <span class='ocrx_word' id='word_1_291' title='bbox 2745 1309 2965 1365; x_wconf 89' lang='lat' dir='ltr'><strong>nuntios</strong></span> <span class='ocrx_word' id='word_1_292' title='bbox 3013 1309 3258 1380; x_wconf 90' lang='lat' dir='ltr'><strong>colaphis</strong></span> <span class='ocrx_word' id='word_1_293' title='bbox 3301 1310 3438 1364; x_wconf 89' lang='lat' dir='ltr'><strong>satis</strong></span> <span class='ocrx_word' id='word_1_294' title='bbox 3479 1316 3742 1366; x_wconf 70' lang='lat' dir='ltr'><strong>oneratos</strong></span> 
     </span>
    </p>
   </div>
   <div class='ocr_carea' id='block_1_44' title="bbox 2147 1400 3740 1473">
    <p class='ocr_par' dir='ltr' id='par_1_44' title="bbox 2147 1400 3740 1473">
     <span class='ocr_line' id='line_1_44' title="bbox 2147 1400 3740 1473; baseline -0.002 -14"><span class='ocrx_word' id='word_1_295' title='bbox 2147 1403 2489 1459; x_wconf 90' lang='lat' dir='ltr'><strong>dimiserunt.</strong></span> <span class='ocrx_word' id='word_1_296' title='bbox 2533 1403 2602 1458; x_wconf 87' lang='lat' dir='ltr'><strong>Et</strong></span> <span class='ocrx_word' id='word_1_297' title='bbox 2648 1402 2751 1458; x_wconf 90' lang='lat' dir='ltr'><strong>nisi</strong></span> <span class='ocrx_word' id='word_1_298' title='bbox 2797 1402 2977 1458; x_wconf 89' lang='lat' dir='ltr'><strong>divina</strong></span> <span class='ocrx_word' id='word_1_299' title='bbox 3007 1402 3182 1473; x_wconf 89' lang='lat' dir='ltr'><strong>pietas</strong></span> <span class='ocrx_word' id='word_1_300' title='bbox 3205 1409 3458 1473; x_wconf 90' lang='lat' dir='ltr'><strong>parasset</strong></span> <span class='ocrx_word' id='word_1_301' title='bbox 3501 1400 3561 1456; x_wconf 88' lang='lat' dir='ltr'><strong>in</strong></span> <span class='ocrx_word' id='word_1_302' title='bbox 3607 1415 3740 1456; x_wconf 81' lang='lat' dir='ltr'><strong>cou-</strong></span> 
     </span>
    </p>
   </div>
   <div class='ocr_carea' id='block_1_45' title="bbox 2148 1492 3746 1569">
    <p class='ocr_par' dir='ltr' id='par_1_45' title="bbox 2148 1492 3746 1569">
     <span class='ocr_line' id='line_1_45' title="bbox 2148 1492 3746 1569; baseline -0.003 -16"><span class='ocrx_word' id='word_1_303' title='bbox 2148 1506 2334 1569; x_wconf 90' lang='lat' dir='ltr'><strong>spectu</strong></span> <span class='ocrx_word' id='word_1_304' title='bbox 2368 1512 2507 1553; x_wconf 92' lang='lat' dir='ltr'><strong>.meo</strong></span> <span class='ocrx_word' id='word_1_305' title='bbox 2558 1510 2802 1551; x_wconf 88' lang='lat' dir='ltr'><strong>mensam</strong></span> <span class='ocrx_word' id='word_1_306' title='bbox 2855 1495 3118 1550; x_wconf 89' lang='lat' dir='ltr'><strong>adversus</strong></span> <span class='ocrx_word' id='word_1_307' title='bbox 3165 1508 3260 1550; x_wconf 88' lang='lat' dir='ltr'><strong>eos</strong></span> <span class='ocrx_word' id='word_1_308' title='bbox 3318 1494 3414 1564; x_wconf 91' lang='lat' dir='ltr'><strong>qui</strong></span> <span class='ocrx_word' id='word_1_309' title='bbox 3478 1492 3746 1549; x_wconf 82' lang='lat' dir='ltr'><strong>tribulant</strong></span> 
     </span>
    </p>
   </div>
   <div class='ocr_carea' id='block_1_46' title="bbox 2147 1581 3745 1662">
    <p class='ocr_par' dir='ltr' id='par_1_46' title="bbox 2147 1581 3745 1662">
     <span class='ocr_line' id='line_1_46' title="bbox 2147 1581 3745 1662; baseline -0.005 -16"><span class='ocrx_word' id='word_1_310' title='bbox 2147 1605 2236 1646; x_wconf 89' lang='lat' dir='ltr'><strong>me</strong></span> <span class='ocrx_word' id='word_1_311' title='bbox 2267 1589 2414 1662; x_wconf 84' lang='lat' dir='ltr'><strong>(l8l)</strong></span> <span class='ocrx_word' id='word_1_312' title='bbox 2435 1631 2450 1656; x_wconf 91' lang='lat'><strong>,</strong></span> <span class='ocrx_word' id='word_1_313' title='bbox 2476 1603 2584 1643; x_wconf 91' lang='lat' dir='ltr'><strong>una</strong></span> <span class='ocrx_word' id='word_1_314' title='bbox 2621 1587 2752 1642; x_wconf 88' lang='lat' dir='ltr'><strong>mihi</strong></span> <span class='ocrx_word' id='word_1_315' title='bbox 2782 1594 2970 1659; x_wconf 91' lang='lat' dir='ltr'><strong>parata</strong></span> <span class='ocrx_word' id='word_1_316' title='bbox 3006 1601 3152 1642; x_wconf 90' lang='lat' dir='ltr'><strong>mors</strong></span> <span class='ocrx_word' id='word_1_317' title='bbox 3180 1583 3320 1641; x_wconf 83' lang='lat' dir='ltr'><strong>foret</strong></span> <span class='ocrx_word' id='word_1_318' title='bbox 3349 1592 3604 1655; x_wconf 87' lang='lat' dir='ltr'><strong>accepta.</strong></span> <span class='ocrx_word' id='word_1_319' title='bbox 3635 1581 3745 1638; x_wconf 85' lang='lat' dir='ltr'><strong>Sed</strong></span> 
     </span>
    </p>
   </div>
   <div class='ocr_carea' id='block_1_47' title="bbox 2151 1673 3745 1754">
    <p class='ocr_par' dir='ltr' id='par_1_47' title="bbox 2151 1673 3745 1754">
     <span class='ocr_line' id='line_1_47' title="bbox 2151 1673 3745 1754; baseline -0.004 -18"><span class='ocrx_word' id='word_1_320' title='bbox 2151 1683 2245 1754; x_wconf 90' lang='lat' dir='ltr'><strong>qui</strong></span> <span class='ocrx_word' id='word_1_321' title='bbox 2290 1682 2539 1752; x_wconf 89' lang='lat' dir='ltr'><strong>permisit</strong></span> <span class='ocrx_word' id='word_1_322' title='bbox 2591 1679 2876 1750; x_wconf 89' lang='lat' dir='ltr'><strong>temptari,</strong></span> <span class='ocrx_word' id='word_1_323' title='bbox 2933 1678 3084 1734; x_wconf 90' lang='lat' dir='ltr'><strong>dedit</strong></span> <span class='ocrx_word' id='word_1_324' title='bbox 3137 1686 3264 1733; x_wconf 92' lang='lat' dir='ltr'><strong>tunc</strong></span> <span class='ocrx_word' id='word_1_325' title='bbox 3314 1673 3745 1732; x_wconf 82' lang='lat' dir='ltr'><strong>misericorditer</strong></span> 
     </span>
    </p>
   </div>
   <div class='ocr_carea' id='block_1_48' title="bbox 2074 1752 3744 1844">
    <p class='ocr_par' dir='ltr' id='par_1_48' title="bbox 2074 1752 3744 1844">
     <span class='ocr_line' id='line_1_48' title="bbox 2074 1752 3744 1844; baseline -0.004 -16"><span class='ocrx_word' id='word_1_326' title='bbox 2074 1752 2124 1815; x_wconf 82' lang='grc' dir='ltr'><strong>Β</strong></span> <span class='ocrx_word' id='word_1_327' title='bbox 2156 1752 2289 1844; x_wconf 82' lang='lat' dir='ltr'><strong>pati.</strong></span> <span class='ocrx_word' id='word_1_328' title='bbox 2323 1770 2710 1840; x_wconf 82' lang='lat' dir='ltr'><strong>Hujuscemodi</strong></span> <span class='ocrx_word' id='word_1_329' title='bbox 2754 1786 2840 1828; x_wconf 88' lang='lat' dir='ltr'><strong>me</strong></span> <span class='ocrx_word' id='word_1_330' title='bbox 2869 1769 3169 1842; x_wconf 90' lang='lat' dir='ltr'><strong>periculum</strong></span> <span class='ocrx_word' id='word_1_331' title='bbox 3200 1768 3437 1825; x_wconf 90' lang='lat' dir='ltr'><strong>secundo</strong></span> <span class='ocrx_word' id='word_1_332' title='bbox 3461 1764 3744 1822; x_wconf 81' lang='lat' dir='ltr'><strong>Nonarum</strong></span> 
     </span>
    </p>
   </div>
   <div class='ocr_carea' id='block_1_49' title="bbox 2151 1859 3745 1935">
    <p class='ocr_par' dir='ltr' id='par_1_49' title="bbox 2151 1859 3745 1935">
     <span class='ocr_line' id='line_1_49' title="bbox 2151 1859 3745 1935; baseline -0.002 -16"><span class='ocrx_word' id='word_1_333' title='bbox 2151 1865 2297 1920; x_wconf 83' lang='lat' dir='ltr'><strong>Junii</strong></span> <span class='ocrx_word' id='word_1_334' title='bbox 2327 1880 2497 1935; x_wconf 91' lang='lat' dir='ltr'><strong>usque</strong></span> <span class='ocrx_word' id='word_1_335' title='bbox 2526 1867 2595 1919; x_wconf 89' lang='lat' dir='ltr'><strong>ad</strong></span> <span class='ocrx_word' id='word_1_336' title='bbox 2622 1873 2838 1919; x_wconf 80' lang='lat' dir='ltr'><strong>sextum</strong></span> <span class='ocrx_word' id='word_1_337' title='bbox 2868 1863 3052 1920; x_wconf 85' lang='lat' dir='ltr'><strong>Nonas</strong></span> <span class='ocrx_word' id='word_1_338' title='bbox 3078 1861 3330 1920; x_wconf 89' lang='lat' dir='ltr'><strong>Octobris</strong></span> <span class='ocrx_word' id='word_1_339' title='bbox 3354 1859 3745 1917; x_wconf 85' lang='lat' dir='ltr'><strong>Constantino-</strong></span> 
     </span>
    </p>
   </div>
   <div class='ocr_carea' id='block_1_50' title="bbox 2151 1953 3616 2028">
    <p class='ocr_par' dir='ltr' id='par_1_50' title="bbox 2151 1953 3616 2028">
     <span class='ocr_line' id='line_1_50' title="bbox 2151 1953 3616 2028; baseline -0.003 -16"><span class='ocrx_word' id='word_1_340' title='bbox 2151 1957 2292 2028; x_wconf 92' lang='lat' dir='ltr'><strong>poli,</strong></span> <span class='ocrx_word' id='word_1_341' title='bbox 2327 1957 2518 2012; x_wconf 90' lang='lat' dir='ltr'><strong>diebus</strong></span> <span class='ocrx_word' id='word_1_342' title='bbox 2549 1955 2761 2012; x_wconf 87' lang='lat' dir='ltr'><strong>scilicet</strong></span> <span class='ocrx_word' id='word_1_343' title='bbox 2795 1965 3014 2011; x_wconf 90' lang='lat' dir='ltr'><strong>centum</strong></span> <span class='ocrx_word' id='word_1_344' title='bbox 3037 1954 3262 2025; x_wconf 91' lang='lat' dir='ltr'><strong>viginti,</strong></span> <span class='ocrx_word' id='word_1_345' title='bbox 3293 1953 3616 2026; x_wconf 75' lang='lat' dir='ltr'><strong>maceravit.</strong></span> 
     </span>
    </p>
   </div>
   <div class='ocr_carea' id='block_1_51' title="bbox 2222 2040 3746 2120">
    <p class='ocr_par' dir='ltr' id='par_1_51' title="bbox 2222 2040 3746 2120">
     <span class='ocr_line' id='line_1_51' title="bbox 2222 2040 3746 2120; baseline -0.003 -15"><span class='ocrx_word' id='word_1_346' title='bbox 2222 2051 2313 2105; x_wconf 74' lang='grc'><strong>47.</strong></span> <span class='ocrx_word' id='word_1_347' title='bbox 2356 2047 2556 2104; x_wconf 86' lang='lat' dir='ltr'><strong>Verum</strong></span> <span class='ocrx_word' id='word_1_348' title='bbox 2611 2057 2670 2102; x_wconf 91' lang='lat' dir='ltr'><strong>ut</strong></span> <span class='ocrx_word' id='word_1_349' title='bbox 2716 2055 3046 2120; x_wconf 86' lang='lat' dir='ltr'><strong>augerentur</strong></span> <span class='ocrx_word' id='word_1_350' title='bbox 3091 2045 3431 2103; x_wconf 86' lang='lat' dir='ltr'><strong>calamitates</strong></span> <span class='ocrx_word' id='word_1_351' title='bbox 3473 2057 3647 2109; x_wconf 68' lang='lat' dir='ltr'><strong>mea,</strong></span> <span class='ocrx_word' id='word_1_352' title='bbox 3686 2040 3746 2100; x_wconf 80' lang='lat' dir='ltr'><strong>in</strong></span> 
     </span>
    </p>
   </div>
   <div class='ocr_carea' id='block_1_52' title="bbox 2155 2134 3746 2211">
    <p class='ocr_par' dir='ltr' id='par_1_52' title="bbox 2155 2134 3746 2211">
     <span class='ocr_line' id='line_1_52' title="bbox 2155 2134 3746 2211; baseline -0.003 -14"><span class='ocrx_word' id='word_1_353' title='bbox 2155 2142 2537 2211; x_wconf 81' lang='lat' dir='ltr'><strong>Assumptione</strong></span> <span class='ocrx_word' id='word_1_354' title='bbox 2575 2150 2778 2196; x_wconf 80' lang='lat' dir='ltr'><strong>sanctae</strong></span> <span class='ocrx_word' id='word_1_355' title='bbox 2813 2140 2909 2195; x_wconf 90' lang='lat' dir='ltr'><strong>Dei</strong></span> <span class='ocrx_word' id='word_1_356' title='bbox 2951 2139 3235 2211; x_wconf 87' lang='lat' dir='ltr'><strong>genitricis</strong></span> <span class='ocrx_word' id='word_1_357' title='bbox 3264 2148 3320 2195; x_wconf 89' lang='lat' dir='ltr'><strong>et</strong></span> <span class='ocrx_word' id='word_1_358' title='bbox 3348 2137 3582 2209; x_wconf 88' lang='lat' dir='ltr'><strong>virginis</strong></span> <span class='ocrx_word' id='word_1_359' title='bbox 3638 2134 3746 2193; x_wconf 69' lang='lat' dir='ltr'><strong>Ma-</strong></span> 
     </span>
    </p>
   </div>
   <div class='ocr_carea' id='block_1_53' title="bbox 2154 2232 3748 2305">
    <p class='ocr_par' dir='ltr' id='par_1_53' title="bbox 2154 2232 3748 2305">
     <span class='ocr_line' id='line_1_53' title="bbox 2154 2232 3748 2305; baseline -0.003 -16"><span class='ocrx_word' id='word_1_360' title='bbox 2154 2235 2249 2290; x_wconf 77' lang='lat' dir='ltr'><strong>riae</strong></span> <span class='ocrx_word' id='word_1_361' title='bbox 2297 2235 2457 2305; x_wconf 84' lang='lat' dir='ltr'><strong>(Aug.</strong></span> <span class='ocrx_word' id='word_1_362' title='bbox 2522 2232 2644 2305; x_wconf 81' lang='lat' dir='ltr'><strong>l5),</strong></span> <span class='ocrx_word' id='word_1_363' title='bbox 2696 2248 2816 2288; x_wconf 91' lang='lat' dir='ltr'><strong>meo</strong></span> <span class='ocrx_word' id='word_1_364' title='bbox 2866 2233 3048 2287; x_wconf 91' lang='lat' dir='ltr'><strong>omine</strong></span> <span class='ocrx_word' id='word_1_365' title='bbox 3113 2246 3220 2287; x_wconf 92' lang='lat' dir='ltr'><strong>non</strong></span> <span class='ocrx_word' id='word_1_366' title='bbox 3275 2233 3421 2286; x_wconf 90' lang='lat' dir='ltr'><strong>bono</strong></span> <span class='ocrx_word' id='word_1_367' title='bbox 3477 2236 3748 2285; x_wconf 88' lang='lat' dir='ltr'><strong>venerunt</strong></span> 
     </span>
    </p>
   </div>
   <div class='ocr_carea' id='block_1_54' title="bbox 2153 2321 3746 2398">
    <p class='ocr_par' dir='ltr' id='par_1_54' title="bbox 2153 2321 3746 2398">
     <span class='ocr_line' id='line_1_54' title="bbox 2153 2321 3746 2398; baseline -0.002 -15"><span class='ocrx_word' id='word_1_368' title='bbox 2153 2327 2420 2384; x_wconf 66' lang='lat' dir='ltr'><strong>domni‘&quot;</strong></span> <span class='ocrx_word' id='word_1_369' title='bbox 2467 2326 2752 2397; x_wconf 89' lang='lat' dir='ltr'><strong>apostolici</strong></span> <span class='ocrx_word' id='word_1_370' title='bbox 2797 2335 2854 2382; x_wconf 89' lang='lat' dir='ltr'><strong>et</strong></span> <span class='ocrx_word' id='word_1_371' title='bbox 2914 2324 3239 2382; x_wconf 90' lang='lat' dir='ltr'><strong>universalis</strong></span> <span class='ocrx_word' id='word_1_372' title='bbox 3283 2339 3438 2398; x_wconf 67' lang='lat' dir='ltr'><strong>papae</strong></span> <span class='ocrx_word' id='word_1_373' title='bbox 3478 2321 3746 2380; x_wconf 76' lang='lat' dir='ltr'><strong>Johannis</strong></span> 
     </span>
    </p>
   </div>
   <div class='ocr_carea' id='block_1_55' title="bbox 2155 2413 3748 2490">
    <p class='ocr_par' dir='ltr' id='par_1_55' title="bbox 2155 2413 3748 2490">
     <span class='ocr_line' id='line_1_55' title="bbox 2155 2413 3748 2490; baseline -0.004 -15"><span class='ocrx_word' id='word_1_374' title='bbox 2155 2420 2330 2475; x_wconf 90' lang='lat' dir='ltr'><strong>nuntii</strong></span> <span class='ocrx_word' id='word_1_375' title='bbox 2381 2435 2504 2474; x_wconf 91' lang='lat' dir='ltr'><strong>cum</strong></span> <span class='ocrx_word' id='word_1_376' title='bbox 2559 2418 2786 2484; x_wconf 90' lang='lat' dir='ltr'><strong>litteris,</strong></span> <span class='ocrx_word' id='word_1_377' title='bbox 2839 2417 3033 2488; x_wconf 88' lang='lat' dir='ltr'><strong>quibus</strong></span> <span class='ocrx_word' id='word_1_378' title='bbox 3081 2417 3342 2490; x_wconf 89' lang='lat' dir='ltr'><strong>rogabant</strong></span> <span class='ocrx_word' id='word_1_379' title='bbox 3373 2413 3748 2486; x_wconf 86' lang='lat' dir='ltr'><strong>Nicephorum</strong></span> 
     </span>
    </p>
   </div>
   <div class='ocr_carea' id='block_1_56' title="bbox 2154 2507 3746 2584">
    <p class='ocr_par' dir='ltr' id='par_1_56' title="bbox 2154 2507 3746 2584">
     <span class='ocr_line' id='line_1_56' title="bbox 2154 2507 3746 2584; baseline -0.006 -14"><span class='ocrx_word' id='word_1_380' title='bbox 2154 2514 2537 2584; x_wconf 84' lang='lat' dir='ltr'><strong>imperatorem</strong></span> <span class='ocrx_word' id='word_1_381' title='bbox 2570 2510 2885 2567; x_wconf 81' lang='lat' dir='ltr'><strong>Graecorum</strong></span> <span class='ocrx_word' id='word_1_382' title='bbox 2910 2553 2924 2576; x_wconf 90' lang='lat'><strong>,</strong></span> <span class='ocrx_word' id='word_1_383' title='bbox 2967 2518 3028 2565; x_wconf 91' lang='lat' dir='ltr'><strong>ut</strong></span> <span class='ocrx_word' id='word_1_384' title='bbox 3051 2508 3384 2580; x_wconf 89' lang='lat' dir='ltr'><strong>parentelam</strong></span> <span class='ocrx_word' id='word_1_385' title='bbox 3418 2507 3746 2575; x_wconf 81' lang='lat' dir='ltr'><strong>ﬁrmamque</strong></span> 
     </span>
    </p>
   </div>
   <div class='ocr_carea' id='block_1_57' title="bbox 2153 2596 3746 2680">
    <p class='ocr_par' dir='ltr' id='par_1_57' title="bbox 2153 2596 3746 2680">
     <span class='ocr_line' id='line_1_57' title="bbox 2153 2596 3746 2680; baseline -0.005 -20"><span class='ocrx_word' id='word_1_386' title='bbox 2153 2604 2454 2661; x_wconf 86' lang='lat' dir='ltr'><strong>amicitiam</strong></span> <span class='ocrx_word' id='word_1_387' title='bbox 2482 2602 2690 2658; x_wconf 86' lang='lat' dir='ltr'><strong>faceret</strong></span> <span class='ocrx_word' id='word_1_388' title='bbox 2711 2617 2834 2658; x_wconf 88' lang='lat' dir='ltr'><strong>cum</strong></span> <span class='ocrx_word' id='word_1_389' title='bbox 2863 2600 3082 2657; x_wconf 88' lang='lat' dir='ltr'><strong>dilectio</strong></span> <span class='ocrx_word' id='word_1_390' title='bbox 3100 2598 3479 2680; x_wconf 84' lang='lat' dir='ltr'><strong>spiritualique</strong></span> <span class='ocrx_word' id='word_1_391' title='bbox 3505 2596 3618 2652; x_wconf 85' lang='lat' dir='ltr'><strong>lilio</strong></span> <span class='ocrx_word' id='word_1_392' title='bbox 3647 2609 3746 2652; x_wconf 91' lang='lat' dir='ltr'><strong>suo</strong></span> 
     </span>
    </p>
   </div>
   <div class='ocr_carea' id='block_1_58' title="bbox 2153 2689 3743 2764">
    <p class='ocr_par' dir='ltr' id='par_1_58' title="bbox 2153 2689 3743 2764">
     <span class='ocr_line' id='line_1_58' title="bbox 2153 2689 3743 2764; baseline -0.009 -8"><span class='ocrx_word' id='word_1_393' title='bbox 2153 2699 2350 2756; x_wconf 90' lang='lat' dir='ltr'><strong>Ottone</strong></span> <span class='ocrx_word' id='word_1_394' title='bbox 2380 2697 2750 2752; x_wconf 84' lang='lat' dir='ltr'><strong>Romanorum</strong></span> <span class='ocrx_word' id='word_1_395' title='bbox 2784 2695 3114 2764; x_wconf 88' lang='lat' dir='ltr'><strong>imperatore</strong></span> <span class='ocrx_word' id='word_1_396' title='bbox 3154 2701 3406 2764; x_wconf 90' lang='lat' dir='ltr'><strong>augusto.</strong></span> <span class='ocrx_word' id='word_1_397' title='bbox 3446 2689 3581 2757; x_wconf 64' lang='lat' dir='ltr'><strong>Quae</strong></span> <span class='ocrx_word' id='word_1_398' title='bbox 3607 2703 3743 2753; x_wconf 81' lang='lat' dir='ltr'><strong>vox,</strong></span> 
     </span>
    </p>
   </div>
   <div class='ocr_carea' id='block_1_59' title="bbox 2153 2782 3745 2864">
    <p class='ocr_par' dir='ltr' id='par_1_59' title="bbox 2153 2782 3745 2864">
     <span class='ocr_line' id='line_1_59' title="bbox 2153 2782 3745 2864; baseline -0.009 -17"><span class='ocrx_word' id='word_1_399' title='bbox 2153 2808 2274 2864; x_wconf 80' lang='lat' dir='ltr'><strong>quae</strong></span> <span class='ocrx_word' id='word_1_400' title='bbox 2311 2790 2626 2861; x_wconf 89' lang='lat' dir='ltr'><strong>inscriptio,</strong></span> <span class='ocrx_word' id='word_1_401' title='bbox 2675 2785 2974 2843; x_wconf 87' lang='lat' dir='ltr'><strong>secundum</strong></span> <span class='ocrx_word' id='word_1_402' title='bbox 3021 2783 3242 2841; x_wconf 58' lang='lat' dir='ltr'><strong>Graecos</strong></span> <span class='ocrx_word' id='word_1_403' title='bbox 3273 2782 3555 2854; x_wconf 78' lang='lat' dir='ltr'><strong>peccatrix</strong></span> <span class='ocrx_word' id='word_1_404' title='bbox 3585 2790 3641 2836; x_wconf 89' lang='lat' dir='ltr'><strong>et</strong></span> <span class='ocrx_word' id='word_1_405' title='bbox 3670 2788 3745 2835; x_wconf 86' lang='lat' dir='ltr'><strong>te-</strong></span> 
     </span>
    </p>
   </div>
   <div class='ocr_carea' id='block_1_60' title="bbox 2154 2873 3741 2954">
    <p class='ocr_par' dir='ltr' id='par_1_60' title="bbox 2154 2873 3741 2954">
     <span class='ocr_line' id='line_1_60' title="bbox 2154 2873 3741 2954; baseline -0.01 -14"><span class='ocrx_word' id='word_1_406' title='bbox 2154 2885 2426 2951; x_wconf 89' lang='lat' dir='ltr'><strong>meraria,</strong></span> <span class='ocrx_word' id='word_1_407' title='bbox 2477 2882 2748 2954; x_wconf 92' lang='lat' dir='ltr'><strong>quomodo</strong></span> <span class='ocrx_word' id='word_1_408' title='bbox 2812 2879 3043 2935; x_wconf 86' lang='lat' dir='ltr'><strong>latorem</strong></span> <span class='ocrx_word' id='word_1_409' title='bbox 3094 2891 3201 2932; x_wconf 88' lang='lat' dir='ltr'><strong>non</strong></span> <span class='ocrx_word' id='word_1_410' title='bbox 3267 2873 3568 2938; x_wconf 86' lang='lat' dir='ltr'><strong>occiderit,</strong></span> <span class='ocrx_word' id='word_1_411' title='bbox 3624 2885 3741 2937; x_wconf 82' lang='lat' dir='ltr'><strong>cur,</strong></span> 
     </span>
    </p>
   </div>
   <div class='ocr_carea' id='block_1_61' title="bbox 2154 2962 3744 3049">
    <p class='ocr_par' dir='ltr' id='par_1_61' title="bbox 2154 2962 3744 3049">
     <span class='ocr_line' id='line_1_61' title="bbox 2154 2962 3744 3049; baseline -0.009 -16"><span class='ocrx_word' id='word_1_412' title='bbox 2154 2979 2472 3049; x_wconf 88' lang='lat' dir='ltr'><strong>priusquam</strong></span> <span class='ocrx_word' id='word_1_413' title='bbox 2520 2975 2825 3039; x_wconf 84' lang='lat' dir='ltr'><strong>laederetur,</strong></span> <span class='ocrx_word' id='word_1_414' title='bbox 2858 2988 2967 3028; x_wconf 88' lang='lat' dir='ltr'><strong>non</strong></span> <span class='ocrx_word' id='word_1_415' title='bbox 3006 2967 3370 3041; x_wconf 88' lang='lat' dir='ltr'><strong>oppresserit,</strong></span> <span class='ocrx_word' id='word_1_416' title='bbox 3422 2965 3515 3036; x_wconf 92' lang='lat' dir='ltr'><strong>qui</strong></span> <span class='ocrx_word' id='word_1_417' title='bbox 3544 2963 3601 3019; x_wconf 89' lang='lat' dir='ltr'><strong>in</strong></span> <span class='ocrx_word' id='word_1_418' title='bbox 3627 2962 3744 3018; x_wconf 77' lang='lat' dir='ltr'><strong>aliis</strong></span> 
     </span>
    </p>
   </div>
   <div class='ocr_carea' id='block_1_62' title="bbox 2158 3055 3743 3141">
    <p class='ocr_par' dir='ltr' id='par_1_62' title="bbox 2158 3055 3743 3141">
     <span class='ocr_line' id='line_1_62' title="bbox 2158 3055 3743 3141; baseline -0.011 -14"><span class='ocrx_word' id='word_1_419' title='bbox 2158 3073 2320 3128; x_wconf 88' lang='lat' dir='ltr'><strong>rebus</strong></span> <span class='ocrx_word' id='word_1_420' title='bbox 2339 3087 2481 3141; x_wconf 70' lang='lat' dir='ltr'><strong>sazpc</strong></span> <span class='ocrx_word' id='word_1_421' title='bbox 2501 3070 2687 3125; x_wconf 90' lang='lat' dir='ltr'><strong>videor</strong></span> <span class='ocrx_word' id='word_1_422' title='bbox 2703 3066 3076 3138; x_wconf 87' lang='lat' dir='ltr'><strong>spermologus</strong></span> <span class='ocrx_word' id='word_1_423' title='bbox 3089 3072 3146 3120; x_wconf 92' lang='lat' dir='ltr'><strong>et</strong></span> <span class='ocrx_word' id='word_1_424' title='bbox 3166 3060 3516 3124; x_wconf 86' lang='lat' dir='ltr'><strong>multisonus,</strong></span> <span class='ocrx_word' id='word_1_425' title='bbox 3543 3057 3602 3112; x_wconf 87' lang='lat' dir='ltr'><strong>in</strong></span> <span class='ocrx_word' id='word_1_426' title='bbox 3622 3055 3743 3122; x_wconf 83' lang='lat' dir='ltr'><strong>bac,</strong></span> 
     </span>
    </p>
   </div>
   <div class='ocr_carea' id='block_1_63' title="bbox 525 3144 3742 3238">
    <p class='ocr_par' dir='ltr' id='par_1_63' title="bbox 525 3144 3742 3238">
     <span class='ocr_line' id='line_1_63' title="bbox 525 3144 3742 3238; baseline 0.004 -34"><span class='ocrx_word' id='word_1_427' title='bbox 525 3147 615 3204; x_wconf 78' lang='grc'><strong>45.</strong></span> <span class='ocrx_word' id='word_1_428' title='bbox 657 3149 792 3206; x_wconf 84' lang='lat' dir='ltr'><strong>Cum</strong></span> <span class='ocrx_word' id='word_1_429' title='bbox 815 3153 1144 3209; x_wconf 87' lang='lat' dir='ltr'><strong>obsideretis</strong></span> <span class='ocrx_word' id='word_1_430' title='bbox 1168 3154 1388 3223; x_wconf 87' lang='lat' dir='ltr'><strong>Bareas,</strong></span> <span class='ocrx_word' id='word_1_431' title='bbox 1419 3158 1646 3214; x_wconf 89' lang='lat' dir='ltr'><strong>trecenti</strong></span> <span class='ocrx_word' id='word_1_432' title='bbox 1675 3161 2048 3222; x_wconf 87' lang='lat' dir='ltr'><strong>tantummodo</strong></span> <span class='ocrx_word' id='word_1_433' title='bbox 2075 3144 2121 3207; x_wconf 62' lang='grc' dir='ltr'><strong>(ἶ</strong></span> <span class='ocrx_word' id='word_1_434' title='bbox 2153 3177 2210 3224; x_wconf 80' lang='grc' dir='ltr'><strong>ιιι</strong></span> <span class='ocrx_word' id='word_1_435' title='bbox 2236 3167 2404 3238; x_wconf 84' lang='lat' dir='ltr'><strong>piscis</strong></span> <span class='ocrx_word' id='word_1_436' title='bbox 2422 3207 2438 3233; x_wconf 88' lang='lat'><strong><em>,</em></strong></span> <span class='ocrx_word' id='word_1_437' title='bbox 2461 3165 2650 3221; x_wconf 90' lang='lat' dir='ltr'><strong>videor</strong></span> <span class='ocrx_word' id='word_1_438' title='bbox 2677 3164 2915 3218; x_wconf 92' lang='lat' dir='ltr'><strong>insonus.</strong></span> <span class='ocrx_word' id='word_1_439' title='bbox 2963 3157 3339 3230; x_wconf 76' lang='lat' dir='ltr'><strong>Obiurgabant</strong></span> <span class='ocrx_word' id='word_1_440' title='bbox 3374 3152 3553 3210; x_wconf 68' lang='grc' dir='ltr'><strong>δι’ωεὶ</strong></span> <span class='ocrx_word' id='word_1_441' title='bbox 3576 3163 3742 3213; x_wconf 64' lang='lat' dir='ltr'><strong>mare.</strong></span> 
     </span>
    </p>
   </div>
   <div class='ocr_carea' id='block_1_64' title="bbox 458 3238 2049 3321">
    <p class='ocr_par' dir='ltr' id='par_1_64' title="bbox 458 3238 2049 3321">
     <span class='ocr_line' id='line_1_64' title="bbox 458 3238 2049 3321; baseline 0.008 -25"><span class='ocrx_word' id='word_1_442' title='bbox 458 3238 664 3314; x_wconf 89' lang='lat' dir='ltr'><strong>Ungari</strong></span> <span class='ocrx_word' id='word_1_443' title='bbox 687 3241 842 3313; x_wconf 82' lang='lat' dir='ltr'><strong>juxta</strong></span> <span class='ocrx_word' id='word_1_444' title='bbox 865 3243 1304 3303; x_wconf 88' lang='lat' dir='ltr'><strong>Thessalonicam</strong></span> <span class='ocrx_word' id='word_1_445' title='bbox 1325 3250 1648 3321; x_wconf 87' lang='lat' dir='ltr'><strong>quingentos</strong></span> <span class='ocrx_word' id='word_1_446' title='bbox 1672 3252 1874 3309; x_wconf 90' lang='lat' dir='ltr'><strong>Grecos</strong></span> <span class='ocrx_word' id='word_1_447' title='bbox 1897 3268 2049 3309; x_wconf 92' lang='lat' dir='ltr'><strong>com-</strong></span> 
     </span>
    </p>
   </div>
   <div class='ocr_carea' id='block_1_65' title="bbox 453 3336 2049 3414">
    <p class='ocr_par' dir='ltr' id='par_1_65' title="bbox 453 3336 2049 3414">
     <span class='ocr_line' id='line_1_65' title="bbox 453 3336 2049 3414; baseline 0.009 -25"><span class='ocrx_word' id='word_1_448' title='bbox 453 3336 863 3405; x_wconf 84' lang='lat' dir='ltr'><strong>prehenderunt</strong></span> <span class='ocrx_word' id='word_1_449' title='bbox 911 3347 967 3394; x_wconf 87' lang='lat' dir='ltr'><strong>et</strong></span> <span class='ocrx_word' id='word_1_450' title='bbox 1000 3338 1054 3394; x_wconf 89' lang='lat' dir='ltr'><strong>in</strong></span> <span class='ocrx_word' id='word_1_451' title='bbox 1107 3340 1401 3412; x_wconf 89' lang='lat' dir='ltr'><strong>Ungariam</strong></span> <span class='ocrx_word' id='word_1_452' title='bbox 1431 3343 1720 3399; x_wconf 82' lang='lat' dir='ltr'><strong>duxerunt.</strong></span> <span class='ocrx_word' id='word_1_453' title='bbox 1760 3343 1890 3412; x_wconf 62' lang='lat' dir='ltr'><strong>Quae</strong></span> <span class='ocrx_word' id='word_1_454' title='bbox 1921 3360 2009 3402; x_wconf 87' lang='lat' dir='ltr'><strong>res</strong></span> <span class='ocrx_word' id='word_1_455' title='bbox 2029 3385 2049 3414; x_wconf 88' lang='lat'><strong>,</strong></span> 
     </span>
    </p>
   </div>
   <div class='ocr_carea' id='block_1_66' title="bbox 459 3429 2048 3509">
    <p class='ocr_par' dir='ltr' id='par_1_66' title="bbox 459 3429 2048 3509">
     <span class='ocr_line' id='line_1_66' title="bbox 459 3429 2048 3509; baseline 0.008 -28"><span class='ocrx_word' id='word_1_456' title='bbox 459 3429 587 3497; x_wconf 90' lang='lat' dir='ltr'><strong>quia</strong></span> <span class='ocrx_word' id='word_1_457' title='bbox 617 3442 880 3499; x_wconf 88' lang='lat' dir='ltr'><strong>prospere</strong></span> <span class='ocrx_word' id='word_1_458' title='bbox 925 3431 1216 3498; x_wconf 90' lang='lat' dir='ltr'><strong>successit,</strong></span> <span class='ocrx_word' id='word_1_459' title='bbox 1259 3434 1518 3505; x_wconf 90' lang='lat' dir='ltr'><strong>compulit</strong></span> <span class='ocrx_word' id='word_1_460' title='bbox 1565 3434 1827 3492; x_wconf 90' lang='lat' dir='ltr'><strong>ducentos</strong></span> <span class='ocrx_word' id='word_1_461' title='bbox 1863 3435 2048 3509; x_wconf 89' lang='lat' dir='ltr'><strong>Unga-</strong></span> 
     </span>
    </p>
   </div>
   <div class='ocr_carea' id='block_1_67' title="bbox 458 3517 2049 3596">
    <p class='ocr_par' dir='ltr' id='par_1_67' title="bbox 458 3517 2049 3596">
     <span class='ocr_line' id='line_1_67' title="bbox 458 3517 2049 3596; baseline 0.009 -25"><span class='ocrx_word' id='word_1_462' title='bbox 458 3517 666 3572; x_wconf 89' lang='lat' dir='ltr'><strong>riorum</strong></span> <span class='ocrx_word' id='word_1_463' title='bbox 696 3519 841 3574; x_wconf 91' lang='lat' dir='ltr'><strong>haud</strong></span> <span class='ocrx_word' id='word_1_464' title='bbox 866 3519 1025 3593; x_wconf 89' lang='lat' dir='ltr'><strong>longe</strong></span> <span class='ocrx_word' id='word_1_465' title='bbox 1049 3521 1514 3596; x_wconf 85' lang='lat' dir='ltr'><strong>ConstantinOpoli</strong></span> <span class='ocrx_word' id='word_1_466' title='bbox 1546 3525 1600 3581; x_wconf 92' lang='lat' dir='ltr'><strong>in</strong></span> <span class='ocrx_word' id='word_1_467' title='bbox 1629 3525 1943 3584; x_wconf 81' lang='lat' dir='ltr'><strong>Macedonia</strong></span> <span class='ocrx_word' id='word_1_468' title='bbox 1971 3528 2049 3584; x_wconf 91' lang='lat' dir='ltr'><strong>si-</strong></span> 
     </span>
    </p>
   </div>
   <div class='ocr_carea' id='block_1_68' title="bbox 460 3609 2051 3694">
    <p class='ocr_par' dir='ltr' id='par_1_68' title="bbox 460 3609 2051 3694">
     <span class='ocr_line' id='line_1_68' title="bbox 460 3609 2051 3694; baseline 0.008 -29"><span class='ocrx_word' id='word_1_469' title='bbox 460 3609 663 3666; x_wconf 90' lang='lat' dir='ltr'><strong>militer</strong></span> <span class='ocrx_word' id='word_1_470' title='bbox 688 3611 902 3679; x_wconf 84' lang='lat' dir='ltr'><strong>facere;</strong></span> <span class='ocrx_word' id='word_1_471' title='bbox 927 3629 992 3670; x_wconf 83' lang='lat' dir='ltr'><strong>ex</strong></span> <span class='ocrx_word' id='word_1_472' title='bbox 1015 3615 1233 3687; x_wconf 92' lang='lat' dir='ltr'><strong>quibus,</strong></span> <span class='ocrx_word' id='word_1_473' title='bbox 1259 3633 1382 3673; x_wconf 90' lang='lat' dir='ltr'><strong>cum</strong></span> <span class='ocrx_word' id='word_1_474' title='bbox 1402 3619 1620 3676; x_wconf 89' lang='lat' dir='ltr'><strong>incaute</strong></span> <span class='ocrx_word' id='word_1_475' title='bbox 1637 3635 1736 3689; x_wconf 88' lang='lat' dir='ltr'><strong>per</strong></span> <span class='ocrx_word' id='word_1_476' title='bbox 1764 3631 2051 3694; x_wconf 89' lang='lat' dir='ltr'><strong>angustam</strong></span> 
     </span>
    </p>
   </div>
   <div class='ocr_carea' id='block_1_69' title="bbox 461 3701 2055 3784">
    <p class='ocr_par' dir='ltr' id='par_1_69' title="bbox 461 3701 2055 3784">
     <span class='ocr_line' id='line_1_69' title="bbox 461 3701 2055 3784; baseline 0.009 -29"><span class='ocrx_word' id='word_1_477' title='bbox 461 3701 704 3758; x_wconf 86' lang='lat' dir='ltr'><strong>redirent</strong></span> <span class='ocrx_word' id='word_1_478' title='bbox 748 3705 925 3772; x_wconf 91' lang='lat' dir='ltr'><strong>viam,</strong></span> <span class='ocrx_word' id='word_1_479' title='bbox 957 3707 1314 3780; x_wconf 87' lang='lat' dir='ltr'><strong>quadraginta</strong></span> <span class='ocrx_word' id='word_1_480' title='bbox 1344 3720 1473 3766; x_wconf 86' lang='lat' dir='ltr'><strong>sunt</strong></span> <span class='ocrx_word' id='word_1_481' title='bbox 1520 3711 1700 3782; x_wconf 87' lang='lat' dir='ltr'><strong>capti;</strong></span> <span class='ocrx_word' id='word_1_482' title='bbox 1731 3729 1868 3784; x_wconf 90' lang='lat' dir='ltr'><strong>quos</strong></span> <span class='ocrx_word' id='word_1_483' title='bbox 1909 3728 2055 3770; x_wconf 91' lang='lat' dir='ltr'><strong>nunc</strong></span> 
     </span>
    </p>
   </div>
   <div class='ocr_carea' id='block_1_70' title="bbox 461 3792 2054 3880">
    <p class='ocr_par' dir='ltr' id='par_1_70' title="bbox 461 3792 2054 3880">
     <span class='ocr_line' id='line_1_70' title="bbox 461 3792 2054 3880; baseline 0.011 -31"><span class='ocrx_word' id='word_1_484' title='bbox 461 3792 801 3867; x_wconf 84' lang='lat' dir='ltr'><strong>Nicephorus</strong></span> <span class='ocrx_word' id='word_1_485' title='bbox 831 3800 897 3855; x_wconf 90' lang='lat' dir='ltr'><strong>de</strong></span> <span class='ocrx_word' id='word_1_486' title='bbox 938 3802 1183 3858; x_wconf 89' lang='lat' dir='ltr'><strong>custodia</strong></span> <span class='ocrx_word' id='word_1_487' title='bbox 1234 3803 1489 3872; x_wconf 89' lang='lat' dir='ltr'><strong>eductos,</strong></span> <span class='ocrx_word' id='word_1_488' title='bbox 1538 3807 2054 3880; x_wconf 88' lang='lat' dir='ltr'><strong>pretiosissimisque</strong></span> 
     </span>
    </p>
   </div>
   <div class='ocr_carea' id='block_1_71' title="bbox 460 3883 2054 3970">
    <p class='ocr_par' dir='ltr' id='par_1_71' title="bbox 460 3883 2054 3970">
     <span class='ocr_line' id='line_1_71' title="bbox 460 3883 2054 3970; baseline 0.01 -30"><span class='ocrx_word' id='word_1_489' title='bbox 460 3888 704 3944; x_wconf 89' lang='lat' dir='ltr'><strong>vestibus</strong></span> <span class='ocrx_word' id='word_1_490' title='bbox 723 3899 967 3957; x_wconf 88' lang='lat' dir='ltr'><strong>ornatos,</strong></span> <span class='ocrx_word' id='word_1_491' title='bbox 990 3901 1246 3964; x_wconf 87' lang='lat' dir='ltr'><strong>patronos</strong></span> <span class='ocrx_word' id='word_1_492' title='bbox 1273 3897 1374 3952; x_wconf 88' lang='lat' dir='ltr'><strong>sibi</strong></span> <span class='ocrx_word' id='word_1_493' title='bbox 1402 3907 1457 3953; x_wconf 88' lang='lat' dir='ltr'><strong>et</strong></span> <span class='ocrx_word' id='word_1_494' title='bbox 1482 3883 1798 3956; x_wconf 81' lang='lat' dir='ltr'><strong>defensores</strong></span> <span class='ocrx_word' id='word_1_495' title='bbox 1818 3901 2054 3970; x_wconf 90' lang='lat' dir='ltr'><strong>paravit,</strong></span> 
     </span>
    </p>
   </div>
   <div class='ocr_carea' id='block_1_72' title="bbox 462 3982 2057 4064">
    <p class='ocr_par' dir='ltr' id='par_1_72' title="bbox 462 3982 2057 4064">
     <span class='ocr_line' id='line_1_72' title="bbox 462 3982 2057 4064; baseline 0.009 -30"><span class='ocrx_word' id='word_1_496' title='bbox 462 3993 647 4035; x_wconf 88' lang='lat' dir='ltr'><strong>secum</strong></span> <span class='ocrx_word' id='word_1_497' title='bbox 687 3982 740 4036; x_wconf 91' lang='lat' dir='ltr'><strong>in</strong></span> <span class='ocrx_word' id='word_1_498' title='bbox 775 3983 1030 4056; x_wconf 86' lang='lat' dir='ltr'><strong>Assyrios</strong></span> <span class='ocrx_word' id='word_1_499' title='bbox 1081 3986 1304 4044; x_wconf 91' lang='lat' dir='ltr'><strong>ducens.</strong></span> <span class='ocrx_word' id='word_1_500' title='bbox 1356 3990 1556 4046; x_wconf 81' lang='lat' dir='ltr'><strong>Verum</strong></span> <span class='ocrx_word' id='word_1_501' title='bbox 1591 3991 1770 4063; x_wconf 89' lang='lat' dir='ltr'><strong>qualis</strong></span> <span class='ocrx_word' id='word_1_502' title='bbox 1818 3992 1890 4048; x_wconf 91' lang='lat' dir='ltr'><strong>sit</strong></span> <span class='ocrx_word' id='word_1_503' title='bbox 1939 3993 2057 4064; x_wconf 85' lang='lat' dir='ltr'><strong>ejus</strong></span> 
     </span>
    </p>
   </div>
   <div class='ocr_carea' id='block_1_73' title="bbox 462 4073 2056 4158">
    <p class='ocr_par' dir='ltr' id='par_1_73' title="bbox 462 4073 2056 4158">
     <span class='ocr_line' id='line_1_73' title="bbox 462 4073 2056 4158; baseline 0.012 -32"><span class='ocrx_word' id='word_1_504' title='bbox 462 4073 766 4140; x_wconf 81' lang='lat' dir='ltr'><strong>exercitus,</strong></span> <span class='ocrx_word' id='word_1_505' title='bbox 797 4075 925 4132; x_wconf 88' lang='lat' dir='ltr'><strong>hinc</strong></span> <span class='ocrx_word' id='word_1_506' title='bbox 950 4081 1176 4148; x_wconf 88' lang='lat' dir='ltr'><strong>potestis</strong></span> <span class='ocrx_word' id='word_1_507' title='bbox 1221 4083 1473 4140; x_wconf 88' lang='lat' dir='ltr'><strong>conicere</strong></span> <span class='ocrx_word' id='word_1_508' title='bbox 1493 4127 1507 4152; x_wconf 95' lang='lat'><strong>,</strong></span> <span class='ocrx_word' id='word_1_509' title='bbox 1539 4087 1797 4156; x_wconf 91' lang='lat' dir='ltr'><strong>quoniam</strong></span> <span class='ocrx_word' id='word_1_510' title='bbox 1829 4088 1921 4158; x_wconf 90' lang='lat' dir='ltr'><strong>qui</strong></span> <span class='ocrx_word' id='word_1_511' title='bbox 1949 4104 2056 4144; x_wconf 67' lang='lat' dir='ltr'><strong>ca:-</strong></span> 
     </span>
    </p>
   </div>
   <div class='ocr_carea' id='block_1_74' title="bbox 463 4161 1946 4247">
    <p class='ocr_par' dir='ltr' id='par_1_74' title="bbox 463 4161 1946 4247">
     <span class='ocr_line' id='line_1_74' title="bbox 463 4161 1946 4247; baseline 0.012 -32"><span class='ocrx_word' id='word_1_512' title='bbox 463 4161 596 4217; x_wconf 88' lang='lat' dir='ltr'><strong>tcris</strong></span> <span class='ocrx_word' id='word_1_513' title='bbox 620 4173 906 4234; x_wconf 59' lang='lat' dir='ltr'><strong>praestant,</strong></span> <span class='ocrx_word' id='word_1_514' title='bbox 937 4166 1178 4226; x_wconf 83' lang='lat' dir='ltr'><strong>Venetici</strong></span> <span class='ocrx_word' id='word_1_515' title='bbox 1228 4182 1354 4229; x_wconf 89' lang='lat' dir='ltr'><strong>sunt</strong></span> <span class='ocrx_word' id='word_1_516' title='bbox 1385 4183 1441 4229; x_wconf 89' lang='lat' dir='ltr'><strong>et</strong></span> <span class='ocrx_word' id='word_1_517' title='bbox 1463 4175 1946 4247; x_wconf 70' lang='lat' dir='ltr'><strong>Amalpbitanim.</strong></span> 
     </span>
    </p>
   </div>
   <div class='ocr_carea' id='block_1_75' title="bbox 536 4251 2058 4335">
    <p class='ocr_par' dir='ltr' id='par_1_75' title="bbox 536 4251 2058 4335">
     <span class='ocr_line' id='line_1_75' title="bbox 536 4251 2058 4335; baseline 0.013 -28"><span class='ocrx_word' id='word_1_518' title='bbox 536 4251 626 4308; x_wconf 72' lang='lat'><strong>46.</strong></span> <span class='ocrx_word' id='word_1_519' title='bbox 666 4253 820 4313; x_wconf 89' lang='lat' dir='ltr'><strong>Nunc</strong></span> <span class='ocrx_word' id='word_1_520' title='bbox 869 4258 953 4316; x_wconf 88' lang='lat' dir='ltr'><strong>his</strong></span> <span class='ocrx_word' id='word_1_521' title='bbox 998 4263 1249 4330; x_wconf 90' lang='lat' dir='ltr'><strong>omissis,</strong></span> <span class='ocrx_word' id='word_1_522' title='bbox 1294 4265 1422 4335; x_wconf 89' lang='lat' dir='ltr'><strong>quid</strong></span> <span class='ocrx_word' id='word_1_523' title='bbox 1465 4267 1598 4322; x_wconf 88' lang='lat' dir='ltr'><strong>mihi</strong></span> <span class='ocrx_word' id='word_1_524' title='bbox 1645 4270 1904 4325; x_wconf 88' lang='lat' dir='ltr'><strong>acciderit</strong></span> <span class='ocrx_word' id='word_1_525' title='bbox 1937 4271 2058 4327; x_wconf 88' lang='lat' dir='ltr'><strong>ani-</strong></span> 
     </span>
    </p>
   </div>
   <div class='ocr_carea' id='block_1_76' title="bbox 466 4343 2058 4435">
    <p class='ocr_par' dir='ltr' id='par_1_76' title="bbox 466 4343 2058 4435">
     <span class='ocr_line' id='line_1_76' title="bbox 466 4343 2058 4435; baseline 0.014 -38"><span class='ocrx_word' id='word_1_526' title='bbox 466 4345 807 4435; x_wconf 81' lang='lat' dir='ltr'><strong>madvertite.</strong></span> <span class='ocrx_word' id='word_1_527' title='bbox 843 4349 1010 4409; x_wconf 84' lang='lat' dir='ltr'><strong>Sexto</strong></span> <span class='ocrx_word' id='word_1_528' title='bbox 1040 4343 1584 4428; x_wconf 60' lang='lat' dir='ltr'><strong>Kalendas&quot;&#39;2\ugusti</strong></span> <span class='ocrx_word' id='word_1_529' title='bbox 1613 4358 1747 4428; x_wconf 84' lang='lat' dir='ltr'><strong>(Jul.</strong></span> <span class='ocrx_word' id='word_1_530' title='bbox 1780 4361 1872 4435; x_wconf 75' lang='lat'><strong>27)</strong></span> <span class='ocrx_word' id='word_1_531' title='bbox 1901 4372 2058 4420; x_wconf 85' lang='lat' dir='ltr'><strong>extra</strong></span> 
     </span>
    </p>
   </div>
   <div class='ocr_carea' id='block_1_77' title="bbox 464 4433 2056 4523">
    <p class='ocr_par' dir='ltr' id='par_1_77' title="bbox 464 4433 2056 4523">
     <span class='ocr_line' id='line_1_77' title="bbox 464 4433 2056 4523; baseline 0.013 -32"><span class='ocrx_word' id='word_1_532' title='bbox 464 4433 986 4512; x_wconf 87' lang='lat' dir='ltr'><strong>Constantinopolim</strong></span> <span class='ocrx_word' id='word_1_533' title='bbox 1018 4446 1071 4500; x_wconf 90' lang='lat' dir='ltr'><strong>in</strong></span> <span class='ocrx_word' id='word_1_534' title='bbox 1109 4446 1330 4506; x_wconf 84' lang='lat' dir='ltr'><strong>Umbria</strong></span> <span class='ocrx_word' id='word_1_535' title='bbox 1374 4465 1404 4503; x_wconf 88' lang='lat' dir='ltr'><strong>a</strong></span> <span class='ocrx_word' id='word_1_536' title='bbox 1449 4449 1757 4523; x_wconf 87' lang='lat' dir='ltr'><strong>Nicephoro</strong></span> <span class='ocrx_word' id='word_1_537' title='bbox 1782 4433 2056 4512; x_wconf 87' lang='lat' dir='ltr'><strong>licentiam</strong></span> 
     </span>
    </p>
   </div>
   <div class='ocr_carea' id='block_1_78' title="bbox 467 4534 2053 4622">
    <p class='ocr_par' dir='ltr' id='par_1_78' title="bbox 467 4534 2053 4622">
     <span class='ocr_line' id='line_1_78' title="bbox 467 4534 2053 4622; baseline 0.014 -36"><span class='ocrx_word' id='word_1_538' title='bbox 467 4534 650 4604; x_wconf 90' lang='lat' dir='ltr'><strong>accepi</strong></span> <span class='ocrx_word' id='word_1_539' title='bbox 680 4536 763 4609; x_wconf 84' lang='lat' dir='ltr'><strong>ad</strong></span> <span class='ocrx_word' id='word_1_540' title='bbox 805 4554 903 4594; x_wconf 91' lang='lat' dir='ltr'><strong>vos</strong></span> <span class='ocrx_word' id='word_1_541' title='bbox 937 4539 1218 4598; x_wconf 85' lang='lat' dir='ltr'><strong>redeundi.</strong></span> <span class='ocrx_word' id='word_1_542' title='bbox 1252 4543 1495 4617; x_wconf 90' lang='lat' dir='ltr'><strong>Cumque</strong></span> <span class='ocrx_word' id='word_1_543' title='bbox 1525 4545 2053 4622; x_wconf 83' lang='lat' dir='ltr'><strong>Constantinopolim</strong></span> 
     </span>
    </p>
   </div>
   <div class='ocr_carea' id='block_1_79' title="bbox 464 4626 2054 4715">
    <p class='ocr_par' dir='ltr' id='par_1_79' title="bbox 464 4626 2054 4715">
     <span class='ocr_line' id='line_1_79' title="bbox 464 4626 2054 4715; baseline 0.014 -36"><span class='ocrx_word' id='word_1_544' title='bbox 464 4626 744 4697; x_wconf 87' lang='lat' dir='ltr'><strong>venirem,</strong></span> <span class='ocrx_word' id='word_1_545' title='bbox 794 4631 1220 4704; x_wconf 87' lang='lat' dir='ltr'><strong>Cbristopborus</strong></span> <span class='ocrx_word' id='word_1_546' title='bbox 1271 4639 1535 4707; x_wconf 87' lang='lat' dir='ltr'><strong>patricius</strong></span> <span class='ocrx_word' id='word_1_547' title='bbox 1586 4634 1901 4710; x_wconf 81' lang='lat' dir='ltr'><strong>eunuchus,</strong></span> <span class='ocrx_word' id='word_1_548' title='bbox 1961 4646 2054 4715; x_wconf 92' lang='lat' dir='ltr'><strong>qui</strong></span> 
     </span>
    </p>
   </div>
   <div class='ocr_carea' id='block_1_80' title="bbox 466 4717 2058 4803">
    <p class='ocr_par' dir='ltr' id='par_1_80' title="bbox 466 4717 2058 4803">
     <span class='ocr_line' id='line_1_80' title="bbox 466 4717 2058 4803; baseline 0.011 -28"><span class='ocrx_word' id='word_1_549' title='bbox 466 4717 754 4794; x_wconf 88' lang='lat' dir='ltr'><strong>Nicephori</strong></span> <span class='ocrx_word' id='word_1_550' title='bbox 785 4725 963 4783; x_wconf 84' lang='lat' dir='ltr'><strong>vicem</strong></span> <span class='ocrx_word' id='word_1_551' title='bbox 993 4729 1180 4786; x_wconf 86' lang='lat' dir='ltr'><strong>eodem</strong></span> <span class='ocrx_word' id='word_1_552' title='bbox 1235 4733 1404 4803; x_wconf 86' lang='lat' dir='ltr'><strong>gerit,</strong></span> <span class='ocrx_word' id='word_1_553' title='bbox 1438 4733 1573 4789; x_wconf 93' lang='lat' dir='ltr'><strong>mibi</strong></span> <span class='ocrx_word' id='word_1_554' title='bbox 1615 4736 1896 4791; x_wconf 88' lang='lat' dir='ltr'><strong>mandavit</strong></span> <span class='ocrx_word' id='word_1_555' title='bbox 1949 4752 2058 4793; x_wconf 93' lang='lat' dir='ltr'><strong>non</strong></span> 
     </span>
    </p>
   </div>
   <div class='ocr_carea' id='block_1_81' title="bbox 465 4823 2058 4895">
    <p class='ocr_par' dir='ltr' id='par_1_81' title="bbox 465 4823 2058 4895">
     <span class='ocr_line' id='line_1_81' title="bbox 465 4823 2058 4895; baseline 0.011 -28"><span class='ocrx_word' id='word_1_556' title='bbox 465 4825 627 4882; x_wconf 88' lang='lat' dir='ltr'><strong>posse</strong></span> <span class='ocrx_word' id='word_1_557' title='bbox 657 4831 744 4872; x_wconf 94' lang='lat' dir='ltr'><strong>me</strong></span> <span class='ocrx_word' id='word_1_558' title='bbox 789 4827 919 4875; x_wconf 88' lang='lat' dir='ltr'><strong>tunc</strong></span> <span class='ocrx_word' id='word_1_559' title='bbox 949 4823 1204 4879; x_wconf 89' lang='lat' dir='ltr'><strong>recedere</strong></span> <span class='ocrx_word' id='word_1_560' title='bbox 1224 4865 1239 4891; x_wconf 96' lang='lat'><strong>,</strong></span> <span class='ocrx_word' id='word_1_561' title='bbox 1271 4825 1400 4895; x_wconf 89' lang='lat' dir='ltr'><strong>quia</strong></span> <span class='ocrx_word' id='word_1_562' title='bbox 1431 4824 1689 4882; x_wconf 88' lang='lat' dir='ltr'><strong>Saraceni</strong></span> <span class='ocrx_word' id='word_1_563' title='bbox 1731 4835 1859 4884; x_wconf 90' lang='lat' dir='ltr'><strong>tunc</strong></span> <span class='ocrx_word' id='word_1_564' title='bbox 1889 4844 2058 4884; x_wconf 90' lang='lat' dir='ltr'><strong>occu-</strong></span> 
     </span>
    </p>
   </div>
   <div class='ocr_carea' id='block_1_82' title="bbox 467 4914 2059 4989">
    <p class='ocr_par' dir='ltr' id='par_1_82' title="bbox 467 4914 2059 4989">
     <span class='ocr_line' id='line_1_82' title="bbox 467 4914 2059 4989; baseline 0.012 -31"><span class='ocrx_word' id='word_1_565' title='bbox 467 4917 737 4975; x_wconf 88' lang='lat' dir='ltr'><strong>paverunt</strong></span> <span class='ocrx_word' id='word_1_566' title='bbox 788 4925 938 4968; x_wconf 87' lang='lat' dir='ltr'><strong>mare</strong></span> <span class='ocrx_word' id='word_1_567' title='bbox 985 4923 1040 4970; x_wconf 91' lang='lat' dir='ltr'><strong>et</strong></span> <span class='ocrx_word' id='word_1_568' title='bbox 1083 4914 1308 4986; x_wconf 83' lang='lat' dir='ltr'><strong>Ungarii</strong></span> <span class='ocrx_word' id='word_1_569' title='bbox 1364 4926 1600 4985; x_wconf 90' lang='lat' dir='ltr'><strong>terram;</strong></span> <span class='ocrx_word' id='word_1_570' title='bbox 1659 4921 2059 4989; x_wconf 84' lang='lat' dir='ltr'><strong>expectandum</strong></span> 
     </span>
    </p>
   </div>
   <div class='ocr_carea' id='block_1_83' title="bbox 469 4997 1787 5042">
    <p class='ocr_par' dir='ltr' id='par_1_83' title="bbox 469 4997 1787 5042">
     <span class='ocr_line' id='line_1_83' title="bbox 469 4997 1787 5042; baseline 0 0"><span class='ocrx_word' id='word_1_571' title='bbox 469 4997 602 5042; x_wconf 69' lang='grc' dir='ltr'><strong>ΙὙΙῘΙΙῘ</strong></span> <span class='ocrx_word' id='word_1_572' title='bbox 656 5015 779 5042; x_wconf 63' lang='lat' dir='ltr'><strong>paen</strong></span> <span class='ocrx_word' id='word_1_573' title='bbox 832 5005 1001 5042; x_wconf 73' lang='lat' dir='ltr'><strong>rlnnnn</strong></span> <span class='ocrx_word' id='word_1_574' title='bbox 1033 5008 1130 5042; x_wconf 68' lang='grc' dir='ltr'><strong>ἶηεῖ</strong></span> <span class='ocrx_word' id='word_1_575' title='bbox 1173 5009 1510 5042; x_wconf 64' lang='lat' dir='ltr'><strong>.&quot;cnan-unnt</strong></span> <span class='ocrx_word' id='word_1_576' title='bbox 1583 5011 1688 5042; x_wconf 65' lang='grc' dir='ltr'><strong>ΕΔΑ</strong></span> <span class='ocrx_word' id='word_1_577' title='bbox 1733 5021 1787 5042; x_wconf 75' lang='lat' dir='ltr'><strong>nl</strong></span> 
     </span>
    </p>
   </div>
   <div class='ocr_carea' id='block_1_84' title="bbox 1798 5028 2023 5042">
    <p class='ocr_par' dir='ltr' id='par_1_84' title="bbox 1798 5028 2023 5042">
     <span class='ocr_line' id='line_1_84' title="bbox 1798 5028 2023 5042; baseline 0 0"><span class='ocrx_word' id='word_1_578' title='bbox 1798 5028 2023 5042; x_wconf 59' lang='grc' dir='ltr'><strong>..ΙΙΙἏΠΙΙΑ</strong></span> 
     </span>
    </p>
   </div>
   <div class='ocr_carea' id='block_1_85' title="bbox 2152 3246 3747 3329">
    <p class='ocr_par' dir='ltr' id='par_1_85' title="bbox 2152 3246 3747 3329">
     <span class='ocr_line' id='line_1_85' title="bbox 2152 3246 3747 3329; baseline -0.013 -14"><span class='ocrx_word' id='word_1_579' title='bbox 2152 3257 2606 3329; x_wconf 78' lang='lat' dir='ltr'><strong>impraecabantur</strong></span> <span class='ocrx_word' id='word_1_580' title='bbox 2653 3251 2891 3323; x_wconf 65' lang='lat' dir='ltr'><strong>aequori,</strong></span> <span class='ocrx_word' id='word_1_581' title='bbox 2939 3249 3060 3321; x_wconf 90' lang='lat' dir='ltr'><strong>plus</strong></span> <span class='ocrx_word' id='word_1_582' title='bbox 3101 3250 3250 3320; x_wconf 88' lang='lat' dir='ltr'><strong>justo</strong></span> <span class='ocrx_word' id='word_1_583' title='bbox 3295 3246 3602 3309; x_wconf 83' lang='lat' dir='ltr'><strong>mirantes,</strong></span> <span class='ocrx_word' id='word_1_584' title='bbox 3649 3252 3747 3296; x_wconf 85' lang='lat' dir='ltr'><strong>cur</strong></span> 
     </span>
    </p>
   </div>
   <div class='ocr_carea' id='block_1_86' title="bbox 2150 3330 3749 3423">
    <p class='ocr_par' dir='ltr' id='par_1_86' title="bbox 2150 3330 3749 3423">
     <span class='ocr_line' id='line_1_86' title="bbox 2150 3330 3749 3423; baseline -0.014 -16"><span class='ocrx_word' id='word_1_585' title='bbox 2150 3356 2435 3423; x_wconf 88' lang='lat' dir='ltr'><strong>peccatum</strong></span> <span class='ocrx_word' id='word_1_586' title='bbox 2485 3345 2615 3401; x_wconf 89' lang='lat' dir='ltr'><strong>illud</strong></span> <span class='ocrx_word' id='word_1_587' title='bbox 2644 3353 2866 3416; x_wconf 88' lang='lat' dir='ltr'><strong>portare</strong></span> <span class='ocrx_word' id='word_1_588' title='bbox 2893 3340 3162 3413; x_wconf 90' lang='lat' dir='ltr'><strong>potuerit,</strong></span> <span class='ocrx_word' id='word_1_589' title='bbox 3209 3352 3308 3393; x_wconf 90' lang='lat' dir='ltr'><strong>cur</strong></span> <span class='ocrx_word' id='word_1_590' title='bbox 3337 3334 3540 3390; x_wconf 76' lang='lat' dir='ltr'><strong>fretum</strong></span> <span class='ocrx_word' id='word_1_591' title='bbox 3566 3330 3749 3423; x_wconf 83' lang='lat' dir='ltr'><strong>dehis-</strong></span> 
     </span>
    </p>
   </div>
   <div class='ocr_carea' id='block_1_87' title="bbox 2153 3422 3747 3500">
    <p class='ocr_par' dir='ltr' id='par_1_87' title="bbox 2153 3422 3747 3500">
     <span class='ocr_line' id='line_1_87' title="bbox 2153 3422 3747 3500; baseline -0.016 0"><span class='ocrx_word' id='word_1_592' title='bbox 2153 3422 2282 3499; x_wconf 74' lang='lat' dir='ltr'><strong>cens</strong></span> <span class='ocrx_word' id='word_1_593' title='bbox 2334 3438 2517 3495; x_wconf 88' lang='lat' dir='ltr'><strong>navim</strong></span> <span class='ocrx_word' id='word_1_594' title='bbox 2571 3452 2676 3492; x_wconf 91' lang='lat' dir='ltr'><strong>non</strong></span> <span class='ocrx_word' id='word_1_595' title='bbox 2732 3433 3094 3492; x_wconf 84' lang='lat' dir='ltr'><strong>absorbuerit.</strong></span> <span class='ocrx_word' id='word_1_596' title='bbox 3133 3449 3152 3482; x_wconf 72' lang='grc' dir='ltr'>ι</span> <span class='ocrx_word' id='word_1_597' title='bbox 3189 3429 3619 3500; x_wconf 84' lang='lat' dir='ltr'><strong>Imperatorem,</strong></span> <span class='ocrx_word' id='word_1_598' title='bbox 3662 3422 3747 3476; x_wconf 77' lang='lat' dir='ltr'><strong>in-</strong></span> 
     </span>
    </p>
   </div>
   <div class='ocr_carea' id='block_1_88' title="bbox 2154 3519 3786 3609">
    <p class='ocr_par' dir='ltr' id='par_1_88' title="bbox 2154 3519 3786 3609">
     <span class='ocr_line' id='line_1_88' title="bbox 2154 3519 3786 3609; baseline -0.014 -17"><span class='ocrx_word' id='word_1_599' title='bbox 2154 3537 2380 3609; x_wconf 87' lang='lat' dir='ltr'><strong>quiunt,</strong></span> <span class='ocrx_word' id='word_1_600' title='bbox 2407 3531 2770 3589; x_wconf 83' lang='lat' dir='ltr'><strong>universalem</strong></span> <span class='ocrx_word' id='word_1_601' title='bbox 2812 3529 3214 3590; x_wconf 82' lang='lat' dir='ltr'><strong>Romanorum,</strong></span> <span class='ocrx_word' id='word_1_602' title='bbox 3261 3530 3586 3594; x_wconf 86' lang='lat' dir='ltr'><strong>augustum,</strong></span> <span class='ocrx_word' id='word_1_603' title='bbox 3636 3519 3786 3572; x_wconf 62' lang='grc' dir='ltr'><strong>ωδε·</strong></span> 
     </span>
    </p>
   </div>
   <div class='ocr_carea' id='block_1_89' title="bbox 2155 3611 3748 3698">
    <p class='ocr_par' dir='ltr' id='par_1_89' title="bbox 2155 3611 3748 3698">
     <span class='ocr_line' id='line_1_89' title="bbox 2155 3611 3748 3698; baseline -0.012 -16"><span class='ocrx_word' id='word_1_604' title='bbox 2155 3641 2352 3698; x_wconf 90' lang='lat' dir='ltr'><strong>gnum,</strong></span> <span class='ocrx_word' id='word_1_605' title='bbox 2403 3624 2576 3680; x_wconf 91' lang='lat' dir='ltr'><strong>solum</strong></span> <span class='ocrx_word' id='word_1_606' title='bbox 2643 3621 3005 3693; x_wconf 88' lang='lat' dir='ltr'><strong>Nicephorum</strong></span> <span class='ocrx_word' id='word_1_607' title='bbox 3057 3615 3343 3688; x_wconf 88' lang='lat' dir='ltr'><strong>scripsisse</strong></span> <span class='ocrx_word' id='word_1_608' title='bbox 3373 3611 3748 3694; x_wconf 67' lang='lat' dir='ltr'><strong>Graecorum,</strong></span> 
     </span>
    </p>
   </div>
   <div class='ocr_carea' id='block_1_90' title="bbox 2156 3698 3753 3786">
    <p class='ocr_par' dir='ltr' id='par_1_90' title="bbox 2156 3698 3753 3786">
     <span class='ocr_line' id='line_1_90' title="bbox 2156 3698 3753 3786; baseline -0.015 -10"><span class='ocrx_word' id='word_1_609' title='bbox 2156 3719 2431 3776; x_wconf 89' lang='lat' dir='ltr'><strong>hominem</strong></span> <span class='ocrx_word' id='word_1_610' title='bbox 2461 3715 2727 3786; x_wconf 87' lang='lat' dir='ltr'><strong>quendam</strong></span> <span class='ocrx_word' id='word_1_611' title='bbox 2777 3712 3105 3775; x_wconf 87' lang='lat' dir='ltr'><strong>barbarum,</strong></span> <span class='ocrx_word' id='word_1_612' title='bbox 3132 3719 3424 3779; x_wconf 90' lang='lat' dir='ltr'><strong>pauperem</strong></span> <span class='ocrx_word' id='word_1_613' title='bbox 3455 3699 3606 3774; x_wconf 75' lang='lat' dir='ltr'><strong>(l82)</strong></span> <span class='ocrx_word' id='word_1_614' title='bbox 3645 3698 3753 3753; x_wconf 81' lang='lat' dir='ltr'><strong>Ro-</strong></span> 
     </span>
    </p>
   </div>
   <div class='ocr_carea' id='block_1_91' title="bbox 2157 3789 3747 3878">
    <p class='ocr_par' dir='ltr' id='par_1_91' title="bbox 2157 3789 3747 3878">
     <span class='ocr_line' id='line_1_91' title="bbox 2157 3789 3747 3878; baseline -0.014 -10"><span class='ocrx_word' id='word_1_615' title='bbox 2157 3827 2440 3875; x_wconf 83' lang='lat' dir='ltr'><strong>manorum</strong></span> <span class='ocrx_word' id='word_1_616' title='bbox 2465 3850 2481 3876; x_wconf 89' lang='lat'><strong>,</strong></span> <span class='ocrx_word' id='word_1_617' title='bbox 2517 3823 2624 3864; x_wconf 93' lang='lat' dir='ltr'><strong>non</strong></span> <span class='ocrx_word' id='word_1_618' title='bbox 2647 3806 2854 3878; x_wconf 84' lang='lat' dir='ltr'><strong>piguit!</strong></span> <span class='ocrx_word' id='word_1_619' title='bbox 2901 3802 2945 3860; x_wconf 93' lang='grc' dir='ltr'>Ο</span> <span class='ocrx_word' id='word_1_620' title='bbox 2973 3801 3203 3860; x_wconf 73' lang='lat' dir='ltr'><strong>omium!</strong></span> <span class='ocrx_word' id='word_1_621' title='bbox 3233 3813 3266 3854; x_wconf 92' lang='grc' dir='ltr'><strong>ο</strong></span> <span class='ocrx_word' id='word_1_622' title='bbox 3294 3797 3469 3853; x_wconf 90' lang='lat' dir='ltr'><strong>terra!</strong></span> <span class='ocrx_word' id='word_1_623' title='bbox 3499 3809 3536 3850; x_wconf 94' lang='lat' dir='ltr'><strong>o</strong></span> <span class='ocrx_word' id='word_1_624' title='bbox 3561 3789 3747 3847; x_wconf 79' lang='lat' dir='ltr'><strong>mare!</strong></span> 
     </span>
    </p>
   </div>
   <div class='ocr_carea' id='block_1_92' title="bbox 2160 3885 3751 3974">
    <p class='ocr_par' dir='ltr' id='par_1_92' title="bbox 2160 3885 3751 3974">
     <span class='ocr_line' id='line_1_92' title="bbox 2160 3885 3751 3974; baseline -0.016 -12"><span class='ocrx_word' id='word_1_625' title='bbox 2160 3906 2268 3962; x_wconf 84' lang='lat' dir='ltr'><strong>Sed</strong></span> <span class='ocrx_word' id='word_1_626' title='bbox 2317 3903 2482 3974; x_wconf 90' lang='lat' dir='ltr'><strong>quid,</strong></span> <span class='ocrx_word' id='word_1_627' title='bbox 2512 3902 2797 3971; x_wconf 90' lang='lat' dir='ltr'><strong>inquiunt,</strong></span> <span class='ocrx_word' id='word_1_628' title='bbox 2835 3897 3098 3953; x_wconf 84' lang='lat' dir='ltr'><strong>faciemus</strong></span> <span class='ocrx_word' id='word_1_629' title='bbox 3128 3889 3438 3949; x_wconf 90' lang='lat' dir='ltr'><strong>hominibus</strong></span> <span class='ocrx_word' id='word_1_630' title='bbox 3475 3885 3601 3942; x_wconf 92' lang='lat' dir='ltr'><strong>istis</strong></span> <span class='ocrx_word' id='word_1_631' title='bbox 3629 3895 3751 3939; x_wconf 81' lang='lat' dir='ltr'><strong>sce-</strong></span> 
     </span>
    </p>
   </div>
   <div class='ocr_carea' id='block_1_93' title="bbox 2159 3977 3751 4066">
    <p class='ocr_par' dir='ltr' id='par_1_93' title="bbox 2159 3977 3751 4066">
     <span class='ocr_line' id='line_1_93' title="bbox 2159 3977 3751 4066; baseline -0.014 -10"><span class='ocrx_word' id='word_1_632' title='bbox 2159 3999 2380 4066; x_wconf 90' lang='lat' dir='ltr'><strong>leratis,</strong></span> <span class='ocrx_word' id='word_1_633' title='bbox 2412 3992 2758 4052; x_wconf 89' lang='lat' dir='ltr'><strong>criminosis?</strong></span> <span class='ocrx_word' id='word_1_634' title='bbox 2800 3990 3078 4061; x_wconf 86' lang='lat' dir='ltr'><strong>Pauperes</strong></span> <span class='ocrx_word' id='word_1_635' title='bbox 3108 3993 3270 4051; x_wconf 90' lang='lat' dir='ltr'><strong>sunt,</strong></span> <span class='ocrx_word' id='word_1_636' title='bbox 3301 3992 3356 4040; x_wconf 89' lang='lat' dir='ltr'><strong>et</strong></span> <span class='ocrx_word' id='word_1_637' title='bbox 3398 3981 3445 4038; x_wconf 89' lang='lat' dir='ltr'><strong>si</strong></span> <span class='ocrx_word' id='word_1_638' title='bbox 3475 3995 3574 4036; x_wconf 87' lang='lat' dir='ltr'><strong>eos</strong></span> <span class='ocrx_word' id='word_1_639' title='bbox 3600 3977 3751 4036; x_wconf 62' lang='lat' dir='ltr'><strong>occio</strong></span> 
     </span>
    </p>
   </div>
   <div class='ocr_carea' id='block_1_94' title="bbox 2161 4073 3752 4163">
    <p class='ocr_par' dir='ltr' id='par_1_94' title="bbox 2161 4073 3752 4163">
     <span class='ocr_line' id='line_1_94' title="bbox 2161 4073 3752 4163; baseline -0.016 -14"><span class='ocrx_word' id='word_1_640' title='bbox 2161 4093 2357 4163; x_wconf 79' lang='lat' dir='ltr'><strong>dimus,</strong></span> <span class='ocrx_word' id='word_1_641' title='bbox 2389 4103 2581 4144; x_wconf 91' lang='lat' dir='ltr'><strong>manus</strong></span> <span class='ocrx_word' id='word_1_642' title='bbox 2602 4095 2817 4142; x_wconf 89' lang='lat' dir='ltr'><strong>nostras</strong></span> <span class='ocrx_word' id='word_1_643' title='bbox 2843 4081 3106 4153; x_wconf 89' lang='lat' dir='ltr'><strong>sanguine</strong></span> <span class='ocrx_word' id='word_1_644' title='bbox 3129 4078 3223 4133; x_wconf 91' lang='lat' dir='ltr'><strong>vili</strong></span> <span class='ocrx_word' id='word_1_645' title='bbox 3251 4073 3579 4147; x_wconf 88' lang='lat' dir='ltr'><strong>polluimus;</strong></span> <span class='ocrx_word' id='word_1_646' title='bbox 3611 4084 3752 4163; x_wconf 76' lang='lat' dir='ltr'><strong>pau-</strong></span> 
     </span>
    </p>
   </div>
   <div class='ocr_carea' id='block_1_95' title="bbox 2159 4160 3756 4248">
    <p class='ocr_par' dir='ltr' id='par_1_95' title="bbox 2159 4160 3756 4248">
     <span class='ocr_line' id='line_1_95' title="bbox 2159 4160 3756 4248; baseline -0.015 -9"><span class='ocrx_word' id='word_1_647' title='bbox 2159 4160 2278 4240; x_wconf 84' lang='lat' dir='ltr'><strong>nosi</strong></span> <span class='ocrx_word' id='word_1_648' title='bbox 2324 4189 2482 4248; x_wconf 87' lang='lat' dir='ltr'><strong>sunt,</strong></span> <span class='ocrx_word' id='word_1_649' title='bbox 2513 4178 2655 4236; x_wconf 85' lang='lat' dir='ltr'><strong>servi</strong></span> <span class='ocrx_word' id='word_1_650' title='bbox 2702 4185 2859 4241; x_wconf 90' lang='lat' dir='ltr'><strong>sunt,</strong></span> <span class='ocrx_word' id='word_1_651' title='bbox 2904 4172 3097 4229; x_wconf 89' lang='lat' dir='ltr'><strong>rustici</strong></span> <span class='ocrx_word' id='word_1_652' title='bbox 3124 4173 3280 4234; x_wconf 88' lang='lat' dir='ltr'><strong>sunt‘;</strong></span> <span class='ocrx_word' id='word_1_653' title='bbox 3311 4167 3355 4223; x_wconf 90' lang='lat' dir='ltr'><strong>si</strong></span> <span class='ocrx_word' id='word_1_654' title='bbox 3385 4179 3482 4221; x_wconf 87' lang='lat' dir='ltr'><strong>eos</strong></span> <span class='ocrx_word' id='word_1_655' title='bbox 3511 4160 3756 4232; x_wconf 82' lang='lat' dir='ltr'><strong>ﬂagella-</strong></span> 
     </span>
    </p>
   </div>
   <div class='ocr_carea' id='block_1_96' title="bbox 2160 4253 3755 4341">
    <p class='ocr_par' dir='ltr' id='par_1_96' title="bbox 2160 4253 3755 4341">
     <span class='ocr_line' id='line_1_96' title="bbox 2160 4253 3755 4341; baseline -0.015 -11"><span class='ocrx_word' id='word_1_656' title='bbox 2160 4289 2317 4341; x_wconf 90' lang='lat' dir='ltr'><strong>mus,</strong></span> <span class='ocrx_word' id='word_1_657' title='bbox 2368 4286 2475 4327; x_wconf 93' lang='lat' dir='ltr'><strong>non</strong></span> <span class='ocrx_word' id='word_1_658' title='bbox 2513 4270 2693 4340; x_wconf 85' lang='lat' dir='ltr'><strong>ipsos,</strong></span> <span class='ocrx_word' id='word_1_659' title='bbox 2745 4267 2838 4322; x_wconf 92' lang='lat' dir='ltr'><strong>sed</strong></span> <span class='ocrx_word' id='word_1_660' title='bbox 2889 4278 2990 4320; x_wconf 89' lang='lat' dir='ltr'><strong>nos</strong></span> <span class='ocrx_word' id='word_1_661' title='bbox 3037 4260 3457 4322; x_wconf 90' lang='lat' dir='ltr'><strong>dedecoramus,</strong></span> <span class='ocrx_word' id='word_1_662' title='bbox 3503 4253 3605 4326; x_wconf 87' lang='lat' dir='ltr'><strong>qui</strong></span> <span class='ocrx_word' id='word_1_663' title='bbox 3654 4265 3755 4307; x_wconf 87' lang='lat' dir='ltr'><strong>nec</strong></span> 
     </span>
    </p>
   </div>
   <div class='ocr_carea' id='block_1_97' title="bbox 2163 4348 3752 4424">
    <p class='ocr_par' dir='ltr' id='par_1_97' title="bbox 2163 4348 3752 4424">
     <span class='ocr_line' id='line_1_97' title="bbox 2163 4348 3752 4424; baseline -0.016 -2"><span class='ocrx_word' id='word_1_664' title='bbox 2163 4367 2404 4423; x_wconf 81' lang='lat' dir='ltr'><strong>Romana</strong></span> <span class='ocrx_word' id='word_1_665' title='bbox 2432 4363 2636 4418; x_wconf 87' lang='lat' dir='ltr'><strong>scutica</strong></span> <span class='ocrx_word' id='word_1_666' title='bbox 2663 4360 2921 4415; x_wconf 83' lang='lat' dir='ltr'><strong>deaurata</strong></span> <span class='ocrx_word' id='word_1_667' title='bbox 2949 4397 2964 4422; x_wconf 94' lang='lat'><strong>,</strong></span> <span class='ocrx_word' id='word_1_668' title='bbox 2996 4370 3097 4411; x_wconf 88' lang='lat' dir='ltr'><strong>nec</strong></span> <span class='ocrx_word' id='word_1_669' title='bbox 3124 4348 3433 4424; x_wconf 74' lang='lat' dir='ltr'><strong>huiusmodi</strong></span> <span class='ocrx_word' id='word_1_670' title='bbox 3457 4354 3591 4402; x_wconf 89' lang='lat' dir='ltr'><strong>sunt</strong></span> <span class='ocrx_word' id='word_1_671' title='bbox 3619 4359 3752 4401; x_wconf 87' lang='lat' dir='ltr'><strong>cru-</strong></span> 
     </span>
    </p>
   </div>
   <div class='ocr_carea' id='block_1_98' title="bbox 2164 4433 3756 4525">
    <p class='ocr_par' dir='ltr' id='par_1_98' title="bbox 2164 4433 3756 4525">
     <span class='ocr_line' id='line_1_98' title="bbox 2164 4433 3756 4525; baseline -0.016 -13"><span class='ocrx_word' id='word_1_672' title='bbox 2164 4457 2317 4512; x_wconf 91' lang='lat' dir='ltr'><strong>cibus</strong></span> <span class='ocrx_word' id='word_1_673' title='bbox 2339 4453 2507 4525; x_wconf 82' lang='lat' dir='ltr'><strong>digni.</strong></span> <span class='ocrx_word' id='word_1_674' title='bbox 2536 4449 2581 4506; x_wconf 93' lang='grc' dir='ltr'>Ο</span> <span class='ocrx_word' id='word_1_675' title='bbox 2606 4450 2812 4504; x_wconf 88' lang='lat' dir='ltr'><strong>utinam</strong></span> <span class='ocrx_word' id='word_1_676' title='bbox 2840 4447 2979 4502; x_wconf 88' lang='lat' dir='ltr'><strong>alter</strong></span> <span class='ocrx_word' id='word_1_677' title='bbox 3003 4446 3310 4516; x_wconf 90' lang='lat' dir='ltr'><strong>episcopus,</strong></span> <span class='ocrx_word' id='word_1_678' title='bbox 3341 4439 3480 4493; x_wconf 89' lang='lat' dir='ltr'><strong>alter</strong></span> <span class='ocrx_word' id='word_1_679' title='bbox 3507 4433 3756 4492; x_wconf 88' lang='lat' dir='ltr'><strong>marcbio</strong></span> 
     </span>
    </p>
   </div>
   <div class='ocr_carea' id='block_1_99' title="bbox 2085 4507 3757 4608">
    <p class='ocr_par' dir='ltr' id='par_1_99' title="bbox 2085 4507 3757 4608">
     <span class='ocr_line' id='line_1_99' title="bbox 2085 4507 3757 4608; baseline -0.012 -3"><span class='ocrx_word' id='word_1_680' title='bbox 2085 4507 2138 4567; x_wconf 69' lang='grc' dir='ltr'><strong>Β</strong></span> <span class='ocrx_word' id='word_1_681' title='bbox 2163 4547 2334 4604; x_wconf 91' lang='lat' dir='ltr'><strong>esset!</strong></span> <span class='ocrx_word' id='word_1_682' title='bbox 2362 4507 2532 4600; x_wconf 52' lang='lat' dir='ltr'><strong>calcis</strong></span> <span class='ocrx_word' id='word_1_683' title='bbox 2557 4541 2701 4598; x_wconf 90' lang='lat' dir='ltr'><strong>enim</strong></span> <span class='ocrx_word' id='word_1_684' title='bbox 2733 4540 2859 4605; x_wconf 91' lang='lat' dir='ltr'><strong>suti,</strong></span> <span class='ocrx_word' id='word_1_685' title='bbox 2886 4548 3009 4608; x_wconf 89' lang='lat' dir='ltr'><strong>post</strong></span> <span class='ocrx_word' id='word_1_686' title='bbox 3029 4535 3256 4591; x_wconf 88' lang='lat' dir='ltr'><strong>acerbos</strong></span> <span class='ocrx_word' id='word_1_687' title='bbox 3278 4532 3562 4602; x_wconf 88' lang='lat' dir='ltr'><strong>virgarum</strong></span> <span class='ocrx_word' id='word_1_688' title='bbox 3590 4527 3757 4585; x_wconf 67' lang='lat' dir='ltr'><strong>ictus.</strong></span> 
     </span>
    </p>
   </div>
   <div class='ocr_carea' id='block_1_100' title="bbox 2165 4621 3808 4714">
    <p class='ocr_par' dir='ltr' id='par_1_100' title="bbox 2165 4621 3808 4714">
     <span class='ocr_line' id='line_1_100' title="bbox 2165 4621 3808 4714; baseline -0.013 -18"><span class='ocrx_word' id='word_1_689' title='bbox 2165 4648 2287 4713; x_wconf 92' lang='lat' dir='ltr'><strong>post</strong></span> <span class='ocrx_word' id='word_1_690' title='bbox 2332 4638 2518 4692; x_wconf 63' lang='lat' dir='ltr'><strong>barbae</strong></span> <span class='ocrx_word' id='word_1_691' title='bbox 2565 4650 2660 4690; x_wconf 89' lang='lat' dir='ltr'><strong>seu</strong></span> <span class='ocrx_word' id='word_1_692' title='bbox 2704 4631 3022 4703; x_wconf 88' lang='lat' dir='ltr'><strong>capillorum</strong></span> <span class='ocrx_word' id='word_1_693' title='bbox 3049 4624 3490 4690; x_wconf 88' lang='lat' dir='ltr'><strong>distractionem,</strong></span> <span class='ocrx_word' id='word_1_694' title='bbox 3519 4621 3578 4676; x_wconf 93' lang='lat' dir='ltr'><strong>in</strong></span> <span class='ocrx_word' id='word_1_695' title='bbox 3605 4634 3758 4676; x_wconf 82' lang='lat' dir='ltr'><strong>mare</strong></span> <span class='ocrx_word' id='word_1_696' title='bbox 3799 4705 3808 4714; x_wconf 26' lang='grc' dir='ltr'><em>φ</em></span> 
     </span>
    </p>
   </div>
   <div class='ocr_carea' id='block_1_101' title="bbox 2167 4718 3756 4804">
    <p class='ocr_par' dir='ltr' id='par_1_101' title="bbox 2167 4718 3756 4804">
     <span class='ocr_line' id='line_1_101' title="bbox 2167 4718 3756 4804; baseline -0.014 -14"><span class='ocrx_word' id='word_1_697' title='bbox 2167 4736 2632 4804; x_wconf 87' lang='lat' dir='ltr'><strong>demergerentur.</strong></span> <span class='ocrx_word' id='word_1_698' title='bbox 2671 4725 2776 4782; x_wconf 90' lang='lat' dir='ltr'><strong>Sed</strong></span> <span class='ocrx_word' id='word_1_699' title='bbox 2809 4731 3112 4786; x_wconf 89' lang='lat' dir='ltr'><strong>serventur,</strong></span> <span class='ocrx_word' id='word_1_700' title='bbox 3146 4718 3427 4791; x_wconf 89' lang='lat' dir='ltr'><strong>inquiunt,</strong></span> <span class='ocrx_word' id='word_1_701' title='bbox 3461 4726 3518 4771; x_wconf 88' lang='lat' dir='ltr'><strong>et</strong></span> <span class='ocrx_word' id='word_1_702' title='bbox 3548 4728 3756 4785; x_wconf 84' lang='lat' dir='ltr'><strong>quous-</strong></span> 
     </span>
    </p>
   </div>
   <div class='ocr_carea' id='block_1_102' title="bbox 2166 4807 3760 4896">
    <p class='ocr_par' dir='ltr' id='par_1_102' title="bbox 2166 4807 3760 4896">
     <span class='ocr_line' id='line_1_102' title="bbox 2166 4807 3760 4896; baseline -0.014 -15"><span class='ocrx_word' id='word_1_703' title='bbox 2166 4841 2273 4896; x_wconf 89' lang='lat' dir='ltr'><strong>que</strong></span> <span class='ocrx_word' id='word_1_704' title='bbox 2299 4824 2676 4880; x_wconf 87' lang='lat' dir='ltr'><strong>sanctissimus</strong></span> <span class='ocrx_word' id='word_1_705' title='bbox 2697 4821 2996 4889; x_wconf 89' lang='lat' dir='ltr'><strong>imperator</strong></span> <span class='ocrx_word' id='word_1_706' title='bbox 3015 4813 3390 4871; x_wconf 83' lang='lat' dir='ltr'><strong>Romanorum</strong></span> <span class='ocrx_word' id='word_1_707' title='bbox 3415 4807 3760 4877; x_wconf 77' lang='lat' dir='ltr'><strong>Nicephorus</strong></span> 
     </span>
    </p>
   </div>
   <div class='ocr_carea' id='block_1_103' title="bbox 2170 4905 3702 4983">
    <p class='ocr_par' dir='ltr' id='par_1_103' title="bbox 2170 4905 3702 4983">
     <span class='ocr_line' id='line_1_103' title="bbox 2170 4905 3702 4983; baseline -0.016 -8"><span class='ocrx_word' id='word_1_708' title='bbox 2170 4919 2285 4975; x_wconf 76' lang='lat' dir='ltr'><strong>bch</strong></span> <span class='ocrx_word' id='word_1_709' title='bbox 2314 4917 2579 4972; x_wconf 86' lang='lat' dir='ltr'><strong>resciscat</strong></span> <span class='ocrx_word' id='word_1_710' title='bbox 2609 4913 2781 4978; x_wconf 89' lang='lat' dir='ltr'><strong>mala,</strong></span> <span class='ocrx_word' id='word_1_711' title='bbox 2814 4911 2967 4983; x_wconf 88' lang='lat' dir='ltr'><strong>gravi</strong></span> <span class='ocrx_word' id='word_1_712' title='bbox 2995 4905 3243 4965; x_wconf 84' lang='lat' dir='ltr'><strong>custodia</strong></span> <span class='ocrx_word' id='word_1_713' title='bbox 3269 4910 3640 4958; x_wconf 86' lang='lat' dir='ltr'><strong>macerentur.</strong></span> <span class='ocrx_word' id='word_1_714' title='bbox 3681 4917 3702 4950; x_wconf 70' lang='grc' dir='ltr'><strong><em>ι</em></strong></span> 
     </span>
    </p>
   </div>
   <div class='ocr_carea' id='block_1_104' title="bbox 2243 4991 3756 5042">
    <p class='ocr_par' dir='ltr' id='par_1_104' title="bbox 2243 4991 3756 5042">
     <span class='ocr_line' id='line_1_104' title="bbox 2243 4991 3756 5042; baseline 0 0"><span class='ocrx_word' id='word_1_715' title='bbox 2243 5010 2304 5042; x_wconf 66' lang='grc' dir='ltr'><strong>ΒΩ</strong></span> <span class='ocrx_word' id='word_1_716' title='bbox 2366 5009 2504 5042; x_wconf 76' lang='lat' dir='ltr'><strong>num</strong></span> <span class='ocrx_word' id='word_1_717' title='bbox 2539 5009 2650 5042; x_wconf 59' lang='lat' dir='ltr'><strong>hama</strong></span> <span class='ocrx_word' id='word_1_718' title='bbox 2683 5005 3033 5042; x_wconf 62' lang='lat' dir='ltr'><strong>maenianorum</strong></span> <span class='ocrx_word' id='word_1_719' title='bbox 3121 4999 3306 5042; x_wconf 64' lang='lat' dir='ltr'><strong>fnlir‘m‘t</strong></span> <span class='ocrx_word' id='word_1_720' title='bbox 3329 5010 3424 5042; x_wconf 65' lang='grc' dir='ltr'><strong>ρος</strong></span> <span class='ocrx_word' id='word_1_721' title='bbox 3444 5035 3461 5042; x_wconf 84' lang='grc'><strong>-</strong></span> <span class='ocrx_word' id='word_1_722' title='bbox 3496 4991 3756 5042; x_wconf 80' lang='lat' dir='ltr'><strong>auoniam</strong></span> 
     </span>
    </p>
   </div>
  </div>
