4012 5334
520 288 626 352 ωι

1588 279 2005 340 LlUTPRANDl
2037 277 2519 337 GREIONENSIS
2555 280 2875 340 EPISCOPI-

523 336 791 453 amineo,
804 380 1389 453 harmonianarm
1405 375 1497 445 ⁸³⁸,
1518 336 1940 443 Suevos—,immo
1969 388 2099 463 cun-
2124 375 2177 436 Δ
2198 373 2401 445 palatio
2410 336 2934 463 manens—perpetuo,
2948 336 3425 447 httjtmmodiiebus
3442 378 3648 436 amicas
3666 336 3765 436 sibi

524 487 641 536 etas
666 475 932 539 nationes,
967 471 1275 541 huiusmodi
1295 477 1447 526 veste
1484 476 1706 527 ornatos
1731 466 1983 523 incedere
2002 461 2093 534 iu.

523 570 786 628 diuites.
814 565 969 635 Quod
990 578 1156 635 quam
1174 562 1493 623 indecorum
1522 572 1793 629 quamque
1816 564 2098 613 contume~

510 660 717 719 diosum
740 658 834 725 sit,
856 656 1064 720 molles,
1095 652 1475 716 inﬂammatos,
1500 649 1820 714 manicatos,
1851 647 2097 715 tiaratos,

523 751 850 818 tu-lstratos,
882 747 1195 810 mendaces,
1231 750 1452 799 neutros
1484 741 1661 813 (tuo,
1698 738 1932 803 desides,
1962 752 2095 809 pur-

522 836 1053 909 pnmtssincedere;
1076 833 1271 891 heroas
1304 844 1455 896 vero,
1492 829 1641 885 viros
1668 826 1878 885 scilicet
1905 825 2097 894 fortes,

522 927 757 984 acia-tes
790 924 1011 990 bellum,
1042 922 1169 979 ﬁdei
1185 919 1578 990 cbaritatisque
1599 918 1808 988 plenos,
1838 917 1949 973 Deo
1970 916 2099 972 sub-

520 1019 684 1083 ditos,
717 1016 1011 1075 virtutibus
1048 1014 1257 1086 plenos,
1292 1013 1433 1068 non!
1464 1011 1603 1082 Quid
1640 1018 1747 1076 est,
1774 1009 1958 1081 sinon
1981 1008 2099 1064 haec

514 1110 849 1170 contumelia
870 1108 991 1165 est?
1022 1125 1040 1159 ι
1075 1106 1183 1164 Sed
1206 1105 1296 1163 ubi
1316 1113 1423 1172 est,
1448 1106 1689 1174 inquam,
1719 1101 2099 1172 imperatorius

520 1202 739 1261 sermo?
778 1200 870 1261 ubi
902 1198 1199 1270 imperialis
1238 1197 1306 1230 ⁸³¹
1330 1195 1658 1267 promissio?
1682 1192 1818 1250 Cum
1849 1194 1996 1249 enim
2021 1191 2098 1267 illi

518 1293 901 1357 valedicerem,
930 1290 1138 1361 rogavi,
1169 1299 1229 1349 αι
1268 1289 1326 1345 in
1357 1286 1598 1342 ecclesia:
1641 1286 1899 1341 honorem
1927 1299 2100 1355 quan-

516 1384 648 1441 tivis
680 1383 846 1454 pretii
868 1396 963 1438 me
984 1379 1329 1451 permitteret
1362 1376 1531 1448 pallia
1572 1389 1774 1431 emere.
1815 1376 1919 1443 Qui
1966 1377 2043 1431 ait
2079 1392 2095 1430 :

518 1470 719 1540 Qualia
739 1472 814 1528 vis
839 1480 886 1531 et
911 1479 1140 1541 quanta,
1184 1468 1433 1537 ποιότητα
1464 1471 1549 1533 καὶ
1586 1464 1878 1532 ποσότητα,
1917 1466 1972 1527 id
2015 1474 2100 1521 est

514 1564 837 1636 qdatitatem
851 1570 907 1619 et
923 1561 1304 1633 quantitatem,
1310 1573 1543 1630 ponens,
1559 1557 1916 1615 dilferentiam
1940 1556 2100 1628 plane

512 1671 626 1718 non
671 1654 871 1726 posuit,
914 1662 979 1709 ut
1024 1652 1230 1711 diceret
1258 1669 1274 1705 :
1302 1651 1384 1709 Itis
1408 1658 1458 1705 et
1493 1648 1601 1704 illis
1643 1651 1889 1721 exceptis.
1922 1646 2100 1704 Testis

2196 467 2448 525 nationes
2499 468 2782 547 ell‘ecerat;
2816 468 3151 549 Nicephorus
3183 486 3313 527 vero
3341 470 3579 528 basileus
3608 473 3766 529 homo

2197 562 2496 638 ταχύχιιρ,
2544 563 2596 619 id
2626 573 2714 619 est
2739 564 2947 639 militiae
2974 565 3203 647 deditus,
3241 563 3503 647 palatium
3531 581 3632 623 ceu
3674 582 3766 637 pe-

2192 662 2340 715 Stem
2377 655 2661 725 abhorret;
2688 666 2747 721 et
2771 670 2993 721 vocatur
3019 674 3051 715 a
3088 648 3438 745 nobis'prope
3478 657 3771 715 simultatis

2194 751 2410 803 amator
2435 754 2596 821 atque
2618 756 3051 825 argumentosus,
3074 748 3167 818 qui
3192 762 3302 827 non
3319 744 3494 819 pretio
3514 744 3617 803 sibi
3643 763 3773 818 gen-

2188 844 2285 897 tes
2309 838 2535 904 amicas,
2558 838 2653 895 sed
2682 847 2889 896 terrore
2911 848 2965 897 et
2986 838 3163 910 gladio
3204 839 3302 909 sibi
3346 832 3593 915 subditas
3620 836 3770 894 facit.

2199 927 2394 999 Atque,
2418 940 2478 986 ut
2501 945 2795 1001 cognoscas
2851 932 3034 1001 quanti
3071 930 3315 1007 dominos
3341 940 3464 987 tuos
3487 945 3648 1005 reges
3662 931 3774 986 'ha-

2188 1018 2442 1099 beamus,
2484 1036 2603 1090 qua:
2647 1021 2772 1095 data
2800 1031 2941 1099 sunt
2969 1020 3165 1078 coloris
3198 1021 3528 1094 huiusmodi,
3565 1029 3622 1077 et
3651 1036 3773 1094 qua

2199 1119 2401 1180 empta,
2427 1112 2511 1166 via
2537 1113 2728 1183 eadem
2758 1094 2948 1183 nos
2973 1121 3332 1171 revertentur.
3373 1133 3394 1167 ι

2270 1202 2358 1257 56.
2398 1201 2494 1258 His
2542 1204 2701 1259 dictis
2744 1214 2905 1275 atque
2934 1202 3252 1276 ,completis,
3280 1203 3691 1279 χρυσοϐούλιον,
3712 1200 3777 1258 id

2186 1299 2284 1372 .est
2309 1291 2593 1364 epistolam
2623 1308 2754 1348 auro
2799 1292 3055 1363 scriptam
3094 1300 3153 1350 et
3187 1293 3481 1365 signatam,
3513 1292 3651 1346 inihi
3686 1292 3779 1346 de-

2186 1384 2416 1465 derunt,
2446 1384 2598 1439 vobis
2621 1383 2985 1455 deferendam,
3019 1384 3110 1439 sed
3139 1398 3245 1438 non
3272 1383 3423 1457 vobis
3449 1383 3694 1456 dignam,
3719 1390 3781 1439 ut

2200 1488 2356 1529 mens
2400 1475 2573 1529 credit
2620 1468 2763 1530 mea.
2794 1474 3055 1547 Tulelrunt
3081 1484 3258 1539 autem
3293 1485 3347 1531 et
3383 1475 3518 1531 alias
3558 1472 3779 1535 litteras

2202 1574 2426 1636 argento
2454 1566 2709 1636 signatas,
2735 1576 2898 1637 atque
2923 1564 3173 1622 dixerunt
3201 1586 3214 1621 :
3242 1585 3262 1619 ι
3295 1567 3497 1641 Papam
3532 1576 3780 1623 vestrum

2203 1654 2508 1725 imperiales
2532 1656 2773 1729 recipere
2795 1654 3026 1722 litteras,
3059 1656 3334 1729 indignum
3365 1671 3489 1721 esse
3512 1656 3779 1726 dijudica-

518 1756 605 1809 est
633 1746 749 1809 L00
789 1743 1152 1815 coropalates,
1178 1741 1353 1798 frater
1384 1740 1535 1812 eius;
1588 1740 1741 1796 ῑθεῑίε
1789 1748 1874 1798 εει
1919 1747 1973 1795 ει
2016 1740 2099 1795 ill-
2120 1744 2173 1811 Β
2202 1761 2353 1814 mus;
2382 1747 2546 1801 mittit
2574 1756 2751 1802 autem
2787 1745 2861 1801 illi
2908 1746 3263 1819 coropalates,
3288 1747 3640 1818 imperatoris
3670 1746 3780 1803 fra-

516 1837 1061 1910 terpresEuodisins,
1086 1834 1383 1915 Iohannes,
1433 1833 1712 1890 Romanus
1739 1849 1755 1898 ;
1798 1833 1952 1889 testis
1978 1848 2096 1899 sum

516 1929 655 2009 ipse,
700 1929 793 2000 qui
826 1928 969 1999 quod
999 1927 1295 1999 imperator
1328 1924 1553 1992 diceret,
1578 1924 1802 1993 etiamsi
1820 1924 2098 1994 interpres

522 2022 754 2088 abesset,
786 2018 1048 2076 intellexi.
1088 2037 1108 2072 ι

593 2131 613 2166 t
643 2112 750 2173 Sed
774 2111 1088 2185 ιιμλνὸμσκσ,
1118 2109 1179 2173 id
1206 2117 1290 2165 est
1308 2107 1609 2187 prohibita,
1649 2116 1776 2164 sunt
1799 2110 1936 2175 ὶιτεο,
1962 2129 1979 2160 ι
2017 2109 2125 2164 ill--

512 2206 729 2279 quium.
767 2223 784 2256 ι
808 2204 1028 2261 Etcum
1074 2217 1195 2273 quae
1220 2201 1421 2259 asseris
1436 2200 1740 2270 imperator
1768 2201 1998 2266 diceret,
2031 2201 2097 2255 de

521 2286 719 2361 talibus
752 2296 982 2362 saltem,
1010 2302 1070 2355 ut
1102 2293 1425 2359 somniares,
1455 2308 1566 2349 non
1609 2291 1781 2361 potuit
1824 2294 2095 2364 cogitare;

519 2398 579 2444 ut
600 2388 748 2445 enim
777 2386 1001 2451 divitiis,
1042 2384 1326 2456 sapientia,
1351 2383 1427 2437 ita
1454 2391 1508 2438 et
1539 2381 1751 2438 caeteris
1787 2381 2099 2436 nationibus

510 2489 773 2553 prastare
795 2487 947 2545 vate
976 2474 1256 2542 debemus,
1287 2482 1345 2529 ut
1384 2474 1580 2543 quibus
1611 2482 1695 2529 est
1720 2471 2014 2546 singularis
2041 2470 2098 2529 in

517 2573 810 2633 virtutibus
839 2571 1034 2644 gratia,
1068 2569 1140 2626 sit
1182 2567 1476 2641 singularis
1517 2575 1573 2623 et
1597 2567 1651 2622 in
1693 2566 2097 2637 pulchritudine

518 2666 710 2723 vestis.
751 2685 777 2721 φ

578 2756 679 2814 55.
725 2774 745 2809 ε
781 2753 1210 2826 Haudquaquam
1238 2753 1549 2826 singularis,
1582 2753 1826 2831 inquam,
1853 2753 1973 2810 haec
2000 2769 2096 2812 ve-

518 2849 619 2907 stis
657 2848 771 2904 tieri
801 2853 1000 2918 potest,
1023 2860 1145 2902 cum
1172 2859 1338 2918 penes
1361 2859 1459 2902 nos
1481 2832 1736 2904 obolariae
1763 2844 2020 2903 mulieres
2043 2850 2100 2902 et

514 2943 1003 3014 mandrogerontes
1030 2940 1179 3014 (185)
1202 2941 1293 2997 his
1321 2948 1561 2997 utantur.
1594 2959 1614 2994 ι

595 3053 614 3086 ι
661 3024 834 3101 Unde,
864 3033 1142 3104 inquiunt,
1169 3031 1360 3105 vobis?
1389 3050 1411 3084 ι

2202 1828 2306 1906 ter,
2338 1856 2442 1896 non
2470 1856 2566 1910 per
2608 1855 2736 1895 suos
2761 1854 3024 1911 pauperes
3050 1840 3286 1903 nuntios,
3320 1838 3413 1896 sed
3442 1848 3560 1908 per
3586 1848 3642 1896 te
3667 1840 3781 1911 epi-

2201 1932 2416 1997 stolam,
2440 1947 2498 1987 se
2528 1931 2659 1987 satis
2688 1932 2924 2001 dignam,
2966 1940 3024 1985 ut
3065 1930 3171 1986 nisi
3201 1930 3509 2001 resipuerit,
3537 1928 3782 1988 funditus

2200 2039 2258 2080 se
2277 2023 2507 2094 periisse
2531 2023 2865 2094 cognoverit.
2895 2040 2914 2073 s
3436 2018 3439 2019 ⁷

2271 2115 2365 2170 57.
2403 2113 2556 2171 Hanc
2576 2131 2698 2170 cum
2720 2114 3074 2187 accepissem,
3108 2111 3229 2170 vale
3254 2113 3389 2170 mihi
3411 2114 3685 2181 dicentes,
3704 2113 3780 2170 di-

2200 2205 2484 2272 miserunt,
2513 2207 2669 2263 ocula
2697 2208 3002 2279 praebentes
3019 2207 3154 2263 satis
3175 2203 3439 2278 jucunda,
3467 2207 3606 2262 satis
3633 2220 3783 2262 ama-

2198 2296 2348 2354 bilia.
2382 2297 2490 2355 Sed
2519 2296 2645 2354 dum
2670 2299 3002 2366 recederem,
3030 2296 3346 2370 legationem
3369 2300 3501 2355 mihi
3527 2310 3643 2355 nun
3670 2308 3779 2366 me,

2200 2388 2292 2447 sed
2319 2390 2426 2446 illis
2459 2390 2592 2445 satis
2633 2389 2872 2462 dirigunt
2912 2390 3159 2461 dignam;
3206 2388 3413 2447 scilicet
3451 2389 3602 2461 quod
3646 2389 3779 2445 mihi

2201 2481 2300 2538 soli
2331 2481 2571 2553 meisque
2609 2497 2777 2553 equos
2814 2483 3023 2546 darent,
3052 2482 3279 2538 sarcinis
3324 2480 3564 2547 nullum;
3594 2470 3779 2551 sicque

2202 2571 2383 2638 nimis,
2416 2581 2473 2626 ut
2512 2587 2599 2649 res
2646 2573 2924 2644 poscebat,
2973 2572 3234 2640 turbatus,
3266 2566 3533 2632 διασώστη
3554 2613 3570 2638 ,
3617 2572 3672 2628 id
3701 2568 3781 2627 es't

2202 2663 2409 2719 ductori
2433 2678 2571 2729 meo,
2599 2665 2987 2737 quinquaginta
3010 2670 3295 2720 aureorum
3319 2676 3406 2719 res
3427 2662 3608 2734 pretio
3635 2660 3777 2717 dedi.

2200 2750 2270 2812 Et
2314 2768 2438 2810 cum
2474 2770 2580 2811 non
2616 2754 2877 2811 haberem
2926 2755 3070 2827 quod
3116 2770 3217 2826 pro
3268 2748 3571 2809 malefactis
3623 2751 3777 2808 Nice-

2200 2848 2374 2922 phoro
2404 2855 2534 2906 tunc
2572 2848 2874 2913 redderem,
2904 2846 3004 2906 hos
3046 2849 3101 2905 in
3128 2847 3335 2920 pariete
3370 2847 3561 2903 invisae
3589 2844 3778 2901 domus

2201 2956 2336 2997 mea;
2356 2941 2491 2998 etin
2516 2957 2704 2998 mensa
2732 2942 2911 3017 lignea
2933 2932 3229 2997 versiculos
3249 2939 3445 3010 scripsi
3476 2955 3491 2992 :

2846 3032 3035 3089 Versus
3058 3032 3147 3088 "'.

594 3143 621 3187 ιι
659 3126 708 3187 Α
736 3122 1013 3191 Veneticis
1024 3134 1082 3182 et
1098 3122 1441 3189 Amelﬁtanis
1466 3122 1824 3190 institoribus,
1854 3122 2100 3192 inquam,

2208 3125 2519 3201 Argolicum
2539 3141 2650 3183 non
2684 3135 2797 3183 tuta
2818 3126 2981 3195 ﬁdes;
3015 3126 3203 3198 procul
3229 3132 3371 3195 esto,
3392 3122 3615 3186 Latine,

514 3218 614 3290 qui
636 3218 840 3283 nutris
860 3232 929 3277 ex
955 3215 1304 3283 victualibns,
1326 3214 1444 3293 haec
1466 3213 1692 3272 ferendo
1717 3212 1896 3283 nobis,
1930 3212 2101 3285 vitam

488 3318 495 3331 '
521 3310 769 3367 nutriunt
800 3324 977 3366 suam.
1008 3328 1028 3363 ι

592 3421 617 3457 ι
652 3402 765 3462 Sed
790 3417 904 3460 non
924 3400 1162 3475 amplius
1180 3401 1287 3458 hoc
1310 3399 1539 3467 facient,
1570 3400 1739 3459 aiunt.
1767 3396 2101 3457 Scrutabun-

514 3504 611 3552 tur
632 3493 815 3566 plane,
837 3502 895 3550 et
912 3494 959 3551 si
981 3493 1112 3565 quid
1132 3491 1442 3562 hujusmodi
1468 3492 1748 3548 inventum
1772 3489 1955 3561 fuerit,
1979 3505 2102 3548 ver-

516 3585 742 3653 beribus
767 3599 962 3657 caesus,
992 3584 1148 3642 crine
1170 3591 1382 3650 tonsus,
1410 3597 1601 3654 poenas
1624 3582 1792 3640 dabit.
1827 3600 1848 3635 ι

646 3673 1035 3747 Temporibus,
1060 3675 1305 3746 inquam,
1330 3673 1501 3731 beatas
1535 3673 1809 3729 memoria
1837 3670 2104 3730 Constan-

518 3765 621 3825 tini
662 3765 1009 3847 imperatoris
1049 3765 1158 3823 huc
1194 3779 1476 3833 veneram,
1519 3780 1627 3821 non
1672 3764 1977 3837 episcOpus,
2008 3764 2103 3823 sed

521 3855 807 3924 diaconus,
830 3870 937 3915 nec
959 3855 1029 3913 ab
1051 3855 1382 3927 imperatore
1421 3862 1517 3910 aut
1546 3869 1694 3928 rege,
1721 3855 1813 3911 sed
1838 3870 1867 3911 a
1895 3854 2100 3912 Beren-

520 3949 672 4023 sario
705 3945 1023 4009 marchione
1064 3945 1289 4014 missus,
1315 3954 1372 4003 et
1411 3942 1583 4000 multo
1621 3943 1777 4016 plura
1809 3960 1872 4000 ac
1900 3944 2102 4017 pretio-

524 4041 668 4109 siora
693 4038 856 4113 pallia
886 4038 1014 4105 emi,
1046 4052 1169 4111 quae
1195 4052 1375 4110 neque
1403 4045 1663 4103 scrutata,
1692 4053 1793 4094 nec
1833 4054 1862 4093 a
1898 4037 2104 4096 Graecis

523 4132 662 4201 visa,
690 4146 792 4189 nec
810 4130 1032 4204 plumbo
1049 4138 1177 4189 sunt
1197 4131 1436 4201 signata.
1460 4128 1633 4197 Nunc,
1652 4131 1764 4186 Deo
1784 4130 2101 4198 miserante,

521 4225 831 4297 episcopus,
863 4230 920 4281 et
945 4237 981 4279 a
1018 4221 1323 4296 magniﬁcis
1361 4220 1780 4294 imperatoribus
1820 4221 2021 4293 Ottone
2048 4233 2104 4280 et

516 4318 743 4393 .Otlpne,
775 4324 934 4395 patre
974 4323 1032 4377 et
1054 4314 1189 4386 ﬁlio,
1219 4314 1441 4380 missus,
1486 4321 1637 4371 tanto
1677 4314 2016 4383 inhonestor,
2043 4324 2106 4372 ut

2202 3216 2455 3283 Credere,
2471 3231 2576 3273 nec
2608 3225 2844 3273 mentem
2867 3216 3051 3272 verbis
3079 3213 3339 3279 adbibere
3363 3211 3674 3269 memento!

2200 3306 2433 3367 Vincere
2456 3307 2583 3363 dum
2604 3307 2794 3381 possit,
2830 3322 2991 3379 quam
3014 3317 3202 3363 sancte
3214 3304 3433 3377 peierat
3456 3302 3672 3374 Argos!

2200 3401 2471 3458 Marmore
2496 3416 2616 3472 quae
2644 3400 2794 3457 vario
2821 3402 3030 3473 magnis
3058 3408 3207 3472 patet
3233 3399 3340 3455 alta
3366 3398 3625 3455 fenestris

2201 3494 2330 3551 Haec
2356 3495 2617 3564 ina'quosa
2654 3493 2868 3560 domus,
2898 3492 3150 3549 concluso
3176 3490 3362 3564 pervia
3394 3489 3520 3557 soli,

2201 3583 2430 3657 Frigora
2457 3585 2782 3656 suscipiens,
2810 3591 2998 3640 aestum
3024 3597 3130 3639 nec
3160 3596 3299 3639 saeva
3324 3581 3635 3653 repellens;

2203 3676 2407 3733 Praesul
2432 3677 2501 3733 ab
2523 3675 2763 3733 Ausonia
2810 3673 3185 3747 Liudprandus
3216 3675 3277 3729 in
3310 3673 3445 3729 urbe
3487 3672 3773 3739 Cremona,

2204 3768 2729 3840 Constantinopolim
2754 3766 2907 3837 pacis
2939 3764 3216 3838 profectus
3253 3778 3457 3829 amore,

2205 3861 2470 3931 Quattuor
2494 3861 2695 3918 mstivis
2726 3857 3021 3916 concludar
3054 3855 3330 3912 mensibus
3356 3852 3502 3911 istic.

2203 3950 2556 4023 Induperator
2581 3951 2725 4007 enim
2752 3946 2956 4005 Boreas
2988 3946 3383 4004 conscendant
3412 3944 3573 4012 Otto,

2204 4043 2361 4102 Caede
2389 4043 2547 4100 simul
2576 4042 2926 4113 ﬂammisque
2955 4038 3055 4096 sibi
3082 4039 3198 4097 loca
3227 4038 3459 4095 subdere
3491 4042 3777 4109 temptans,

2207 4137 2312 4194 Sed
2336 4136 2588 4209 precibus
2611 4142 2818 4192 remeat
2842 4135 3117 4191 Romanas
3144 4133 3320 4189 victor
3348 4132 3419 4189 ad
3446 4131 3615 4189 urbes

2205 4230 2335 4287 Inde
2356 4233 2508 4286 meis.
2534 4227 2743 4286 Nurum
2767 4227 3019 4302 promisit
3052 4227 3262 4285 Graecia
3291 4225 3549 4293 mendax,

2207 4322 2336 4391 Quae
2361 4336 2460 4380 nec
2496 4333 2623 4378 nata
2661 4323 2819 4388 foret,
2848 4336 2952 4378 nec
2971 4336 3058 4377 me
3080 4321 3299 4377 venisse
3332 4317 3564 4383 doleret,

525 4409 912 4467 Veneticormn
964 4422 1117 4467 more
1161 4404 1327 4480 pallia
1374 4421 1494 4464 mea
1541 4415 1797 4464 notentur
1821 4449 1836 4476 ,
1887 4418 1943 4465 et
1982 4424 2103 4480 quae
2207 4417 2320 4473 Nec
2346 4417 2570 4480 rabiem,
2600 4414 2924 4486 Nicephore,
2948 4422 3104 4470 tuam
3126 4412 3462 4485 perpendere
3485 4409 3724 4480 quirem,

521 4501 799 4575 quantivis
820 4500 983 4574 pretii
1008 4500 1283 4569 videntur,
1310 4498 1649 4569 auferantur,
1686 4517 1809 4557 cum
1846 4502 1900 4557 in
1925 4504 2105 4561 eccle-
2127 4486 2185 4548 Ῑ)
2208 4508 2516 4581 Privignam
2539 4507 2794 4579 prohibes
2821 4508 2910 4579 qui
2947 4516 3077 4563 nato
3099 4508 3326 4578 iungere
3350 4504 3534 4560 herili.

522 4596 621 4653 sise
669 4594 803 4655 mihi
849 4591 1157 4650 commissae
1195 4605 1329 4648 usus
1372 4587 1638 4647 ferantur.
1675 4591 1793 4648 Non
1820 4594 1980 4651 taedet
2007 4610 2132 4661 vos~

525 4684 973 4765 contumeliarum
1000 4696 1264 4749 mearum,
1283 4681 1451 4739 immo
1469 4682 1809 4740 dominorum
1834 4698 2101 4754 meorum,

520 4770 579 4832 [in
611 4775 806 4857 quibus
854 4772 1210 4832 contemnor?
1245 4774 1392 4845 quod
1417 4786 1537 4830 sum
1567 4774 1826 4832 custodiae
1848 4777 2101 4846 traditus,

525 4868 668 4941 quod
692 4868 837 4924 fame
859 4867 1057 4939 sitique
1076 4866 1370 4932 cruciatus,
1394 4865 1536 4937 quod
1562 4882 1671 4924 non
1696 4868 1769 4925 ad
1792 4869 1940 4941 ipsos
1959 4868 2103 4927 redi-

527 4974 663 5025 rem,
711 4957 992 5028 hucusque
1037 4964 1305 5025 retentus,
1335 4956 1440 5012 nisi
1473 4957 1658 5025 etiam,
1707 4959 1775 5015 ad
1824 4959 2101 5016 cumulum

2209 4602 2462 4658 Imminet
2490 4614 2618 4657 ecce
2654 4600 2791 4668 dies,
2818 4597 2998 4656 Furiis
3027 4596 3338 4669 compulsus
3355 4594 3571 4651 acerbis

2210 4694 2278 4749 Ni
2306 4693 2453 4748 Deus
2474 4700 2699 4758 avertat,
2726 4699 2837 4746 toto
2860 4688 3002 4745 Mars
3021 4689 3209 4746 saeviet
3228 4687 3383 4754 orbe,

2211 4783 2451 4841 Crimine
2474 4796 2688 4854 paxque
2711 4791 2804 4838 tuo
2829 4783 3041 4839 cunctis
3075 4781 3308 4853 optanda
3337 4778 3551 4837 silebit!

2285 4877 2374 4934 58.
2406 4875 2501 4930 His
2521 4875 2848 4945 conscriptis
2873 4873 3140 4938 versibus,
3162 4881 3314 4930 sexto
3332 4869 3521 4928 Nonas
3542 4869 3789 4928 Octobris

2209 4968 2421 5042 (θεαί)
2446 4970 2577 5024 hora
2608 4968 2836 5032 decima,
2859 4980 2929 5021 ex
2955 4966 3326 5037 illaquondam
3353 4962 3786 5036 opulentissima,
