4012 5334
257 361 363 430 933

1646 370 1940 427 [ΕΗᾹἩΟ
1981 371 2084 424 CP.

3411 377 3518 433 935

181 511 184 514 ν
257 488 1076 560 sitiendo,suspirando,flendo,
1099 490 1359 560 gemendo
1377 486 1844 557 Naupactumveni
1873 493 1922 549 Α
1949 502 2134 539 verum
2161 486 2296 548 dico,
2337 499 2440 539 non
2480 496 2564 542 est
2589 487 2825 542 adulatio
2856 489 2991 556 haec,
3027 506 3127 546 nec
3153 505 3352 547 consuo
3377 505 3519 548 nunc

258 580 421 653 (Nov.
453 581 566 652 20),
596 598 713 652 qua:
741 591 821 635 est
849 581 1164 652 Nicdpoleos
1196 583 1409 645 civitas,
1446 582 1497 634 in
1525 597 1628 648 qua
1660 580 1842 633 diaso-

258 683 373 728 stes
413 688 564 727 meus
607 688 691 727 me
739 673 1010 737 deserens,
1061 674 1266 728 duabus
1315 673 1494 743 parvis
1529 673 1835 742 impositum

260 765 512 830 navibus,
546 765 754 820 duobus
783 781 866 821 me
898 767 1325 830 tnandatoribus,
1368 767 1457 836 qui
1503 764 1837 837 llydruntem

259 874 346 913 me
372 873 469 928 per
487 873 633 913 mare
659 859 1048 925 conducerent,
1065 859 1477 914 commendavit.
1503 859 1699 913 Verum
1716 873 1836 911 cum

257 951 522 1015 entolina,
555 950 606 1004 id
635 959 719 1005 est
755 960 1103 1020 praeceptum,
1140 949 1230 1020 jus
1261 950 1524 1021 captionis
1567 965 1594 1002 a
1622 948 1838 1005 Grteco-

259 1057 378 1094 rum
404 1040 735 1112 principibus
759 1058 862 1096 non
892 1042 1177 1108 haberent,
1207 1041 1389 1098 ubiubi
1420 1042 1834 1110 spernebantur;

257 1146 358 1185 nec
391 1129 508 1200 jam
548 1147 648 1186 nos
677 1131 746 1185 ab
787 1131 938 1202 ipsis,
977 1132 1070 1186 sed
1121 1132 1217 1201 ipsi
1273 1149 1302 1185 a
1348 1132 1503 1186 nobis
1535 1130 1836 1185 alebantur.

256 1219 432 1287 Quam
484 1236 624 1292 saepe
670 1221 796 1276 illud
828 1221 1212 1276 Terentianum
1267 1238 1476 1274 mecum
1533 1220 1839 1275 stomacha-

258 1316 358 1366 har
391 1332 402 1366 :
438 1313 586 1384 (186)
622 1313 812 1368 Tutore
843 1331 970 1384 Opus
1015 1325 1108 1378 est,
1159 1332 1286 1386 quos
1321 1314 1616 1386 defensores
1655 1330 1836 1384 paras.

331 1409 418 1464 59.
447 1381 627 1478 igitur
672 1410 828 1464 nouis
874 1381 1128 1463 Kalendis
1168 1381 1478 1462 lieeembris
1534 1381 1692 1477 (S'oe.
1747 1407 1838 1477 23)

260 1497 594 1569 Naupactum
627 1515 900 1570 egressus,
932 1498 1092 1552 biduo
1138 1497 1201 1549 ad
1233 1497 1591 1552 Ollidarimm
1621 1497 1840 1551 fluvium

259 1570 431 1658 usque
457 1591 695 1660 perveni,
729 1588 878 1643 ut'“
912 1590 1045 1642 meis
1076 1589 1366 1644 comitibus
1397 1604 1500 1641 non
1541 1587 1590 1640 in
1623 1587 1842 1641 navicu-

257 1681 346 1747 lis,
379 1698 497 1751 quae
527 1697 618 1736 cos
653 1666 849 1750 capere
879 1698 986 1735 non
1023 1691 1294 1751 poterant,
1327 1679 1717 1742 residentibus,
1747 1677 1843 1733 sed

258 1790 418 1828 secus
447 1772 576 1828 litus
607 1775 972 1845 pergentibus.
998 1774 1165 1830 Positi
1194 1775 1374 1844 itaque
1407 1773 1458 1826 in
1490 1772 1725 1827 Ollidaro
1747 1770 1846 1825 llu-

1943 578 2188 649 pulvillos
2217 579 2316 632 sub
2345 578 2525 632 cubito
2563 594 2786 646 manus;
2837 596 2943 643 res,
2992 581 3230 651 inquam,
3259 597 3388 638 vera
3413 593 3514 640 est.

1942 672 2115 740 (Dec.)
2143 670 2270 723 Post
2312 670 2530 724 biduum
2563 672 2756 725 vestris
2793 673 2998 727 meritis
3028 681 3173 727 tanta
3206 683 3290 730 est
3321 673 3519 730 fretum

1943 763 2326 834 tranquillitate
2353 764 2616 828 sedatum,
2641 774 2716 827 ut,
2750 781 2869 818 cum
2902 766 2969 798 ⁵⁸⁸
3013 773 3190 821 natttte
3236 767 3392 822 nobis
3421 783 3518 824 au-

1941 852 2205 921 fugerent,
2243 853 2339 921 ipsi
2369 851 2638 907 Leucaten
2669 871 2837 924 usque
2862 855 3258 925 navigaremus,
3293 858 3520 913 miliari-

1940 947 2041 1002 bus
2071 945 2274 998 scilicet
2305 955 2518 999 centum
2541 954 2593 999 et
2622 946 3000 1016 quadraginta,
3031 948 3159 1003 nihil
3190 949 3520 1010 discriminis

1942 1047 2035 1091 aut
2063 1036 2292 1090 tristitiae
2316 1037 2602 1106 patientes,
2641 1037 2740 1090 nisi
2768 1054 2956 1106 pariun
2988 1039 3039 1092 in
3071 1039 3319 1096 faucibus
3347 1040 3520 1098 ﬂumi-

1943 1109 2028 1184 nis
2057 1129 2316 1194 Acheloi;
2354 1129 2440 1182 ubi
2473 1130 2840 1184 discurrentes
2875 1130 3132 1186 velociter
3170 1131 3363 1188 ﬂuctus
3407 1132 3524 1202 ejus

1943 1221 2110 1276 maris
2132 1221 2269 1274 unda
2301 1220 2633 1274 reverberat.

2013 1315 2102 1369 6'2.
2145 1313 2282 1381 Quid
2329 1328 2478 1382 ergo,
2524 1309 2880 1384 przepotente's
2925 1315 3156 1386 augusti,
3210 1315 3522 1370 retribuetis

1945 1405 2170 1459 Domino
2211 1419 2308 1474 pro
2337 1404 2589 1459 omnibus
2626 1421 2746 1475 quae
2805 1405 3052 1460 retribuit
3089 1405 3141 1462 in
3191 1421 3277 1462 me
3321 1406 3522 1462 vobis?

1945 1497 2128 1552 Dicam
2169 1497 2316 1566 quid.
2367 1495 2479 1549 lloc
2510 1496 2649 1549 Deus
2692 1497 2825 1560 vult,
2860 1497 2959 1552 hoc
2991 1499 3154 1566 petit;
3199 1506 3253 1553 et
3279 1498 3526 1568 quamvis

1945 1588 2061 1642 sine
2085 1586 2235 1641 vobis
2267 1587 2367 1640 hoc
2410 1585 2588 1640 facere
2623 1588 2813 1656 possit,
2845 1587 2957 1642 vult
3001 1597 3178 1644 tamen
3233 1589 3394 1659 hujus
3444 1589 3527 1646 rei

1945 1694 2064 1733 esse
2096 1680 2385 1749 hypttt‘gos,
2435 1678 2484 1731 id
2510 1688 2590 1730 est
2621 1679 2928 1744 ministros;
2979 1681 3089 1751 ipse
3119 1681 3262 1735 enim
3299 1681 3443 1752 quod
3470 1679 3524 1737 ei

1948 1771 2207 1825 offeratur
2233 1771 2342 1836 dat,
2373 1771 2606 1824 custodit
2635 1771 2776 1842 quod
2823 1771 3024 1842 exigat,
3057 1780 3118 1826 ut
3161 1771 3329 1843 possit
3369 1785 3529 1828 coro-

261 1869 428 1932 mine,
454 1865 644 1922 Patras
676 1867 780 1922 alio
812 1868 975 1922 maris
1003 1867 1054 1921 in
1083 1866 1262 1929 litore,
1285 1867 1467 1920 decem
1513 1874 1564 1918 et
1590 1874 1714 1919 octo
1741 1864 1841 1918 mi-
1869 1871 1918 1933 Β
1947 1883 2079 1922 nare
2126 1866 2267 1936 quod
2311 1875 2549 1936 praestat.
2589 1865 2868 1920 Advertite
2916 1866 3096 1936 igitur,
3128 1879 3328 1936 quzeso.
3371 1862 3528 1922 Nice-

259 1960 487 2014 liaribus
513 1961 715 2014 distare
745 1960 1138 2031 prOSpeximus.
1175 1959 1344 2026 Quem
1379 1957 1684 2027 apostolica:
1716 1973 1839 2026 pas-

259 2052 651 2116 sionislocum,
679 2051 802 2121 quia
837 2050 1354 2120 Constantinopolim
1397 2049 1734 2102 ascendendo
1765 2050 1840 2102 vi-

269 2144 574 2208 sitavimus,
627 2141 993 2208 adoravimus,
1047 2158 1190 2196 nunc
1235 2157 1355 2195 eum
1388 2141 1608 2193 visitare
1654 2150 1706 2193 et
1743 2141 1840 2193 ad-

261 2249 422 2289 orare
443 2265 512 2274 ——
541 2233 801 2288 confiteor
843 2242 1120 2303 peccatum
1167 2235 1376 2286 meum!
1404 2261 1472 2271 --
1509 2230 1836 2285 distulimus.

261 2323 414 2379 Fecit
442 2325 563 2389 hoc,
603 2324 805 2380 domini
846 2324 948 2379 mei
985 2323 1215 2394 augusti,
1244 2323 1546 2376 revertendi
1577 2323 1641 2374 ad
1669 2337 1763 2376 vos
1790 2329 1843 2375 et

259 2419 475 2473 videndi
505 2417 771 2472 ineffabile
799 2417 1159 2480 desiderium;
1195 2429 1248 2471 et
1277 2417 1328 2469 ni
1352 2416 1454 2471 hoc
1482 2415 1654 2470 solum
1677 2425 1839 2482 esset,

260 2519 544 2582 perpetuo,
571 2518 628 2562 ut
653 2518 801 2578 puto,
827 2508 1103 2577 perierim.

332 2601 419 2655 60.
461 2599 724 2671 Pugnavit
748 2608 936 2654 contra
964 2613 1049 2651 me
1088 2597 1421 2651 insensatum
1445 2597 1661 2659 Auster,
1696 2612 1845 2652 mare

258 2693 477 2747 ﬂatibus
507 2693 574 2745 ab
606 2691 729 2746 imis
759 2690 981 2744 turbans
1009 2689 1225 2742 sedibus
1253 2689 1362 2759 (an.
1395 2687 1519 2748 968,
1553 2687 1686 2742 Nov.
1730 2687 1842 2756 '50).

259 2787 504 2856 Cumque
546 2784 648 2838 hoc
687 2782 959 2837 continuis
989 2781 1175 2835 diebus
1220 2797 1281 2834 ac
1329 2783 1577 2834 noctibus
1620 2780 1843 2845 faceret,

259 2878 435 2947 pridie
479 2875 749 2931 Kalendas
779 2874 1112 2939 Decembris,
1159 2874 1272 2942 ipso
1324 2874 1528 2928 scilicet
1583 2873 1848 2943 passionis

260 2971 347 3023 die
386 2971 556 3041 (187),
586 2967 821 3023 intellexi
867 2983 986 3022 meo
1021 2967 1149 3021 mihi
1185 2968 1284 3020 hoc
1327 2967 1586 3021 accidisse
1631 2955 1842 3020 delicto.

261 3059 391 3115 Sola
422 3059 635 3114 vexatio
657 3057 983 3113 intellectum
1012 3057 1158 3111 dedit
1183 3056 1408 3110 auditui.
1435 3055 1628 3111 Fames
1650 3057 1847 3125 quippe

261 3166 360 3207 nos
388 3151 738 3206 vehementer
759 3161 1123 3220 oppresserat.
1157 3148 1338 3202 Terrze
1361 3149 1569 3210 incolae,
1587 3158 1846 3203 utnostra

1941 1962 2145 2031 phorus
2191 1976 2312 2014 cum
2363 1961 2614 2015 omnibus
2660 1960 2907 2015 ccclesiis
2955 1961 3117 2015 homo
3175 1961 3248 2016 sit
3305 1962 3526 2032 impius,

1941 2053 2130 2115 livore,
2165 2068 2270 2122 quo
2301 2052 2351 2105 in
2385 2069 2479 2107 vos
2508 2055 2764 2116 abundat,
2798 2053 3396 2123 ConstantinOpolitano
3419 2071 3526 2126 pa-

1945 2145 2196 2199 triarcha:
2245 2147 2545 2216 praecepit,
2602 2157 2662 2200 ut
2698 2146 3087 2217 Hydrontinam
3132 2146 3419 2204 ecclesiam
3470 2149 3527 2204 in

1944 2235 2440 2304 archiepiscopatus
2473 2237 2729 2291 honorem
2767 2235 2975 2300 dilatet,
3020 2251 3122 2290 nec
3158 2236 3442 2306 permittat
3468 2236 3524 2290 in

1944 2329 2087 2382 omni
2118 2328 2308 2397 Apulia
2345 2344 2436 2382 seu
2463 2327 2710 2383 Calabria
2744 2327 2906 2382 latine
2938 2326 3187 2397 amplius,
3230 2327 3321 2382 sed
3349 2341 3527 2400 grtece

1945 2421 2122 2474 divina
2152 2421 2406 2491 mysteria
2451 2421 2748 2475 celebrare.
2801 2420 3132 2475 Mercatores
3179 2419 3313 2474 dicit
3357 2417 3529 2476 fuisse

1944 2511 2155 2581 praeteri
2166 2520 2247 2566 tos
2259 2526 2426 2584 papas
2446 2521 2497 2564 et
2521 2510 2778 2580 Spiritum
2804 2518 3048 2566 sanctum
3066 2509 3393 2577 vendidisse,
3420 2523 3530 2580 quo

1945 2603 2286 2658 viviticautur
2325 2613 2380 2657 et
2426 2611 2687 2673 reguntur
2727 2603 2932 2667 omnia,
2987 2601 3078 2670 qui
3131 2599 3304 2672 replet
3341 2601 3528 2658 orbem

1947 2705 2238 2761 terrarum,
2273 2696 2364 2766 qui
2397 2697 2676 2752 scientiam
2712 2695 2871 2750 habet
2905 2695 3077 2759 vocis,
3127 2693 3219 2764 qui
3272 2702 3352 2750 est
3406 2709 3528 2750 cum

1947 2789 2058 2844 Deo
2100 2798 2254 2859 patre
2291 2797 2345 2843 et
2393 2789 2506 2856 ﬁlio
2536 2789 2650 2858 ejus
2698 2787 2822 2844 Jesu
2865 2787 3082 2843 Christo
3126 2796 3426 2844 coaeternus
3475 2795 3533 2842 et

1947 2880 2443 2943 consubstantialis,
2479 2880 2595 2935 sine
2633 2861 2823 2944 initio;
2856 2881 2973 2935 sine
3019 2878 3147 2944 ﬁne,
3203 2893 3529 2950 permanens

1947 2987 2129 3037 verus,
2160 2971 2249 3042 qui
2278 2972 2450 3040 pretio
2492 2987 2594 3027 non
2617 2973 2936 3038 aestimatur,
2960 2971 3054 3028 sed
3080 2985 3110 3026 a
3131 2970 3345 3027 mundis
3367 2973 3532 3030 corde

1951 3065 2078 3118 tanti
2127 3065 2344 3128 emitur,
2383 3067 2569 3135 quanti
2617 3065 2865 3120 habetur.
2920 3061 3154 3134 Scripsit
3207 3065 3387 3134 itaque
3435 3063 3534 3122 P0-

1951 3155 2188 3228 lyeuctos
2201 3157 2823 3226 ConstantinOpolitauus
2850 3157 3160 3228 patriarcha
3189 3157 3529 3228 privilegium

261 3243 417 3298 nobis
449 3241 746 3309 auferrem,
797 3242 1102 3296 interficere
1143 3257 1240 3294 IIOS
1281 3241 1622 3311 cogitabant;
1677 3255 1844 3307 mare,
1877 3259 1920 3320 ρ
1955 3248 2290 3320 Hydronljno
2318 3251 2588 3319 episcopo,
2617 3250 2874 3319 quatinus
2921 3264 3017 3304 sua
3064 3249 3388 3304 auctoritate
3425 3249 3527 3304 ha-

259 3352 329 3392 ne
359 3335 738 3409 effligeremus,
770 3335 1018 3392 ﬂuctibus
1055 3339 1334 3392 aestuabat.
1380 3335 1514 3391 Tum
1555 3351 1848 3392 conversus

262 3429 329 3482 ad
357 3428 668 3494 ecclesiam,
720 3445 881 3499 quam
913 3430 1180 3493 videbam,
1231 3429 1364 3483 ﬂens
1409 3438 1462 3482 ct
1504 3427 1712 3497 ejttlans
1764 3429 1846 3482 in-

262 3538 465 3593 quam:
514 3540 532 3574 (
591 3522 790 3578 Sancte
840 3522 1050 3576 Andrea
1112 3522 1372 3592 apostole,
1418 3521 1846 3590 compiscatoris,

263 3616 552 3671 confratris
568 3627 619 3672 et
643 3618 934 3686 coapostoli
964 3619 1034 3669 tui
1061 3614 1299 3670 Simonis
1329 3614 1473 3668 Petri
1503 3630 1617 3668 sum
1640 3628 1844 3668 servus.

261 3705 536 3761 Passionis
564 3716 668 3761 tua:
697 3707 873 3760 locum
896 3720 999 3758 non
1031 3706 1310 3769 abhorrui,
1342 3719 1438 3758 nec
1466 3704 1718 3773 superbia
1752 3704 1848 3756 de-

262 3800 491 3866 clinavi;
534 3801 646 3853 urit
684 3814 768 3853 me
814 3800 1030 3852 domum
1083 3797 1337 3854 redeundi
1392 3795 1688 3866 augustalis
1731 3794 1849 3863 jus-

265 3893 345 3947 sio
373 3899 464 3957 tu,
500 3893 796 3959 augustalis
817 3908 988 3946 amor.
1008 3891 1061 3945 Si
1090 3900 1142 3945 te
1165 3892 1230 3945 ad
1256 3891 1678 3960 indignationem
1703 3903 1850 3941 com-

267 3983 436 4036 movit
484 3991 762 4052 peccatum
817 3997 1016 4043 meum,
1069 3981 1251 4035 eliciat
1303 3981 1367 4033 ad
1426 3977 1848 4033 misericordiam

267 4087 510 4125 meorum
560 4073 810 4126 meritum
862 4081 1233 4143 auguslorum.
1284 4067 1397 4124 Non
1449 4071 1636 4132 babes,
1696 4066 1850 4121 fratri

265 4163 407 4232 quod
435 4161 715 4226 conferas;
749 4161 935 4217 confer
961 4161 1304 4232 diligentibus
1335 4159 1558 4214 fratrem
1590 4157 1850 4227 angustis,

266 4253 586 4308 inhaerendo
611 4255 658 4306 ei
691 4255 778 4322 qui
809 4253 987 4306 omnia
1014 4253 1178 4306 novit.
1210 4251 1358 4306 Nosti
1407 4260 1479 4312 tu,
1533 4260 1736 4320 quanto
1775 4249 1850 4302 Ia-

265 4346 402 4400 bore
423 4353 477 4399 et
506 4345 726 4410 sudore,
753 4346 1075 4414 quantisque
1111 4343 1306 4414 vigiliis
1348 4352 1403 4396 et
1450 4344 1710 4412 impensis
1739 4341 1850 4396 Ro-

268 4453 488 4493 manam
523 4439 703 4491 fratris
735 4439 809 4491 tui
839 4436 982 4491 Petri
1011 4438 1233 4506 apostoli
1279 4435 1585 4498 ecclesiam,
1636 4451 1701 4489 ex
1749 4435 1848 4488 im-

268 4535 482 4600 piorum
517 4530 764 4584 manibus
787 4539 1050 4600 ereptam,
1085 4529 1398 4594 ditaverint,
1445 4529 1848 4592 honoraverint,

1953 3341 2076 3395 beat
2107 3342 2378 3396 licentiam
2408 3342 2688 3411 episcopos
2729 3341 3078 3396 consecrandi
3120 3341 3172 3395 in
3211 3338 3526 3410 Acirentila,

1954 3433 2203 3498 Turcico,
2253 3432 2511 3499 Graviua,
2566 3433 2817 3499 Maceria,
2850 3432 3095 3489 Tricario
3126 3432 3297 3504 (188),
3332 3432 3423 3504 qui
3464 3434 3533 3490 ad

1953 3524 2423 3578 consecrationem
2447 3523 2648 3578 domini
2669 3523 2946 3594 apostolici
2970 3524 3244 3594 pertinere
3258 3523 3532 3580 videntur.

1956 3614 2060 3670 Sed
2089 3616 2215 3686 quid
2249 3616 2348 3670 hoc
2375 3630 2686 3677 memorem,
2735 3631 2853 3669 cmn
2889 3615 3004 3684 ipsa
3037 3612 3528 3683 Constantinopoli-

1956 3718 2078 3762 tana
2105 3707 2331 3762 ecclesia
2363 3717 2561 3761 nostra:
2591 3716 2790 3762 sanctae
2813 3706 3091 3762 catholica:
3124 3715 3286 3777 atque
3312 3715 3528 3779 aposto-

1954 3798 2069 3854 lica:
2093 3798 2334 3853 ecclesiae
2365 3797 2622 3853 Romanae
2652 3799 2844 3852 merito
2873 3799 2943 3850 sit
2982 3797 3258 3865 subjecta?
3290 3796 3526 3860 Scimus,

1956 3890 2120 3944 immo
2189 3889 2450 3953 videmus,
2521 3885 3173 3957 Constantinopolitanum
3222 3887 3531 3958 episcopum

1956 3983 2116 4052 pallio
2155 3998 2258 4036 non
2300 3984 2400 4046 uti,
2447 3981 2552 4034 nisi
2590 3981 2763 4036 sancti
2811 3980 2982 4050 patris
3028 3979 3200 4034 nostri
3243 3977 3532 4057 permissu.

1955 4072 2152 4127 Verum
2183 4089 2306 4128 cum
2336 4072 2688 4145 impiissimus
2716 4071 3016 4137 Albericus,
3031 4085 3192 4140 quem
3223 4083 3328 4124 non
3359 4067 3536 4125 stilla--

1958 4167 2049 4220 tim
2086 4167 2370 4236 cupiditas,
2421 4166 2513 4221 sed
2551 4164 2695 4220 velut
2745 4173 2976 4230 torrens,
3027 4161 3368 4233 impleverat,
3422 4158 3532 4215 Ro-

1956 4274 2169 4312 manam
2193 4257 2466 4312 civitatem
2497 4256 2598 4312 sibi
2629 4263 2935 4326 usurparet,
2979 4253 3363 4324 dominumque
3407 4265 3541 4323 apo-

1955 4351 2202 4405 stolicum
2231 4349 2383 4418 quasi
2411 4363 2629 4404 servum
2653 4348 2929 4418 proprium
2957 4347 3012 4402 in
3038 4344 3280 4402 conclavi
3306 4352 3537 4410 teneret,

1954 4441 2232 4495 Romanus
2257 4440 2548 4508 imperator
2573 4438 2742 4494 filium
2775 4455 2932 4494 suum
2955 4436 3419 4509 Theophylaclum
3439 4450 3536 4490 θυα-

1956 4533 2194 4585 nucbum
2227 4532 2592 4601 patriarcham
2627 4531 2936 4598 constituit;
2963 4544 3195 4598 cumque
3223 4542 3346 4582 eum
3374 4526 3538 4580 Albe-

267 4625 648 4688 evaltaverint,
693 4633 745 4678 et
773 4625 824 4678 in
852 4633 1051 4678 statum
1094 4626 1366 4695 pr0prium
1417 4623 1850 4677 reformaverint.
1881 4629 1932 4689 ι)
1960 4627 2055 4680 rici
2083 4627 2348 4694 cupiditas
2378 4641 2483 4680 non
2513 4627 2725 4691 lateret,
2757 4625 2941 4681 missis
2963 4624 3013 4679 ei
3060 4621 3376 4677 muneribus
3404 4619 3538 4674 satis

269 4717 326 4772 Si
366 4733 486 4772 mea
528 4732 612 4771 me
635 4718 1179 4788 przecipitantopera,
1213 4719 1451 4787 ipsorum
1494 4716 1683 4770 saltem
1715 4717 1849 4770 libe-

269 4816 392 4859 rent
421 4806 645 4870 merita;
674 4820 916 4875 quosque
935 4806 1349 4876 vultpraedictus
1378 4805 1482 4859 ﬁde
1507 4814 1561 4860 et
1589 4805 1850 4875 sanguine

269 4899 442 4954 frater
501 4909 638 4960 tuus,
694 4901 1058 4970 apostolorum
1112 4902 1361 4972 princeps
1418 4901 1692 4971 apostolus
1747 4902 1846 4956 Pe-

270 5004 410 5056 trus,
443 4993 498 5046 in
539 4993 657 5046 aliis
687 4993 847 5047 rebus
875 4994 1110 5062 gaudere
1153 5001 1208 5047 et
1253 4993 1584 5064 prosperari,
1630 4994 1681 5047 in
1727 4993 1846 5055 hac,

269 5085 319 5139 id
350 5094 437 5140 est
485 5085 537 5138 in
566 5101 669 5151 me,
701 5101 860 5156 quem
892 5086 990 5155 ipsi
1023 5086 1349 5153 direxerant,
1383 5084 1606 5141 minime
1650 5085 1853 5142 contri-

1960 4717 2189 4786 magnis,
2217 4715 2412 4779 ell‘ecit,
2462 4724 2519 4768 ut
2566 4731 2631 4770 ex
2669 4730 2821 4787 papae
2872 4712 3089 4770 nomine
3137 4707 3540 4778 Theophylacto

1958 4807 2280 4877 patriarclue
2311 4807 2505 4861 litterae
2558 4807 2920 4869 mitterentur,
2967 4815 3199 4872 quarum
3233 4797 3302 4832 ⁵³⁷
3347 4805 3542 4852 aucto-

1959 4898 2118 4950 ritate
2155 4913 2276 4952 cum
2317 4899 2454 4967 ipse,
2495 4906 2612 4951 tum
2641 4907 2989 4952 successores
3014 4890 3157 4959 ejus,
3202 4891 3405 4958 absque
3449 4900 3545 4955 pa-

1959 5004 2147 5057 parum
2201 4990 2471 5060 permissu
2526 4987 2702 5058 palliis
2758 4993 3056 5043 uterentur.
3111 4981 3199 5036 Ex
3253 4995 3358 5050 quo
3406 4979 3554 5050 turpi

1960 5083 2288 5138 counnercio
2319 5080 2704 5150 vituperandus
2737 5093 2854 5134 mos
2875 5070 3120 5136 inolevit.
3145 5085 3218 5132 ut
3245 5085 3352 5127 non
3380 5066 3558 5126 solum

3061 5178 3121 5188 ιιι·-
3162 5166 3214 5186 n
3263 5161 3394 5186 ποιλὶιῄ
3453 5160 3543 5186 ,ιιι-

1959 5176 2098 5194 ..-ιο
2202 5175 2250 5192 Ι·
2363 5175 2633 5191 -.|..',,-
2675 5175 2906 5190 -_.',.-,_'
2959 5175 3012 5188 ΔΑ
