4012 5334
457 4987 484 5043 .3
565 5023 570 5028 ε

511 319 626 387 935
688 369 693 374 .

1522 320 1938 379 LlUTPRANDl
1974 321 2460 381 CREMONENSIS
2499 323 2806 383 EPISCOPI

3705 331 3822 390 9‘56

515 453 628 496 non
657 445 760 494 est.
802 437 898 494 Est
937 448 1066 511 ergo
1097 450 1277 493 meum
1322 435 1632 501 consilium,
1687 444 1933 491 sanctam
1989 435 2107 490 lieri
2135 443 2186 504 Α
2211 452 2345 508 pore
2369 438 2708 494 tributariam
2736 437 3034 494 Pharaonis
3057 441 3276 505 faceret,
3317 441 3665 499 sacerdotum
3699 455 3819 501 tero

517 531 806 604 synodum,
843 538 898 584 et
935 531 1001 584 ad
1052 529 1283 584 eandem
1318 528 1502 584 vocari
1551 526 1922 598 Polyeucunn.
1957 527 2110 594 Quod

516 621 564 678 si
588 621 795 687 venire,
828 629 884 675 et
921 621 1196 695 σφάλματα
1237 635 1357 684 sua,
1414 619 1466 674 id
1518 628 1602 674 est
1658 618 1809 682 vitia,
1862 619 2113 688 superius

515 714 722 784 scripta
764 713 1028 769 canonice
1057 713 1350 768 emendare
1394 710 1649 776 noluerit,
1700 711 1840 780 quod
1874 711 2106 768 sanctis-

515 806 638 861 simi
668 819 906 860 canones
931 804 1294 870 decreverint,
1345 802 1457 857 liat.
1491 800 1597 858 Vos
1627 803 1862 871 interim,
1904 817 2113 873 praepo-

514 906 694 954 tentes
722 897 956 968 augusti,
988 907 1048 950 ut
1089 896 1353 966 coepistis,
1399 894 1675 959 laborate;
1709 893 1922 959 ellicite,
1953 902 2015 948 ut
2064 893 2112 950 si

516 990 654 1046 nolit
680 989 837 1044 nobis
863 989 935 1030 ³⁸⁸
966 987 1328 1058 Nicephorus,
1376 1001 1537 1058 quem
1582 985 1843 1041 canonice
1881 998 2113 1056 arguere

514 1082 872 1154 disponimus,
906 1081 1172 1146 ohmdire,
1229 1079 1416 1135 audiat
1464 1095 1595 1145 vos,
1650 1094 1880 1150 quorum
1939 1077 2112 1148 copiis

512 1189 620 1230 non
646 1173 810 1229 audet
839 1173 1205 1229 cadaverosus
1229 1186 1539 1229 occurrere.
1563 1171 1698 1238 Hoc,
1731 1171 1974 1242 inquam,
2006 1179 2109 1236 est,

512 1265 656 1335 quod
695 1280 796 1321 nos
845 1265 1076 1336 apostoli
1135 1264 1310 1337 (189),
1362 1264 1568 1320 domini
1614 1273 1668 1319 et
1715 1263 2113 1320 commilitones

511 1356 702 1420 nostri,
735 1355 918 1412 facere
943 1355 1155 1412 volunt.
1196 1355 1316 1411 Non
1363 1364 1448 1411 est
1501 1371 1531 1410 a
1577 1353 1783 1410 Graecis
1831 1353 2111 1410 Romanus

510 1447 636 1502 vilis
676 1447 940 1504 tenendus
977 1447 1150 1512 locus,
1201 1447 1329 1516 quia
1368 1445 1594 1501 recessit
1643 1444 1768 1500 inde
1815 1444 2114 1514 imperator

509 1537 934 1605 Constantinus;
961 1552 1153 1594 verum
1175 1551 1242 1592 eo
1262 1535 1436 1608 magis
1452 1527 2110 1601 colendus,venerandus,

511 1627 844 1697 adorandus,
901 1629 1033 1700 quia
1082 1638 1354 1685 venerunt
1401 1626 1527 1682 illuc
1579 1626 1812 1698 apostoli
1861 1627 2112 1682 doctores

511 1719 708 1785 sancti,
742 1718 937 1775 Petrus
962 1727 1018 1775 et
1054 1717 1274 1775 Paulus.
1305 1717 1386 1773 Ac
1415 1717 1482 1773 de
1536 1717 1621 1774 his
1664 1720 1798 1773 satis
1849 1731 1936 1772 me
1971 1717 2111 1773 scri-

2215 545 2330 586 ram
2361 545 2390 584 a
2415 529 2616 585 tributo
2651 530 2875 586 liberam
2903 546 3023 587 esse
3050 534 3316 602 permisit.

2285 623 2374 676 64.
2412 623 2801 693 lgiturdecimo
2824 639 2964 680 nono
2984 624 3254 683 Kalendas
3277 626 3688 702 Januarii(Dcc.
3726 631 3819 700 ﬂ)

2211 715 2282 751 ⁵³⁸
2303 715 2573 772 Leucaten
2603 727 2885 783 exeuntes,
2914 718 3141 789 ipsique,
3167 721 3447 790 quoniam,
3477 731 3538 778 ut
3559 725 3823 794 superiss

2212 808 2550 878 scripsimus,
2608 818 2785 864 nautae
2830 807 3146 881 effugerant,
3184 813 3525 886 navigantes,
3572 815 3824 870 decime-

2212 898 2404 969 quinto
2435 899 2585 970 (Dec.
2619 901 2705 970 18)
2738 901 2804 955 ad
2831 899 3099 972 Coriphus
3127 903 3275 976 (196)
3305 907 3677 976 pervenimus,
3723 907 3820 964 ubi

2212 999 2339 1046 ante
2361 992 2515 1047 navis
2541 991 2907 1060 egressionem
2935 995 3173 1048 occurrit
3203 995 3358 1052 nobis
3382 1005 3658 1068 strategos
3688 998 3818 1067 qui-

2215 1083 2357 1148 (lam,
2390 1083 2617 1138 Michael
2641 1085 2883 1150 nomine,
2931 1083 3312 1152 Chersionitis,
3361 1102 3392 1141 a
3435 1087 3558 1143 loco
3603 1087 3824 1143 scilicet

2214 1172 2523 1242 Cbersona;
2564 1176 2728 1231 homo
2757 1177 2873 1247 ipse
2927 1191 3097 1232 canus
3147 1179 3348 1248 capite,
3396 1177 3541 1234 facie
3590 1178 3818 1245 hilaris,

2215 1261 2466 1324 sermone
2490 1269 2686 1336 bonus,
2720 1269 2833 1325 risu
2854 1283 3073 1341 semper
3093 1270 3390 1341 jucundus,
3424 1272 3544 1337 sed,
3582 1281 3650 1326 ut
3693 1281 3825 1342 post

2211 1362 2413 1432 patuis,
2439 1370 2621 1417 mente
2651 1361 2932 1428 diabolus;
2967 1363 3109 1432 quod
3140 1371 3196 1418 et
3234 1363 3377 1420 Deus
3425 1365 3635 1435 apertis
3679 1364 3823 1420 mihi

2213 1451 2542 1508 monstravit
2569 1451 2801 1518 indiciis,
2839 1452 2886 1508 si
2907 1467 3030 1508 mea
3061 1460 3188 1508 tunc
3215 1468 3369 1510 mens
3409 1455 3514 1510 hoc
3539 1455 3823 1526 potuisset

2213 1545 2487 1601 conicere.
2544 1543 2664 1600 Mox
2711 1545 2857 1600 enim
2909 1553 2968 1600 ut
3016 1559 3232 1615 pacem,
3281 1560 3444 1616 quam
3490 1545 3661 1603 corde
3703 1561 3823 1605 non

2214 1636 2446 1704 ferebat,
2472 1636 2604 1691 mihi
2628 1635 2813 1692 osculo
2842 1635 3010 1703 dedit,
3037 1643 3151 1692 tota
3167 1635 3457 1708 Coriphus,
3482 1652 3685 1708 magna
3709 1639 3823 1694 sci-

2215 1730 2342 1786 licet
2358 1729 2554 1796 insula,
2573 1727 2794 1784 tremuit
2815 1745 2830 1793 ;
2853 1743 2954 1783 nec
2978 1728 3154 1785 solum
3176 1730 3365 1797 semel,
3391 1730 3486 1787 sed
3514 1739 3594 1786 ter
3613 1732 3820 1788 eadem

510 1810 688 1881 psisse
735 1809 988 1877 sulliciat,
1044 1810 1215 1866 donec
1268 1808 1378 1864 Deo
1422 1808 1689 1880 largiente
1738 1809 2110 1865 sanctissimo-

2218 1823 2305 1879 die
2331 1821 2668 1893 pertremuit.
2701 1819 2831 1876 Post
2875 1820 3225 1890 quatriduum
3275 1830 3479 1886 autem,
3519 1823 3820 1880 undecimo

511 1914 745 1972 rumque
767 1901 1135 1972 apostolorum
1163 1900 1525 1967 orationibus,
1556 1916 1623 1956 ex
1650 1900 1962 1957 Graecorum
1992 1917 2110 1958 creo

508 2002 639 2066 ptus
686 1996 957 2063 manibus,
1010 2010 1106 2051 vos
1160 1995 1374 2050 adeam.
1431 1995 1500 2050 Et
1561 2003 1689 2051 tunc
1750 2012 1858 2052 non
1915 1995 2114 2053 taedeat

509 2087 714 2155 dicere,
755 2093 899 2163 quod
927 2089 1018 2145 hic
1044 2104 1152 2146 non
1199 2089 1374 2161 piguit
1403 2089 1665 2146 scribere.
1699 2089 1855 2147 Nunc
1884 2089 1951 2146 ad
1981 2105 2110 2162 pro-

508 2177 748 2248 positum
774 2179 1083 2236 redeamus.

583 2271 672 2327 65.
713 2271 918 2330 Octavo
968 2273 1094 2330 ldus
1142 2274 1454 2331 Decembris
1503 2273 1653 2346 (Dec.
1701 2275 1756 2346 6)
1817 2274 2110 2332 Leucatem

510 2361 781 2429 venimus,
814 2363 905 2418 ubi
933 2364 1002 2420 ab
1029 2364 1288 2436 episcopo
1317 2365 1488 2436 ipsius
1526 2365 1626 2422 loci
1661 2367 1935 2434 eunucho,
1971 2367 2114 2423 sicut

511 2461 570 2509 et
593 2453 794 2524 ubique
824 2454 892 2509 ab
915 2454 1057 2522 aliis,
1082 2456 1538 2512 inbumanissime
1551 2459 1787 2530 suscepti
1810 2468 1866 2514 et
1892 2460 2110 2515 tractati

511 2557 721 2601 sumus.
763 2544 822 2600 In
853 2545 1002 2601 omni
1036 2545 1268 2615 Grzecia,
1299 2549 1584 2605 veritatem
1631 2551 1772 2615 dico,
1814 2567 1922 2606 nou
1955 2567 2108 2607 men-

510 2637 643 2702 tior,
676 2654 786 2695 non
812 2639 991 2711 reperi
1025 2641 1324 2712 hospitales
1359 2645 1665 2716 episcopos.
1717 2646 1923 2702 Divites
1961 2657 2107 2714 sunt,

508 2742 781 2800 pauperes
821 2740 976 2799 sunt;
1025 2733 1219 2790 divites
1262 2737 1443 2791 aureis
1477 2738 1676 2808 quibus
1704 2738 1861 2809 plena
1904 2739 2112 2796 luditur

510 2836 675 2890 arca;
722 2837 989 2894 pauperes
1019 2826 1288 2883 ministris
1312 2843 1406 2884 seu
1437 2830 1783 2886 utensilibus.
1821 2831 1932 2888 Soli
1959 2848 2112 2889 men-

509 2913 644 2969 sulae
679 2913 921 2970 assident
959 2916 1152 2984 nudae,
1200 2919 1568 2989 paximacium
1615 2921 1761 2992 (190)
1795 2923 1900 2980 sibi
1938 2939 2109 2995 appo-

512 3013 730 3073 nentes,
763 3006 1066 3079 balneaque
1094 3008 1242 3079 (191)
1281 3019 1410 3066 tunc
1457 3013 1599 3068 vitro
1647 3015 1961 3083 permodico
2002 3032 2110 3074 non

511 3096 781 3165 bibentes,
812 3099 908 3154 sed
938 3098 1303 3157 sorbillantes.
1337 3102 1442 3173 Ipsi
1465 3105 1855 3177 venduntqipsi
1885 3119 2104 3176 emunt;

2215 1915 2422 1971 scilicet
2476 1913 2743 1969 Calendas
2799 1911 3045 1968 Januarii
3099 1913 3251 1985 (Dec.
3299 1915 3392 1988 22)
3431 1914 3524 1980 m,
3582 1917 3716 1971 dum
3762 1919 3820 1974 in

2213 2021 2401 2064 mensa
2418 2007 2631 2078 positus
2659 2020 2855 2076 panem
2878 2004 3240 2072 comederem,
3263 2007 3356 2076 qui
3386 2006 3688 2078 ampliabat
3717 2023 3816 2064 su-

2210 2119 2310 2176 per
2338 2118 2426 2158 me
2453 2101 2768 2158 calcaneum
2799 2115 2978 2165 suum,
3021 2099 3418 2156 verecundatus
3467 2100 3548 2157 sol
3592 2101 3818 2158 facinus

2213 2207 2325 2252 tam
2351 2196 2650 2266 indignum,
2682 2194 2820 2249 lucis
2862 2209 2974 2250 sua:
3013 2193 3197 2250 radios
3240 2195 3551 2260 abscondit,
3579 2204 3637 2250 et
3679 2195 3816 2253 ecli-

2212 2288 2332 2360 psin
2363 2285 2913 2360 passus,Michaelem
2936 2285 3086 2341 illum
3115 2286 3330 2354 terruit,
3363 2286 3460 2343 sed
3482 2301 3588 2344 non
3609 2287 3817 2345 immn-

2215 2381 2368 2437 tavit.

2283 2474 2372 2530 65.
2413 2473 2600 2530 Dicam
2627 2487 2776 2547 ergo,
2806 2472 2938 2543 quid
2966 2471 3042 2528 illi
3081 2487 3245 2528 causa
3271 2471 3528 2529 amicitiae
3560 2471 3813 2542 fecerim,

2211 2567 2473 2638 quidnam
2519 2566 2588 2621 ab
2635 2582 2701 2622 eo
2748 2581 2848 2638 pro
2895 2566 3401 2637 recompensatione
3443 2567 3807 2638 perceperim.

2211 2662 2350 2718 Dum
2379 2659 2906 2730 Constantinopolim
2953 2658 3333 2724 ascenderem,
3384 2658 3519 2714 illud
3566 2667 3812 2715 vestrum

2211 2753 2671 2826 pretiosissimum
2717 2761 2953 2818 scutum,
3007 2751 3148 2808 miro
3191 2765 3357 2822 opere
3401 2751 3724 2806 deauratum
3755 2758 3815 2807 et

2212 2848 2559 2914 fabricatum,
2600 2847 2744 2919 quod
2770 2846 2904 2901 mihi
2945 2845 3150 2901 domini
3195 2845 3299 2901 mei
3329 2845 3548 2916 augusti
3583 2844 3813 2901 dedistis

2211 2939 2426 2996 caeteris
2450 2953 2576 2994 cum
2611 2937 2951 3003 muneribus,
2974 2944 3049 3010 ,ιιι
3083 2936 3274 2992 amicis
3303 2934 3440 2992 meis
3467 2934 3675 2991 Grazcis
3712 2936 3811 2991 da-

2213 3045 2351 3096 rem,
2378 3029 2491 3085 ﬁlio
2518 3029 2687 3100 ipsius
2716 3027 2941 3084 contuli.
2973 3025 3128 3082 Nunc
3153 3026 3684 3099 Constantinopolim
3729 3042 3811 3084 re-

2213 3121 2389 3186 diens,
2416 3129 2630 3191 patrem
2653 3118 2817 3190 pallio
2843 3119 3040 3176 donavi
3065 3118 3498 3189 pretiosissimo;
3544 3133 3646 3191 pro
3692 3119 3810 3190 qni-

509 3191 654 3248 ostia
683 3191 786 3264 ipsi
814 3192 1094 3260 claudunt,
1128 3192 1228 3265 ipsi
1253 3195 1540 3264 aperiunt;
1583 3197 1687 3268 ipsi
1724 3199 1971 3271 dapiferi,
2008 3201 2110 3272 ipsi

2216 3212 2318 3269 bus
2350 3213 2606 3269 omnibus
2641 3212 2847 3282 gratias
2891 3211 3170 3266 distribuit
3215 3209 3520 3280 ejusmodi:
3577 3210 3811 3282 Scripsit

509 3298 798 3356 agasones,
830 3286 932 3357 ipsi
959 3302 1198 3359 capones
1230 3318 1302 3330 —
1330 3290 1446 3357 sed,
1495 3291 1602 3346 ha!
1655 3308 1926 3366 caupones
1964 3295 2108 3352 volui

508 3378 773 3446 scribere,
821 3394 1008 3435 verum
1051 3396 1140 3437 res
1177 3382 1316 3453 ipsa,
1375 3398 1496 3454 quae
1525 3399 1655 3440 vera
1686 3396 1789 3454 est,
1821 3388 2108 3445 veritatem

510 3469 677 3524 etiam
700 3470 974 3527 nolentem
1006 3473 1267 3544 compulit
1290 3475 1532 3532 scribere
1561 3508 1632 3518 —
1667 3478 1899 3536 dicimus
1939 3482 2106 3549 enim,

510 3563 640 3634 quia
665 3578 905 3636 capones
936 3574 1083 3632 sunt,
1117 3566 1171 3622 id
1200 3576 1303 3633 est,
1332 3570 1588 3636 eunuchi,
1610 3573 1753 3642 quod
1783 3574 2108 3630 canonicum

510 3667 619 3709 non
648 3662 763 3722 est;
812 3664 941 3711 sunt
985 3665 1042 3712 et
1079 3672 1376 3729 caupones,
1408 3659 1465 3716 id
1493 3668 1577 3716 est
1617 3663 1932 3732 tahernarii,
1964 3665 2111 3736 quod

509 3753 704 3804 contra
729 3761 971 3804 canones
991 3757 1107 3816 est;
1136 3765 1366 3820 quorum

697 3867 876 3938 incipit
901 3869 1038 3933 (192)
1064 3877 1117 3925 et
1138 3871 1327 3938 claudit
1350 3873 1755 3938 coenamlactuca
1781 3881 2028 3938 tenacem,

696 3929 940 3984 Claudere
961 3929 1072 3997 qum
1099 3947 1266 3986 coenas
1288 3935 1471 3987 lactuca
1493 3935 1688 3988 solebat
1709 3939 1925 3989 avorum!

509 4053 724 4114 Felices
753 4073 872 4125 eos,
916 4060 962 4115 si
993 4070 1368 4132 paupertatem
1399 4060 1602 4118 Christi
1632 4063 1747 4118 haec
1783 4062 2111 4129 imitaretur,

509 4162 778 4222 pauperes
823 4150 973 4222 (195)
1013 4152 1350 4224 judicarem!
1406 4154 1562 4211 Facit
1600 4157 1704 4211 hoc
1748 4171 1905 4227 asper
1949 4172 2104 4211 numa

508 4257 634 4299 mus
663 4242 813 4315 (194)
839 4251 895 4300 et
921 4244 1039 4300 auri
1085 4261 1242 4302 sacra
1286 4245 1461 4306 fames
1490 4245 1662 4319 (195).
1690 4246 1893 4301 Verum
1923 4255 2114 4317 parcat

511 4333 621 4391 illis
640 4335 810 4393 Deus!
844 4335 960 4394 Hoc
999 4353 1066 4394 eo
1098 4338 1219 4395 illos
1242 4347 1374 4410 puto
1398 4338 1600 4402 facere,
1635 4339 1892 4410 quoniam
1922 4354 2112 4396 eorum

510 4427 755 4485 ecclesiae
793 4440 922 4486 sunt
950 4431 1269 4488 tributariae.
1320 4432 1676 4488 Leucatensis
1722 4432 1858 4486 mihi
1909 4429 2114 4500 juravit

512 4520 820 4592 episcopus,
849 4523 1142 4593 quotannis
1186 4524 1474 4581 ecclesiam
1506 4539 1662 4580 suam
1715 4524 1912 4581 debere
1945 4524 2108 4579 Nice-

2213 3302 2572 3375 Nicephorus,
2615 3311 2676 3358 ut
2716 3315 3040 3372 quacunque
3067 3300 3205 3356 bora
3239 3315 3300 3356 se
3345 3300 3579 3364 adirem,
3608 3301 3811 3372 absque

2211 3413 2363 3454 mora
2385 3395 2675 3454 cbelandio
2706 3395 3018 3466 impositum
3055 3392 3223 3448 Leoni
3259 3393 3481 3449 kitonim
3519 3393 3809 3465 dirigeret;

2211 3489 2357 3562 quod
2385 3490 2498 3560 ipse
2522 3503 2628 3543 non
2655 3486 2820 3554 fecit;
2850 3501 3043 3542 verum
3072 3484 3261 3542 diebus
3281 3484 3472 3557 viginti
3503 3499 3595 3542 me
3635 3494 3808 3541 reten-

2214 3595 2347 3652 tum,
2379 3600 2485 3641 non
2507 3583 2621 3639 suis
2639 3583 2734 3638 sed
2759 3580 2997 3653 propriis
3023 3596 3112 3636 me
3135 3580 3421 3652 stipendiis
3443 3579 3604 3648 aluit,
3642 3582 3810 3638 donec

2213 3695 2245 3736 a
2280 3677 2509 3751 praefato
2554 3675 2738 3732 Leone
2775 3674 3007 3730 kitonita
3033 3675 3267 3730 nuncius
3294 3675 3465 3741 venit,
3507 3674 3606 3745 qui
3637 3673 3810 3740 illum,

2213 3785 2313 3826 cur
2342 3783 2429 3824 me
2472 3775 2804 3830 moraretur,
2852 3765 3161 3838 objurgavit
3191 3764 3316 3838 (An.
3364 3765 3507 3832 969,
3551 3765 3686 3821 Jan.
3733 3766 3806 3837 Ἰ).

2219 3865 2418 3921 Verum
2449 3877 2571 3917 cum
2597 3858 3001 3932 objurgationcs
3033 3873 3202 3924 meas,
3233 3857 3473 3915 lamenta
3495 3865 3555 3913 et
3576 3858 3808 3929 suspiria

2214 3971 2336 4013 mea
2369 3954 2512 4010 ferre
2539 3967 2645 4009 non
2675 3960 2878 4024 posset,
2909 3951 3160 4017 recessit,
3190 3965 3386 4022 meque
3438 3951 3651 4007 homini
3700 3960 3807 4008 tam

2216 4050 2403 4121 iniquo
2427 4057 2483 4104 et
2509 4047 2751 4120 pessimo
2773 4045 3191 4111 commendavit,
3221 4053 3281 4100 ut
3319 4054 3573 4116 sumptus
3619 4045 3805 4101 saltem

2217 4155 2305 4196 me
2331 4153 2516 4197 emere
2551 4154 2658 4195 non
2687 4137 3046 4210 permitteret,
3081 4136 3252 4192 donec
3303 4151 3335 4191 a
3383 4151 3472 4192 me
3519 4137 3806 4203 cortinam,

2213 4234 2365 4290 librae
2394 4232 2603 4305 argenti
2630 4231 2806 4304 pretio
2833 4231 3072 4301 dignam,
3102 4230 3400 4300 acciperet,
3415 4237 3475 4285 et
3515 4245 3648 4286 cum
3690 4237 3805 4300 post

2216 4325 2414 4398 viginti
2445 4325 2560 4380 dies
2590 4325 2716 4380 inde
2737 4323 3094 4384 discederem.
3125 4323 3346 4378 nuntius
3384 4323 3518 4394 ipse,
3560 4323 3652 4379 cui
3695 4337 3808 4378 oor-

2217 4426 2389 4480 tinam
2425 4423 2704 4488 dederam,
2748 4420 3006 4476 uauclero
3039 4417 3224 4488 jussit,
3254 4425 3312 4470 ut
3346 4423 3470 4486 post
3514 4415 3804 4479 acroteria,

2217 4517 2272 4574 id
2301 4525 2387 4573 est
2431 4514 2885 4587 promontorium]
2909 4512 3202 4584 quoddam,
3239 4524 3328 4565 me
3377 4509 3614 4579 positum
3669 4507 3811 4561 fame

510 4610 682 4682 phoro
710 4592 905 4670 aureos
938 4624 1158 4671 centum
1189 4615 1526 4686 persolvere,
1570 4617 1822 4674 similiter
1849 4626 1905 4674 et
1943 4627 2110 4674 czete-
2138 4592 2192 4654 Π
2215 4609 2397 4681 perire
2421 4607 2781 4680 permitteret.
2810 4603 2925 4661 Hoc
2951 4612 3131 4659 autem
3159 4617 3227 4658 eo
3252 4601 3399 4666 fecit,
3423 4599 3714 4670 quoniam,
3743 4608 3809 4652 no

513 4717 605 4758 ras
635 4703 756 4774 plus
783 4706 1057 4775 minusve,
1090 4708 1385 4765 secundum
1417 4709 1564 4765 vires
1590 4724 1740 4766 suas.
1770 4708 1924 4777 Quod
1952 4724 2113 4780 quam

511 4792 762 4864 iniquum
810 4796 904 4864 sit,
945 4798 1278 4855 sanctissimi
1324 4801 1496 4870 patris
1539 4801 1708 4856 nostri
1742 4799 1944 4870 Joseph
1991 4807 2114 4854 acta

2215 4716 2487 4774 purpuras
2517 4700 2774 4755 haberem
2821 4697 3189 4760 absconditas,
3226 4708 3348 4749 mea
3395 4690 3561 4763 pallia
3607 4688 3809 4760 regira-

2216 4798 2324 4864 vit;
2353 4812 2420 4852 ex
2449 4794 2646 4866 quibus
2671 4794 2797 4850 dum
2829 4790 3188 4859 unumdvellet
3214 4789 3485 4860 accipere,
3518 4801 3630 4841 non
3659 4795 3810 4839 acoe-

513 4883 910 4956 demonstrant,
940 4889 1069 4960 quia
1089 4905 1214 4947 cum
1242 4888 1539 4965 Egyptum
1570 4899 1741 4948 totam
1780 4892 1942 4948 famis
1980 4901 2115 4949 tem-
2217 4890 2300 4960 pit
2332 4888 2398 4946 Ο.
2429 4885 2740 4952 Michaeles,
2781 4881 3092 4949 Michaeles,
3121 4880 3215 4937 ubi
3234 4894 3332 4936 vos
3361 4886 3442 4934 tot
3458 4877 3626 4935 simul
3653 4874 3808 4932 tales-

1805 5023 2041 5080 VARUE
2082 5019 2486 5081 LECTIONES.

521 5189 560 5204 ﬂ
587 5116 658 5150 us
700 5117 802 5204 ita.
827 5120 1075 5204 egros-fi
1115 5121 1269 5176 vobis
1304 5119 1364 5174 C.
1407 5119 1514 5204 ,δίο
1544 5120 1885 5204 auferrem;
1925 5133 2237 5204 namnsupra
2263 5115 2517 5204 narravit,
2563 5129 2615 5204 se
2646 5113 2699 5167 8.
2741 5110 2872 5204 ldus
2919 5105 3806 5204 Decembrisqlfelnfarl‘m

871 5188 900 5204 Γ
1007 5189 1075 5204 ιιι.
1112 5193 1144 5204 ο-
1407 5191 1418 5203 ο
1458 5189 1493 5204 Π

2843 5180 3142 5204 ἔμολε-..ξηιλ
3171 5177 3374 5204 ηΛῖΙΞΑΑι
3711 5174 3804 5204 Μ-
