4012 5334
237 261 344 315 937

439 252 775 309 APPENDIX
814 252 901 305 AD
939 246 1640 304 LlUTPRANDUM.—DF.
1678 242 2410 300 PSEUDO-LIUTPR.\NDO
2447 243 2505 296 D.
2548 241 2824 297 ANTONII
2866 240 3289 307 DlSQEISiTIO.

3398 243 3499 295 938

211 363 348 445 °qne
377 360 813 441 reperil'Custos
863 381 1013 419 meus
1059 365 1146 419 ille
1197 360 1820 431 Constantiuopolitauus
1853 365 1897 421 Α
1926 361 1977 413 in
2010 368 2060 414 te
2094 359 2403 413 ilichaclezn
2434 374 2707 428 magnum,
2749 358 3504 422 semiberemitam,semimo-

240 462 490 522 liichaeli
519 476 618 515 suo
643 457 794 512 rivali
824 470 909 509 nte
933 453 1346 513 commendavit,
1366 452 1538 504 malus
1567 452 1819 519 pessimo,

243 558 516 626 pessimus
551 553 753 621 iniquo.
804 548 1029 605 Michael
1072 557 1293 602 vocatus
1326 556 1409 601 est
1455 556 1510 598 et
1562 545 1826 599 diasostcs

240 661 421 709 meus,
451 645 613 697 homo
640 640 856 710 quidem
890 637 1137 706 simplex,
1179 634 1332 703 cujus
1386 643 1572 689 sancta
1624 633 1827 702 simpli-

248 737 393 791 citas
422 741 629 786 tantum
660 732 788 784 mihi
819 744 955 799 pene
987 728 1190 790 nocuit,
1215 735 1473 795 quanttun
1505 734 1556 778 et
1600 725 1827 777 istorum

241 824 597 899 perversitas.
625 818 824 877 Sed'ab
856 822 938 875 his
976 819 1213 891 parvulis
1254 817 1604 872 Michaelibus
1634 815 1828 885 impegi

1933 451 2181 503 naebtnn.
2218 450 2366 511 Dico,
2397 457 2447 501 ct
2469 463 2651 500 verum
2681 447 2801 499 dico
2830 466 2841 499 :
2869 463 2974 500 non
3005 448 3245 515 proderit
3278 448 3371 500 tibi
3401 448 3508 502 bal-

1933 556 2114 601 neum,
2148 554 2254 610 quo
2285 548 2333 592 te
2365 538 2579 590 assidue
2604 546 2757 606 potas
2790 538 2839 588 in
2881 551 3063 589 amore
3104 537 3243 590 beati
3282 536 3507 590 Joannis

1934 631 2307 686 Ρηῡειιτςονίδ.
2357 629 2459 695 Qui
2489 630 2629 683 enim
2667 628 2789 682 ﬁcte
2832 628 2996 681 Deum
3050 638 3319 697 qumrunt,
3366 644 3505 682 nun-

1932 740 2093 793 quam
2127 723 2367 775 invenire
2400 730 2694 775 merentur.
2740 759 2754 771 .
2800 758 2815 773 .
2857 758 2870 771 .
2916 759 2931 772 .
2977 759 2990 771 .

2008 810 2107 864 llic
2136 809 2385 863 nonnulla
2418 808 2669 863 excidisse
2705 816 2845 879 patet

970 1014 3507 1043 W-

281 1444 501 1611 φηη
570 1593 583 1603 .

463 1203 1428 1365 APPENDIX
1508 1197 1759 1353 AD
1822 1106 3263 1438 LIUTPRANDUM.
3367 1116 3375 1219 ⁵

3367 1056 3417 1137 2

1126 1624 1273 1710 DE
1348 1616 2183 1727 SEQUENTIBUS
2254 1612 2650 1701 LIBRIS

1386 1831 1575 1875 FALSO
1622 1828 2020 1871 LIUTPRANDO
2063 1825 2390 1871 CONFICTJS

474 2014 611 2122 D.
707 2010 1306 2127 ANTONII
1395 2000 2313 2120 HISPALENSIS
2397 1997 3313 2133 DISQUISITIO.

1401 2229 1729 2295 (Bibliotheca
1756 2227 1964 2291 Hispana
2002 2233 2157 2283 vetus,
2188 2233 2300 2277 tom.
2326 2224 2389 2287 ῐ.)

773 2534 998 2591 CAPUT
1027 2533 1311 2591 PRIMUM.

258 2625 649 2701 Lmtprandum
674 2627 961 2701 Ticineusis
983 2628 1230 2701 Ecclesiw
1252 2630 1531 2701 diaconum
1557 2638 1603 2681 et
1633 2626 1843 2701 Cremo-

331 2698 903 2779 nensemmepiscopuut,
945 2700 1206 2779 hominem
1250 2698 1463 2779 furium,
1493 2715 1705 2779 'muﬂnla
1749 2699 1847 2749 im-

332 2787 494 2838 pensa
531 2767 766 2822 Toletani
799 2768 843 2819 Η
853 2770 1042 2837 iguene
1068 2768 1266 2836 factum
1302 2769 1551 2821 Ecclesiae
1584 2767 1847 2838 Toletaua:

334 2837 718 2893 subdiaconum
759 2838 919 2905 fuisse
960 2848 1354 2908 nostrarumque
1408 2854 1580 2890 rerum
1628 2837 1848 2908 scripto-

335 2926 464 2962 rem.
500 2908 753 2973 Qtuedam
798 2910 915 2961 vita:
940 2908 1055 2977 ejus
1079 2906 1424 2961 ostenduntur
1458 2906 1846 2975 comparatione

334 2996 540 3040 eorum,
563 2994 680 3047 qua:
705 2976 1010 3032 ChronicOn
1035 2987 1087 3032 et
1108 2978 1431 3032 Adversaria
1462 2976 1597 3046 falso
1635 2978 1681 3029 ei
1724 2992 1845 3047 cono

334 3052 460 3170 ﬁcltu
494 3045 777 3101 continent.
815 3048 892 3102 De
918 3049 1102 3117 quibus
1132 3048 1235 3101 late
1261 3049 1317 3101 in
1342 3045 1668 3118 sequentibus
1706 3045 1847 3115 capi-

336 3130 392 3170 ιιι
421 3135 485 3170 η.

336 3130 485 3171 tutis.

337 3231 389 3283 1.
408 3229 771 3302 LiutpranAdus
787 3229 1045 3302 diaconus
1070 3229 1370 3302 Ticinensis
1389 3230 1659 3294 Ecclesia),
1685 3234 1737 3283 et
1757 3228 1848 3297 qui

266 3310 458 3369 postea
503 3299 601 3353 fuit
650 3299 1027 3354 Cremonensis
1071 3300 1122 3353 in
1158 3300 1309 3353 Italia
1355 3302 1657 3369 episcopus,
1713 3316 1850 3353 unus

265 3387 333 3425 ex
360 3371 467 3424 illis
489 3379 570 3423 est
592 3385 819 3438 quorum
849 3370 1187 3424 auctoritatis
1209 3379 1262 3424 et
1293 3372 1522 3425 nominis
1548 3370 1852 3423 velamento

272 3456 409 3495 usus
433 3440 694 3495 Protheus
726 3440 1065 3494 multiformis
1096 3440 1387 3493 Tuletanus
1413 3439 1653 3493 ﬁetitiam
1686 3440 1851 3493 histo-

271 3512 409 3564 riam
442 3519 640 3564 nostrze
666 3511 841 3579 gentis
887 3511 1113 3563 sincera:
1142 3526 1205 3565 ac
1234 3525 1373 3563 vera:
1418 3509 1591 3563 locum
1620 3524 1850 3579 occupaj

270 3590 474 3644 turam,
505 3577 771 3635 conﬁcere
814 3594 870 3633 se
897 3594 1054 3649 posse
1101 3580 1152 3633 in
1191 3580 1430 3633 animum
1480 3579 1709 3633 induxit.
1745 3577 1849 3633 Sed

271 3666 419 3713 eum,
460 3666 523 3704 ex
554 3650 735 3703 divino
778 3651 1079 3720 proloquio,
1122 3659 1245 3703 ante
1280 3649 1850 3720 oculospennatorum

272 3721 475 3774 trustra
506 3718 884 3789 retejaciatur,
914 3721 1259 3789 quantumvis
1292 3721 1443 3773 bonae
1471 3718 1593 3772 ﬁdei
1624 3719 1851 3772 nonnul-

273 3790 340 3843 lis
368 3791 631 3859 etpatriae
660 3790 982 3855 amantibus,
1013 3790 1384 3858 lenocinioque
1412 3804 1593 3859 rerum
1621 3789 1849 3851 allectis,

274 3858 520 3913 dolosam
545 3861 851 3929 aucupium,
877 3876 979 3913 non
1013 3861 1127 3914 sine
1149 3863 1376 3929 quadam
1408 3858 1653 3929 Hispanae
1677 3860 1852 3927 gravi-

273 3912 640 3997 tatisjactura
670 3912 938 3999 quondam
969 3912 1283 3998 imposuerit
1315 3948 1325 3981 :
1358 3912 1585 3999 acceiiso
1618 3912 1727 3994 jam
1755 3929 1854 3982 hoc
1882 3912 1926 3972 (ἶ

273 4009 519 4067 tempore
568 3998 809 4055 deﬁecati
854 4000 1039 4067 judicii
1094 4000 1311 4060 lumine,
1346 3998 1620 4067 proposito
1651 4014 1713 4049 ac
1762 4013 1856 4066 spe

274 4084 375 4122 sua
403 4072 597 4123 cadere
629 4074 821 4139 etrapit;
872 4071 1169 4138 mouitique
1219 4079 1491 4122 tensarum
1527 4069 1856 4139 insidiarum

276 4140 675 4206 prudentiores,
715 4137 964 4193 avertunt
1000 4155 1055 4193 se.
1084 4137 1225 4201 alio;
1272 4140 1473 4206 hosque
1521 4137 1854 4200 Sirenaruin,

278 4219 341 4262 ut
380 4210 458 4263 sic
493 4211 688 4273 dicam,
739 4220 950 4274 cautus,
1006 4210 1249 4263 veritatis
1284 4209 1424 4263 malo
1471 4208 1640 4277 ligati,
1694 4208 1856 4262 surda

274 4295 410 4334 aure
438 4290 780 4349 praetereunt.

350 4350 405 4402 2.
452 4350 572 4404 Fuit
610 4352 824 4418 quidem
872 4350 1237 4417 Liutprandus
1273 4366 1376 4403 non
1427 4349 1709 4403 ineelebris
1758 4349 1859 4402 hoc

277 4419 479 4474 saeculo
520 4421 863 4474 historiarum
894 4422 1160 4489 scriptor;
1195 4421 1287 4474 sed
1334 4420 1423 4487 qui
1463 4435 1526 4473 ex
1559 4421 1689 4488 ipsis
1715 4418 1859 4484 ejus-

280 4492 406 4544 dem
434 4490 583 4543 lihris
613 4494 914 4543 necessario
940 4494 1319 4559 eomprohetur
1343 4490 1479 4542 alius
1500 4491 1648 4542 abeo
1670 4489 1855 4547 fuisse.

277 4575 442 4629 quem
469 4559 720 4613 Chronici
759 4558 1075 4626 cujusdam,
1107 4560 1219 4613 sivi:
1256 4558 1645 4613 Chronicortuu
1680 4559 1860 4612 Dextri

281 4628 338 4682 et
373 4629 587 4682 Maximi
617 4631 1035 4683 continuationis
1061 4638 1353 4690 auctorem,
1390 4629 1703 4681 Toletauum
1739 4628 1863 4681 sub-

280 4702 593 4761 diaconum,
644 4700 923 4768 Toletique
964 4701 1068 4752 vita
1112 4699 1348 4751 functum
1382 4700 1536 4751 nobis
1565 4698 1858 4751 venditant.

281 4773 489 4839 Atque,
516 4780 573 4822 ut
601 4770 727 4823 hinc
762 4771 1137 4839 aggrediamur
1164 4770 1406 4839 veritatis
1433 4768 1711 4839 vindicias,
1744 4781 1863 4835 ger-

281 4838 503 4893 manum
549 4838 936 4906 Liutprandum
979 4855 1007 4891 a
1045 4838 1381 4907 supposititio
1424 4838 1859 4907 distinguentes;

283 4926 405 4978 age,
438 4911 717 4962 videamus
739 4910 867 4977 quid
895 4910 960 4961 de
988 4906 1164 4977 seipse
1185 4909 1415 4977 scriptor
1437 4907 1713 4970 Clironici,
1736 4906 1863 4973 quid

284 4989 395 5032 tum
422 4980 489 5032 (Ic
519 4995 584 5032 eo
616 4978 867 5033 Julianus
906 4980 1263 5031 narraverint.

355 5052 406 5102 5.
440 5050 595 5117 Apud
627 5048 1014 5118 Liutprandum
1066 5048 1259 5117 legitur
1287 5047 1351 5099 ad
1382 5061 1584 5118 annum
1764 5044 1864 5097 Bo-

284 5120 403 5173 nilo
442 5118 507 5172 ιιι
537 5116 797 5171 Toletano
844 5119 1053 5185 praesuli
1095 5116 1353 5171 Joannem
1386 5116 1700 5168 Servumdei
1745 5130 1868 5168 suc-

283 5190 539 5253 cessisse,
572 5198 623 5241 et
656 5190 724 5240 ad
761 5203 960 5239 annum
987 5188 1108 5248 944,
1137 5187 1281 5239 velut
1311 5203 1371 5239 ea
1398 5185 1723 5239 continuans
1749 5199 1869 5253 qua:

1871 2534 1919 2593 Β
1949 2529 2050 2583 fuit
2079 2530 2438 2587 subdiaconus
2466 2526 2791 2593 Eutrandus,
2822 2534 2904 2588 vel
2940 2532 3317 2602 Liutprandus,
3343 2535 3519 2588 archi-

1950 2602 2207 2673 diaconus
2234 2602 2557 2668 Ticiuensis,
2584 2604 2926 2658 historiarum
2959 2606 3189 2672 scriptor
3213 2605 3350 2659 hami
3375 2604 3524 2673 igno-

1949 2670 2092 2733 bilis,
2130 2681 2182 2725 et
2219 2674 2421 2741 pariter
2447 2687 2603 2742 poeta
2637 2674 2929 2729 excellens.
2973 2695 2989 2726 i
3029 2670 3338 2729 CuiJuliaui
3373 2670 3521 2729 testi-

1952 2742 2133 2795 monio
2172 2742 2549 2813 rinfChronico
2600 2746 2714 2813 ejus
2756 2745 2899 2797 edito
2944 2745 2993 2798 id
3036 2746 3205 2813 ipsum
3253 2744 3520 2805 conferre.

1950 2812 2218 2883 quomodo
2257 2812 2875 2883 Hieronymus’lliguera
2905 2814 2956 2867 in
2984 2812 3245 2883 prooemio
3284 2816 3348 2866 ad
3377 2814 3522 2867 Liut-

1951 2882 2139 2952 praudi
2172 2882 2483 2952 ACltronicon
2534 2886 2583 2937 id
2630 2884 2870 2952 protulit,
2898 2882 3075 2951 operte
3106 2900 3356 2952 magnum
3401 2899 3526 2951 pre-

1953 2951 2085 3004 tium
2104 2950 2228 3004 erit.
2250 2951 2323 3004 Ita
2350 2954 2555 3009 scilicet
2589 2972 2599 3006 :
2632 2950 2655 3004 ὶ
2691 2956 2842 3006 Anno
2871 2950 2973 3007 946
3002 2950 3218 3008 Bonitus
3239 2950 3527 3007 Toletanus

1951 3022 2234 3090 episeOpus
2272 3024 2428 3077 annis
2461 3024 2685 3077 duulius.
2730 3023 2840 3077 Sub
2870 3025 2970 3076 hoc
3010 3024 3190 3077 floruit
3222 3024 3525 3077 Eutrandus

1883 3151 1887 3155 _
1952 3092 2065 3145 sive
2114 3091 2495 3160 Luitprandus.
2547 3093 2847 3147 'l'icinensis
2897 3094 3185 3155 diaconus,
3235 3094 3525 3147 'l‘oletauus

1952 3160 2330 3233 subdiaconus,
2354 3173 2408 3216 et
2428 3164 2854 3233 'l‘ractemundus
2871 3162 3149 3233 presbyter
3175 3172 3293 3231 post
3319 3164 3531 3233 episcog

1952 3246 2052 3299 pus
2087 3232 2447 3297 lliberitanus,
2470 3235 2536 3286 ab
2565 3235 2751 3288 eodem
2778 3228 2971 3286 Bonito
3020 3228 3232 3286 missus.
3274 3252 3293 3283 ι
3341 3228 3529 3286 V'iden’

1953 3310 2013 3354 ut
2060 3303 2441 3369 pmvaricctur
2491 3304 2642 3356 testis
2692 3304 2934 3370 aliusque
2982 3304 3034 3355 in
3084 3302 3339 3366 editione,
3390 3303 3528 3355 atius

1954 3370 2005 3423 in
2040 3387 2147 3441 ore,
2176 3373 2245 3423 sit
2276 3372 2557 3441 iligueraa?
2598 3373 2703 3426 Sed
2732 3381 3067 3426 transeamus
3092 3372 3158 3425 ad
3187 3372 3312 3424 alia.

2025 3440 2077 3492 4.
2131 3440 2491 3509 Liutprandus
2536 3442 2660 3496 item
2697 3442 2770 3494 ait
2809 3442 3120 3494 Adversario
3168 3441 3235 3495 48
3278 3456 3336 3494 se
3384 3455 3529 3493 anno

1953 3510 2056 3563 960
2086 3527 2181 3578 per
2208 3512 2567 3565 Tarraconem
2608 3513 2793 3564 urbem
2824 3511 3154 3572 transivisse,
3181 3510 3527 3577 earmineque

1954 3580 2146 3634 lusisse
2194 3581 2243 3633 in
2291 3581 2498 3634 laudem
2534 3581 2589 3634 S.
2638 3580 2849 3635 Thecla)
2878 3580 3013 3648 virg.
3059 3590 3111 3633 et
3148 3589 3331 3641 mart.,
3377 3580 3530 3648 cujus

1955 3666 2087 3730 pars
2105 3650 2349 3719 corporis
2389 3651 2440 3703 in
2467 3665 2529 3705 ea
2570 3660 2851 3711 servatur;
2877 3665 2982 3718 quo
3013 3651 3064 3705 in
3095 3651 3334 3705 carmine
3361 3651 3434 3704 ita
3459 3650 3528 3702 de

1956 3731 2157 3773 88ml:

2017 3789 2142 3840 Ecce
2167 3790 2487 3849 Liutprandus
2509 3792 2601 3852 iam
2627 3804 2720 3839 non
2746 3802 2895 3839 novus
2921 3790 3070 3838 incola
3097 3796 3241 3839 terrae

2078 3852 2325 3913 Hispanae.
2356 3862 2610 3901 externam
2632 3854 2846 3901 carmine
2870 3852 3005 3900 laetus
3026 3854 3137 3901 adit.

1959 3930 2204 3986 Julianus
2235 3934 2359 3987 item
2382 3942 2499 4001 post
2525 3934 3011 4003 peregrinationem
3039 3931 3282 4003 Toletum
3304 3930 3531 3985 rediisse

1961 4005 2398 4057 archidiacomnn
2457 4002 2863 4071 Liutprandum.
2917 4010 3076 4069 atque
3128 4002 3200 4055 ibi
3260 4014 3531 4056 mortuum

1958 4075 2035 4125 ait
2064 4078 2229 4142 (imm.
2264 4073 2384 4142 H5)
2413 4092 2424 4125 :
2470 4092 2487 4122 ι
2525 4073 2721 4126 Eodem
2749 4088 2890 4126 anno
2921 4072 3066 4141 (973)
3105 4075 3251 4127 venit
3288 4071 3533 4126 Toletum

1960 4143 2267 4197 Eutraudus
2296 4144 2677 4207 subdiaconus,
2712 4143 2802 4211 qui
2842 4144 2973 4196 alias
3005 4143 3076 4196 ibi
3114 4142 3306 4200 fuerat.
3341 4142 3536 4197 nobilis

1965 4213 2292 4281 historicus;
2332 4230 2428 4267 nec
2458 4214 2625 4266 multo
2664 4223 2782 4281 post
2829 4213 3075 4266 moritur.
3117 4211 3172 4266 In
3206 4212 3432 4267 ecclesia
3473 4211 3533 4263 S.

1958 4280 2124 4336 Justae
2148 4283 2438 4337 honoriﬁce
2468 4299 2497 4335 a
2536 4280 2711 4336 Felice
2743 4282 3037 4352 (episcopo)
3064 4283 3337 4351 sepelitur.
3374 4302 3391 4333 ι
3440 4280 3535 4333 Di~

1961 4353 2209 4407 stinctius
2278 4364 2456 4407 autem
2508 4354 2573 4407 de
2639 4353 2966 4421 Liutprando
3035 4352 3539 4419 'I‘racteinundoque

1961 4433 2140 4476 actum
2174 4423 2272 4477 fuit
2311 4425 2587 4477 nobiscum
2634 4424 2685 4474 iu
2722 4424 2929 4475 duabus
2962 4423 3203 4491 epistolis
3243 4437 3362 4491 quae
3402 4436 3539 4487 pra:-

1962 4502 2235 4562 ponuntur
2264 4492 2606 4561 supposititio
2657 4491 2947 4562 Chronico,
2990 4508 3094 4545 non
3127 4494 3536 4562 iniiitissuppo-

1962 4558 2143 4616 sititise
2167 4563 2313 4629 ipsae,
2332 4558 2401 4613 'u't
2424 4562 2541 4613 luco
2566 4576 2662 4613 suo
2685 4560 3009 4622 videbimus.
3034 4576 3154 4615 cum
3180 4563 3243 4613 de
3266 4558 3538 4629 Chronico
3591 4600 3609 4619 .,

1962 4628 2205 4685 censorie
2236 4645 2473 4698 agemus.
2510 4630 2661 4683 Prior
2696 4640 2778 4684 est
2819 4631 2947 4684 dicti
2997 4629 3376 4698 Tractemundi
3418 4628 3537 4698 epi-

1963 4702 2111 4768 scopi
2152 4695 2463 4753 llliheritani
2506 4701 2571 4753 ad
2601 4699 3009 4768 Liutprandum.
3058 4697 3367 4765 Regimundi
3395 4695 3543 4768 alias
3610 4750 3613 4755 _

1963 4766 2175 4838 legitur.
2207 4770 2476 4823 Posterior
2503 4780 2680 4822 autem
2728 4766 3090 4838 responsoria
3115 4766 3428 4835 Liutprandi
3474 4768 3543 4818 ad

1967 4837 2418 4892 Trat-tciuuudmn
2461 4855 2523 4892 ex
2567 4839 2813 4893 Fuldensi
2843 4837 3147 4891 Germania:
3191 4845 3539 4890 monasterio.

1964 4908 2284 4962 Consolatur
2310 4908 2697 4976 Liutprandum
2741 4905 3167 4961 'l‘ractemundus
3206 4907 3258 4960 in
3305 4919 3547 4959 aerumna

1966 4978 2304 5033 Germanica:
2352 4977 2468 5044 ejus
2519 4977 2990 5047 peregrinationis,
3047 4977 3229 5047 etuad
3279 4976 3549 5047 patienter

1967 5063 2085 5101 eam
2127 5042 2406 5102 ferendam
2458 5042 2791 5101 cohortatur.
2847 5044 3158 5111 Bcrengarii
3204 5042 3349 5098 enim
3387 5042 3553 5097 italiae

1969 5118 2108 5187 regis
2136 5119 2400 5173 saevitiam
2444 5116 2689 5187 fugiens,
2720 5118 2790 5187 ab
2825 5113 2977 5187 Italia
3028 5127 3092 5167 eo
3139 5111 3555 5187 περ-δηλίκια

1972 5180 2057 5240 τιἰῖ
2106 5190 2299 5254 degere
2366 5202 2423 5240 se
2470 5180 2527 5237 in
2573 5185 2768 5251 oppido
2828 5182 3173 5243 Granatensi,
3207 5180 3557 5238 llliberitanae
