4012 5334
241 340 348 395 953

1016 344 1099 399 DE
1136 345 1872 402 PSEUDO-l.lCTPRANDO
1910 346 1972 400 D.
2013 347 2291 409 ANTONII
2332 347 2756 416 DlSQUlfil'l‘lO.

3393 347 3496 405 934

313 452 403 530 46.
447 451 957 530 Insignrmhfactam
1005 459 1368 510 accessionem
1417 456 1582 530 vides,
1630 455 1817 518 lector,
1850 459 1897 517 Α
1928 464 2093 510 totam
2118 458 2258 530 hanc
2287 459 2567 512 historiam
2599 459 2900 530 testimonia
2931 449 3245 530 producere.
3269 459 3500 530 Collige-

243 522 564 590 restrictiori
609 523 673 574 de
709 522 1025 590 lldrphonso
1053 535 1106 578 et
1135 527 1465 578 monasterio
1490 525 1604 586 eius
1633 541 1818 579 narra-

244 593 402 663 tioni.
433 589 734 660 Legebatur
759 589 966 647 scilicet
991 596 1158 662 prius,
1184 597 1459 648 diaconum
1486 595 1656 663 facere
1681 596 1818 648 vole-

242 663 350 723 bat,
383 662 486 716 hoc
520 671 602 715 est
648 664 820 715 sacris
860 664 1139 719 ordinibus
1178 681 1300 718 emn
1348 662 1575 718 initiare.
1613 665 1823 718 Placuit

244 740 448 798 postea,
480 731 903 785 archidiaconum
947 734 1116 801 [arere
1158 735 1376 799 volebat,
1407 736 1506 789 hoc
1533 745 1614 787 est
1647 751 1709 788 ea
1743 737 1822 788 di-

242 802 448 869 gnitate
485 802 537 854 in
568 801 822 855 Toletana
852 818 972 855 eum
1006 805 1244 860 Ecclesia
1275 820 1488 868 ornare.
1521 805 1823 872 chebatur

243 872 416 938 prius,
442 873 626 944 cedens
657 873 869 935 sterulo,
909 875 1060 942 quasi
1103 877 1326 938 diceret,
1373 875 1620 944 religioso
1661 875 1823 928 statui

245 950 374 1012 t_unc
414 941 735 1012 primumse
765 941 1100 1012 mancipasse
1133 941 1504 1012 lldephonsum
1541 955 1823 1012 postquam

244 1008 497 1063 Toletum
542 1011 716 1083 rediit.
764 1008 970 1066 Placuit
1012 1025 1197 1083 postea
1244 1008 1362 1069 lucc
1407 1008 1565 1068 verba
1599 1008 1827 1068 sic'mu-

246 1089 367 1133 tare
400 1081 641 1153 secedens
685 1083 897 1153 scdulo,
945 1081 1174 1140 fortasse
1221 1094 1279 1138 ut
1325 1086 1758 1153 intelligeremus,
1795 1101 1824 1137 a

244 1164 416 1218 puero
444 1151 497 1202 in
524 1151 656 1224 urbe
686 1150 908 1224 llispali,
942 1155 1066 1206 dum
1110 1155 1248 1224 apud
1298 1153 1355 1208 S.
1395 1150 1652 1208 Isidorum
1692 1155 1828 1207 deti-

247 1217 490 1293 neretur,
518 1217 627 1285 jam
651 1217 1275 1293 oliuimonachum-esse
1305 1223 1623 1293 professum.
1656 1224 1826 1290 Quam

244 1289 376 1362 item
408 1303 471 1342 ea
501 1304 635 1362 qme
663 1291 854 1362 deinde
894 1303 1189 1362 sequuntur
1229 1289 1316 1348 de
1339 1293 1608 1362 Agaliensi
1647 1289 1828 1346 mona-

245 1359 445 1431 sterio,
494 1367 547 1411 et
592 1360 708 1431 ejus
753 1359 1240 1431 colonia’quodam
1291 1359 1492 1428 alte-ro,
1545 1363 1830 1431 utrobique

247 1428 654 1502 Tractemundo
680 1430 904 1502 ingesta
950 1428 1044 1502 qui
1073 1436 1320 1488 conscius
1361 1434 1436 1487 rei
1479 1443 1616 1496 erat,
1647 1428 1830 1502 putida

246 1509 378 1551 sunt
403 1509 454 1551 et
479 1499 688 1570 inepta!
724 1499 984 1557 Nimirum
1018 1503 1308 1570 inculcata,
1333 1514 1384 1569 ut
1418 1520 1606 1558 recens
1640 1499 1828 1556 harum

243 1583 318 1619 nu
361 1583 515 1621 arum
555 1569 748 1623 artifex
793 1574 1114 1628 sententiam
1156 1590 1307 1628 suam
1349 1576 1412 1628 de
1458 1576 1679 1642 antiquo
1715 1573 1831 1627 loco

245 1583 413 1705 huqu
445 1641 756 1694 monasterii
799 1645 897 1698 sub
937 1643 1222 1705 mangonio
1249 1643 1624 1705 Liutprandiui
1658 1643 1831 1698 nomi-

245 1637 413 1714 llujus
445 1641 756 1714 monasterii
799 1645 897 1698 sub
937 1643 1222 1714 mangonio
1249 1637 1624 1714 Liutprandiiii
1658 1643 1831 1698 nomi-

245 1708 332 1760 nis
364 1708 681 1764 venditaret.

1927 543 2046 581 mus
2074 537 2124 581 et
2149 544 2207 580 ea
2240 528 2352 580 loca
2382 530 2618 596 ejusdem
2654 529 2911 590 historiae,
2937 528 3134 597 quibus
3161 531 3242 584 vel
3271 528 3499 584 silentur

1924 611 1986 648 ea
2041 613 2157 664 quae
2213 599 2264 651 in
2317 599 2543 666 vulgatis
2581 609 2726 661 sunt,
2779 599 3001 652 minime
3037 614 3169 652 vero
3216 602 3268 653 in
3313 600 3499 653 codice

1927 676 2138 730 nostro;
2173 669 2252 722 vel
2297 683 2415 736 qua:
2444 684 2508 721 ex
2542 667 2870 736 Liutprando
2919 669 3242 732 referuntur,
3279 685 3385 724 non
3421 683 3501 723 se-

1925 737 2155 807 cundum
2192 738 2492 807 vulgarium
2522 739 2834 803 editionum,
2868 738 2960 793 sed
2997 740 3293 793 secundum
3329 737 3500 794 nostri

1925 806 2126 860 codicis
2156 806 2418 862 tenorem.

1996 876 2084 928 50.
2128 877 2246 930 Lib.
2284 894 2319 931 ιι
2364 894 2482 946 cap.
2526 879 2560 932 ἓ
2599 880 2926 933 mentionem
2973 878 3102 932 facit
3138 879 3302 933 habiti
3328 877 3500 932 Toleti

1927 946 2136 1000 concilii
2174 958 2414 1016 tempore
2445 948 2709 1002 Witterici
2741 949 3040 1003 Gothorum
3076 949 3238 1017 regis,
3273 969 3290 1000 ε
3322 949 3497 1017 cujus,

1927 1017 2023 1079 ait,
2058 1018 2384 1082 Eutrandus,
2424 1019 2537 1072 sive
2576 1018 2956 1088 Liutpraudus,
2993 1021 3256 1083 meminit,
3297 1020 3501 1086 absque

1929 1102 1991 1159 eo
2032 1089 2172 1155 quod
2209 1088 2345 1141 ultra
2380 1089 2668 1156 quidquam
2713 1089 2982 1159 adjuugat.
3016 1109 3033 1141 ι
3071 1088 3242 1159 ὶξριήιω
3274 1088 3389 1156 ejus
3416 1104 3504 1159 ac-

1929 1156 2045 1224 cipe
2079 1173 2198 1224 qme
2243 1165 2591 1227 repraesentat
2637 1156 2803 1212 cedes
2854 1156 3004 1214 meus
3035 1176 3048 1212 :
3082 1157 3245 1212 Toleti
3273 1158 3502 1228 synodus

1930 1229 2150 1294 cogitur,
2183 1228 2248 1281 ad
2289 1243 2451 1281 :cram
2494 1244 2612 1283 nem
2655 1244 2683 1280 e
2731 1245 2939 1291 ucxmv,
2970 1230 3084 1283 sive
3129 1243 3324 1282 annum
3375 1228 3498 1280 606.

1931 1295 2100 1349 Huius
2129 1306 2306 1349 autem
2343 1298 2418 1349 rei
2449 1314 2551 1349 non
2589 1244 2750 1349 nilum
2779 1299 3059 1349 vestiaium
3097 1299 3148 1349 in
3173 1298 3498 1349 vulgaribus.

1931 1295 2100 1369 Hujus
2129 1306 2306 1369 autem
2343 1298 2418 1351 rei
2449 1314 2551 1351 non
2589 1295 2750 1351 ullum
2779 1299 3059 1367 vestigium
3097 1299 3148 1351 iu
3173 1298 3501 1369 vulgaribus.

2002 1366 2089 1419 51.
2127 1365 2292 1419 Paulo
2326 1377 2445 1435 post
2491 1369 2542 1421 in
2595 1369 2780 1422 eodem
2825 1365 2999 1437 capite
3024 1369 3058 1420 2
3085 1369 3150 1422 de
3176 1365 3503 1422 Gundetnari

1932 1434 2193 1492 electione
2221 1437 2272 1490 iu
2303 1434 2478 1494 regem
2507 1438 2804 1492 Gothorum
2836 1434 2905 1492 ac
2937 1439 3202 1494 Witterici
3234 1453 3507 1493 successo«

1934 1522 2045 1559 rem
2076 1521 2240 1577 agens
2268 1525 2279 1559 :
2318 1527 2334 1557 ι
2371 1507 2719 1573 Electiouem,
2751 1509 2844 1571 ait,
2879 1508 3129 1569 diximus,
3159 1511 3283 1577 quia
3318 1507 3374 1561 S.
3405 1507 3503 1561 lsi-

1933 1577 2095 1628 dorus
2122 1585 2176 1628 et
2199 1576 2562 1646 Liutpraudus
2606 1580 2677 1632 ita
2725 1579 3042 1647 simpliciter
3088 1579 3153 1632 de
3181 1576 3348 1646 hujus
3390 1593 3506 1638 sue-

1933 1649 2177 1700 cessione
2207 1647 2514 1715 loquuntur,
2547 1658 2604 1701 ut
2649 1665 2746 1703 nec
2777 1657 2966 1703 notare
3015 1649 3502 1717 prmtermisisseut,

1935 1717 1978 1770 si
2012 1717 2058 1770 is
2092 1731 2187 1784 per
2218 1718 2322 1770 vim
2357 1727 2449 1771 aut
2489 1719 2824 1789 tyrannidem
2860 1720 3133 1789 intrasset.
3167 1718 3348 1772 Habeo
3377 1733 3507 1789 quo-

320 1777 412 1830 47.
454 1779 611 1866 Plura
663 1767 878 1851 quoque
931 1783 1130 1839 veteris
1180 1785 1459 1854 scriptura:
1506 1783 1653 1866 jussa
1709 1793 1834 1866 sunt
1865 1808 1906 1866 Β
1936 1767 2331 1866 quelplrovcert‘a
2358 1767 2422 1842 1-6
2433 1767 3510 1866 :gdiiiiiiiﬁiijEuiii'iii‘rliieiiﬁii'ibg'mto

244 1847 370 1902 loco
395 1849 606 1915 cedere,
636 1847 1008 1923 nusquamque
1029 1847 1327 1925 apparere':
1353 1847 1580 1923 exempli
1611 1855 1780 1926 gratia
1817 1872 1828 1907 :

659 1942 743 1997 Ex
771 1962 880 1998 (ιη-ιι
914 1962 1104 2010 ochv,
1133 1965 1273 2001 anno
1305 1948 1426 2002 607.

327 2029 344 2058 ι
386 2009 688 2068 Viclericus
711 2016 1024 2086 catholicos
1054 2009 1414 2086 persequitur.
1451 2039 1470 2070 ι

679 2085 815 2137 lira
847 2085 1080 2146 DCXLHi,
1116 2085 1251 2141 anno
1283 2088 1405 2142 609.

324 2171 357 2232 ¢_
385 2151 637 2223 Synodus
664 2153 923 2211 Lucensis
963 2158 1014 2210 in
1057 2157 1330 2226 Hispania.
1373 2158 1447 2211 llli
1492 2158 1702 2228 prefuit
1732 2161 1838 2214 Au-

243 2237 451 2277 rasius.
485 2243 502 2275 ι

707 2294 845 2349 .Era
875 2313 1071 2361 acuit,
1101 2315 1236 2352 anno
1268 2297 1391 2354 6'24.

323 2381 344 2412 ι
381 2361 682 2418 Tonantius
713 2364 1025 2438 Palmitinus
1054 2369 1338 2438 episcopus
1372 2369 1616 2424 moritur.
1650 2389 1669 2423 ι

699 2435 837 2488 /Era
867 2435 1251 2501 Decum—(umo—
1273 2440 1394 2492 626.

281 2575 292 2583 ν
329 2523 345 2551 ι
387 2503 643 2558 Kalendis
691 2503 937 2560 Januarii
988 2507 1302 2577 Fulgentius
1338 2510 1672 2580 Astigitanus
1720 2526 1837 2566 mo-

247 2584 412 2627 ritur.
452 2593 470 2626 ι

683 2645 820 2698 /Era
857 2663 1085 2710 nccxvu,
1122 2667 1258 2703 anno
1288 2650 1410 2704 629.

331 2733 358 2788 _c_
393 2713 656 2788 Svinthila
689 2732 853 2788 regno
883 2719 1066 2788 pulsus
1097 2720 1344 2780 moritur,
1369 2719 1687 2788 sublatoque
1717 2721 1837 2774 llel-

249 2783 422 2849 ladio,
451 2800 578 2851 rege
603 2785 714 2850 jam
748 2783 1065 2851 Siscnando,
1097 2790 1333 2843 succedit
1359 2789 1546 2844 Justus
1575 2783 1838 2845 archidia-

249 2869 448 2928 conus,
481 2864 535 2928 et
575 2853 766 2911 Joanui
796 2857 1273 2928 Caesaraugustam
1302 2859 1534 2914 Braulio.
1568 2879 1586 2911 ι
1622 2861 1690 2914 Ει
1733 2861 1836 2914 alia

251 2924 342 2978 his
373 2925 569 2998 similia
602 2927 864 2998 praeteriri
901 2924 1139 2998 indigna.
1828 2995 1830 2997 _

326 2998 419 3052 48.
462 2997 717 3071 Quaedam
745 3007 800 3050 et
830 2997 1224 3071 in_aliuin_fere
1251 3014 1484 3063 sensum,
1515 3015 1677 3071 quam
1709 3000 1836 3056 olim

256 3065 500 3130 fuerant,
534 3066 825 3120 reformata
855 3067 1188 3123 observabis.

328 3159 470 3232 :Efa
503 3174 662 3223 ocul,
693 3159 978 3232 annoﬁll.
1276 3161 1341 3215 In
1372 3163 1610 3232 vulgatis.

334 3249 353 3279 ι
396 3228 632 3304 Sanctus
665 3229 1014 3304 vir‘Viucen-
1124 3301 1134 3304 _
1161 3251 1180 3283 ‹
1215 3228 1528 3304 Ῡὶηςθιιιίἶιε
1558 3235 1836 3304 Carthagi-

257 3301 366 3352 tius
401 3300 692 3374 episeOpus
738 3298 1019 3374 Carthagi.
1084 3301 1166 3355 nis
1210 3301 1508 3374 Spartaria:
1557 3298 1838 3374 episc0p'us

255 3369 447 3422 uensis
478 3369 660 3423 Romae
697 3369 998 3422 moritur.)
1087 3369 1333 3426 moritur.
1368 3393 1386 3424 ι

319 3438 460 3512 Αἰχα
484 3454 664 3512 nam,
694 3456 832 3492 anno
858 3440 978 3512 618.
1114 3441 1182 3496 1η
1215 3442 1436 3512 vulgatis
1471 3444 1799 3498 editionibus.

335 3527 354 3558 ι
378 3507 585 3564 Civitas
605 3511 796 3564 Assota
821 3511 1023 3578 episeo-
1168 3530 1186 3562 ‹
1215 3507 1404 3566 Assota
1431 3513 1620 3566 civitas
1642 3514 1694 3566 in
1719 3528 1840 3567 con-

259 3580 343 3648 pis
379 3579 710 3634 destituitur.
745 3599 763 3631 ι
819 3580 884 3633 Et
917 3597 1010 3650 po-
1090 3583 1346 3643 testauis,
1397 3592 1452 3636 et
1501 3583 1554 3636 in
1609 3583 1841 3637 confinio

258 3659 376 3702 stea
407 3664 514 3702 tera
557 3667 752 3705 neut:
796 3669 814 3702 ι
851 3651 1018 3706 Sedes
1088 3652 1440 3716 Batestaniae,
1497 3668 1615 3721 quae
1671 3668 1842 3721 quon-

257 3721 471 3793 ᾼκενοιω
500 3721 805 3793 Bigastrum
837 3729 1016 3777 trans-
1091 3725 1214 3777 dam
1297 3723 1450 3776 sedes
1524 3721 1841 3791 episcopalis

260 3789 452 3845 fertur.
485 3811 504 3844 υ
569 3789 590 3793 ⁷
1088 3794 1207 3857 fuit,
1227 3789 1572 3846 destruitnrJ
1600 3792 1663 3844 Et
1683 3789 1837 3845 mox:

1093 3883 1111 3914 ι
1158 3864 1326 3916 Sedes
1363 3864 1626 3932 Assotana
1674 3862 1842 3932 Biga-

1091 3941 1291 3996 strum,
1344 3947 1463 4001 quae
1516 3931 1714 3986 Murcia
1747 3931 1843 3986 est

1085 4004 1160 4126 gn
1192 4003 1397 4056 Tamaii
1431 4002 1683 4060 editione.
1723 4017 1843 4070 qua:

1137 4074 1330 4126 entual
1427 4071 1769 4125 transfertur.
1818 4089 1835 4121 ι

1137 4074 1330 4137 entua)
1427 4071 1769 4125 transfertur.
1818 4089 1835 4121 ι

1089 4141 1193 4197 Sed
1222 4143 1286 4196 de
1318 4143 1400 4196 his
1425 4143 1574 4196 satis.

333 4231 421 4286 49.
463 4232 585 4285 Alio
612 4232 775 4285 etiam
807 4233 974 4287 ariete
1001 4247 1108 4285 non
1135 4231 1312 4284 minus
1340 4231 1558 4284 robusto
1585 4239 1638 4283 et
1666 4229 1844 4284 valido

261 4313 554 4370 quassatur
578 4302 906 4364 Chronicou,
934 4311 1092 4370 atque
1113 4316 1176 4355 eo
1198 4301 1412 4369 quidem
1435 4300 1669 4366 ejusdem
1696 4299 1843 4370 Liut-

261 4369 456 4442 praudi
499 4371 552 4424 vi
599 4382 653 4426 et
694 4373 932 4426 humeris
981 4369 1192 4442 librato.
1226 4371 1374 4424 lllttm
1426 4370 1664 4442 intelligo
1695 4369 1846 4442 Liutf

281 4443 552 4501 irandum,
600 4443 689 4510 qui
744 4444 974 4511 primum
1017 4456 1047 4496 e
1097 4440 1380 4494 Germania
1437 4441 1487 4493 in
1535 4440 1842 4511 Hieronymi

1939 1857 2006 1910 ab
2036 1857 2264 1910 Aurasio
2303 1858 2574 1926 poutilice,
2606 1861 2683 1912 uti
2729 1860 3039 1914 decessores
3076 1859 3191 1926 ejus
3225 1859 3329 1912 duo
3368 1856 3509 1909 fece-

1937 1935 2124 1997 rant.»
2168 1928 2308 1997 Ecce
2345 1928 2656 1997 Liutprandi
2692 1929 2852 1982 verba
2903 1929 2967 1981 ad
3015 1944 3179 1982 teram
3232 1941 3507 1987 νεηνίης

1943 2014 1960 2047 ι
2008 1996 2218 2068 Mortuo
2269 1995 2438 2052 Toleti
2473 1995 2774 2053 ‘Witterico
2832 1998 3154 2068 subrogatur
3207 1998 3514 2068 Gundcma-s

1937 2082 2051 2137 rus.
2088 2087 2104 2117 ι
2151 2067 2461 2136 Simplicius
2515 2069 2646 2120 nihil
2692 2068 2960 2121 enuntiari
3006 2067 3204 2137 potuit.
3256 2069 3324 2120 At
3369 2067 3510 2133 quod

1939 2136 2194 2207 lliguera,
2241 2139 2500 2192 duntaxat
2549 2155 2615 2191 ex
2665 2154 2816 2191 more
2859 2136 3260 2192 antecessorum
3301 2152 3509 2206 regum,

1937 2208 2084 2261 circa
2115 2209 2767 2278 coromitioncmcolligit,
2804 2208 2854 2261 id
2883 2208 3052 2278 ipsum
3075 2207 3186 2275 jam
3218 2207 3512 2278 invulgato

1936 2293 2249 2350 expressum
2291 2277 2483 2350 legitur
2511 2275 2840 2350 Liutprando
2872 2275 2942 2350 τίς
2981 2277 3190 2350 Biortuo
3221 2275 3513 2350 Wicterico

1937 2345 2177 2402 succedit
2204 2345 2598 2402 Gundemarus.
2627 2345 2708 2402 ᾹΙ)
2738 2348 2968 2402 Anrasio
2997 2348 3276 2411 Toletauo,
3298 2355 3356 2399 ut
3384 2345 3512 2398 olim

1939 2419 2293 2484 imperatores
2344 2418 2515 2473 Grmci
2571 2436 2600 2472 a
2656 2418 2976 2486 patriarchis
3025 2416 3514 2486 Constantinopoli-

1940 2490 2098 2549 tauis,
2132 2489 2406 2557 iuuugitur
2431 2491 2481 2542 in
2509 2489 2621 2542 aede
2648 2488 2747 2543 SS.
2777 2488 2920 2543 Petri
2952 2498 3005 2543 et
3029 2487 3178 2540 Pauli
3205 2487 3398 2540 Toleti.
3431 2506 3449 2538 ι

2007 2557 2094 2610 5‘2.
2140 2557 2247 2612 Nec
2281 2558 2420 2612 ultra
2461 2559 2658 2613 dictam
2695 2574 2857 2613 teram
2895 2574 3127 2619 ncuvu,
3158 2558 3269 2611 sive
3312 2570 3510 2610 annum

1939 2627 2063 2692 629,
2098 2629 2165 2682 ab
2204 2637 2425 2683 auctore
2470 2627 2626 2695 hujus
2664 2629 2904 2682 historia:
2943 2628 3046 2682 ulla
3092 2628 3148 2681 fit
3197 2625 3513 2695 Liutprandi

1938 2699 2170 2761 mentio,
2218 2697 2366 2765 cujus
2419 2714 2610 2768 nempe
2669 2698 3024 2768 fragmentum
3077 2698 3215 2766 apud
3245 2697 3512 2768 eumdem

1938 2768 2176 2822 existens
2201 2768 2266 2822 ad
2292 2770 2433 2822 hunc
2454 2765 2650 2822 annum
2675 2765 2842 2837 usq'ue
2861 2765 3514 2838 pertingebat.iNusquam

1939 2847 2116 2891 autem
2152 2838 2372 2892 historia
2406 2839 2652 2892 meminit
2680 2837 2866 2892 earum
2900 2853 3080 2891 rermn
3109 2837 3176 2890 ad
3203 2837 3513 2890 Toletauam

1938 2908 2124 2961 urbem
2166 2908 2569 2977 pertinentium,
2601 2925 2720 2977 qua!
2749 2909 2799 2961 iu
2832 2908 3062 2975 vulgatis
3105 2923 3245 2960 nunc
3283 2920 3516 2975 pr:cseu-

1941 2978 2036 3042 tia,
2069 2978 2122 3032 in
2153 2979 2323 3032 nostri
2355 2987 2530 3033 tamen
2562 2979 2762 3032 codicis
2791 2978 3090 3046 fragmento
3117 2978 3512 3032 desiderantur.

1938 3047 2140 3117 Nempe
2167 3063 2273 3102 aera
2304 3065 2516 3111 ncxuv,
2542 3049 2597 3103 S.
2633 3049 2876 3117 Adelphii
2908 3047 3146 3102 Toletani
3178 3055 3233 3100 et
3264 3046 3518 3100 Metcnsis

1941 3119 2327 3188 archiepiscopi
2379 3119 2599 3173 mentio.
2653 3119 2782 3172 lEra
2822 3133 3013 3172 ncxux
3066 3117 3355 3188 Adeodata:
3404 3131 3518 3188 tuo-

1941 3189 2100 3243 uialis
2125 3185 2500 3243 Bene—dictura:
2535 3189 2805 3243 Toletaum
2852 3189 2918 3241 ad
2957 3203 3116 3257 quam
3143 3187 3196 3240 S.
3224 3185 3516 3257 Gregorius

1940 3260 2174 3329 scripsit.
2204 3259 2334 3314 zEra
2381 3274 2516 3329 neu
2557 3260 2737 3328 templi
2769 3259 2826 3313 S.
2866 3255 3076 3329 Thyrso
3110 3255 3351 3329 martyri
3379 3255 3513 3329 a__S.

1940 3324 2187 3383 Leandre
2238 3328 2538 3398 llispalensi
2589 3324 2846 3383 Toletana
2896 3324 2963 3381 in'
3001 3329 3131 3380 urbe
3168 3324 3350 3398 dicati.
3400 3324 3516 3398 lluc

1943 3414 2111 3467 usque
2139 3414 2168 3453 e
2202 3393 2416 3453 laudata
2467 3399 2709 3460 historia,
2742 3407 2796 3452 et
2831 3412 2896 3451 ex
2945 3413 3010 3450 eo
3049 3395 3191 3464 quod
3235 3395 3334 3448 fuit
3375 3393 3515 3467 apud

1942 3461 2253 3523 historicum
2294 3469 2605 3537 Liutprandi
2637 3468 2936 3536 fragmento
2967 3461 3270 3537 desumpta,
3294 3479 3328 3537 _a
3361 3461 3516 3514 nobis

1942 3548 2130 3591 eontra
2168 3539 2385 3606 vulgare
2415 3533 2590 3603 'bujus
2632 3533 2959 3601 Clirouicon,
2995 3545 3052 3588 ut
3090 3535 3246 3604 ιοεὶοἰ
3293 3533 3516 3600 loquun-

1944 3618 2050 3674 tur,
2082 3609 2148 3662 ad
2181 3609 2449 3661 boniiuem
2481 3617 2818 3678 argumenta.

2562 3697 2788 3753 CAPUT
2828 3697 2915 3751 1V.

1946 3788 2147 3857 Topicis
2172 3790 2480 3860 quibusdam
2511 3788 2636 3842 locis
2661 3790 2839 3860 genius
2861 3798 2906 3860 et
2931 3788 3252 3860 propositum
3287 3783 3518 3860 Pseudo-

2015 3857 2378 3927 Liutprundini
2397 3860 2686 3912 ostenditur
2711 3858 2978 3911 Clu'onici.
3003 3857 3240 3909 Primum
3260 3857 3517 3924 wquivoco

2016 3932 2282 3981 nominum
2316 3929 2388 3982 vel
2434 3931 2659 3982 virorum
2687 3937 2777 3980 aut
2805 3928 3037 3980 locorum
3068 3927 3285 3990 abusus,
3318 3933 3518 3977 exteros

2014 4000 2244 4051 homines
2277 3999 2601 4068 concilioque
2647 3997 2917 4066 Hispanico
2963 3997 3216 4068 attribuit.
3264 3992 3518 4068 Exempla

2013 4070 2066 4138 in
2091 4067 2188 4122 SS.
2230 4069 2449 4138 Magno,
2474 4061 2525 4122 ei
2547 4061 2892 4138 Columbano,
2917 4078 2963 4121 et
2997 4067 3171 4138 Gallo,
3197 4065 3251 4118 in
3283 4061 3519 4138 S.‘_Fara

2015 4132 2595 4192 Galliarum'moniali.
2626 4137 2690 4191 In
2721 4139 2940 4190 concilio
2970 4137 3296 4206 Augustano.
3335 4132 3522 4206 Quan-

2015 4210 2181 4278 doque
2211 4210 2367 4261 etiam
2398 4211 2510 4262 sine
2556 4209 2827 4262 occasione
2869 4202 3138 4278 (equivoci.
3181 4202 3435 4268 Exempla
3466 4203 3521 4278 i_n

2029 4272 2228 4348 Verane
2249 4277 2521 4348 etOstano
2570 4278 2840 4348 episcopis,
2894 4272 3282 4344 Adeodataque,
3320 4287 3383 4326 ex
3413 4272 3521 4328 eni-

2015 4348 2161 4402 stolis
2191 4347 2248 4402 S.
2275 4347 2510 4418 Gregorii
2537 4347 2686 4418 papa:
2719 4359 2841 4400 nota
2873 4349 3087 4418 virgine.

2017 4439 2105 4493 55.
2136 4439 2392 4493 Dabimus
2436 4452 2578 4490 nunc
2607 4437 2768 4490 veluti
2798 4437 3029 4505 quodam
3058 4436 3328 4507 specimen
3357 4433 3522 4488 totius

318 4512 494 4565 omani
551 4507 796 4579 pervenit
835 4528 1046 4574 manus,
1093 4527 1306 4579 quoque
1344 4527 1473 4564 usus
1512 4511 1600 4564 hic
1643 4507 1842 4579 fuit'riu
1876 4513 1923 4572 Ι)
1951 4508 2228 4572 Chronici,
2267 4518 2428 4576 atque
2465 4507 2580 4574 ejus
2613 4507 2916 4579 inventoris
2945 4508 3238 4579 consilium
3267 4514 3520 4579 tanquam

261 4578 595 4636 exornaudis
625 4581 886 4636 Toletanw
908 4597 1016 4636 sua:
1037 4578 1267 4634 historiis
1291 4582 1468 4635 rebus.
1498 4580 1660 4633 Plane
1689 4578 1848 4647 hujus

263 4652 509 4705 historim
533 4666 652 4720 cap.
679 4652 702 4704 l
734 4652 852 4706 libri
875 4669 912 4706 tt
946 4653 1059 4706 hrec
1085 4652 1243 4704 verba
1272 4651 1520 4720 leguntur
1541 4652 1606 4703 de
1629 4648 1843 4701 Maximi

263 4720 564 4792 Chronico,
595 4732 649 4775 et
690 4722 1002 4792 Liutprandi
1054 4721 1477 4792 continuatione,
1506 4734 1624 4792 qua:
1666 4735 1696 4772 c
1735 4734 1848 4792 ver-

266 4791 478 4845 naculis
529 4791 719 4845 Latina
768 4790 1002 4845 damus:
1042 4809 1060 4841 ι
1098 4791 1165 4844 Et
1220 4791 1304 4843 his
1369 4791 1530 4845 linem
1593 4790 1850 4860 imposuit

266 4861 539 4916 Chronico
585 4877 684 4914 suo
732 4861 994 4914 Maximus
1039 4861 1570 4930 Cznsaraugustanus.
1622 4858 1849 4912 Utcmur

269 4941 450 4986 autem
483 4947 601 4995 nos,
629 4946 906 5000 quousque
935 4932 1217 5000 pertinget,
1245 4930 1663 4991 continuatione,
1688 4944 1847 5000 quam

267 5002 580 5056 Eutrandus
611 5000 740 5054 fecit
772 4999 1060 5055 Toletauus
1091 4999 1466 5062 subdiaconus,
1500 5014 1563 5052 ac
1594 4999 1846 5053 'l’iciueu-

268 5073 345 5126 sis
393 5071 550 5125 alma:
594 5071 848 5125 Ecclesia:
897 5073 1152 5125 diaconus
1194 5070 1356 5122 multa
1398 5071 1481 5122 vir
1515 5070 1757 5122 doctrina
1794 5082 1848 5125 et

270 5143 492 5206 litteris;
527 5143 775 5211 quamvis
805 5143 919 5195 lucc
954 5141 1107 5194 valde
1153 5141 1240 5203 sit,
1274 5142 1338 5212 ab
1380 5156 1444 5195 eo
1478 5141 1616 5211 quod
1649 5140 1694 5192 is
1724 5140 1846 5192 reli-

1954 4580 2004 4631 in
2029 4579 2244 4645 Speculo
2281 4572 2809 4651 reprzcsentabimus,
2839 4578 3013 4651 capita
3055 4577 3382 4651 colligentes,
3407 4572 3520 4651 sive

1955 4641 2157 4717 topicos
2185 4641 2444 4716 quosdam
2495 4647 2640 4701 locos
2670 4641 2918 4701 credulis
2946 4641 3521 4717 iinpoueiidislectori-

1953 4711 2052 4771 btis
2079 4737 2090 4770 :
2121 4711 2255 4788 quos
2291 4717 2525 4770 maxime
2553 4725 2766 4788 auctor,
2794 4711 3116 4788 persuadere
3162 4711 3348 4772 voluit,
3403 4725 3519 4762 sar-

1954 4785 2152 4855 tosque
2185 4797 2460 4855 tectosque
2515 4787 2581 4840 ab
2627 4785 3519 4855 omni7recentiorum“oppugna-

1954 4849 2122 4923 tione,
2166 4849 2390 4925 judicio'
2419 4872 2536 4922 suo,
2582 4857 2744 4911 veluti
2773 4855 3006 4925 quodam
3045 4851 3236 4907 trabali
3264 4851 3413 4904 clavo
3445 4849 3520 4900 af-

1954 4927 2082 4999 fixo,
2121 4929 2485 4999 relinquere.‘
2753 4996 2762 4999 _
2883 4992 2914 4999 _
3231 4989 3280 4999 __
3355 4987 3367 4999 ,

2026 4989 2112 5051 54.
2133 4989 2336 5051 Audisti
2361 4995 2556 5064 sacpius
2576 5010 2694 5049 cum
2720 4996 2858 5048 circa
2882 4992 3138 5064 Dextrum
3160 5001 3213 5046 et
3231 4989 3524 5064 Maximum

1956 5078 2138 5123 nostra
2171 5070 2284 5122 haec
2316 5061 2615 5120 lucubratio
2654 5072 2977 5135 versaretur,
3005 5061 3070 5114 de
3100 5061 3527 5135 prareipuqcon-

1955 5139 2074 5193 silio
2111 5135 2788 5212 HieronymiRoniatri‘de
2829 5131 2877 5182 la
2911 5124 3165 5201 lliguer'a.
3208 5124 3528 5204 consilium,
