4012 5334
549 179 653 235 963

1673 175 2012 233 APPENDiX
2044 175 2134 229 AD
2175 171 2687 227 LlU'l‘PRAND'e-Pd.

3688 175 3788 231 ρει

545 303 792 347 cetanum
843 293 1166 362 episcopum.
1186 310 1224 363 _t
1269 290 1517 363 aletnoria
1540 331 1552 344 .
1605 289 1777 363 inquit
1823 287 1931 363 (nd_
1956 301 2114 363 (erant
2145 287 2190 346 Λ
2221 285 2351 363 tium
2379 284 2672 363 secessisse
2697 285 2746 336 in
2769 284 2944 363 .aliam
2974 288 3140 363 eremi
3172 289 3359 363 vallem
3379 332 3392 354 ,
3425 291 3475 344 in
3502 308 3603 362 qua
3627 310 3790 363 usque

545 379 697 427 DCLI,
741 355 1039 428 ann.'6l5)'
1081 361 1138 416 S.
1185 361 1332 414 Pauli
1384 359 1614 429 episcopi
1663 355 1980 429 .lacretaui.
2026 355 2114 429 qui

544 426 772 487 Romam
809 433 931 486 dum
987 426 1193 495 visitat,
1248 446 1370 483 cunt
1412 426 1528 482 aliis
1568 426 1782 481 duobus
1822 427 1920 480 sub
1959 426 2118 478 Det-io

542 503 856 574 martyrium
891 502 1090 574 patitur
1117 510 1277 574 sexto
1328 500 1448 574 ldus
1489 499 1896 574 Februat'ii.“r
1924 495 2119 574 oculos

545 565 734 640 nempe
769 565 952 625 habuit
1001 571 1067 624 ad
1117 571 1259 624 hunc
1312 569 1515 640 dieutS
1569 567 1841 640 Februarii
1886 566 1936 618 in
1981 565 2119 616 Mar-

546 637 803 711 tyrologio
851 641 1136 711 Roinano,
1176 641 1224 693 in
1280 655 1385 708 quo
1439 638 1620 711 Romae
1668 637 1766 691 SS.
1822 646 2115 711 martyrmn

551 706 742 773 Pauli:
780 711 956 769 Lucii.
1002 721 1054 762 ct
1101 706 1311 780 Cyriaci
1342 707 1653 780 memoriam
1683 724 1746 762 ex
1783 706 2115 780 codice_nm-

553 782 768 835 naslerii
821 780 876 833 S.
927 775 1419 851 (Syriaci—restituit
1455 779 1734 851 Baronius.
1769 775 2116 851 Queu_I_Pau-

551 852 658 905 lum
687 846 1302 920 Galcsiuus'episcopum
1352 849 1514 903 fuisse
1544 848 1761 920 addidit.
1812 848 1866 901 ln
1899 846 2119 920 Floren-

548 923 647 976 tini
675 922 893 990 antiquo
924 918 1298 990 Martyrologio
1330 920 1570 990 inﬁmare
1610 918 1872 990 ringitur:
1899 934 1915 966 t
1941 918 2114 990 Depo-

548 993 670 1046 sitio
703 992 758 1045 S.
807 988 956 1046 Pauli
987 988 1238 1060 cpi—scepil
1279 1011 1296 1040 ι
1351 989 1561 1044 V'idesis
1605 989 1672 1042 ibi
1713 988 2114 1060 Florentinum,

544 1073 601 1116 et
632 1063 681 1114 in
726 1077 884 1130 opere
929 1077 1123 1130 magno
1169 1057 1248 1113 De
1280 1062 1408 1114 actis
1453 1057 2113 1136 armatorum_Bollandum.

539 1132 638 1198 Qui
685 1129 869 1187 omnes
911 1129 1312 1200 conquertmtur
1358 1145 1622 1198 nusquam
1670 1132 1734 1200 de
1770 1129 1886 1182 loco
1913 1129 2119 1196 episco-

536 1212 693 1269 patus
744 1199 1051 1270 significari.
1102 1199 1216 1267 Qua
1279 1201 1399 1255 data
1447 1208 1599 1268 porta
1651 1199 1759 1252 ruit
1802 1207 2024 1270 noster,
2064 1204 2116 1248 et

534 1266 874 1348 Jaccctamim
906 1274 1090 1348 urbem
1124 1266 1278 1340 (Jaca
1316 1266 1462 1324 nune
1490 1271 1540 1348 in
1575 1269 1872 1341 Pyrteueis,
1895 1277 1955 1348 ⁹(ξι
1983 1266 2118 1347 Ara-

539 1344 709 1414 gonia:
758 1343 942 1414 regno)
993 1350 1246 1414 tanquam
1286 1357 1349 1414 ea
1402 1341 1607 1414 cortina
1655 1341 2042 1414 pronuntiavit“.

605 1413 692 1468 80.
733 1406 1118 1476 Caelestinum;
1161 1409 1260 1464 SS.
1316 1409 1592 1464 Saturnini
1642 1406 1696 1464 et
1742 1408 1956 1477 Neapoli
2009 1406 2115 1460 Ro-

536 1499 814 1536 manorum
864 1493 1160 1544 martyrum
1210 1481 1449 1544 socium,
1501 1479 1676 1534 laudat
1735 1480 2028 1543 Barouitts,
2062 1489 2116 1532 et

535 1553 820 1607 Galesinus
861 1553 945 1607 die
989 1550 1023 1605 5
1068 1551 1207 1604 Maii.
1259 1551 1397 1605 Alibi
1456 1560 1662 1604 tacetur
1710 1550 1890 1614 locus,
1925 1563 2115 1618 nempe

536 1624 589 1693 in
642 1623 1020 1693 Martyrologio
1063 1621 1416 1693 Florentiui,_
1444 1622 1516 1693 de
1566 1637 1686 1693 quo
1710 1621 1859 1693 plura
1896 1620 2004 1693 _hic
2060 1619 2112 1672 in

535 1692 705 1746 Notis.
761 1688 912 1747 lianc
937 1688 1115 1762 'fingit
1162 1688 1758 1762 Pseudo-Liutprandtis
1817 1688 1917 1762 (ad
1953 1705 2112 1742 (ei-um

534 1778 702 1832 ncex,
745 1780 870 1816 ann.
919 1759 1065 1832 θεξγ
1096 1763 1151 1816 in
1207 1761 1459 1832 Hispania
1518 1761 1683 1815 fuisse
1738 1759 2110 1825 consularem,

534 1830 753 1902 ejusque
785 1830 1096 1886 memoriam
1124 1832 1261 1901 apud
1295 1848 1391 1886 nos
1423 1831 1688 1887 floruisse.

604 1902 689 1955 8|.
734 1922 751 1952 ί
787 1902 1206 1966 Auacirardum,
1242 1904 1310 1956 ait
1365 1902 1454 1968 (ad
1502 1918 1661 1955 wram
1707 1915 2112 1965 ncccexxxvnt,

534 1989 659 2025 ann.
705 1971 855 2041 850),
889 1973 1168 2028 cremitam
1215 1988 1281 2026 cx
1331 1972 1619 2041 Germania
1668 1973 1880 2026 venisse
1921 1973 1972 2023 in
2008 1971 2107 2023 Lu-

533 2040 819 2109 sitaniam,
861 2055 912 2097 et
950 2045 1001 2097 in
1033 2043 1144 2113 ripa
1191 2042 1423 2096 [luminis
1467 2040 1594 2112 Tagi
1642 2042 2112 2113 propeeivitatem

535 2113 801 2166 Scalahim
855 2124 1037 2167 sancte
1067 2111 1297 2176 vixisse,
1335 2111 1716 2180 reversumque
1773 2111 1837 2165 ad
1883 2111 2110 2175 Italiam,

496 2228 498 2230 τ
533 2200 636 2236 non
691 2183 842 2251 longe
881 2199 908 2236 a
959 2184 1071 2238 lacu
1121 2183 1377 2251 Tigurino
1429 2182 1738 2235 vulneribus
1769 2181 2072 2236 confectum
2098 2220 2111 2243 ,

533 2262 588 2306 ct
644 2255 1047 2322 martyrizatum
1075 2253 1108 2306 4
1142 2252 1443 2306 Februarii.
1490 2272 1507 2301 ι
1537 2251 1714 2322 Fingit
1750 2251 1835 2305 hic
1867 2267 1924 2306 se
1959 2252 2116 2321 hujus

533 2323 610 2376 rei
659 2324 796 2377 haud
840 2323 1111 2378 conscium
1154 2323 1420 2392 iiiguera,
1451 2332 1504 2376 et
1536 2322 1927 2392 Anaeirardum
1967 2338 2116 2392 eum:

531 2393 653 2446 dem
703 2393 832 2447 facit
883 2409 1002 2446 cum
1053 2391 1407 2462 Lictpliardo.
1465 2393 1618 2462 cujus
1668 2391 1911 2446 Molanus
1951 2391 2038 2462 die
2081 2391 2112 2443 4

532 2462 808 2518 Februarii
864 2464 1134 2527 meminit;
1176 2461 1285 2515 aut
1337 2473 1483 2517 certe
1533 2461 1764 2516 alterius
1799 2477 1974 2530 quam
2023 2461 2114 2514 lii-

533 2548 710 2601 guerte
761 2533 846 2585 illa
907 2543 1026 2586 nota
1075 2543 1155 2587 est
1204 2533 1329 2586 huic
1378 2533 1493 2587 loco
1547 2532 1725 2585 allisa.
1780 2531 1912 2585 Nam
1968 2531 2110 2584 Lint-

529 2604 722 2672 prandi
774 2603 1031 2673 gemellus
1082 2602 1329 2673 Julianus
1375 2604 1450 2673 (in
1495 2602 1689 2656 Chron.
1739 2618 1885 2656 num.
1939 2601 2065 2670 456)
2100 2642 2112 2665 ,

531 2671 719 2740 parum
773 2671 975 2726 t't'tutato
1023 2674 1238 2726 nomine
1281 2671 1684 2726 Hancarardnm
1735 2682 1919 2736 vocat,
1955 2681 2117 2741 atque

532 2744 720 2812 eadem
777 2744 843 2794 de
893 2742 980 2797 illo
1031 2744 1226 2806 refert,
1274 2743 1530 2812 adjiciens
1586 2742 1876 2810 singularia
1926 2743 2036 2795 hate
2097 2758 2109 2794 :

539 2829 557 2860 ι
606 2811 820 2864 Manent
847 2813 1020 2880 aliqua
1058 2813 1278 2881 vestigia
1313 2815 1572 2866 adventus
1626 2813 1782 2881 hujus
1818 2813 1988 2866 sancti
2023 2813 2116 2864 ah-

532 2882 674 2935 balis
726 2882 774 2934 in
820 2882 1148 2936 Lusitaniam
1199 2885 1249 2936 in
1292 2884 1500 2949 Oppidis
1545 2881 1780 2948 ejusdem
1827 2883 2115 2950 provincia:

531 2951 758 3019 Ataugia
812 2963 866 3006 et
915 2953 1204 3007 Mciuardo.
1240 2973 1257 3004 ο
1291 2952 1453 3020 Cujus
1506 2952 1897 3006 observationis
1951 2952 2112 3004 inter-

2220 355 2290 433 ad
2316 364 2538 433 mortem
2579 355 2848 433 solitarius
2891 357 3044 433 _vi_xil_.
3097 358 3266 412 Verba
3299 361 3412 414 hazc
3448 355 3574 416 sunt
3603 355 3732 433 (cap.
3758 366 3793 418 2

2228 423 2367 498 Viue
2384 441 2472 476 seu
2501 426 2766 498 fActorum)
2797 439 2813 474 :
2843 445 2859 475 ‹
2891 424 2962 477 1ϋὶ
2993 428 3116 479 dum
3152 443 3248 496 per
3277 440 3481 498 septem
3512 423 3792 488 annos-su—

2217 495 2369 573 periti
2405 495 2545 573 regis
2577 495 2817 573 militiam
2854 495 3165 573 exegisset,
3184 495 3581 554 multitudinem
3621 506 3793 573 populi

2218 564 2285 616 ad
2319 579 2377 617 se
2428 563 2690 636 venientis
2721 563 2862 636 ferre
2912 563 3014 636 non
3065 568 3284 630 valens,
3334 574 3559 623 mutavit
3589 563 3790 636 locum;

2218 643 2377 702 atque
2425 650 2454 688 a
2502 635 2750 706 praedicti
2801 634 2897 706 laci
2951 635 3130 689 littore
3172 649 3403 706 quatuor
3460 642 3693 696 millibus
3720 634 3794 696 di;

2219 713 2448 783 stantem
2478 704 2973 783 reperitplanitiem
3004 707 3144 783 inter
3169 704 3378 783 montes
3397 724 3624 783 accessu
3651 713 3796 766 valde

2219 774 2604 848 diiiieilem._l_bi
2630 774 3005 848 adjuvantibus
3027 777 3154 831 viris
3178 779 3464 848 religiosis,
3494 791 3550 834 et
3571 785 3797 835 maxime

2217 845 2445 912 quadam
2480 845 2748 898 abbatissa
2778 844 3050 913 ilciluviga
3079 844 3323 912 nomine,
3361 853 3665 904 necessaria
3696 854 3796 907 voti

2217 915 2299 966 sui
2330 916 2628 991 construxit
2656 915 2955 991 habitacula
2982 957 2996 980 ,
3027 928 3188 991 atque
3216 919 3268 991 in
3297 921 3486 973 eodem
3513 921 3630 974 loco
3661 926 3797 991 quo-l

2216 992 2332 1037 erat
2366 984 2628 1052 reliquum
2669 986 2792 1038 vita:
2832 984 3147 1054 permansit.
3186 1008 3204 1038 ι
3235 988 3408 1055 Quam
3456 991 3526 1044 sit
3578 984 3798 1045 hoc've-

2219 1055 2508 1126 rositnilius
2567 1055 2884 1126 migratione
2939 1055 3360 1126 Liutprandiana
3422 1069 3479 1114 et
3542 1060 3794 1115 Julianata

2218 1123 2503 1199 hicinradi
2537 1123 3151 1199 a_d__Lu_sitau_iamA,'in
3203 1144 3309 1196 qua
3366 1137 3493 1184 tunc
3547 1137 3800 1199 temporis

2216 1193 2505 1247 Christiani
2533 1195 2798 1269 Callaicae
2840 1196 2951 1269 sive
2990 1195 3142 1269 Oveti
3185 1193 3336 1268 reges
3372 1193 3682 1269 Alphonsus
3706 1204 3800 1254 Ca-

2218 1273 2332 1339 stus
2352 1306 2365 1327 ,
2411 1275 2500 1339 aut
2532 1265 2837 1339 lianimirus
2864 1266 2911 1329 Ι,
2947 1277 3043 1339 aut
3069 1265 3333 1322 Ordonius
3364 1269 3415 1330 Ι.
3441 1265 3538 1338 ’(ιυὶ
3570 1274 3800 1339 aequales

2217 1333 2488 1408 hleinrado
2531 1336 2742 1408 vixere,
2773 1352 2893 1389 cum
2941 1336 3228 1393 Saracenis
3257 1333 3480 1408 bellum'
3503 1333 3762 1408 gerebant
3784 1383 3797 1405 ,

2219 1404 2359 1460 inter
2412 1420 2546 1475 quos
2603 1407 2687 1459 vix
2744 1419 2960 1474 sperare
3019 1408 3190 1476 potuit
3245 1404 3591 1463 Christianus
3646 1404 3801 1466 homo

2216 1476 2339 1529 vitae
2388 1477 2581 1545 quieta:
2622 1493 2685 1531 ac
2731 1475 2985 1531 solitariae
3022 1475 3246 1547 copiam
3272 1519 3287 1545 ,
3339 1482 3633 1550 prudentes
3665 1483 3801 1552 judi-

2218 1554 2360 1599 cent.

2287 1615 2373 1669 85.
2413 1617 2611 1671 Eadem
2669 1616 2972 1672 temeritate
3027 1619 3217 1686 quovis
3269 1619 3426 1674 fama)
3472 1621 3800 1677 detrimento

2218 1689 2538 1760 coercenda,
2563 1703 2592 1741 e
2613 1687 2814 1760 priscis
2840 1687 3064 1760 Romani
3090 1689 3224 1744 ritus
3248 1705 3311 1743 ac
3341 1696 3596 1760 temporis
3624 1694 3798 1746 ethni-

2216 1773 2399 1830 corum
2462 1757 2900 1827 inscriptionibus
2943 1758 3141 1830 excilat
3193 1757 3527 1815 Christianos
3572 1771 3627 1816 et
3674 1779 3798 1830 apo-

2217 1827 2433 1882 stolicbs
2457 1830 2598 1880 viros
2618 1868 2632 1892 ,
2659 1839 2712 1882 ct
2737 1839 2998 1898 martyres
3025 1829 3315 1882 Toletanus
3337 1830 3630 1885 fabulator.
3665 1827 3801 1887 Nou-

2216 1914 2283 1952 ne
2330 1899 2471 1952 enim
2521 1898 2645 1951 talia
2687 1909 2840 1958 sunt.
2891 1898 3194 1952 Cornelium
3241 1899 3564 1962 Proculum.
3595 1912 3652 1955 et
3675 1902 3802 1956 Cor-

2215 1968 2415 2022 nelium
2473 1967 2695 2022 Bassum
2750 1985 2780 2022 a
2838 1968 3110 2037 discipulis
3165 1969 3222 2024 S.
3273 1970 3456 2025 Jacobi
3516 1989 3802 2028 conversos

2216 2040 2494 2111 pontiﬁces
2537 2051 2904 2111 martyresque
2936 2039 3118 2111 factos
3162 2041 3422 2094 celebrari
3472 2042 3801 2111 Antiquarize

2222 2110 2274 2162 in
2324 2109 2552 2172 Bzetica,
2598 2109 2834 2183 qtu_)t_l_in
2865 2109 3231 2183 _Liutprando_
3272 2111 3465 2183 legitur
3518 2109 3796 2183 (ad'mram

2216 2194 2462 2242 nrcxxrv,
2493 2196 2617 2250 ann.
2672 2179 2835 2250 686)?
2864 2178 2918 2232 in
2964 2195 3069 2246 quo
3115 2178 3346 2234 habitus—
3376 2180 3477 2235 fuit
3524 2178 3797 2250 respectus

2216 2250 2281 2301 ad
2310 2249 2708 2317 inscriptionem
2739 2249 2999 2318 duplicem
3025 2289 3038 2313 ,
3069 2265 3294 2319 quarum
3321 2251 3548 2304 alteram
3579 2249 3652 2305 Μ.
3677 2254 3801 2306 Coro

2218 2319 2388 2388 uelitis
2416 2319 2675 2372 Proculus
2720 2319 2883 2373 Liviae
2921 2321 3194 2388 Augustte,
3249 2321 3472 2374 alteram
3518 2322 3800 2376 Cornelius

2218 2387 2414 2442 Bassus
2466 2389 2594 2442 Caio
2641 2388 2835 2442 Caesari
2896 2389 3134 2458 pontifex
3199 2400 3425 2458 ttterque
3480 2394 3796 2450 Ctesarum.

2216 2461 2481 2526 quomodo
2534 2475 2601 2531 se
2637 2459 2942 2531 appellant,
2999 2459 3360 2531 dedicavere;
3423 2478 3668 2531 quasque
3725 2461 3801 2515 vel

2221 2545 2362 2610 nunc
2410 2529 2604 2610 gemini
2648 2529 2994 2610 ριςίυξρῖςιθιιῃι
3036 2530 3244 2610 lapides
3279 2529 3616 2601 Antiquaria:
3655 2535 3799 2586 urbis

2219 2596 2494 2671 [Tarpeius
2521 2599 2572 2652 in
2600 2596 2738 2671 nolis
2766 2599 2920 2668 hujus
2952 2599 3072 2671 loci]
3091 2596 3270 2669 ’(212).

2287 2669 2373 2722 8i.
2418 2669 2482 2722 Et
2527 2670 2737 2742 cuinam
2784 2671 2872 2722 alii
2904 2671 3011 2742 no_ti
3056 2669 3190 2742 sunt
3211 2671 3309 2725 SS.
3341 2671 3536 2733 Maria,
3571 2671 3799 2742 Joseph,

2217 2737 2430 2800 Victor.
2477 2749 2530 2792 et
2564 2738 2910 2803 Theodorus,
2943 2739 3116 2794 Castri
3165 2741 3451 2796 Octaviani
3495 2743 3547 2796 in
3593 2737 3800 2796 Catala-

2218 2809 2303 2861 uia
2328 2808 2446 2861 MM.
2475 2825 2701 2876 quorum
2731 2811 2796 2863 ad
2824 2827 3020 2864 anntun
3049 2811 3148 2864 785
3177 2813 3287 2865 sive
3317 2830 3483 2866 :eram
3514 2829 3798 2871 occentu.

2216 2890 2269 2932 et
2313 2879 2573 2952 Genesius
2604 2878 2864 2952 Gorduba:
2897 2897 3084 2952 passus
3130 2883 3228 2935 sub
3277 2881 3524 2947 Nerone,
3557 2885 3713 2952 cujus
3741 2885 3800 2934 ad

2217 2961 2413 3021 annum
2461 2949 2602 3021 r668,
2623 2951 2756 3021 Asivc
2799 2967 2961 3003 {cram
2995 2951 3128 3014 706,
3181 2952 3549 3021 Liutprandus
3581 2949 3803 3006 mentio-

533 3018 886 3092 pretationem
924 3023 968 3076 si
998 3023 1321 3091 quaerimus,
1352 3018 1583 3093 Joannes
1614 3022 1864 3075 'l‘amaitts
1893 3038 2113 3093 suecttr-
2141 3034 2184 3093 C
2219 3034 2340 3072 nem
2385 3020 2585 3093 habet?
2611 3018 2768 3074 Certe
2802 3021 2940 3093 hunc
2970 3023 3258 3093 secundum
3291 3018 3450 3076 enixe
3478 3025 3764 3078 admodum
3785 3063 3797 3084 .

535 3091 634 3156 rit,
669 3093 928 3164 Alonguia
957 3093 1208 3164 oppidum
1253 3109 1416 3164 prope
1465 3092 1764 3157 Scalabim,
1823 3093 1935 3164 sive
1967 3091 2108 3146 San-

533 3172 700 3232 turcm
751 3162 1019 3216 civitatem
1071 3161 1215 3232 Tago
1254 3161 1496 3230 adjacere
1528 3182 1539 3214 :
1575 3164 1625 3216 in
1676 3178 1781 3230 quo
1820 3163 2112 3216 subodora-

535 3241 620 3302 tus
661 3231 760 3284 fuit
806 3234 986 3300 Allgid?
1038 3231 1285 3302 majtiris,
1330 3234 1440 3288 sive
1487 3232 1916 3302 Reichenuugiw,
1971 3232 2111 3300 quod

533 3300 852 3356 Germanice
905 3300 1128 3356 divitem
1164 3305 1389 3358 insulam
1442 3313 1629 3365 sonat,
1669 3300 1893 3372 insignis
1928 3318 2112 3356 mona-

532 3373 716 3435 sterii,
771 3373 870 3426 hoc
923 3374 1202 3441 vestigium
1250 3376 1516 3436 nominis,
1567 3373 1706 3442 quod
1749 3373 2113 3426 insinuaverat

532 3443 697 3496 f.dsus
731 3443 817 3495 ille
861 3443 1246 3513 chronoIOgus,
1295 3456 1454 3512 atque
1500 3445 1627 3497 item
1655 3445 1730 3495 ait
1772 3459 1932 3511 prope
1973 3443 2111 3494 idem

533 3513 787 3580 oppidum
835 3528 952 3566 esse
1003 3515 1192 3567 vallem
1223 3516 1286 3566 de
1334 3515 1582 3566 Bollardo
1613 3513 1839 3575 dictam,
1896 3515 1997 3565 hoe
2029 3527 2114 3564 vo-

535 3583 781 3637 cabulum
833 3584 916 3636 vix
947 3585 1149 3638 distare
1192 3601 1222 3638 a
1279 3583 1552 3637 Mcinardo
1583 3582 1936 3652 subjungens,
1971 3583 2112 3650 quod

532 3669 717 3726 verum
779 3663 834 3708 ct
886 3654 1107 3725 vulgare
1162 3655 1330 3726 magis
1395 3654 1564 3708 sancti
1618 3655 1857 3706 eremitte
1914 3668 2111 3706 nomen

533 3723 656 3775 fuit.

603 3794 690 3848 89..
735 3794 840 3849 Sed
888 3795 1131 3865 relinquo
1182 3795 1353 3850 libens
1399 3811 1502 3849 non
1558 3792 1762 3849 insanis
1824 3792 2115 3865 lectoribus

536 3863 883 3918 Tamaianam
934 3863 1072 3919 hanc
1125 3866 1564 3933 conjectationcm
1613 3865 1819 3934 Alpinis
1876 3863 2115 3934 frigidio-

536 3948 647 3984 rem
686 3934 897 3988 nivibus
928 3932 1338 4002 dijudicandam.
1377 3935 1538 3988 Plane
1583 3932 1738 4002 hujus
1791 3932 1964 3988 sancti
1994 3932 2112 3986 llel-

535 4003 691 4074 vctici
732 4006 969 4058 cremitae
998 4022 1058 4058 ac
1091 4007 1340 4074 martyris
1378 4004 1668 4070 Meinradi,
1720 4017 1812 4057 aut
1847 4003 2112 4072 Meginra-

535 4069 609 4134 di,
631 4074 872 4144 monachi
895 4076 1040 4140 prius
1067 4077 1116 4127 in
1137 4069 1536 4144 Augim-Divitis
1558 4069 1900 4138 monasterio,
1926 4069 2114 4126 deinde
2161 4124 2164 4125 ,

533 4145 700 4213 eremi
752 4141 1134 4213 Nigrae-Sylva:
1199 4141 1382 4212 viginti
1437 4160 1529 4197 sex
1581 4159 1840 4213 annorum
1887 4145 2110 4205 incolae,

537 4211 859 4278 tandemque
901 4229 930 4265 a
977 4211 1184 4267 duobus
1235 4211 1528 4268 latronibus
1584 4211 1879 4277 interfecti,
1928 4229 2113 4283 super-

537 4287 674 4354 stmt
705 4292 825 4354 acta
869 4284 1118 4354 auouymi
1163 4284 1427 4349 auctoris,
1471 4298 1628 4352 quem
1657 4283 1998 4354 Bennonem,
2030 4297 2109 4354 se-

535 4352 770 4421 cundum
799 4351 953 4420 hujus
981 4351 1146 4407 eremi
1193 4354 1416 4407 incolam
1436 4393 1450 4414 ,
1483 4351 1587 4406 non
1629 4363 1828 4406 temere
1852 4352 2114 4421 judicavit

534 4418 841 4475 Bollandus.
868 4418 989 4476 i'imc
1019 4432 1133 4476 acta
1156 4465 1170 4487 ,
1205 4439 1324 4477 cum
1359 4424 1546 4477 Surius
1580 4418 1966 4490 aliquantuium
1999 4438 2116 4476 mu—

469 4528 472 4531 -
536 4497 681 4553 tata,
733 4501 842 4543 ttun
887 4490 1302 4560 Christophorus
1341 4494 1701 4546 liartmannus
1754 4495 1804 4545 in
1837 4493 2117 4546 annalibus

535 4562 648 4632 suis
691 4561 1040 4632 Einsidrlensis
1085 4566 1140 4615 ὃ.
1193 4563 1447 4616 Meiuradi
1497 4563 1840 4627 monasterii,
1885 4564 2025 4632 quod
2064 4563 2114 4614 itt

537 4630 590 4682 in
632 4632 818 4683 eodem
869 4631 986 4685 loco
1025 4633 1149 4702 ejus
1186 4632 1425 4702 martyrii
1468 4644 1651 4702 postea
1705 4632 1804 4702 fuit
1836 4630 2112 4694 ereetmn;

537 4711 648 4751 tum
680 4701 893 4772 demum
925 4701 1210 4756 Bollandus
1248 4701 1415 4772 nuper
1445 4701 1692 4756 laudatus
1732 4701 1783 4756 in
1817 4704 1962 4757 Actis
1993 4717 2117 4756 san-

538 4778 746 4841 ctorum
795 4769 1034 4825 Januarii
1087 4771 1172 4825 die
1227 4769 1342 4836 21,
1393 4772 1752 4840 publicavere.
1809 4772 1864 4824 In
1921 4773 2115 4841 quibus

469 4875 472 4878 ι
538 4839 756 4892 disertis
799 4842 977 4894 verbis
1036 4842 1292 4896 habemus
1342 4839 1616 4905 netatutn,
1677 4839 1954 4895 cremitani
2016 4859 2112 4893 no-

471 4946 474 4950 .
539 4914 716 4982 citrum
761 4910 992 4982 priorem
1021 4927 1051 4964 ει
1088 4928 1146 4965 sc
1175 4915 1399 4981 petitum
1437 4913 1586 4982 juxta
1634 4912 1978 4982 Tigttriuutn,
2017 4927 2112 4965 seu

541 4976 849 5030 'l‘uricinum
900 4979 1106 5044 lacum,
1156 4976 1320 5035 eremi
1366 4976 1535 5034 locum
1585 4976 1785 5044 septem
1831 4981 1984 5033 annis
2018 4983 2114 5031 ha-

2216 3098 2430 3164 propter
2462 3088 2810 3164 frequentem
2831 3090 3051 3164 Genesii
3076 3094 3325 3164 martyris
3353 3096 3800 3164 ntmcupatiouem

2214 3161 2267 3231 in
2301 3158 2546 3226 Hispanis
2586 3158 3230 3231 quihusdamEcclesiis,‘
3260 3179 3363 3216 non
3391 3161 3518 3230 jure
3538 3158 3798 3231 abrogata

2217 3229 2329 3283 sive
2371 3231 2702 3283 Arelatensis
2753 3232 2864 3283 sive
2911 3230 3137 3285 Romani
3184 3229 3541 3286 Gcnesidrum
3603 3229 3799 3288 mento-

2217 3299 2327 3362 ria,
2381 3297 2674 3374 Hispanum
2731 3315 2971 3374 asserere
3021 3303 3191 3374 civem
3243 3312 3297 3356 ct
3353 3315 3653 3374 martyrem
3711 3303 3797 3356 lii-

2213 3383 2379 3491 guera
2412 3371 2704 3422 contendit.
2740 3370 2870 3423 Nam
2907 3379 2961 3424 et
2996 3373 3059 3425 ad
3087 3382 3264 3438 partes
3295 3373 3441 3425 venit
3470 3370 3577 3427 non
3611 3376 3796 3436 semel,

2250 3438 2455 3491 ulianus
2494 3443 2570 3491 lin
2617 3439 2809 3491 Chron.
2863 3456 3009 3491 num.
3056 3442 3189 3491 376.
3236 3452 3284 3491 et
3325 3445 3459 3491 Adv.
3504 3445 3635 3491 ης),
3670 3447 3796 3491 ὅθεν.

2250 3438 2455 3492 ulianus
2494 3443 2570 3508 (in
2617 3439 2809 3493 Chron.
2863 3456 3009 3493 num.
3056 3442 3189 3505 376,
3236 3452 3284 3493 et
3325 3445 3459 3496 Adv.
3504 3445 3636 3508 H9,
3670 3447 3796 3503 5.5.9.

2216 3509 2351 3584 fit“)
2380 3509 2600 3584 laudata
2643 3511 2758 3564 aede
2795 3527 2946 3584 saera
2972 3583 2977 3584 ί
3000 3510 3261 3584 Toletana
3295 3511 3503 3567 Gcnisii
3555 3517 3799 3584 martyris

2215 3580 2604 3651 Cordubensis.
2662 3596 2692 3633 a
2744 3597 2850 3648 quo
2896 3582 3155 3636 habemus
3203 3583 3503 3651 Hispanum
3559 3580 3724 3639 fuisse
3752 3594 3800 3636 et

2216 3648 2456 3718 militem
2481 3650 2828 3718 legionarium
2878 3653 2930 3705 in
2974 3653 3190 3706 castello
3244 3648 3535 3708 Mnetensi
3589 3656 3796 3716 «Nan,

2209 3719 2364 3788 juxta
2419 3717 2661 3773 Toletum
2693 3761 2706 3783 ,
2759 3721 2825 3774 ad
2879 3722 3112 3775 radicem
3169 3724 3366 3777 montis
3425 3725 3490 3777 de
3547 3725 3798 3778 Altamim

2216 3789 2399 3864 dicti);
2428 3789 2793 3864 celebrarique
2824 3791 2939 3864 ejus
2975 3791 3164 3864 festum
3211 3792 3305 3856 20,
3353 3794 3501 3857 sive,
3534 3807 3591 3848 ut
3623 3797 3795 3864 legen-

2217 3858 2352 3932 dum
2396 3858 2647 3932 est,_dic
2698 3860 2767 3932 25
2818 3858 3086 3931 Augusti;
3132 3879 3328 3930 corpus
3381 3877 3564 3918 autem
3608 3858 3723 3932 ejus
3771 3880 3797 3916 e

2215 3928 2459 4051 Farduba
2493 3929 2841 3996 Alarcurrim,
2880 3928 3108 4002 indeque
3140 3928 3383 3987 Toletum
3420 3934 3592 3990 fuisse
3622 3928 3794 3988 trans-

2237 4009 2403 4051 attun.

2237 4009 2403 4052 atum.

2284 4069 2371 4123 85.
2412 4068 2536 4123 Hinc
2567 4070 2856 4144 Aoumiauin
2896 4073 3218 4144 Adversarii;
3259 4072 3384 4143 (HO
3411 4083 3458 4126 et
3496 4073 3644 4144 48!).
3677 4074 3796 4141 Qui-

2215 4139 2322 4212 bus
2351 4152 2536 4208 aperte
2567 4141 2706 4212 hunc
2755 4141 3032 4212 distinguit
3060 4158 3089 4195 a
3116 4139 3348 4196 Genesio
3387 4147 3493 4198 alio
3532 4139 3792 4199 Anastas‘i

2215 4210 2362 4284 socio
2410 4211 2588 4284 dic_li
2633 4209 2881 4266 Octobris
2914 4209 3229 4284 inRuteuio
3278 4213 3552 4284 Hispania)
3584 4217 3794 4284 (Dexter

2217 4280 2453 4358 Alcinum
2497 4279 2906 4358 Carpetanorum
2938 4283 3013 4336 ait
3053 4283 3121 4358 ad
3155 4300 3354 4358 annum
3377 4279 3513 4356 353)
3546 4279 3791 4358 martyre.

2217 4349 2380 4422 Cujus
2438 4351 2490 4402 in
2558 4351 2694 4422 Adv.
2751 4351 2854 4404 526
2905 4354 3167 4406 meminit.
3224 4355 3399 4422 Atque
3452 4349 3792 4410 idcirco'noa

2221 4421 2403 4473 debuit
2430 4422 2511 4473 vir
2555 4421 2884 4475 clarissimus
2927 4423 2984 4474 D.
3039 4421 3362 4482 Laurentius
3394 4425 3733 4480 Ramirczins
3762 4443 3790 4478 ει

2219 4489 2380 4543 Prato
2420 4491 2484 4542 ad
2541 4489 2883 4544 Ft'aneiscum
2934 4493 3203 4546 Bivarium
3252 4496 3316 4548 de
3369 4496 3622 4550 Geuesiis
3668 4499 3792 4551 scri-

2218 4561 2383 4622 bens,
2430 4560 2610 4613 omnia
2655 4563 2765 4615 haec
2812 4561 3005 4616 Juliani
3051 4565 3356 4617 testimonia
3386 4567 3454 4619 de
3483 4569 3671 4620 eodem
3705 4568 3794 4621 Ge-

2218 4630 2369 4706 n-esio
2411 4633 2683 4706 accipere,
2721 4630 3195 4706 diﬂ‘erentiamque
3227 4636 3329 4688 diei
3385 4639 3634 4706 martyrii
3687 4654 3795 4692 cor-

2220 4701 2390 4766 rigere
2438 4701 2569 4774 velle
2601 4719 2613 4754 :
2647 4702 2713 4774 de
2747 4719 2862 4774 quo
2904 4701 3146 4774 Bivarius
3185 4703 3234 4756 in
3285 4701 3642 4774 responsbne
3683 4725 3791 4761 eum

2217 4772 2523 4832 admonuit,
2567 4771 2916 4826 variationem
2959 4773 3152 4827 Juliani
3196 4775 3262 4828 ad
3292 4771 3663 4830 conditionem
3701 4780 3794 4831 Ad-

2218 4839 2559 4891 t'ersariornm
2607 4857 2724 4909 qua:
2773 4844 3173 4897 tumultuarium
3212 4846 3658 4899 observationem
3693 4848 3790 4900 for-

2221 4924 2360 4982 ruam
2405 4911 2712 4982 continent,
2759 4912 3019 4978 rejieicns.
3067 4915 3334 4982 Quidquid
3375 4927 3559 4969 tamen
3591 4918 3635 4970 is
3663 4918 3791 4970 dicat

2220 4978 2284 5029 de
2332 4990 2562 5044 quatuor
2611 4981 2886 5044 Geuesiis,
2936 4998 2972 5036 ι.
3019 4978 3355 5043 Arelatensi,
3416 5001 3478 5037 ll.
3527 4986 3787 5043 liomauo.
