4012 5334
225 269 333 328 969

1661 255 2070 314 (ΣΙΙΒΟΧΙΟΟΝ.

3382 254 3484 308 970

223 380 409 451 gravis
436 389 490 434 et
519 377 770 442 difﬁcilis,
808 385 862 431 et
885 373 1190 430 innumeris
1217 372 1470 443 periculis
1511 371 1808 425 incommo-
1837 379 1882 437 Α
1913 382 2058 436 :egre
2085 373 2450 420 sustentamus
2485 366 2647 419 vitam
2681 366 2730 419 in
2767 366 2865 419 bac
2897 366 3058 429 flebili
3091 366 3332 434 duraque
3363 383 3492 437 capo

223 469 416 538 disque
465 465 972 538 iacxcogitabilibus
1021 463 1287 534 exposita,
1331 464 1500 516 donec
1544 462 1608 513 ad
1659 461 1808 513 littus

221 557 576 628 Optatissimze
611 556 800 627 patriae
830 554 1113 624 pervenire
1138 552 1395 606 Dominus
1428 551 1580 604 nobis
1617 563 1810 602 conce-

221 649 336 703 dat.
366 647 519 715 Quod
551 658 730 702 autem
760 647 1035 701 desideras
1066 645 1206 698 scire
1227 645 1292 697 de
1322 659 1428 707 me,
1461 643 1537 695 sic
1562 641 1758 695 habeto
1790 655 1804 692 :

217 755 324 795 nos
367 741 573 794 versari
621 739 672 792 in
712 739 816 792 isto
859 737 1055 806 oppido
1095 735 1415 790 Granatensi
1464 733 1808 786 llliberitanze

218 841 424 886 nostra:
443 830 646 885 civitati
666 829 910 899 proximo
925 828 1093 897 (215),
1113 827 1252 880 inter
1266 825 1450 878 fideles
1467 823 1804 884 Muzarabes,

216 922 314 991 qui
351 939 474 976 cum
517 921 776 991 improbis
820 919 1106 973 Saracenis
1152 918 1450 987 (utcunque
1495 914 1804 984 possumus)

215 1012 624 1077 conﬂictantes,
665 1011 904 1082 quotidie
955 1009 1251 1072 morimur;
1304 1009 1398 1062 sed
1451 1007 1652 1076 gratias
1696 1005 1805 1060 Deo

215 1102 392 1169 Patri,
433 1114 490 1158 et
521 1104 747 1158 Domino
795 1111 982 1155 nostro
1023 1099 1148 1153 Jesu
1199 1099 1433 1160 Christo,
1481 1097 1597 1166 ejus
1643 1095 1802 1158 Filio,

217 1196 318 1265 qui
360 1197 451 1250 dat
483 1195 627 1250 ferre
658 1209 836 1264 posse,
865 1203 920 1247 et
956 1193 1097 1247 inter
1133 1200 1210 1246 tot
1251 1192 1476 1246 adversa
1522 1189 1678 1244 fidem
1714 1206 1805 1243 ca-

217 1284 481 1339 tholicam
506 1285 734 1338 viriliter
757 1282 1028 1338 confiteri.
1059 1280 1309 1346 Quotidie
1334 1279 1524 1333 crebro
1546 1292 1645 1346 pro
1670 1278 1804 1331 meis

212 1379 475 1435 omnibus
498 1378 691 1432 ovibus
706 1393 802 1431 oro
824 1394 837 1441 ;
863 1376 1052 1429 diebus
1074 1373 1371 1427 Dominicis
1399 1371 1463 1424 ad
1489 1371 1801 1440 patientiam

211 1469 698 1538 constantiamque
729 1483 820 1520 eos
853 1467 1145 1527 exhortor;
1189 1462 1477 1532 aliquando
1520 1461 1621 1531 legi
1664 1460 1802 1515 facio

213 1561 502 1630 epistolam
536 1559 592 1613 S.
626 1557 899 1628 pontificis
931 1556 1155 1610 Adriani
1195 1570 1366 1624 papae,
1413 1569 1573 1621 quam
1607 1552 1670 1606 de
1699 1553 1802 1608 hoc

212 1659 542 1721 argumento
616 1649 682 1701 ad
759 1649 1035 1718 Egilonem
1097 1647 1550 1715 pratdecessorem
1621 1659 1799 1696 meum

1919 460 2145 523 tivitate,
2187 461 2406 525 nedum,
2459 470 2517 513 ut
2561 459 2722 513 liceat
2771 459 2925 515 nobis
2973 461 3190 514 aliunde
3237 475 3487 529 magnam

1909 548 2171 603 librorum
2215 550 2506 619 importare
2553 549 2960 618 supellectilem.
3005 549 3367 618 Quapropter,
3411 547 3485 602 ftli

1911 639 2243 700 charissima,
2299 641 2526 693 obsecro
2586 648 2656 704 te,
2713 648 2767 692 et
2815 654 2910 708 per
2954 649 3195 692 nostram
3246 648 3486 693 veterem

1911 733 2202 786 amicitiam
2259 733 2499 802 impense
2545 733 2812 793 obtestor,
2883 739 2940 783 ut
2981 732 3145 783 vitam
3195 732 3252 784 S.
3301 729 3489 784 Jacobi

1908 820 2150 889 llispani,
2180 821 2234 874 in
2257 821 2456 875 Piceno
2481 830 2667 874 sancte.
2701 821 2897 873 mortui
2940 820 3115 889 primo
3143 818 3484 880 Novembris,

1909 919 1962 965 et
1991 910 2340 966 Metastbenis
2363 911 2540 965 Persm
2578 912 2772 964 librum
2810 911 2880 964 De
2912 908 3270 971 Monarcbiis,
3305 908 3393 961 ubi
3427 909 3479 961 iu

1907 999 2192 1054 Persarum
2233 1001 2382 1070 ponit
2420 1001 2656 1064 Darium,
2687 1000 2906 1068 Cyrum,
2943 999 3263 1069 Cambysem
3292 1008 3345 1052 et
3381 998 3488 1053 Ar-

1911 1099 2208 1154 taxerxem,
2259 1100 2382 1160 post
2428 1091 2655 1143 alterum
2709 1091 2928 1143 Darium
2978 1089 3389 1158 Longimanum,
3437 1099 3492 1142 et

1908 1183 2079 1236 sicubi
2145 1182 2195 1235 in
2259 1182 2564 1236 Germania:
2641 1182 2978 1236 bibliothecis
3027 1182 3246 1236 delitent
3303 1183 3489 1236 Dextri

1907 1273 2176 1342 Marcique
2219 1273 2432 1327 Maximi
2479 1275 2676 1342 scripta
2722 1274 2771 1326 in
2822 1273 3154 1326 membranis
3199 1274 3484 1336 chronica,

1905 1379 2024 1432 quae
2059 1379 2321 1432 nusquam
2357 1364 2408 1416 iu
2436 1363 2708 1432 Hispaniis
2735 1363 2970 1431 reperire
3011 1364 3176 1432 potui,
3211 1363 3484 1435 exscripta

1905 1453 1970 1505 ad
2023 1468 2108 1507 me
2152 1454 2548 1523 quamprimum
2594 1454 2799 1518 mittas,
2847 1462 2901 1507 et
2953 1454 3018 1510 de
3061 1464 3151 1509 luo
3207 1456 3375 1511 addas
3419 1459 3488 1511 ab

1906 1558 2046 1597 anno
2086 1545 2222 1609 612,
2255 1545 2341 1597 ubi
2380 1545 2552 1597 finivit
2582 1544 2864 1608 Maximus,
2899 1562 3067 1615 usque
3110 1547 3177 1599 ad
3209 1557 3297 1601 tua
3348 1556 3484 1601 tem—

1904 1649 2056 1701 pora,
2103 1635 2204 1687 hoe
2245 1645 2349 1695 est,
2380 1635 2445 1688 ad
2486 1651 2685 1687 annum
2729 1635 2853 1688 960.
2895 1636 3112 1688 Multum
3155 1635 3402 1690 fortassis
3435 1645 3487 1690 te

207 1753 418 1797 sanctm
448 1741 722 1796 memorim
745 1740 1050 1810 pontiﬁcem
1091 1740 1258 1802 misit,
1287 1755 1406 1808 qua:
1435 1739 1486 1792 in
1509 1738 1796 1791 Tabulario

1909 1739 2095 1787 onero,
2141 1725 2231 1777 sed
2291 1724 2382 1777 tibi
2433 1724 2687 1794 perfacile
2742 1726 2841 1777 erit
2887 1724 2988 1778 hoc
3037 1724 3292 1790 cilicium,
3353 1725 3486 1778 mibi

213 1842 421 1886 nostra:
455 1832 711 1886 Ecclesia:
749 1841 1059 1884 reverenter
1091 1842 1358 1891 servatur,
1399 1830 1540 1883 sicut
1571 1828 1800 1882 aliorum

205 1923 585 1978 Romanorum
643 1924 982 1991 pontificum,
1030 1932 1085 1975 ct
1135 1921 1424 1991 diptycbon
1486 1936 1698 1974 sacrum
1749 1928 1802 1974 et

211 2021 601 2090 episcoporum
638 2020 797 2089 bujus
832 2019 1122 2082 Ecclesiae;
1156 2033 1274 2086 qme
1309 2017 1582 2071 Cmcilium
1612 2017 1802 2070 babuit

206 2112 448 2181 primum
483 2121 775 2180 pastorem,
815 2112 874 2165 S.
919 2111 1133 2174 Jacobi,
1179 2126 1299 2162 cum
1336 2109 1484 2162 venit
1518 2109 1569 2161 in
1607 2108 1802 2178 Hispa-

205 2205 358 2257 niam
399 2202 768 2273 Jerosolymis,
817 2203 1149 2256 individuum
1195 2202 1484 2260 comitem;
1550 2201 1801 2270 jugisque

207 2293 473 2346 memoria
519 2302 827 2346 sanctorum
867 2302 1185 2362 martyrum,
1225 2293 1315 2361 qui
1363 2293 1416 2345 in
1467 2293 1800 2360 persecutio-

205 2382 371 2435 nibus
403 2381 657 2435 Ecclesia:
699 2397 795 2450 pro
845 2381 948 2435 fide
985 2381 1250 2436 catholica
1293 2390 1606 2436 constanter
1658 2382 1798 2450 passi

207 2480 372 2535 sunt;
421 2487 520 2525 nec
575 2471 788 2535 desunt,
837 2486 972 2540 quos
1016 2470 1278 2525 Saraceni
1324 2479 1613 2535 mactatos,
1655 2479 1707 2525 et
1747 2470 1798 2525 in

206 2563 491 2617 occisione
530 2561 689 2631 gladii
732 2569 950 2614 necatos
1001 2561 1066 2614 ad
1117 2560 1284 2616 caelos
1331 2560 1704 2613 transmittunt
1745 2561 1798 2613 in

208 2653 352 2708 dies.
386 2653 490 2708 Ora
518 2669 616 2723 pro
654 2669 756 2717 me,
811 2652 882 2705 [ili
921 2652 1265 2706 cbarissimc.
1298 2651 1588 2706 Gratanter
1617 2653 1799 2722 accepi

209 2744 412 2798 librum
440 2754 612 2811 tuum,
648 2746 698 2799 id
722 2753 821 2806 est,
863 2761 1035 2799 rerum
1058 2755 1320 2815 gestarum
1346 2746 1399 2798 in
1427 2744 1638 2813 Europa
1672 2745 1799 2798 Ilis-

209 2834 431 2896 toriam,
488 2844 543 2888 et
602 2844 859 2902 przeterea
932 2834 1292 2902 Aulupodosin
1359 2843 1504 2888 tuam
1556 2835 1801 2889 carmine

209 2938 484 2991 prosaque
514 2933 848 2985 contextam,
903 2933 958 2976 ut
1008 2924 1132 2976 fecit
1162 2923 1288 2976 olim
1336 2924 1554 2992 sapiens
1587 2925 1801 2978 Boetius

211 3012 265 3064 in
292 3012 432 3065 libro
456 3013 529 3067 De
564 3013 934 3067 consolatione
962 3013 1352 3083 philos0pbica.
1381 3013 1567 3083 Quem
1597 3015 1798 3069 librum

1905 1825 2052 1870 certe
2075 1817 2396 1886 jucundum,
2422 1833 2489 1870 ne
2512 1818 2688 1871 dicam
2722 1818 2894 1871 amori
2929 1818 2980 1871 in
3013 1827 3062 1872 te
3089 1833 3208 1872 meo
3236 1833 3371 1887 pene
3392 1817 3486 1871 de-

1901 1888 2096 1959 bitum.
2141 1908 2293 1971 Vale,
2329 1908 2398 1960 fili
2437 1909 2778 1973 cbarissime,
2813 1919 2866 1961 et
2909 1924 3007 1978 pro
3045 1909 3151 1964 hoc
3193 1923 3322 1965 sene
3352 1924 3488 1978 pro-

1903 1995 2062 2050 lixius
2093 1997 2258 2051 Deum
2279 2012 2396 2051 ora.

2254 2113 2538 2182 Responsio
2576 2112 2888 2182 Luitpraudi
2928 2115 3100 2186 (216).

1974 2203 2274 2256 Admodum
2323 2204 2637 2268 revetendo,
2684 2212 2739 2258 et
2782 2205 2946 2259 totius
2985 2206 3288 2260 sam-litatis
3326 2206 3485 2276 pleno

1904 2295 2306 2350 Tnacrwcxoo
2339 2295 2457 2368 [al.,
2493 2295 2829 2368 [insinuabo]
2873 2297 3125 2367 episcopo
3153 2297 3486 2353 Illiberitano

1905 2388 1956 2441 in
1989 2388 2269 2456 Hispania,
2301 2387 2695 2452 Lunpnasous,
2725 2403 2829 2440 non
2856 2388 2989 2441 meis
3006 2388 3212 2442 meritis
3232 2389 3486 2444 Ecclesia:

1905 2477 2204 2532 Ticirensis
2258 2478 2466 2543 levites,
2521 2478 2770 2541 salutem,
2815 2486 2867 2530 ct
2894 2478 3258 2533 omnimodam
3290 2480 3482 2535 obser-

1905 2569 2194 2622 vationem.

1978 2657 2205 2712 Gratum
2256 2659 2385 2712 mihi
2430 2659 2550 2723 fuit,
2604 2659 2912 2714 beatissime
2956 2673 3097 2729 papa
3158 2674 3221 2712 ac
3271 2659 3487 2714 domine

1907 2752 2135 2805 multum
2190 2753 2547 2816 observando,
2594 2753 2737 2822 quod
2787 2731 3136 2821 Antapodosis
3177 2761 3379 2817 nostra,
3431 2753 3486 2805 in

1904 2858 2008 2912 qui
2067 2859 2208 2898 nunc
2254 2844 2496 2898 carmine
2545 2859 2688 2899 nunc
2736 2859 2893 2913 prosa
2946 2843 3091 2908 ludo,
3149 2843 3361 2897 tandem
3419 2843 3486 2896 ad

1904 2949 2096 2987 manus
2135 2945 2252 2987 tuas
2293 2935 2632 3002 pervenerit;
2666 2950 2767 2988 nec
2804 2934 2982 2988 minus
3024 2948 3144 2987 meo
3185 2934 3325 2987 sedit.
3369 2935 3486 2987 atti-

1908 3041 1995 3080 mo
2014 3027 2187 3098 (217),
2206 3030 2347 3096 quod
2374 3043 2546 3082 meam
2573 3044 2741 3082 rerum
2765 3037 3028 3098 gestarant
3048 3029 3101 3081 in
3119 3026 3332 3097 Europa
3358 3026 3484 3080 His-

209 3101 386 3156 Βοειίὶ
417 3103 661 3158 δενθτίηί
686 3104 952 3173 (memini)
985 3104 1273 3172 diligenter
1302 3121 1400 3159 n05
1432 3105 1537 3159 duo
1576 3122 1798 3175 percur-
1825 3084 1869 3146 Ο
1902 3115 2092 3168 loriam
2130 3117 2446 3186 perlegeris.
2480 3118 2608 3184 Qua:
2643 3119 2772 3171 mibi
2813 3119 3044 3187 quodam
3086 3121 3244 3174 modo
3273 3119 3490 3188 placere

211 3194 386 3248 rimus
409 3194 603 3259 Toleti,
634 3211 753 3249 cum
780 3211 880 3266 ego
909 3197 1190 3266 presbyter
1217 3212 1415 3260 essem,
1471 3207 1637 3266 tuque
1673 3199 1796 3252 sub-

213 3286 481 3340 diaconus
533 3286 673 3340 illius
725 3297 928 3340 sancta:
986 3287 1244 3341 Ecclesia:
1302 3287 1624 3341 Toletance:
1681 3303 1799 3357 qua:

210 3390 434 3445 semper
478 3390 603 3428 vera
634 3376 732 3429 fuit
779 3376 884 3451 filia
922 3377 1275 3446 primogenita
1309 3377 1563 3430 Ecclesia:
1597 3387 1798 3431 sancta-3

211 3466 593 3529 Romanensis,
621 3477 671 3521 et
699 3483 820 3522 cum
850 3469 1320 3538 patriarcbalibus,
1346 3478 1466 3538 post
1491 3469 1797 3524 Remanen-

211 3570 351 3621 sem,
395 3557 591 3611 merito
628 3558 988 3626 comparanda
1035 3572 1048 3610 :
1094 3557 1247 3625 cujus
1275 3567 1480 3625 pastor,
1521 3559 1684 3612 totius
1716 3566 1798 3613 est

213 3647 488 3717 Hispaniae
536 3650 735 3717 primas
779 3661 834 3704 et
879 3651 1209 3720 patriarcha.
1266 3650 1430 3705 Plane
1471 3651 1616 3715 libri,
1661 3668 1796 3720 quos

213 3739 435 3803 misisti,
486 3742 734 3796 crebram
782 3744 996 3810 sapiunt
1047 3743 1342 3807 lucernam,
1377 3750 1430 3796 et
1473 3751 1622 3795 tuum
1667 3742 1793 3796 felix

212 3829 462 3883 redolent
494 3831 786 3900 ingenium.
819 3831 960 3885 lien!
998 3833 1138 3886 scito
1179 3846 1276 3886 nos
1321 3832 1558 3885 maxima
1613 3846 1791 3886 rerum

207 3919 457 3973 omnium
491 3922 917 3976 necessariarum
948 3922 1332 3976 commoditate
1366 3921 1624 3986 destitui;
1665 3938 1792 3976 nam

1906 3205 2191 3274 incipiunt,
2237 3223 2359 3260 cum
2415 3208 2509 3261 tibi
2553 3209 2679 3277 viro
2731 3219 2882 3264 recto
2933 3211 3200 3278 doctoque
3253 3213 3488 3279 quodam

1906 3298 2064 3352 modo
2105 3299 2321 3368 probari
2359 3299 2535 3364 video,
2578 3313 2942 3368 sequererque
2971 3309 3114 3354 tuam
3147 3301 3198 3354 in
3236 3316 3297 3355 ea
3333 3314 3486 3372 parte

1905 3389 2257 3456 sententiam,
2293 3390 2393 3443 nisi
2421 3390 2611 3444 scirem
2637 3404 2874 3444 amorem
2907 3391 3174 3444 interdum
3201 3393 3480 3455 czecutire;

1907 3491 2239 3545 quanquam,
2280 3479 2423 3546 quod
2469 3479 2533 3532 de
2563 3487 2670 3532 tam
2709 3494 2853 3532 emco
2877 3477 3082 3546 judicio
3124 3480 3370 3544 liberem,
3398 3479 3483 3533 fa-

1904 3563 2056 3619 ciunt
2094 3565 2380 3635 integritas
2406 3567 2528 3621 vita:
2558 3578 2661 3622 tua:
2694 3576 2750 3622 et
2790 3584 2942 3622 amor
2971 3569 3102 3631 veri,
3146 3569 3236 3637 qui
3270 3584 3484 3638 semper

1907 3656 2011 3710 tuis
2058 3657 2262 3711 intimis
2309 3659 2555 3713 sensibus
2598 3660 2666 3714 ab
2712 3660 3076 3714 adolescentia
3122 3662 3294 3715 haesit.
3357 3663 3487 3718 Pos-

1903 3755 2078 3802 tremo
2105 3764 2209 3803 non
2254 3749 2430 3804 minus
2464 3748 2758 3817 jucundum
2806 3753 2936 3806 mihi
2970 3752 3092 3817 fuit,
3141 3754 3281 3821 quod
3324 3757 3484 3808 modo

1896 3839 2077 3908 jubes,
2117 3850 2177 3894 ut
2218 3841 2273 3895 in
2312 3841 2599 3896 Fuldensis
2639 3842 2950 3896 monasterii
2974 3841 3318 3912 {bibliotheca
3370 3845 3485 3914 (ubi

1900 3946 2042 3985 nunc
2072 3931 2224 3986 exsul
2268 3927 2711 3988 bibliothecarius
2760 3933 3044 4002 immoror)
3091 3951 3329 4004 quaeram
3383 3938 3481 3992 tibi

1165 4033 1223 4087 P.
1266 4033 1597 4089 HlGUERzE
1635 4034 1722 4088 ET
1762 4036 1850 4093 DE
1887 4039 2267 4102 LAURENTII
2300 4045 2526 4101 ΝΟΤιΕ.

208 4142 336 4196 cap,
365 4125 664 4198 l5,l‘ol._55
698 4143 763 4198 τῇ(
797 4126 972 4181 Todas
1012 4136 1160 4182 cstas
1186 4127 1658 4198 palabrasparcce
1686 4145 1794 4198 que

207 4199 402 4267 quiere
440 4196 681 4267 concluir
713 4196 939 4260 Seneca,
971 4213 1073 4265 que
1116 4213 1176 4251 es
1222 4197 1370 4252 licito
1411 4197 1460 4251 al
1498 4199 1658 4253 home
1688 4196 1796 4255 f‘uir

209 4265 278 4321 de
325 4268 389 4342 la_
407 4267 548 4342 vida.
594 4265 644 4320 lo
690 4267 813 4342 qual
859 4283 928 4320 no
959 4283 1017 4320 es
1057 4269 1621 4342 ansi,.antes_eseosa
1667 4286 1794 4342 muy

210 4337 536 4405 reprobada,
567 4352 634 4390 no
663 4337 961 4407 solamente
987 4353 1150 4407 segun
1198 4337 1244 4390 la
1280 4339 1475 4392 verdad
1502 4337 1790 4404 catholica,

209 4422 332 4460 mas
359 4422 461 4458 aun
505 4421 672 4475 segun
702 4406 781 4459 los
807 4406 1067 4474 gentiles,
1087 4423 1187 4460 con
1227 4407 1380 4461 Tulio
1425 4423 1491 4462 en
1523 4410 1570 4462 el
1609 4411 1790 4464 Sueﬁo

209 4478 280 4530 de
319 4475 569 4544 Scipion,
623 4475 740 4529 dice
787 4490 891 4544 que
933 4492 1003 4528 no
1051 4477 1184 4531 debe
1219 4478 1348 4531 salir
1390 4477 1440 4532 el
1473 4481 1649 4534 anima
1701 4481 1786 4535 del

209 4560 432 4614 cnerpo,
453 4545 502 4618 si
533 4560 766 4618 non_por
810 4546 1075 4618 mandado
1102 4547 1168 4600 de
1203 4548 1359 4616 aquel
1387 4564 1500 4618 que
1541 4549 1587 4602 la
1628 4566 1782 4618 puso,

206 4631 317 4684 que
357 4631 417 4668 es
450 4615 593 4668 Dios.
627 4615 703 4667 En
732 4624 847 4667 otra
878 4616 1032 4684 guisa
1068 4615 1340 4684 pareciera
1374 4615 1480 4670 fuir
1514 4619 1598 4672 del
1626 4615 1785 4675 oflcio

206 4701 239 4739 e
261 4701 424 4759 cargo
450 4699 556 4754 que
583 4684 706 4759 Dios
734 4684 782 4759 l_e
812 4685 919 4737 dio.
952 4685 1024 4759 ca
1065 4686 1180 4739 ansi
1221 4703 1374 4759 como
1411 4688 1568 4759 d_e_la
1601 4699 1785 4759 gueste

208 4754 476 4829 non‘debe
510 4754 681 4829 partir
709 4755 944 4829 ninguno
967 4755 1048 4808 sin
1078 4756 1340 4829 mandabo
1370 4757 1454 4829 del
1495 4754 1742 4829 Principe
1767 4777 1779 4823 ;

207 4824 327 4877 ansi
370 4825 530 4894 (iesla
569 4824 713 4886 vida,
763 4824 962 4891 laqual,
1010 4841 1176 4894 segun
1215 4826 1331 4880 dice
1359 4826 1481 4890 Job,
1526 4843 1584 4882 es
1627 4824 1785 4884 como

207 4893 653 4968 unaAeaballeria
701 4893 1188 4968 sobre_la__tie’rra,
1226 4912 1349 4968 Αιιυιι
1398 4897 1784 4968 debeialguno

206 4965 398 5032 partir,
449 4965 492 5018 si
549 4979 655 5016 non
703 4965 916 5032 quando
961 4964 1087 5019 Dios
1132 4965 1183 5018 lo
1225 4965 1403 5020 llama.
1466 4986 1482 5016 ι
1543 4964 1791 5023 Pluribus

206 5035 310 5088 hoc
331 5033 702 5103 prosequitur,
725 5049 864 5100 quze,
890 5034 1137 5087 brevitati
1167 5043 1222 5087 ιιι
1245 5036 1543 5098 consulam,
1576 5040 1788 5093 omitto.

206 5104 373 5183 Docet
405 5120 538 5183 ergo
581 5103 917 5182 retinendum
961 5104 1201 5183 animum
1233 5105 1285 5158 in
1328 5105 1571 5183 custodia
1600 5123 1792 5175 corpo-

1898 4137 2061 4192 donec
2082 4139 2240 4215 _Deu_s_
2265 4141 2374 4215 ipse
2404 4159 2496 4215 nos
2526 4143 2797 4215 Adimittal.
2832 4140 2968 4215 Vide
2993 4142 3191 4215 divum
3223 4144 3484 4215 Augttsti-

1898 4223 2047 4283 nam,
2081 4210 2414 4283 De_Civitate
2433 4212 2558 4283 Dei,
2599 4213 2689 4267 lib.
2727 4229 2767 4276 ι,
2792 4227 2912 4281 cap.
2947 4213 3012 4266 19
3043 4222 3096 4266 et
3125 4210 3484 4283 seqqfcujus

1896 4279 2062 4352 verba
2094 4279 2403 4334 referuntur
2424 4282 2478 4334 in
2509 4299 2625 4352 cap.
2655 4284 2710 4337 Si
2753 4279 2873 4336 non'
2899 4283 3041 4345 licet,
3069 4284 3158 4346 ‘25,
3184 4279 3483 4352 quaestione

1895 4346 1949 4421 ἐξ.
1981 4348 2054 4400 Ex
2106 4353 2304 4406 nostris
2324 4346 2727 4421 jttrisc0ttsttltis
2751 4353 2916 4406 multa
2953 4346 3244 4407 cumulavit
3273 4355 3335 4408 ί).
3365 4356 3485 4408 Bal-

1899 4419 2084 4490 tbasar
2145 4419 2434 4476 Gomeiius
2496 4423 2563 4476 de
2632 4425 2940 4487 Amescua,
3012 4423 3348 4490 Toletanus,
3431 4429 3482 4479 in

1894 4488 2174 4563 peculiari
2233 4491 2489 4563 'I_‘ractatn
2557 4492 2638 4563 De
2711 4491 2976 4563 Potestale
3055 4497 3108 4546 in
3183 4488 3408 4563 seipsum
3461 4513 3479 4547 :

1895 4557 2114 4680 groltius
2136 4559 2211 4612 De
2233 4559 2366 4613 Iure
2395 4561 2533 4626 belli,
2565 4561 2654 4615 lib.
2687 4579 2748 4627 ιι,
2773 4577 2892 4630 cap.
2921 4562 3004 4629 19,
3030 4579 3084 4616 ιι.
3117 4563 3150 4616 5
3169 4579 3235 4616 ex
3259 4557 3480 4619 alienis.

1965 4696 2113 4767 (215)
2147 4697 2259 4751 Nos
2280 4701 2474 4753 versari
2501 4702 2554 4754 in
2576 4702 2881 4771 istooppido
2912 4700 3228 4755 Granalensi
3251 4703 3479 4756 llliberio

1895 4776 2033 4839 (ante
2068 4780 2258 4839 nostra?
2305 4771 2502 4822 civitati
2547 4775 2804 4839 proximo.
2846 4772 2975 4826 Vide
3021 4787 3139 4839 qua:
3180 4775 3359 4826 notavi
3408 4775 3476 4827 ad

1893 4836 2215 4891 Chronicon.
2247 4854 2392 4893 num.
2424 4836 2555 4894 202.
2581 4841 2642 4892 D.
2687 4841 2742 4893 1,.

1965 4905 2112 4982 (216)
2133 4907 2413 4982 Responsio
2433 4909 2758 4982 Liui/pratuli.
2783 4911 3200 4982 Meminithujus
3216 4911 3473 4982 epistolm,

1892 4983 1947 5048 et
1975 4977 2108 5045 ejus,
2136 4977 2527 5046 cuirespondit
2553 4977 2929 5048 Luitprandus,
2957 4977 3201 5035 Julianus
3224 4977 3274 5035 in
3306 4982 3477 5035 Chro-

1895 5046 2036 5112 nico,
2063 5064 2208 5101 num.
2239 5048 2344 5101 505
2377 5066 2388 5100 :
2427 5068 2444 5099 ι
2476 5046 2728 5103 Florebat
2758 5065 2852 5117 per
2885 5053 2935 5104 id
2977 5060 3191 5118 tempus
3214 5063 3267 5106 et
3298 5051 3474 5105 Toleti

1897 5119 2178 5186 presbyter
2230 5118 2634 5173 Trasemundus
2678 5119 2808 5186 (lege
2861 5120 3317 5186 Tractetmtmius)
3358 5134 3482 5186 post
