4012 5334
573 270 669 327 9?]

1688 274 2035 332 APPENDIX
2070 273 2162 330 AD
2195 273 2715 334 LIUTPRANDUM.
3718 270 3827 331 971

571 382 881 438 Chronicon
917 383 1123 450 Dextri,
1151 383 1291 454 quod
1312 378 1527 441 Marcus
1556 384 1824 444 Maximus
1854 387 2151 444 monachus
2175 392 2227 452 Α
2253 387 2444 443 ovibus
2471 389 2576 445 tuis
2617 403 2678 443 es
2712 384 2905 443 solatio
2936 395 2993 443 et
3028 385 3250 452 auxilio,
3294 385 3384 459 qui
3414 384 3660 460 quotidie
3686 400 3817 446 mor-

571 473 973 540 Benedictinus,
1018 481 1205 543 postea
1257 475 1542 547 episcopus
1600 475 2145 550 Caesaraugustanus,

569 573 887 637 prosecutus
906 575 1007 620 est.
1043 564 1111 620 Et
1140 565 1361 637 insuper
1383 567 1582 623 obnixe
1603 569 1765 640 petis,
1788 577 1847 624 ut
1876 572 1941 625 ad
1964 581 2147 627 nostra

569 666 811 727 tempora
871 657 1068 712 seriem
1113 673 1379 714 annorum
1430 661 1723 731 perducam
1771 678 1785 715 :
1837 678 1960 717 nam
2012 664 2148 719 dicis

569 746 803 802 maxima
835 762 926 803 vos
955 747 1199 804 laborare
1227 753 1582 820 quorumdam
1611 752 1868 808 librorum
1900 756 2144 825 penuria.

567 838 779 894 Etenim
810 839 955 895 inter
976 839 1245 897 barbaros
1281 848 1336 896 et
1372 843 1695 899 inhumanos
1723 844 2026 902 Saracenos
2052 862 2147 902 co-

564 929 652 997 pia
693 944 797 984 non
834 931 1070 1001 suppetit
1105 948 1283 987 rerum
1315 935 1382 989 ad
1414 936 1579 989 vitam
1623 937 2021 1005 transigemlam
2052 953 2147 994 ne—

562 1019 959 1088 cessariarum,
989 1022 1186 1077 nedum
1221 1032 1282 1079 ut
1322 1024 1565 1080 habeatis
1604 1025 1926 1098 locupletem
1978 1029 2143 1084 libro-

541 1126 684 1166 'rum
743 1112 1154 1182 supellectilem.
1227 1115 1384 1172 Dolui
1454 1118 1669 1189 quidem
1730 1121 1905 1177 vicem
1977 1132 2145 1191 tuam,

528 1203 1017 1260 vreverendissime
1046 1204 1227 1274 Pater,
1261 1208 1404 1277 quod
1435 1210 1571 1266 adeo
1606 1212 1740 1267 dure
1772 1212 1935 1268 vitam
1960 1214 2145 1284 exigas

528 1314 537 1329 κ
564 1292 618 1345 in
640 1292 753 1348 hac
783 1295 917 1348 urbe
956 1295 1169 1352 Baetica:
1218 1313 1325 1352 non
1366 1298 1550 1356 intima
1580 1316 1597 1357 :
1628 1318 1733 1359 nec
1766 1306 1912 1359 enim
1946 1307 2017 1360 ita
2043 1307 2143 1362 du-

562 1385 716 1452 riter,
737 1386 830 1441 sed
862 1387 1023 1457 paulo
1043 1387 1259 1445 mollius
1287 1389 1410 1463 [al.,
1444 1393 1656 1467 melius]
1687 1397 1998 1467 agebamus,
2020 1413 2144 1454 cum

564 1472 739 1547 Toleti
769 1477 1040 1546 quondam
1072 1480 1433 1536 conviximus.
1474 1482 1735 1541 Leniebat
1759 1488 1901 1542 enim
1934 1486 2144 1544 feroces

562 1567 918 1641 barbarorum
944 1570 1197 1636 tanimos,
1254 1572 1383 1628 hinc
1430 1575 1721 1644 prmsulum
1763 1576 2141 1636 Toletanorum

558 1655 853 1727 singularis
876 1660 1198 1726 auctoritas,
1230 1661 1377 1719 illinc
1400 1679 1529 1721 vero
1553 1666 1821 1723 mirabilis
1856 1669 2068 1726 bonitas
2088 1680 2144 1727 et

2255 487 2361 533 tem
2390 478 2620 535 libenter
2648 479 2818 549 subis,
2853 479 3065 537 illarum
3095 495 3282 535 causa.
3326 480 3456 546 Fac,
3486 480 3736 544 obsecro,
3767 490 3827 536 ut

2251 567 2417 623 libros
2445 569 2542 624 hos
2583 568 2958 636 conciliorum,
2987 577 3043 624 et
3067 568 3418 639 epistularum
3449 568 3826 631 decretalium.

2202 708 2206 712 Α
2249 669 2305 713 et
2346 660 2564 714 nomina
2606 669 2920 717 sanctorum
2970 671 3269 734 martyrum
3320 661 3707 732 Hispanorum,
3761 664 3829 717 ad

2249 752 2649 808 sanctissimum
2674 753 3008 825 pontificem,
3039 768 3099 809 re
3124 754 3450 824 nomineque
3469 768 3600 810 vere
3620 769 3829 810 unum

2250 839 2367 908 Dei,
2418 842 2775 898 transmittas.
2815 843 2984 899 Porro
3010 843 3329 908 chronicon,
3381 845 3529 915 quod
3566 844 3731 913 petis,
3775 843 3829 897 in

2248 927 2409 996 hujus
2443 930 2783 988 bibliotheca:
2820 934 2993 1003 reperi
3020 942 3232 988 vetusta
3270 934 3585 988 membrana
3624 934 3831 988 descri-

2248 1028 2440 1088 ptum;
2493 1019 2791 1092 adjecique,
2819 1032 2877 1077 ut
2914 1023 3125 1094 jussum
3171 1033 3256 1078 est
3296 1023 3391 1080 abs
3434 1033 3511 1089 te,
3558 1038 3831 1078 annorum

2247 1112 2444 1167 seriem
2472 1113 2538 1168 ad
2562 1115 2677 1171 haec
2702 1131 2872 1186 usque
2906 1126 3168 1188 tempora,
3200 1117 3251 1171 id
3275 1126 3360 1173 est
3384 1118 3451 1173 ad
3473 1133 3676 1172 annum
3698 1114 3827 1172 960.

2246 1208 2314 1264 Et
2346 1207 2589 1278 gratulor
2624 1208 2778 1274 mihi,
2817 1209 2984 1278 quod,
3021 1223 3142 1263 cum
3165 1207 3353 1263 Toleto
3396 1207 3532 1278 (ubi,
3574 1207 3676 1263 sub
3707 1223 3828 1263 san-

2244 1301 2489 1357 ctissimo
2508 1294 2734 1371 praesule
2755 1298 3017 1355 Toletano
3043 1299 3236 1354 Bonito
3262 1298 3434 1371 (218),
3462 1298 3830 1354 subdiaconus

2246 1390 2344 1464 fui)
2381 1392 2435 1447 in
2473 1390 2684 1445 Italiam
2720 1389 3120 1461 proficiscerer,
3149 1388 3355 1459 aliquot
3378 1389 3625 1444 historia:
3658 1388 3831 1443 libros

2243 1498 2458 1539 mecum
2495 1482 2792 1552 asportavi,
2830 1481 2883 1535 in
2912 1480 3111 1550 quibus
3143 1479 3332 1535 ordine
3359 1489 3481 1534 erat
3511 1478 3686 1534 series
3713 1477 3828 1533 col.

2245 1572 2381 1627 lecta
2417 1572 2709 1627 multorum
2733 1572 3002 1640 llispanim
3030 1575 3402 1642 episcoporum
3449 1584 3464 1623 :
3516 1586 3655 1640 quos
3689 1578 3747 1624 et
3776 1571 3827 1623 in

2244 1667 2347 1721 hac
2383 1666 2709 1722 bibliotheca
2742 1665 2940 1734 reperi,
2986 1664 3162 1735 jussu,
3206 1664 3386 1727 credo,
3434 1664 3608 1717 sancti
3650 1662 3829 1717 Caroli

555 1747 835 1817 patientia.
862 1747 1193 1813 Auctoritas,
1228 1760 1287 1806 ut
1315 1763 1372 1807 tu
1402 1754 1541 1811 bene
1572 1756 1736 1822 nosti,
1782 1759 1978 1828 partim
2009 1776 2129 1816 am-
2170 1751 2215 1811 Β
2244 1755 2420 1826 Magni
2475 1756 2822 1827 imperatoris
2876 1771 2943 1810 ex
2996 1754 3252 1824 Hispania
3301 1753 3517 1817 allnlos,
3559 1767 3723 1823 quos,
3775 1762 3831 1807 ut

558 1835 837 1906 plitudinis
862 1839 1097 1910 antiquae
1125 1841 1299 1897 adhuc
1335 1855 1653 1902 remanente
1698 1848 1894 1914 nitore,
1934 1852 2137 1920 partim

558 1928 703 1996 quod
729 1945 789 1983 ea
821 1930 1085 1986 niteretur
1114 1929 1297 1988 favore
1319 1935 1679 2007 praesidioque
1706 1953 1890 2010 regum
1910 1938 2140 1996 Oveten-

556 2018 696 2074 sium
729 2021 1137 2088 catholicorum,
1174 2025 1268 2095 qui
1305 2024 1501 2083 litteris
1545 2030 1753 2086 crebris
1793 2032 2138 2087 commenda-

537 2111 686 2166 bant
725 2112 939 2182 rcgibus
970 2114 1143 2170 Toleti
1187 2130 1321 2182 rem,
1367 2119 1781 2187 auctoritatem,
1830 2122 2136 2193 bonamque

553 2203 947 2271 tractationem,
991 2221 1115 2261 cum
1153 2205 1388 2262 ﬁdelium
1436 2210 1699 2276 omnium,
1744 2221 1856 2266 tum
1900 2213 2135 2270 maxime

553 2288 934 2350 Toletanorum
984 2297 1293 2352 antistitum
1341 2315 1357 2353 :
1420 2309 1647 2371 eratque
1690 2301 1821 2368 hoc,
1887 2314 1946 2357 ut
1994 2303 2133 2359 bene

524 2384 717 2449 .nosti,
746 2386 891 2440 velut
919 2387 1188 2456 quoddam
1221 2388 1454 2457 frenum,
1484 2407 1572 2458 ne,
1601 2393 1743 2463 quod
1775 2393 1969 2449 liberet
2003 2395 2128 2460 illis,

516 2476 772 2530 -omniuo
800 2477 962 2532 licere
996 2488 1267 2548 putarent.
1311 2480 1463 2548 Quod
1494 2497 1598 2537 non
1630 2483 1829 2539 accidit
1858 2466 2130 2556 episc0pis

548 2566 607 2620 in
638 2567 835 2623 Bzetica
860 2569 1196 2636 constitutis,
1222 2572 1418 2642 quibus
1446 2574 1695 2630 omnibus
1723 2577 2133 2645 potentissimus

548 2654 846 2728 imperator
884 2662 1155 2731 praesidet.
1203 2661 1311 2718 Sed
1353 2664 1544 2720 soleris
1591 2675 1668 2733 te,
1708 2668 1867 2722 Pater
1905 2670 2129 2739 optime,

547 2746 605 2800 in
648 2750 809 2804 tantis
842 2752 1105 2821 angustiis
1139 2752 1512 2820 constitutum,
1560 2754 1700 2810 sicut
1735 2754 1923 2812 bonus
1944 2765 2133 2828 pastor

2241 1848 2413 1911 aiunt,
2447 1846 2520 1902 illi
2560 1846 2831 1903 obtulerat
2876 1845 3255 1902 sanctissinms
3302 1843 3603 1914 Elipandus
3647 1845 3829 1898 archi-

2241 1938 2528 2007 episcopus
2562 1932 2876 2000 Toletanus,
2914 1946 3199 2006 postquam
3228 1936 3377 1989 illum
3404 1935 3613 1989 erroris
3641 1934 3827 1989 sui'dc

2240 2029 2529 2099 adoptione
2570 2028 2772 2084 Christi
2820 2027 2963 2083 serio
2998 2037 3051 2082 et
3083 2041 3208 2083 vere
3247 2026 3501 2097 paenituit
3528 2025 3708 2097 (219).
3750 2025 3831 2079 Ad

2242 2116 2385 2188 quod
2421 2116 2894 2179 manifestandum,
2951 2115 3241 2171 concilium
3283 2114 3663 2185 episcoporum
3713 2115 3827 2169 suf-

2242 2208 2621 2279 ft'aganeorum
2651 2215 2707 2262 et
2734 2208 2989 2263 abbatum
3015 2206 3261 2277 collegit;
3286 2214 3340 2259 et
3361 2220 3548 2260 coram
3574 2204 3829 2258 omnibus

2240 2296 2727 2369 abjurato‘publice
2756 2313 2965 2364 errore,
3006 2297 3164 2353 ﬁdem
3195 2307 3395 2352 sancta:
3425 2296 3689 2352 Romanae
3732 2297 3831 2352 Εε-
3882 2319 3889 2325 ·

2238 2388 2415 2443 clcsize
2441 2387 2721 2443 confessus
2750 2395 2855 2452 est,
2902 2397 2962 2442 ut
2984 2396 3039 2442 tu
3069 2386 3262 2442 melius
3295 2388 3458 2443 nosti.
3506 2387 3679 2458 igitur
3727 2387 3831 2441 fici

2240 2479 2384 2551 quod
2430 2477 2668 2547 jussisti,
2711 2478 3025 2533 beatissime
3072 2477 3264 2543 Pater;
3322 2494 3389 2533 an
3438 2490 3569 2532 voto
3598 2492 3827 2533 conatus

2242 2570 2599 2641 responderit,
2634 2578 2689 2625 tu
2718 2570 2927 2625 videbis
2954 2568 3044 2639 qui
3065 2567 3277 2637 jussisti
3303 2585 3318 2633 ;
3347 2577 3402 2623 et
3423 2583 3646 2623 servum
3676 2569 3821 2623 hunc

2237 2662 2477 2720 exsulem
2509 2663 2563 2717 in
2598 2662 2845 2717 oratione
2877 2662 2984 2717 Deo
3009 2661 3346 2717 commenda.
3380 2659 3532 2716 Vale.

2307 2755 2561 2826 incipiam
2604 2765 2784 2810 tamen
2815 2755 2884 2809 ab
2915 2769 3058 2809 anno
3085 2752 3187 2808 606
3208 2768 3315 2807 aera
3342 2750 3467 2817 6H,
3495 2761 3555 2807 et
3578 2751 3826 2807 ordinem

1468 2867 1553 2925 Ρ.
1592 2868 1924 2926 ΗΙΟΠΕΒᾹΞ
1962 2870 2051 2926 ET
2092 2869 2179 2926 DE
2219 2866 2589 2925 LAUllENTll
2624 2864 2855 2925 ΝΟΤᾸΞ.

626 2973 777 3042 (218)
820 2973 1057 3030 Pra'sule
1086 2975 1333 3031 Toletano
1363 2975 1575 3036 Bonito.
1613 2977 1749 3034 Vide
1778 2977 2048 3034 Julianum
2077 2981 2131 3037 in

529 3044 840 3117 .Chronico,
881 3044 982 3117 ubi
1016 3046 1126 3117 agit
1154 3047 1218 3101 de
1241 3047 1433 3101 Bonito
1460 3062 1609 3102 num.
1642 3048 1771 3113 440,
1802 3064 1945 3104 anno
1981 3050 2084 3105 859
2112 3069 2126 3105 :

526 3134 581 3202 ιιι.
602 3116 715 3180 Qua
745 3129 804 3202 re
830 3114 1067 3202 cognita;
1091 3130 1273 3202 mense
1296 3116 1486 3202 Alprili,
1516 3117 1727 3202 cogitur
1751 3120 1942 3202 iiertiiii
1967 3135 2127 3202 syno-

548 3186 672 3257 dus,
727 3193 783 3239 et
834 3185 1095 3257 sineiulla
1147 3185 1463 3242 dillicultate
1496 3185 1713 3257 eligitur
1762 3188 1818 3243 S.
1878 3185 2123 3257 Bonitas,

516 3255 836 3325 cepiscopus
882 3255 1192 3322 Toletanus,
1241 3258 1463 3312 natione
1508 3255 1712 3316 Gallus.
1770 3255 2130 3317 Arverncnsis

547 3326 719 3379 civis:
763 3345 781 3377 ι
819 3334 873 3380 et
900 3341 1047 3379 num.
1079 3326 1201 3387 4H,
1227 3326 1355 3391 442,
1384 3326 1581 3381 eti“.
1615 3329 1676 3383 Ι).
1708 3328 1769 3383 L.

620 3394 769 3467 (219)
797 3394 1172 3468 Sanctissimus
1186 3395 1479 3468 Elipandus
1492 3398 1906 3468 archiepiscopus
1925 3397 2129 3455 Toleta-

547 3465 666 3529 mts,
696 3474 967 3535 postquam
1006 3465 1157 3537 illum
1189 3465 1497 3537 agrarissui
1534 3467 1598 3521 de
1627 3465 1903 3537 adoptione
1934 3470 2129 3525 Christi

545 3537 684 3608 serio
710 3544 761 3608 ei
784 3551 898 3589 vere
924 3536 1178 3608 pwnitttit.
1224 3535 1301 3608 De
1328 3536 1521 3592 abbate
1550 3535 1808 3600 Genesio,
1840 3554 1999 3608 quem
2027 3540 2130 3594 Ca-

519 3605 695 3660 xrolus
718 3604 939 3675 Magnus
981 3606 1203 3679 misituin
1245 3605 1529 3679 Hispanias
1560 3608 1819 3679 legatum,
1846 3604 1906 3662 ut
1930 3608 1998 3663 ab
2027 3611 2130 3666 hoc

547 3690 740 3749 errore
777 3684 1046 3749 averteret
1081 3677 1421 3749 blipandum,
1445 3685 1500 3733 et
1527 3677 1662 3733 alios
1690 3678 1807 3749 ejus
1828 3693 2126 3748 sequaces;

532 3743 983 3818 .vide‘Juliamtm
1015 3745 1070 3799 in
1116 3743 1477 3818 Adversariis,
1519 3756 1574 3803 et
1622 3743 1742 3818 quia
1779 3743 2017 3804 diximus
2063 3743 2129 3805 ad

526 3830 698 3870 mum.
745 3814 865 3878 105,
900 3821 952 3869 et
1000 3830 1148 3885 num.
1196 3816 1326 3880 265,
1374 3816 1527 3885 cujus
1555 3814 1719 3873 verba
1760 3827 1885 3872 sunt
1917 3836 1929 3872 :
1967 3837 1986 3870 ι
2022 3818 2132 3875 Nec

546 3886 869 3957 multopost
896 3883 1390 3957 ivit((_1enesius)in
1423 3883 1727 3957 Hispanias,
1752 3887 1950 3944 missus
1972 3905 2001 3944 a
2029 3890 2132 3945 (la-

546 3955 666 4028 goio
693 3954 1296 4028 Mzigno,_ad‘Felicemj
1316 3954 1686 4026 Urgelitanum
1715 3960 2049 4028 episcopum,
2076 3969 2132 4014 et

546 4024 866 4098 Elipandum
897 4024 1240 4098 Toietanum,
1280 4026 1333 4098 in
1368 4024 1593 4098 negotio
1630 4024 1936 4098 adoptionis
1971 4029 2129 4084 Chri-

548 4093 681 4173 sti:
734 4103 790 4175 ei
829 4093 938 4182 ivit
972 4093 1197 4182 “aliialii!
1235 4095 1301 4182 ad
1350 4093 1645 4182 Adrianqu
1687 4093 1906 4182 papam:
1951 4100 2132 4182 attulit

542 4163 667 4232 ejus
708 4163 989 4232 epistolam
1030 4164 1097 4219 ad
1141 4163 1393 4218 Carolum
1440 4174 1495 4219 et
1538 4163 1838 4236 episcopos.
1885 4167 2134 4224 Interfuit

536 4233 796 4315 conciliis
827 4233 1296 4315 francofordiensi
1310 4244 1366 4288 et
1387 4233 2130 4315 ltalieo.__lietulit.epistulam

539 4301 844 4375 Caroliad
887 4302 1230 4375 Elipandum,
1264 4318 1386 4375 cum
1433 4320 1541 4375 quo
1570 4301 1899 4375 disputavit;
1919 4316 1975 4361 et
2016 4309 2132 4374 ejus

2229 3468 2524 3537 judicatus,
2557 3477 2613 3523 et
2664 3476 2818 3521 notat

2237 2979 2432 3035 frontis
2458 2978 2700 3048 produco
2726 2976 2918 3033 Jonam
2960 2974 3364 3048 Aurelianensis
3409 2973 3669 3048 Ecclesia:
3712 2977 3826 3043 cpi—

2239 3044 2479 3118 scopum,
2506 3049 2597 3118 qui
2627 3047 2795 3103 libros
2825 3056 2939 3118 tres
2972 3063 2991 3096 ι
3030 3047 3104 3118 De
3128 3044 3284 3118 C_u_ltu
3307 3046 3635 3118 imaginum,
3667 3048 3822 3118 »_Ca-

2236 3114 2350 3175 rolo
2374 3114 2539 3173 Calvo
2572 3118 2831 3172 adversus
2857 3115 3105 3171 haeresim
3150 3114 3359 3168 Claudii
3398 3114 3650 3183 praesulis
3678 3115 3821 3169 Tau-

2233 3190 2484 3252 riuensis,
2511 3199 2636 3242 ante
2663 3202 2834 3242 annos
2854 3186 3068 3256 quidem
3088 3184 3189 3256 770
3220 3184 3521 3256 inscripsit;
3549 3187 3823 3256 quamvis,

2231 3269 2291 3314 ut
2320 3258 2396 3313 ait
2421 3254 2888 3313 eminentissimus
2904 3254 3195 3311 cardinalis
3223 3254 3509 3317 Barouius,
3549 3267 3687 3309 tom.
3728 3255 3824 3317 IX,

2231 3343 2374 3384 anno
2400 3328 2601 3384 Christi
2637 3326 2776 3394 8‘25;
2808 3327 2880 3381 ita
2917 3325 3083 3381 Jonas
3107 3325 3336 3379 confecit
3367 3326 3624 3387 bestiam,
3658 3335 3720 3380 ut
3756 3328 3823 3379 ab

2232 3398 2474 3453 Ecclesia
2533 3396 2801 3453 catholica
2892 3395 3074 3452 mmio
3123 3397 3316 3465 dignus
3377 3394 3604 3448 minime
3661 3396 3823 3449 fuerit

2235 3468 2523 3520 iudicatus.
2557 3477 2613 3520 et
2664 3476 2818 3520 notat
2975 3465 3330 3520 Hieronvmus
3373 3465 3440 3519 de
3462 3464 3514 3517 la
3561 3464 3821 3520 llimtera.

2909 3507 2923 3520 .
2975 3464 3330 3536 Hieronymus
3373 3464 3514 3536 dela
3561 3464 3821 3536 Ilignera,

2234 3534 2381 3592 num.
2414 3539 2539 3593 292.
2571 3538 2638 3591 At
2683 3539 2735 3591 in
2782 3537 2949 3606 ipsius
2986 3534 3387 3606 operis'limine
3419 3534 3501 3589 sic
3540 3536 3658 3606 ait:
3695 3554 3714 3586 ε
3752 3534 3823 3589 L't

2235 3608 2393 3678 igitur
2427 3618 2652 3664 caeteros
2677 3604 2943 3672 omittam,
2972 3604 3189 3678 emersit
3213 3621 3286 3678 ex
3310 3605 3502 3678 eadem
3535 3604 3818 3678 Hispania,

2235 3673 2475 3747 teinpure
2516 3687 2720 3734 sancta:
2763 3676 3038 3747 memoria:
3070 3674 3245 3747 Caroli
3273 3673 3504 3747 piissimi
3533 3673 3702 3747 atque
3734 3675 3815 3747 in-

2235 3744 2786 3823 victissimiﬁugusti,
2810 3745 3033 3823 quidam
3075 3744 3224 3823 Felix
3253 3746 3493 3811 nomine,
3526 3754 3652 3823 actu
3686 3745 3818 3799 infe-

2233 3818 2327 3884 lix,
2363 3816 2788 3884 Urgelitariensis
2829 3816 3065 3870 civitatis
3107 3816 3390 3884 episcopus
3436 3832 3449 3868 :
3483 3816 3599 3884 qui,
3624 3816 3822 3884 juncto

2234 3882 2334 3944 suo
2364 3882 2785 3943 sceleratissimo
2812 3886 2988 3957 errori
3016 3882 3304 3957 Eliphanto
3347 3883 3482 3957 [lege
3503 3882 3818 3957 'Elipando]

2235 3958 2507 4012 Toletanze
2540 3956 2688 4011 urbis
2735 3956 3008 4025 episcopo,
3059 3955 3818 4025 secundunrltumanitatem',

2235 4044 2340 4083 non
2366 4042 2486 4083 csse
2510 4023 2786 4098 proprium
2813 4023 3020 4098 Filiuni
3051 4025 3170 4090 Dei,
3193 4024 3299 4098 seti
3314 4023 3820 4098 a_doptivuiii,_pra:-

2235 4099 2415 4153 dicare
2461 4092 2626 4151 ausus
2668 4105 2769 4151 est.
2822 4115 2841 4148 ι
2900 4095 3245 4166 suffragatur:
3257 4092 3519 4166 Julianus
3544 4093 3600 4147 in
3646 4092 3816 4166 αἰειο,

2235 4183 2382 4221 num.
2415 4167 2543 4233 265,
2576 4168 2628 4221 in
2667 4164 3028 4227 Adversariis,
3052 4164 3104 4218 ei
3132 4164 3185 4218 in
3209 4164 3478 4218 Chronico
3508 4179 3662 4217 num.
3689 4164 3818 4229 401,

2238 4237 2529 4306 lt‘lipandua
2559 4235 2604 4289 F
2606 4236 2750 4291 elicis
2772 4234 3065 4306 Urgclitqm'
3086 4233 3345 4306 pontiﬁcis
3371 4233 3689 4306 discipulus,
3711 4246 3815 4287 etc.

2238 4302 2585 4378 Dc’Elipandi
2617 4302 2934 4378 pmnirteu'tia
2981 4302 3320 4378 Jonashibil
3369 4302 3661 4378 additidc
3708 4320 3815 4378 qua

516 4363 939 4447 'rationibus_e_t_
966 4363 1225 4447 precibus
1259 4363 1557 4447 E_lipau'dus
1589 4363 1838 4446 resipuit,
1875 4363 2130 4433 manente
2234 4363 2442 4432 iterum.
2475 4363 2837 4447 Luitprandus
2879 4375 2957 4447 ini
2980 4363 3610 4447 Clironico__n_utn.A259,
3661 4363 3817 4447 cujus

536 4443 602 4497 in
622 4442 1555 4524 guapei'iidia‘episcopoFelice.L
1700 4442 1751 4524 '_
1824 4442 1831 4445 ⁷
1915 4517 1926 4524 _
2021 4518 2033 4524 _
2161 4475 2208 4524 η
2236 4463 2406 4524 usque
2443 4442 2689 4524 Julianus
2740 4445 3199 4524 tueminittiiuni:
3239 4443 3381 4524 402,
3419 4444 3642 4524 ﬁllmet
3688 4443 3814 4524 it5.

618 4511 805 4588 Nuper
831 4511 939 4567 luci
967 4511 1211 4588 dediti”.
1242 4513 1818 4588 {acubusSirmondus
1843 4517 2126 4588 epistolam
2160 4511 2207 4535 υ
2231 4511 2467 4575 Αἰιῐιοίιι.
2523 4517 2557 4571 4
2594 4515 2968 4588 Βςιηετειιο.
3014 4513 3103 4569 85.
3125 4513 3396 4588 ‘Rhegino
3418 4514 3474 4570 in
3521 4512 3812 4575 Chronico,

547 4583 771 4638 Adriani
814 4597 983 4705 papae,
1031 4592 1086 4638 et
1122 4584 1298 4639 Caroli
1328 4585 1524 4656 Magni,
1564 4588 1851 4642 concilium
1879 4583 2129 4643 'Franco-
2231 4588 2347 4642 Ado
2381 4587 2699 4642 Viennensis
2739 4585 2831 4640 lib.
2859 4601 2923 4650 ιι,
2957 4598 3094 4654 quos
3124 4585 3266 4638 inter
3286 4584 3541 4653 antiquos
3566 4592 3816 4638 recenset

548 4654 844 4705 int-diense.
910 4653 1127 4705 ibellum
1174 4654 1546 4705 enisconorum
1594 4658 1758 4705 Italiae
1782 4659 1996 4705 concilii
2035 4662 2129 4705 .Ic-
2232 4670 2286 4705 ct
2318 4659 2459 4705 inter
2497 4657 2829 4705 recentiores
2874 4654 3102 4705 morales
3150 4653 3284 4705 Hist.
3332 4652 3510 4705 Hisn..
3543 4651 3641 4704 lib.
3690 4668 3812 4705 xm.

548 4651 844 4725 toi-diense‘,
883 4651 1127 4725 libellum
1174 4651 1547 4725 episcoporum
1592 4658 1758 4714 Italiae
1782 4659 1996 4713 concilii
2035 4662 2129 4715 de-
2232 4670 2286 4711 et
2318 4659 2459 4714 inter
2497 4657 2829 4713 recentiores
2874 4651 3102 4725 mor-ales
3150 4653 3284 4725 Hist.
3320 4651 3510 4725 Hisp,
3543 4651 3641 4725 lib.
3690 4668 3812 4714 xm,

549 4735 702 4803 creto
729 4724 958 4803 missuni
982 4724 1070 4800 (de
1094 4720 1289 4803 quibus
1320 4720 1647 4803 Julianusin
1675 4728 1944 4803 Chronico
1954 4745 2124 4803 muni.
2233 4746 2281 4803 c.
2313 4728 2402 4803 26.
2430 4728 2663 4803 Schotus
2685 4724 3104 4803 iurisconsultus
3122 4723 3369 4803 bibiioth.
3400 4720 3821 4803 Hisp:.anlilleS

547 4793 676 4872 402)
718 4804 880 4872 atque
927 4790 1252 4872 Sy'nodicam
1299 4795 1511 4872 concilii
1548 4798 1615 4872 ab
1647 4798 2128 4872 episcopisﬁallie
2232 4799 2297 4852 de
2312 4799 2570 4872 Mariana,
2595 4790 2698 4872 lib;
2714 4811 2788 4850 vn
2806 4795 3105 4872 Hist.,_cap.
3127 4796 3181 4849 8.
3209 4792 3432 4847 Beatum
3454 4790 3509 4845 et
3530 4790 3817 4872 ileteriuni

548 4860 1018 4942 etGermaiiiaiad
1044 4864 1323 4942 episcopos
1351 4864 1637 4942 Hispaniae,
1663 4860 1745 4942 ἱξιΔ
1761 4860 2128 4942 ῳιίιηΙΑΙ-(Σοιι-
2234 4877 2421 4942 contra
2455 4860 2775 4937 Elipandum
2803 4860 3089 4942 scripsisse
3114 4871 3413 4942 agnoscunt
3435 4860 3590 4942 multi
3627 4879 3641 4915 :
3672 4860 3815 4931 quod

550 4934 800 4988 ciliorum
832 4932 1051 5007 Gallic.,
1078 4932 1191 4989 'fol.
1219 4934 1342 5007 161,
1373 4932 1496 5000 167,
1528 4936 1652 5001 175,
1685 4936 1786 4991 186
1813 4947 1867 4992 et
1893 4938 2025 5004 195;
2075 4947 2129 4993 et

2240 4938 2451 5007 quidem
2469 4932 2723 4991 testatum
2740 4932 2957 5004 reliquit
2977 4932 3223 5007 Julianus
3246 4935 3297 5007 in
3321 4932 3622 5007 Chronico,
3657 4947 3812 4984 nuru.

551 5019 813 5058 canonem
840 5004 1072 5066 primum
1096 5005 1308 5059 concilii
1331 5007 1572 5066 apponit,
1603 5006 1691 5060 ubi
1716 5001 2133 5061 danmaturlue-
2233 5001 2332 5061 4'01
2365 5024 2379 5061 :
2413 5025 2431 5057 ‹
2467 5007 2695 5066 Scripsit
2715 5001 2904 5060 contra
2928 5018 3050 5057 eum
3084 5001 3398 5066 [Elpidium]
3422 5001 3702 5066 Heterius,
3724 5006 3817 5053 aL-
