4012 5334
174 209 280 263 977

1600 211 2012 266 CIIIlO-NICON.

3339 217 3450 275 978

249 323 306 378 9.
350 325 463 379 Rex
488 327 790 384 catholicus
816 327 1197 384 Gundemarus
1226 326 1398 381 Toleti
1445 324 1602 392 jubet
1631 322 1919 379 concilium
1951 323 2201 378 contrahi
2235 342 2246 376 :
2282 326 2558 380 contrahit
2591 335 2768 380 autem
2807 326 3086 382 Aurasius.

253 415 344 469 10.
387 416 630 488 Dignitas
652 419 1032 490 patriarchalis
1068 418 1341 472 Toletanae
1369 417 1512 472 sedis
1545 417 1851 478 imminuta,
1882 413 2124 484 pristina:
2148 413 2394 482 dignitati
2422 417 2748 480 restituitur,
2773 425 2829 470 ut
2856 417 2921 471 ad
2945 431 3059 484 eius
3086 415 3446 473 obedientiam

175 510 393 564 rediret
422 509 872 583 Carthaginensis
899 513 1198 583 provincia,
1240 512 1291 565 in
1327 526 1487 580 quam
1520 519 1624 564 tota
1657 508 2103 581 Carthaginensis
2133 518 2188 564 et
2210 507 2469 565 Toletana
2506 510 2683 566 fuerat
2708 512 2894 568 divisa.

543 602 816 658 DCXLIX.

2916 606 3095 662 DCXI.

253 691 342 742 11.
387 691 662 746 Adeodata
701 694 852 762 virgo
883 693 1246 759 sanctissima,
1295 694 1576 758 Toletana,
1628 693 1875 748 monialis
1921 693 2266 750 Benedictina
2292 735 2306 761 ,
2347 695 2532 763 ﬂoret;
2568 699 2636 754 ad
2677 713 2836 768 quam
2879 698 3007 754 olim
3057 698 3114 754 8.
3160 699 3448 770 Gregorius

175 783 424 850 scripsit.

541 876 692 929 DCL.

2899 881 3099 938 DCXII.

255 970 344 1024 12.
383 971 726 1027 Gundemaro
775 976 1013 1029 succedit
1062 977 1113 1030 in
1147 977 1279 1031 solio
1311 978 1456 1047 regni
1507 975 1721 1031 Gothici
1777 975 2079 1042 Sisebutus,
2116 977 2420 1034 vir-doctus
2440 988 2493 1035 et
2515 981 2666 1049 pius,
2688 979 2818 1034 etin
2853 979 3013 1034 rebus
3038 978 3287 1048 gerendis
3311 979 3445 1033 satis

179 1081 250 1119 cx
258 1078 463 1136 pertus.

549 1165 724 1218 DCLI.

2865 1167 3087 1224 DCXIII.

257 1260 344 1312 l5.
389 1259 668 1315 Bonifacio
708 1277 856 1330 papa:
881 1265 1117 1317 sucet-dit
1152 1265 1200 1317 iu
1233 1265 1357 1317 sede
1394 1264 1533 1316 Petri
1567 1279 1701 1332 papa
1747 1263 2054 1318 Deusdedit.

255 1353 345 1409 li.
387 1353 641 1408 Memoria
671 1367 752 1410 est
784 1356 843 1410 8.
866 1357 1009 1410 Pauli
1041 1359 1275 1426 episcopi
1301 1357 1597 1422 .Iaceetaui,
1631 1357 1724 1427 qui
1748 1358 1973 1414 Romam
2015 1359 2140 1413 dum
2174 1361 2376 1427 visitat,
2416 1375 2538 1414 cum
2587 1359 2706 1414 aliis
2735 1360 2944 1415 duobus
2973 1361 3073 1415 sub
3107 1359 3272 1415 Decio
3305 1375 3453 1414 mar-

177 1450 387 1518 tyrium
420 1450 621 1518 patitur
643 1461 792 1506 sexto
818 1452 937 1506 Idus
966 1453 1268 1507 Februarii.

261 1541 348 1593 15.
388 1540 575 1595 Floret
608 1544 862 1596 memoria
895 1543 1178 1598 Mediolani
1205 1548 1260 1598 8.
1303 1545 1618 1600 Anatalouis
1640 1547 1904 1615 episcopi,
1935 1546 2180 1616 discipuli
2207 1547 2264 1601 S.
2289 1548 2566 1602 Barnahae.

262 1635 348 1690 16.
382 1636 592 1719 Mortuo
618 1638 868 1704 Aurasio,
901 1642 1242 1694 sanctissimo
1273 1642 1695 1712 doctissimoque
1738 1642 2000 1712 pontifici,
2029 1644 2270 1698 succedit
2298 1644 2350 1698 in
2380 1644 2508 1698 sede
2539 1643 2796 1698 Toletana
2835 1643 2892 1699 8.
2919 1644 3211 1710 llelladius,
3239 1646 3319 1699 vir
3337 1646 3453 1700 exi-

177 1737 327 1789 unius
350 1751 368 1798 ;
392 1744 446 1788 et
477 1735 624 1804 prius
649 1737 948 1791 monachus
979 1737 1358 1792 Benedictinus
1389 1754 1402 1791 :
1434 1737 1721 1805 actatejam
1751 1738 2177 1808 ingravescente,
2206 1739 2271 1793 ad
2313 1753 2536 1807 superos
2558 1749 2836 1793 evocatur.

544 1830 740 1885 DCLII.

2869 1836 3096 1892 DCXIV.

259 1929 345 1981 17.
391 1928 665 1984 Duleidius
692 1930 951 1985 diaconus
979 1930 1498 2000 Caesaraugustanus
1524 1931 1699 1997 ﬂoret,
1725 1947 1888 2003 quem
1918 1931 1975 1987 S.
2004 1933 2300 2004 Gregorius
2331 1933 2382 1986 in
2413 1931 2657 2002 epistolis
2710 1933 2903 1988 mirum
2954 1934 3007 1988 in
3045 1934 3262 1988 modum
3304 1950 3456 1989 com-

177 2024 426 2078 memlat.

546 2113 763 2166 DCLIII.

2886 2121 3093 2177 DCXV.

259 2209 326 2262 I8
395 2210 726 2273 Vincentius,
761 2210 1100 2282 Carthaginis
1128 2214 1424 2281 Spartaria:
1460 2217 1766 2285 cpiscopus,
1808 2217 2058 2270 moritur.

267 2307 354 2360 19.
400 2306 647 2359 Toletani
674 2306 938 2361 celebrem
966 2309 1293 2364 mentionem
1331 2310 1530 2365 habent
1560 2311 1616 2366 S.
1652 2312 1921 2367 Vincentii
1950 2313 2184 2383 episcopi
2215 2320 2270 2367 et
2299 2314 2575 2384 martyris,
2606 2315 2697 2384 qui
2737 2314 2993 2384 praedicat
3014 2313 3215 2368 Meviaz.

255 2401 346 2452 ‘20.
381 2399 587 2464 Murila,
629 2401 915 2471 episcopus
944 2402 1278 2472 Valentinus,
1313 2406 1492 2460 attulit
1519 2423 1582 2461 ex
1607 2407 1784 2463 Gallia
1810 2424 2007 2478 corpus
2043 2408 2099 2464 8.
2135 2409 2404 2466 Vincentii
2445 2411 2638 2477 levitae,
2672 2412 2924 2481 martyris
2965 2410 3314 2482 Aginnensis,
3349 2410 3454 2467 Va-

181 2496 433 2551 lentiam.

257 2594 348 2646 2|.
392 2593 729 2648 Mahumetus
757 2597 1221 2666 pseudOpropheta
1250 2597 1512 2654 Cordubae
1546 2600 1820 2671 praedicat.

541 2687 763 2742 DCLIV.

2864 2693 3091 2749 DCXVI.

261 2787 350 2840 22.
405 2786 618 2840 Marcus
647 2786 932 2851 Maximus,
984 2790 1508 2860 Ctesaraugnstanus
1545 2791 1852 2859 epise0pus,
1884 2806 1951 2846 ex
1996 2790 2185 2845 ordine
2219 2790 2388 2845 sancti
2438 2787 2728 2854 Benedicti,
2768 2789 2998 2858 scriptor
3040 2789 3450 2856 Chronicorunr,

183 2884 424 2939 eximius
446 2882 818 2949 eoncionator,
850 2884 934 2938 vir
955 2885 1076 2954 pius
1115 2895 1164 2938 et
1195 2886 1406 2950 doctus,
1435 2887 1525 2955 qui
1555 2887 1720 2940 vitam
1749 2886 1806 2941 S.
1829 2886 2107 2942 Benedicti
2154 2887 2373 2957 scripsit
2411 2885 2669 2950 carmine,
2709 2893 2761 2940 et
2793 2885 2957 2940 multa
2987 2900 3147 2957 prosa
3186 2894 3241 2940 et
3272 2900 3474 2949 versu,

183 2993 376 3035 sancte
410 2981 659 3034 moritur.

252 3075 346 3128 '25.
387 3074 624 3129 Joannes
647 3077 914 3131 exarchus
946 3079 1189 3148 p0pulari
1219 3081 1448 3134 tumultu
1487 3081 1790 3150 perimitur.

258 3171 350 3224 2i.
394 3171 630 3226 Extruso
673 3186 768 3242 per
811 3172 919 3226 vim
961 3171 1164 3228 Isidoro
1204 3175 1457 3246 episcopo
1498 3177 1823 3246 llispalensi,
1863 3177 1982 3232 viro
2028 3177 2340 3232 doctissimo
2384 3179 2852 3248 sanctissimoque,
2885 3177 3190 3233 Gordianus
3229 3178 3283 3231 in
3325 3175 3454 3231 sede

1153 3290 1214 3344 P.
1257 3291 1587 3345 IIIGUERAS
1628 3291 1715 3346 ET
1757 3292 1820 3346 D.
1861 3291 2233 3346 LAURENTII
2273 3291 2505 3347 NOTZE.

183 3381 352 3449 gitur.
397 3400 414 3430 ι
445 3379 656 3433 Nostrre
684 3379 953 3450 llispauite
977 3379 1301 3434 litterarimn
1349 3381 1512 3434 decus
1543 3383 1606 3434 D.
1637 3379 1770 3435 Gre-
1797 3392 1844 3450 Λ
1875 3380 1936 3434 D.
1968 3381 2188 3435 Garsias
2234 3381 2442 3503 Loaitsa
2491 3379 2657 3434 Giron
2705 3381 2757 3433 in
2813 3378 3222 3434 commentariis
3256 3378 3322 3432 ad
3355 3379 3459 3434 hoe

183 3467 303 3503 uor.
333 3451 508 3503 Loncz
539 3450 774 3503 Matlera.
812 3466 976 3503 euues
1022 3451 1226 3503 ordinis
1272 3451 1328 3503 8.
1386 3449 1595 3503 Jacobi.
1636 3453 1770 3503 regii
1876 3451 2184 3503 concilium.
2219 3451 2282 3503 P.
2327 3451 2344 3503 I
2379 3489 2392 3502 .

183 3467 303 3518 μοι’.
333 3451 508 3520 LOpt‘z
539 3449 976 3520 Matlcra,ieques
1022 3451 1226 3503 ordinis
1272 3451 1328 3503 8.
1386 3449 1595 3515 Jacobi,
1636 3453 1770 3520 regii

184 3527 412 3574 senatus
461 3521 822 3585 consiliarius,
874 3537 993 3588 cap.
1047 3521 1131 3582 l2,
1165 3521 1190 3590 §
1222 3521 1276 3584 6,
1325 3523 1396 3574 De
1444 3521 1772 3575 monarchiae

184 3592 340 3658 llisp.
376 3592 710 3658 pr:estantia,
760 3592 1048 3644 novissime
1077 3608 1139 3643 es
1178 3591 1443 3652 conciliis,
1477 3592 1769 3656 chronicis,

183 3670 241 3714 et
268 3660 455 3713 multis
483 3661 610 3714 hinc
640 3661 760 3713 inde
787 3661 967 3728 petitis
993 3661 1338 3714 testimoniis.
1371 3660 1575 3714 Scribit
1630 3662 1770 3714 idem

186 3732 240 3783 in
277 3729 448 3783 Marte
492 3745 590 3783 suo
638 3729 860 3796 Gallico,
898 3731 1008 3784 sive
1055 3731 1118 3783 de
1153 3729 1369 3785 Justitia
1418 3747 1689 3784 armorum
1721 3740 1774 3786 et

185 3802 460 3852 [uiderunt
489 3801 635 3868 regis
675 3800 882 3865 Galliae,
912 3816 1028 3868 cap.
1061 3800 1162 3864 10;
1197 3801 1501 3863 Alexander
1522 3801 1773 3868 patritius

182 3871 224 3922 Α
237 3885 552 3930 ιἰιίιιριιιιιιε,
581 3884 704 3924 νενο
733 3882 908 3924 tamen
935 3871 1152 3925 ηοιιιίιιθ
1174 3872 1360 3926 LIOCIOI‘
1385 3870 1548 3925 COI'ﬂ.
1577 3869 1773 3925 .Ianse-

183 3940 313 3994 nius
340 3941 624 4010 episc0pus
649 3941 897 4008 lprensis.

259 4010 630 4083 Athnecos
655 4012 1011 4083 imperatores
1043 4011 1224 4083 inungi
1274 4011 1462 4083 solitos
1489 4027 1516 4064 a
1547 4011 1777 4081 patriar-

192 4082 318 4133 cluis
351 4079 965 4152 Constantinopolitanis
999 4079 1242 4136 referunt
1268 4082 1468 4150 plures.
1504 4079 1652 4137 Unus
1678 4097 1776 4152 pro

185 4151 406 4222 cunctis
419 4149 658 4222 Cadmus
678 4151 1019 4220 Curopalata,
1041 4152 1111 4204 De
1127 4149 1746 4222 OlﬁciisConstantinop.
1760 4193 1774 4216 ,

186 4235 310 4287 cap.
342 4219 449 4284 ‘27;
487 4220 563 4291 De
598 4219 960 4276 Coronatione
984 4223 1343 4291 imperatoris,
1389 4239 1538 4276 num.
1591 4222 1674 4286 18,
1695 4219 1778 4276 ex

187 4305 395 4354 nupera
429 4290 696 4345 versione.
727 4311 743 4341 ι
775 4291 900 4346 Post
948 4290 1080 4356 lucc,
1136 4293 1233 4356 ait,
1283 4293 1422 4346 tollit
1466 4308 1637 4346 novus
1677 4294 1777 4346 im-

186 4369 413 4431 perator
443 4361 1053 4431 capitistegumentum,
1083 4363 1453 4431 qualecunque
1486 4363 1612 4416 illud
1657 4362 1776 4415 fue-

187 4430 281 4481 rit.
317 4429 359 4481 Ε
390 4429 617 4497 vestigio
659 4429 835 4501 autem
873 4429 1138 4501 quotquot
1180 4433 1233 4486 in
1267 4429 1466 4499 templo
1499 4432 1778 4500 reperiun-

159 4509 301 4570 tur,
334 4502 535 4566 apertis
577 4500 842 4569 capitibus
883 4500 1082 4555 astant.
1128 4502 1198 4556 At
1250 4503 1559 4570 patriarcha
1598 4503 1776 4554 erucis

188 4569 243 4620 in
277 4569 509 4641 fortnam
552 4579 714 4638 caput
762 4571 1110 4641 imperatoris
1160 4569 1340 4641 divino
1373 4579 1649 4639 unguento
1677 4571 1773 4641 _i_n-

189 4640 365 4707 ungit,
424 4641 682 4694 accinens
727 4639 864 4694 elata
915 4657 1047 4696 voce
1101 4641 1266 4695 illud:
1315 4640 1566 4695 Sanctus.
1609 4659 1630 4690 ι
1676 4639 1775 4693 Ubi

192 4707 429 4800 :laeohus
453 4710 767 4800 Grets'erus,
801 4713 1072 4800 societatis
1094 4710 1218 4791 Iesu
1266 4713 1568 4800 presbyter,
1595 4719 1779 4800 n‘oster
1812 4743 1854 4800 Β

192 4777 582 4846 Luitprandus,
619 4780 709 4835 lib.
758 4797 808 4835 Vl
834 4781 1034 4835 Rerum
1063 4797 1093 4833 a
1121 4777 1450 4851 principibus
1483 4795 1579 4848 per
1606 4779 1779 4833 Euro-

113 4921 117 4924 .
189 4863 314 4914 pani
355 4858 632 4924 gestarum
663 4868 674 4903 :
701 4869 751 4924 ⁸ι
793 4851 926 4905 Miro
969 4861 1161 4904 ornatu
1226 4853 1471 4924 miroque
1510 4859 1775 4924 apparatu

191 4929 474 4987 susceptus
514 4921 583 4974 ah
615 4921 800 4974 eodem
850 4935 1060 4975 suu'uno
1092 4921 1346 4988 pontiﬁce
1372 4931 1425 4974 et
1463 4921 1772 4974 unctionem

191 4993 428 5059 suscepit
461 4991 695 5057 imperii.
720 5010 736 5040 ι
770 4990 938 5056 Quem
965 4989 1162 5059 allegat
1188 5003 1476 5046 aunotator
1497 4990 1561 5042 ad
1589 4989 1771 5043 Ilisto—

192 5058 330 5131 riam
360 5061 510 5113 [’auli
547 5059 874 5114 Warnel‘ridi
900 5058 1109 5114 diaconi
1143 5060 1531 5131 Forojuliensis
1556 5061 1622 5113 ad
1646 5075 1768 5130 pag.

193 5127 369 5201 91in
418 5147 542 5201 pag.
576 5131 682 5183 276
719 5140 772 5183 et
809 5131 934 5184 277.
978 5131 1148 5184 Julius
1194 5127 1378 5187 Caesar
1417 5127 1768 5201 Bulengerus,

193 5195 652 5270 Deilmpera'tore,
681 5201 771 5253 lib.
809 5217 868 5263 ιι,
900 5216 1016 5270 cap.
1040 5202 1090 5262 5,
1125 5216 1176 5269 p.
1210 5201 1300 5256 89.
1337 5205 1397 5256 D.
1431 5199 1488 5253 L.

261 5269 312 5324 3.
341 5269 418 5323 De
461 5271 696 5325 concilio
723 5271 862 5334 regis
887 5269 1212 5324 Gu'nzlemari
1241 5281 1423 5326 exstat
1456 5271 1508 5322 in
1534 5271 1765 5324 nonnul-

1876 3451 2184 3506 Concilium.
2219 3451 2282 3503 P.
2327 3451 2344 3504 Ι

1950 3522 2035 3575 11.
2073 3521 2277 3574 Nullam
2312 3521 2363 3573 in
2389 3520 2514 3583 alio,
2546 3520 2647 3572 nisi
2683 3521 2732 3574 in
2763 3519 3028 3586 Gregorio
3054 3534 3190 3588 papa
3223 3526 3277 3572 et
3315 3517 3463 3572 Luit-

1875 3592 2103 3662 prando,
2132 3591 2460 3662 mentionem
2488 3592 2643 3662 hujus
2670 3591 3024 3662 sanetissimte
3058 3589 3280 3662 virginis
3310 3589 3458 3641 inve-

1876 3659 2007 3726 nio;
2041 3661 2286 3729 suspicor
2318 3669 2494 3714 tamen
2531 3661 2733 3714 vixisse
2765 3660 2816 3713 in
2866 3659 3241 3727 antiquissimo
3276 3672 3458 3729 caeno-

1876 3731 1966 3786 hio
1994 3728 2274 3785 sacrarum
2305 3731 2570 3799 virginum
2619 3729 3111 3791 Benetlietinarum,
3145 3728 3286 3799 quod
3318 3743 3462 3799 nunc

1877 3811 2146 3856 sacratum
2181 3808 2263 3853 est
2296 3800 2352 3855 S.
2395 3797 2688 3854 'Doniinico
2729 3799 3090 3854 Caleiateusi:
3123 3797 3250 3852 olim
3299 3797 3463 3851 creda

1877 3881 2150 3926 sacratum
2183 3869 2348 3924 fuisse
2379 3871 2436 3924 8.
2469 3870 2778 3934 Benedicto,
2828 3870 2952 3938 quia
2984 3869 3245 3922 memoria
3291 3867 3458 3938 tradi,-

1878 3942 2024 3995 tioue
2064 3942 2274 3994 lirmata
2320 3951 2403 3994 est
2443 3939 2637 4005 Toleti,
2691 3954 2757 3994 eo
2800 3936 3072 3994 confluere
3119 3936 3463 3992 consuevisse

1880 4013 1938 4064 S.
1972 4012 2273 4079 Ild'ephonsi
2322 4011 2536 4064 beatam
2575 4017 2802 4064 matrem
2847 4009 3090 4074 Luciam,
3122 4017 3326 4063 etcum
3357 4006 3464 4064 illis

1879 4081 2202 4136 monialihus
2238 4081 2550 4135 conversari
2591 4081 2666 4133 In.
2977 4083 2984 4086 “

1953 4153 2040 4204 l2.
2073 4153 2148 4205 De
2178 4150 2429 4206 Sisebuto
2453 4151 2618 4204 multa
2668 4151 2869 4204 mentio
2903 4159 2987 4204 est
3019 4149 3070 4202 in
3097 4146 3371 4203 Chronico
3404 4147 3461 4200 S.

1879 4221 2206 4290 lldephonsi,
2236 4221 2447 4285 Isidori,
2476 4230 2531 4274 et
2559 4222 2612 4273 in
2633 4219 2873 4290 Historia
2897 4219 3219 4290 Gothorum,
3247 4219 3465 4290 in_co_n—

1880 4287 2020 4346 ciliis
2049 4291 2349 4354 Toletanis,
2385 4291 2436 4343 in
2465 4290 2605 4344 Foro
2625 4288 2890 4357 judicum,
2916 4291 2967 4342 in
3019 4289 3286 4343 Roderico
3314 4287 3469 4357 Tole-

1883 4371 2026 4423 tano,
2087 4371 2142 4416 et
2190 4361 2490 4426 Palentiuo,
2562 4355 2638 4412 et'
2691 4359 2836 4412 Luca
2905 4359 3142 4413 Tudensi
3204 4355 3466 4427 Gregorio

1882 4431 2091 4492 Vasreo,
2130 4431 2376 4489 Morales,
2410 4429 2672 4492 Mariana,
2701 4437 2755 4482 et
2779 4429 2921 4482 aliis.
2951 4430 3024 4483 In.

1954 4503 2040 4554 16.
2072 4499 2517 4574 Post_Au_rasitnn
2561 4499 2715 4574 ponit
2743 4498 3095 4574 lldephonsus
3118 4499 3170 4574 in
3199 4496 3326 4551 sede
3357 4495 3463 4574 To-

1882 4572 2058 4627 letaua
2132 4570 2429 4624 llelladium
2464 4586 2487 4638 :7
2542 4569 2607 4622 de
2652 4584 2760 4638 quo
2833 4569 2948 4637 ipse
2996 4569 3348 4636 lldephunsus
3409 4569 3465 4616 in

1884 4642 1975 4696 lib.
2007 4641 2080 4694 De
2110 4639 2254 4693 Viris
2280 4637 2598 4700 illustribus,
2628 4637 2684 4692 et
2714 4638 2932 4692 alii.l.o.

1955 4712 2041 4764 l7.
2085 4711 2158 4764 De
2192 4709 2433 4763 Duleidio
2461 4708 2636 4762 nullus
2659 4708 2896 4778 scripsit,
2927 4715 3124 4778 praeter
3157 4706 3298 4778 hunc
3343 4717 3471 4756 auc—

1889 4791 2057 4834 torem
2083 4789 2138 4833 et
2164 4779 2222 4834 8.
2263 4778 2580 4848 Gregorium
2610 4794 2805 4850 papam
2847 4795 2858 4830 :
2887 4792 2972 4830 var
3001 4777 3101 4828 fuit
3131 4777 3274 4841 talis,
3307 4787 3468 4843 quem

1885 4860 2110 4906 sanctus
2139 4851 2327 4906 doctor
2351 4851 2713 4921 commendat.
2754 4850 2831 4921 In:
2927 4918 2940 4921 _
3035 4915 3106 4921 Η
3179 4916 3208 4921 ᾧ
3409 4910 3420 4921 θ

1961 4922 2047 4976 18.
2093 4922 2168 4976 De
2193 4919 2472 4974 Vincentio
2502 4919 2758 4988 episcopo
2793 4915 3141 4987 Carthaginis
3175 4915 3473 4988 Spartaria:

1881 4990 2028 5046 solus
2059 4992 2143 5047 hic
2166 5001 2376 5062 auctor.
2406 4989 2482 5062 In.
2505 5057 2537 5062 _
2687 5059 2697 5062 _
2831 5056 2859 5062 __
2971 5055 2982 5062 _
3085 5054 3097 5062 ,
3352 5051 3380 5062 λ.

1953 5062 2038 5115 19.
2074 5063 2147 5118 De
2177 5060 2460 5116 Vincentio
2503 5057 2767 5111 Baronius
2811 5056 2897 5109 die
2935 5054 3197 5113 vicesima
3248 5054 3476 5122 septima

1879 5117 2134 5188 Octobris
2176 5134 2227 5185 in
2272 5133 2452 5184 littera
2493 5127 2552 5189 Β,
2585 5128 2672 5178 uhi
2730 5127 3056 5193 mentionem
3106 5124 3242 5184 facit
3270 5117 3478 5193 h'ymni,

1877 5217 2039 5272 quem
2081 5219 2139 5258 se
2183 5201 2452 5272 invenisse
2494 5187 2569 5247 ait
2591 5196 2655 5272 Iin
2703 5194 2973 5272 breviario
3025 5187 3324 5272 Tole‘tvano:
3343 5187 3482 5272 Δνὶιιιξ

1873 5263 2249 5327 doctissimum
2308 5270 2368 5323 P.
2413 5265 2758 5334 Franciscum
2808 5263 2872 5317 de
2913 5265 3072 5317 Bivar
3104 5270 3176 5321 ad
3221 5269 3483 5323 Dextrum
