4012 5334
327 251 436 307 98-9

1753 244 2166 302 CliRONlCON.

3488 217 3614 310 99a

327 385 360 422 ιι
387 367 450 424 S.
480 367 710 438 Elpidio,
733 363 967 426 Juliano,
1000 365 1317 425 Saturnino,
1346 360 1418 414 Μ.
1456 359 1710 413 Marcello
1741 357 2004 426 Eugenio)
2029 356 2206 410 eidem
2237 368 2428 412 sancto
2455 355 2696 426 pontifici
2738 355 2996 410 molestus
3027 356 3292 426 ludibriis,
3325 359 3591 428 dicteriis,

325 473 386 518 et
409 465 550 518 malo
579 464 790 533 linguis,
817 460 1191 515 infelicissimo
1220 475 1418 528 genere
1455 456 1646 511 mortis
1673 454 1869 508 malam
1911 453 2080 507 vitam
2106 452 2298 515 finivit,
2330 452 2614 522 episcOpus
2638 451 2843 506 Gallus.

400 557 490 613 J9.
511 558 621 614 Hoc
637 572 780 613 anno
807 557 892 608 die
909 555 972 610 lS
989 555 1189 610 mensis
1211 553 1489 608 Februarii
1513 550 1888 606 sanctissimus
1905 546 2165 618 pontifex,
2186 547 2477 602 Toletanus
2497 547 2790 611 llelladius,
2808 547 3145 617 grandaevus,
3163 558 3346 603 sancte
3358 550 3591 604 decedit.

402 647 493 701 50.
531 646 691 702 Fides
717 648 918 704 Christi
952 667 981 702 a
1009 647 1286 718 discipulis
1315 647 1372 701 S.
1399 645 1584 702 Jacobi
1627 645 1804 714 primo
1850 643 2165 699 centenario
2193 643 2508 714 prtedicata,
2541 642 2788 699 Canaria:
2817 643 3038 698 crescit.
3071 641 3280 699 Patitur
3308 645 3365 700 S.
3401 646 3595 700 Avitus

321 744 385 798 in
417 744 668 811 Canaria,
697 756 750 801 et
775 747 824 800 in
858 747 1046 802 insulis
1074 747 1248 802 adhuc
1272 748 1450 800 durat.

403 842 492 895 51.
535 843 976 912 Eligiturprzesul
1008 840 1301 897 Toletanus
1341 841 1398 896 S.
1439 839 1650 903 Justus,
1683 839 1982 893 monachus
2011 838 2411 901 Benedictinns,
2460 855 2523 893 ex
2566 840 2894 893 monasterio
2937 838 3233 910 Agaliensi,
3284 845 3460 892 rector
3491 853 3587 906 pa—

292 1010 304 1027 ,
328 937 612 1004 trimouii;
642 939 727 993 hic
758 939 912 1008 longe
941 939 1078 994 alius
1105 957 1133 993 a
1164 939 1429 994 szeculari.
1461 938 1560 1006 Qui
1591 939 1674 991 vir
1698 946 1940 1002 sanctus,
1967 936 2108 1007 pius,
2152 937 2413 990 innocens
2439 946 2493 991 et
2521 938 2739 1007 optimis
2785 937 3026 992 moribus
3055 936 3372 1000 instructus,
3399 941 3593 1004 praeest

331 1043 452 1087 tres
475 1050 648 1089 annos
677 1035 790 1090 suis
818 1036 1121 1090 monachis.

401 1125 491 1181 52.
537 1125 651 1181 Sub
675 1127 777 1181 hoc
804 1128 1034 1197 prmsitle
1057 1127 1232 1194 Justo,
1257 1142 1382 1198 rege
1409 1127 1849 1198 Wisegothorum
1880 1127 2206 1193 Siseuando,
2235 1137 2422 1182 coacta
2454 1139 2537 1183 est
2582 1144 2631 1183 tv
2669 1127 2905 1198 synodus
2944 1126 3226 1193 Toletana,
3271 1125 3342 1180 62
3380 1125 3594 1194 cplrco—

326 1237 526 1289 porum
547 1222 788 1277 virorum
817 1222 1193 1278 excellentium
1223 1224 1508 1295 gravitate,
1537 1223 1729 1277 litteris
1751 1232 1800 1277 et
1837 1221 2105 1288 moribus;
2137 1221 2349 1291 praefuit
2378 1222 2434 1277 8.
2469 1222 2728 1277 Isidorus.

1284 1319 1345 1373 Ρ.
1388 1318 1718 1374 lllfiUElhE
1757 1318 1844 1372 ET
1886 1320 1948 1374 D.
1991 1318 2365 1374 LAURENTII
2407 1319 2638 1374 ΝΟΤᾸΞ.

326 1407 506 1479 52.ίί(1
551 1424 619 1462 ex
661 1406 780 1478 ipso
813 1407 1095 1463 manifeste
1122 1408 1394 1478 colligitur
1430 1407 1719 1479 lldefonso,
1756 1407 1910 1477 cujus
1939 1411 1987 1470 Α
2015 1419 2235 1479 inatque
2266 1409 2316 1463 in
2370 1409 2608 1463 Ecclesia
2652 1408 2907 1464 Toletana
2953 1409 3182 1464 concilio
3223 1405 3484 1462 Toletano
3511 1421 3588 1470 vn,

329 1478 497 1532 verba
529 1479 664 1534 bene
685 1476 1060 1542 considerata,
1089 1479 1230 1533 inter
1254 1476 1544 1547 intrantque
1572 1476 1784 1531 Justum
1818 1476 1912 1546 po-

327 1557 469 1603 quit
490 1548 801 1618 discrimen.
834 1567 852 1598 ι
892 1548 1098 1604 Rursus
1128 1565 1248 1603 cum
1277 1549 1518 1604 Helladio
1544 1549 1800 1618 episcopo
1829 1564 1914 1604 se-

327 1619 418 1672 dis
459 1619 577 1687 ejus
604 1617 789 1673 Justus
815 1619 1074 1673 diaconus
1120 1620 1262 1674 fastu
1296 1619 1563 1688 superbia:
1585 1617 1911 1684 insultaret,

329 1698 458 1764 post
486 1698 713 1764 mortem)
742 1689 1105 1764 cqnidem_s_ui
1140 1691 1412 1764 pontificis
1443 1689 1577 1742 vixit
1599 1689 1910 1758 episcopus,

329 1757 390 1813 ct
419 1761 533 1828 ipse
554 1757 887 1823 tabefactns;
917 1761 1010 1812 sed
1049 1760 1101 1813 in
1132 1757 1420 1829 reprobum
1454 1774 1642 1813 versus
1670 1757 1910 1823 sensum,

327 1830 401 1885 ob
434 1829 906 1898 intemperantiam
939 1845 1170 1893 morum,
1218 1846 1248 1882 a
1298 1829 1561 1883 ministris
1609 1829 1799 1884 altaris
1828 1830 1912 1883 sui

327 1899 611 1953 dormiens
636 1899 1000 1968 strangulatus
1035 1899 1224 1966 laqueo
1252 1899 1540 1968 expiravit.
1579 1918 1596 1950 ι
1634 1898 1840 1954 Revera
1866 1900 1912 1954 si

328 1968 420 2039 hic
490 1969 668 2038 justus
720 1969 821 2022 fuit
883 1969 1326 2039 archiepiscopus
1393 1969 1724 2032 Toletanus,
1802 1985 1912 2024 non

329 2037 508 2092 solum
563 2039 814 2101 diceret,
871 2049 984 2109 post
1041 2037 1258 2094 mortem
1335 2040 1418 2094 sui
1476 2039 1736 2109 pontiﬁcis
1788 2039 1913 2093 vixit

329 2057 508 2092 sonum
563 2057 766 2093 ulceret
799 2079 814 2101 ,
907 2057 984 2094 ost
1041 2057 1258 2094 mortem
1335 2057 1418 2094 aut
1476 2057 1736 2109 pomum:
1788 2057 1912 2093 om;

327 2111 625 2177 episcopus,
679 2109 775 2163 sed
817 2057 1064 2174 atrderet,
1112 2114 1224 2179 ejus
1271 2125 1538 2164 successor
1585 2123 1603 2161 :
1650 2111 1912 2179 quemad-

328 2179 553 2233 modum
606 2192 772 2247 agens
811 2179 878 2234 de
927 2178 1080 2236 Justo
1133 2178 1416 2243 Toletano,
1445 2179 1518 2234 sit
1547 2179 1623 2234 ait
1657 2178 1678 2233 :’
1708 2197 1726 2230 ι
1778 2179 1909 2234 Item

327 2263 456 2302 cum
496 2248 797 2303 successori
838 2249 954 2316 ejus
989 2248 1144 2304 Justo
1193 2250 1446 2318 episcopo
1473 2290 1489 2313 ,
1547 2268 1566 2300 ι
1618 2258 1726 2304 etc.
1775 2249 1914 2316 Quia

327 2332 456 2374 cum
525 2330 669 2390 esset
721 2319 931 2384 abbas,
985 2319 1070 2373 vel
1138 2330 1319 2374 rector
1362 2319 1696 2390 Agaliensis,
1754 2335 1914 2390 voca-

330 2397 436 2460 tus,
468 2396 554 2442 est
603 2388 669 2460 ad
719 2390 900 2443 sedem
930 2389 1244 2444 Toletanam
1290 2388 1601 2444 immediate
1637 2400 1758 2460 post
1784 2389 1912 2444 llel-

327 2457 555 2541 ladium.
613 2456 894 2541 Quomodo
943 2461 1438 2541 ergo_potuitAe-s_se
1488 2456 1750 2516 diaconus
1803 2460 1913 2541 1:0-

329 2528 423 2583 leti
471 2528 651 2593 simul,
685 2539 740 2583 et
764 2530 933 2584 abbas
959 2528 1304 2600 Agaliensis?
1343 2531 1466 2585 llaec
1511 2546 1734 2584 munera
1778 2530 1914 2584 adeo

327 2600 611 2666 negotiosa
661 2608 806 2664 sunt,
839 2607 897 2652 ut
928 2616 1092 2654 unum
1123 2616 1245 2656 cum
1272 2601 1444 2656 altero
1475 2600 1621 2655 nullo
1653 2601 1812 2654 modo
1845 2600 1914 2654 ab

328 2670 518 2741 eodem
547 2671 793 2737 praestari
822 2670 1008 2740 possit.
1035 2670 1126 2725 Sic
1146 2686 1267 2726 cum
1286 2669 1345 2741 S.
1369 2669 1666 2741 lldefonsus
1693 2671 1744 2724 iu
1772 2670 1915 2741 Aga-

2015 1495 2163 1546 num.
2187 1479 2281 1537 44.
2308 1495 2435 1533 ann.
2465 1480 2589 1541 638,
2626 1489 2830 1548 septem
2864 1496 3036 1534 annos
3055 1488 3178 1546 post
3217 1486 3448 1548 mortem
3473 1494 3600 1532 san-

2012 1551 2240 1604 ctissimi
2290 1550 2566 1620 pontiﬁcis
2614 1547 2862 1604 llelladii.
2899 1551 3267 1620 lnterfuerunt
3289 1547 3601 1620 Clarentius

2012 1630 2068 1674 et
2099 1615 2476 1689 Serpentinus.
2509 1620 2695 1675 Potuit
2736 1636 2858 1675 esse
2904 1620 3130 1675 alterius
3177 1618 3464 1684 Ecclesite;
3505 1615 3601 1689 sed

2012 1687 2275 1760 quodiliic
2304 1691 2398 1754 sit,
2424 1706 2622 1744 nomen
2662 1700 2716 1745 et
2745 1692 3001 1760 temporis
3038 1689 3418 1760 propinquitas
3463 1687 3602 1741 mul-

2016 1765 2125 1813 tum
2159 1759 2380 1814 faciunt.
2417 1760 2521 1815 Sed
2555 1776 2764 1823 revera,
2800 1759 2996 1815 si’talis
3033 1759 3225 1815 fuisset
3250 1759 3456 1822 Justus,
3489 1772 3601 1812 non

2013 1829 2272 1901 tacuisset
2297 1831 2354 1885 S.
2379 1830 2677 1885 lldefonsus
2701 1832 2760 1901 in
2777 1830 3168 1901 ejusiV’ita,uhi
3192 1829 3273 1884 sic
3298 1846 3311 1882 :
3344 1845 3362 1879 ι
3391 1827 3601 1894 Justus,

2014 1909 2134 1968 post
2182 1899 2511 1963 Helladium,
2539 1899 2834 1970 discipulus
2874 1900 3011 1968 ejus,
3065 1900 3251 1969 illique
3293 1913 3599 1970 successor,

2016 1970 2099 2024 vir
2127 1971 2449 2025 habitudine
2476 1969 2722 2041 corporis
2766 1971 3075 2041 ingeniique
3112 1971 3323 2041 meritis
3353 1969 3605 2041 _t_le_c_or_us

2015 2050 2184 2110 atque
2226 2041 2444 2095 subtilis
2476 2059 2489 2094 ε
2521 2036 2590 2094 ab
2621 2036 2848 2095 infantia
2879 2036 3212 2103 monachus;
3247 2039 3322 2110 ab
3353 2036 3603 2110 H‘elladio

2014 2111 2080 2164 ad
2095 2108 2365 2165 Virtutem
2388 2112 2702 2166 monastica:
2730 2110 3084 2166 institutionis
3112 2109 3316 2163 alfatim
3338 2108 3604 2163 educatus

2016 2181 2305 2252 pariteret
2328 2181 2647 2244 instructus,
2674 2181 3020 2252 iniAgaliensi
3048 2177 3383 2252 monasterio
3409 2177 3604 2252 tertius

2013 2248 2137 2320 post
2195 2250 2343 2304 illum
2388 2262 2570 2320 rector
2598 2261 2682 2306 est
2716 2248 2895 2306 factus
2923 2267 2938 2308 :
2969 2249 3182 2306 exstitit
3215 2257 3395 2304 rector
3440 2248 3602 2320 annis

2016 2318 2192 2391 tribus
2227 2339 2240 2373 :
2273 2331 2515 2391 tempore
2545 2319 2836 2377 Sisenandi
2865 2321 3001 2377 obiit
3030 2339 3045 2377 :
3071 2321 3166 2391 qui
3186 2335 3280 2374 rex
3307 2327 3430 2391 post
3459 2318 3604 2373 hunc

2015 2388 2102 2444 die
2159 2407 2300 2446 nono
2347 2388 2560 2446 decimo
2613 2390 3218 2446 defunctus'ahscessit.
3254 2408 3272 2441 ι
3307 2388 3602 2455 Praeterea,

2015 2474 2137 2514 cum
2182 2471 2499 2529 regerentur
2537 2463 2866 2516 monasteria
2896 2462 3125 2517 consilio
3168 2461 3444 2529 ductuque
3469 2473 3607 2526 pon-

2017 2529 2221 2585 tilicum
2241 2528 2626 2602 Hispanorum,
2653 2549 2758 2586 non
2781 2543 2866 2587 est
2887 2530 3168 2602 credibile,
3199 2528 3604 2584 sanctissinnnn

2016 2609 2072 2654 et
2137 2600 2640 2657 innocentissimum
2701 2602 2876 2656 virum
2948 2600 3250 2656 llelladium
3323 2613 3604 2653 assensum

2017 2671 2392 2743 przebiturum,
2445 2673 2708 2743 ut_homo
2753 2678 3130 2743 ruequam,_et
3184 2668 3484 2743 superbus,
3538 2682 3605 2722 ac

328 2736 490 2822 lieusi
539 2736 868 2822 monasterio
894 2741 1087 2795 tertius
1124 2750 1246 2822 post
1296 2740 1444 2794 illum
1496 2740 1553 2795 S.
1584 2736 1910 2822 .llelladium
1943 2764 1988 2822 Β
2017 2736 2273 2822 insolens,
2319 2750 2374 2797 ct
2427 2741 2582 2822 malis
2627 2736 2871 2822 moribus
2918 2741 3210 2822 praeditus2
3251 2736 3605 2822 'sutliceretur

329 2817 514 2862 rector
561 2818 647 2862 est
697 2808 900 2872 factus,
937 2829 956 2861 ι
1001 2812 1211 2866 exstitit
1258 2821 1438 2865 rector
1471 2811 1628 2866 annis
1659 2811 1848 2864 tribus.
1887 2829 1906 2863 ι

331 2877 440 2932 Sed
465 2879 614 2932 dices
647 2895 660 2931 :
701 2879 777 2933 Ex
811 2882 1076 2935 monacho
1103 2882 1279 2935 factus
1307 2891 1390 2936 est
1414 2880 1678 2935 diaconus
1703 2879 1909 2945 Toleti,

332 2956 390 3001 et
417 2958 601 3021 postea
635 2947 810 3021 factus
835 2960 920 3004 est
945 2952 1112 3005 abbas
1137 2951 1455 3021 Agaliensis.
1484 2951 1618 3005 Rem
1651 2949 1753 3003 illis
1779 2959 1912 3005 tem-

371 3019 559 3072 oribus
612 3020 740 3074 mihi
778 3035 968 3074 narras
999 3019 1335 3085 inusitatam,
1366 3030 1425 3075 ut
1453 3021 1620 3076 videri
1651 3030 1827 3089 potest
1857 3021 1910 3075 in

381 3089 579 3158 ngenio
609 3091 893 3152 monacho,
920 3091 1010 3159 qui
1039 3101 1261 3146 vocatus
1285 3091 1350 3146 ad
1375 3091 1674 3146 Ecclesiam
1699 3091 1911 3145 Toleta-

332 3173 460 3230 naln
491 3173 610 3213 cum
641 3159 900 3227 Hclladio,
931 3169 986 3216 et
1022 3162 1089 3218 ab
1116 3164 1306 3216 eodem
1337 3161 1596 3220 Helladio,
1631 3177 1908 3230 nunquam

334 3229 402 3280 ad
420 3231 807 3298 monasterium
839 3247 1087 3286 reversus
1109 3242 1222 3298 est;
1247 3243 1301 3286 et
1323 3233 1391 3286 ob
1415 3233 1467 3286 id
1489 3245 1595 3286 non
1621 3229 1719 3285 fuit
1743 3229 1910 3286 abbas

330 3297 669 3368 Agaliensis:
696 3300 833 3358 sicut
862 3301 1026 3355 etiam
1055 3303 1193 3356 idem
1210 3302 1408 3357 accidit
1434 3299 1503 3355 Μ.
1522 3301 1910 3364 Maximo,mo—

336 3367 512 3442 nacho
543 3369 890 3442 Benedictin
937 3372 1446 3442 Cmsaraugustano,
1478 3371 1571 3440 qui
1614 3386 1682 3442 ex
1731 3372 1913 3442 archi-

333 3438 561 3511 diacono
615 3439 1105 3511 Caesaraugustanm
1151 3438 1440 3507 Ecclesiae,
1492 3438 1554 3495 ac
1609 3439 1666 3494 S.
1728 3439 1910 3494 Maria:

333 3505 543 3570 Pilaris,
579 3524 851 3578 nunquam
867 3505 945 3564 'ad
970 3513 1356 3566 monasterium
1388 3505 1638 3566 reversus
1673 3519 1776 3564 est.
1801 3511 1906 3564 Sed

332 3586 555 3646 praestat
583 3579 641 3633 S.
682 3582 920 3634 doctoris
962 3581 1210 3636 lldel'nusi
1253 3583 1415 3637 verba
1442 3590 1702 3650 concepta
1734 3578 1906 3648 suhji-

332 3663 479 3714 cere,
513 3663 643 3719 quae;
679 3659 806 3704 sunt
855 3651 1012 3706 lucc:
1053 3671 1070 3702 c
1108 3652 1281 3718 llunc,
1327 3653 1536 3706 scilicet
1582 3651 1906 3719 Eugenium,

333 3731 518 3772 secum
552 3717 826 3790 Helladius
858 3738 888 3773 a
928 3723 1257 3777 monasterio
1303 3721 1422 3776 tulit
1458 3722 1525 3774 ad
1564 3717 1908 3790 pontilicatus

335 3795 570 3858 tractus,
604 3789 695 3858 qui
760 3807 948 3845 rursus
993 3793 1059 3846 ab
1110 3810 1174 3847 eo
1226 3789 1572 3846 clericalibus
1627 3791 1908 3845 institutus

332 3856 636 3929 ordinibus,
675 3860 818 3915 sedis
862 3861 979 3929 ejus
1019 3872 1140 3929 post
1183 3877 1306 3916 eum
1345 3863 1537 3916 tertius
1589 3870 1772 3915 rector
1813 3875 1906 3914 ae-

332 3928 564 3999 cessitaa
617 3929 786 3992 Adde,
843 3928 984 3999 quod
1022 3928 1216 3986 Justus
1256 3948 1361 3986 non
1411 3931 1513 3985 fuit
1551 3938 1798 3986 sacratus
1837 3932 1904 3984 ab

335 3995 600 4070 llelladio,
640 3999 740 4070 nisi
773 3995 962 4055 lecior.
997 4000 1086 4056 Sic
1111 4002 1168 4056 8.
1198 4001 1514 4057 lldel‘ousus.
1559 4019 1577 4051 ι
1609 4000 1901 4070 Eugenius,

332 4066 626 4137 discipulus
683 4069 950 4133 Helladii,
991 4073 1250 4127 (-ollector
1301 4080 1355 4127 et
1407 4086 1633 4126 consors
1678 4066 1837 4125 J'usti.
1877 4091 1896 4123 ι

332 4135 485 4210 Ergo
506 4138 678 4210 factus
703 4139 859 4195 simul
887 4156 1008 4196 cum
1037 4143 1273 4210 Eugenio
1296 4142 1484 4197 lector.
1518 4142 1746 4208 Quarto,
1773 4157 1902 4208 quo-

334 4209 496 4280 modo
520 4208 620 4262 sibi
645 4211 948 4280 contrarius
972 4208 1195 4267 esset—S.
1225 4212 1537 4274 Ildefonsns,
1572 4213 1661 4280 qui
1693 4212 1903 4266 dixerat

332 4276 386 4339 in
415 4281 678 4350 prooemio
695 4281 758 4350 de
773 4279 926 4335 Justo
941 4281 1031 4335 illo
1053 4283 1161 4336 sic:
1186 4303 1202 4333 (
1226 4281 1358 4338 Cum
1389 4276 1629 4338 Helladi'o
1650 4282 1902 4350 episeopo

331 4349 476 4419 sedis
501 4348 637 4417 ejus,
686 4349 869 4404 Justus
891 4352 1146 4407 diaconus
1183 4351 1486 4415 insultaret,
1519 4360 1641 4419 post
1673 4348 1899 4406 mortem

331 4415 547 4490 quidem
575 4419 656 4473 sui
686 4420 954 4489 pontificis
991 4423 1126 4476 vixit
1158 4422 1442 4490 episcopus
1474 4439 1488 4475 :
1519 4415 1580 4476 et
1607 4421 1724 4490 ipse
1754 4423 1904 4475 tabe-

331 4486 537 4561 factus;
569 4490 664 4544 sed
687 4486 747 4544 in
789 4492 1074 4561 reprohum
1119 4486 1308 4546 vei-sus
1337 4486 1577 4554 sensum,
1603 4486 1674 4544 ob
1703 4491 1900 4545 intem-

401 4558 628 4612 rantiam
679 4558 907 4626 morum,
940 4577 969 4614 a
1007 4562 1269 4616 ministris
1298 4561 1484 4615 altaris
1508 4561 1590 4615 sui
1625 4561 1901 4615 dormiens

337 4629 526 4695 laqueo
555 4630 924 4702 strangulatus
949 4632 1278 4702 exspiravit?
1305 4651 1325 4684 ι
1355 4630 1518 4702 Quasi
1544 4631 1822 4686 denotaret
1845 4629 1899 4684 iu

328 4707 550 4764 peccato
594 4701 805 4754 mortali
852 4701 1152 4756 decessisse
1200 4703 1345 4756 hunc
1386 4701 1598 4756 Justum
1638 4701 1902 4770 intempe-

331 4772 561 4840 rantem,
611 4771 925 4838 superbum,
961 4772 1322 4840 peculantem.
1359 4771 1638 4838 Quomodo
1667 4784 1819 4839 ergo,
1853 4770 1898 4840 si

330 4835 418 4926 hic
441 4835 788 4926 est—’qui
819 4841 944 4926 (fuit
961 4835 1408 4926 archiepiscopus
1428 4835 1899 4926 Toletanusfdicit

331 4906 395 4960 de
429 4908 532 4980 illo
571 4909 622 4963 in
655 4906 776 4963 Vita
819 4909 876 4964 S.
907 4906 1177 4980 Eugenii':
1224 4930 1243 4962 ι
1281 4906 1348 4966 Ει
1396 4913 1594 4965 bonum
1645 4909 1898 4980 meritum

330 4977 494 5050 senis,
528 4980 618 5050 qui
647 4981 857 5034 duobus
885 4977 1180 5050 discipulis,
1211 4983 1517 5050 sanctisque
1544 4981 1686 5043 filiis,
1716 4979 1902 5034 Eccle-

329 5046 422 5122 siae
470 5046 565 5122 ξ)θί
602 5052 984 5122 νιιωωαὶωιειιι
1021 5046 1216 5106 ineruit
1260 5046 1559 5121 relinquere
1589 5051 1897 5122 gubernan-

330 5117 492 5170 dam?
539 5138 557 5167 ι
589 5121 873 5184 Quomodo
924 5137 1081 5184 ergo,
1132 5123 1176 5176 si
1226 5117 1616 5184 intemperans
1659 5121 1900 5176 moribus

2016 2813 2251 2880 regendo
2273 2813 2620 2877 monasterio,
2640 2813 2728 2867 ubi
2754 2808 3034 2881 tantopere
3063 2808 3288 2865 ﬂorebat
3318 2808 3602 2877 disciplina

2015 2883 2343 2954 monastica,
2372 2891 2427 2936 et
2463 2883 2616 2954 vigor
2635 2883 2963 2954 sanctitatis,
2993 2896 3155 2954 quem
3183 2881 3388 2954 diutius
3417 2893 3604 2954 serva—

2015 2952 2096 3006 vit
2129 2951 2264 3008 ordo
2293 2949 2696 3008 Benediciinus.
2724 2951 2908 3020 Neque
2931 2949 3073 3007 enim
3102 2951 3154 3005 id
3189 2950 3350 3012 ratio,
3370 2949 3606 3018 pruden-

2015 3021 2087 3076 tia
2135 3034 2190 3076 et
2238 3039 2390 3078 amor
2412 3038 2540 3092 erga
2570 3038 2724 3077 suam
2757 3023 3070 3093 religionem
3101 3021 3220 3093 pullo
3253 3020 3603 3093 modo_pate-

2015 3102 2221 3147 rentur.
2260 3093 2336 3146 Ex
2381 3089 2578 3162 quibus
2606 3089 2907 3147 rationibus
2935 3091 3203 3162 colligitur
3233 3091 3373 3144 male
3391 3089 3604 3162 _lapsos

2013 3177 2133 3218 esse
2174 3158 2498 3233 scriptorcs,
2532 3165 2641 3233 qui,
2655 3173 2764 3217 tam
2802 3158 3087 3233 incuriosc'
3120 3161 3360 3232 legentes
3386 3158 3444 3214 8.
3470 3158 3605 3213 lide-

2010 3233 2250 3298 fonsum,
2277 3231 2342 3288 ex
2373 3231 2582 3288 duobus
2612 3232 2786 3288 Justis
2815 3248 2977 3286 unum
3007 3231 3220 3300 injustae
3246 3239 3602 3300 consuerunt,

2011 3312 2066 3356 et
2097 3312 2204 3355 tam
2227 3302 2571 3358 manifestam
2603 3303 2776 3356 labem
2808 3299 3099 3371 notamque
3125 3301 3182 3355 S.
3215 3299 3470 3355 Ecclesia:
3499 3299 3604 3353 To-

2010 3372 2226 3436 letanze,
2248 3381 2303 3427 et
2329 3373 2505 3427 ordini
2542 3373 2884 3427 sanctissimo
2911 3371 3386 3427 Beuedictinorum
3413 3384 3601 3435 asper-

2011 3451 2232 3507 serunt;
2259 3454 2261 3457 '
2288 3458 2392 3496 non
2429 3451 2579 3498 certe
2606 3442 2789 3496 dedita
2833 3456 3021 3510 opera,
3045 3441 3138 3496 sed
3172 3455 3267 3510 per
3307 3439 3600 3510 incuriam.

2010 3511 2302 3582 Expediret
2354 3513 2536 3582 itaque
2571 3513 2742 3567 honos
2785 3508 3036 3566 auctores
3068 3508 3184 3563 non'
3215 3508 3598 3582 dormitantes,

2010 3577 2108 3636 sed
2133 3581 2323 3651 vigiles
2343 3592 2399 3637 et
2428 3577 2780 3638 vehementer
2806 3591 3044 3636 attentos
3070 3593 3409 3651 percurrere,
3452 3577 3600 3633 loca-

2009 3667 2114 3723 que
2141 3649 2262 3707 cum
2291 3653 2423 3707 locis
2451 3652 2720 3723 conferre.
2750 3652 2806 3706 In
2838 3667 2998 3722 quem
3034 3649 3135 3722 ego
3167 3649 3328 3723 simul
3351 3663 3599 3703 errorem

2009 3720 2348 3784 incidissem,
2401 3723 2502 3778 nisi
2557 3720 2947 3793 Luitprandus,
2993 3720 3185 3793 auctor
3231 3720 3484 3793 diligens,
3545 3727 3603 3793 et

2008 3793 2120 3846 acri
2151 3793 2198 3845 vi
2209 3793 2472 3862 rjudicio,
2493 3793 2623 3847 mihi
2643 3790 2789 3848 nunc
2814 3807 3000 3846 aurem
3021 3791 3346 3846 vellicassct.
3367 3790 3601 3862 Scripsit

2006 3858 2264 3917 nonnulla
2297 3864 2364 3917 ad
2409 3864 2724 3918 Achilanem
2749 3863 2995 3917 abbatem
3028 3858 3594 3931 Agaliensem._P.7H.

2075 3931 2165 3987 49.
2185 3933 2327 3986 Mors
2349 3932 2408 3987 S.
2428 3933 2653 3987 Helladii
2681 3933 2780 3987 fuit
2801 3933 2953 3987 initio
2984 3929 3130 3992 regni
3161 3929 3470 3992 Sisenandi,
3496 3930 3600 3984 hoc

2006 4013 2111 4066 est,
2168 4019 2308 4058 anno
2336 4003 2460 4057 651.
2511 4003 2827 4058 Celebratur
2874 4003 3012 4073 ejus,
3040 3999 3258 4073 festum
3289 4000 3342 4054 iu
3390 3999 3594 4073 Marty-

2009 4073 2231 4144 rologio
2267 4073 2476 4144 noviter
2513 4074 2704 4144 Roma;
2741 4070 2917 4144 edito,
2961 4072 3052 4144 die
3077 4072 3144 4126 18
3172 4070 3474 4144 Februarii,
3529 4070 3599 4124 de

2006 4159 2112 4212 quo
2133 4140 2194 4198 8.
2218 4143 2535 4208 lldefonsus,
2572 4144 2665 4197 lih.
2690 4143 2762 4198 De
2793 4142 2932 4197 Viris
2958 4143 3172 4205 illustr.,
3198 4151 3252 4195 et
3273 4140 3595 4212 liodericus,

2009 4209 2100 4269 lib.
2134 4230 2194 4279 II,
2228 4230 2348 4284 cap.
2382 4215 2434 4267 7.
2467 4214 2559 4269 Sic
2589 4213 2950 4268 venerabilem
2974 4213 3298 4284 llclladium,
3321 4209 3599 4284 fl‘oletanie

2006 4284 2150 4339 sedis
2182 4280 2653 4354 metropolitanum
2678 4284 3030 4354 episcopum,
3059 4280 3367 4336 sanctitatis
3389 4294 3596 4349 praeco-

2007 4355 2097 4408 nio
2128 4353 2533 4423 praefulgentem
2567 4353 2804 4408 Ecclesia
2857 4363 3165 4414 veneratur,
3199 4366 3322 4406 cum
3349 4364 3599 4423 summus

2004 4419 2252 4493 pontifex
2289 4419 2726 4493 Martyrologium
2775 4424 3102 4493 auctoritate
3132 4439 3226 4476 sua
3265 4419 3364 4493 toti
3395 4434 3596 4493 propo-

2005 4488 2097 4547 nat
2129 4488 2502 4556 Ecclesim,'ut
2534 4488 2771 4546 ii'solum
2804 4488 3106 4547 habeantur
3149 4491 3318 4546 sancti
3341 4526 3356 4553 ,
3384 4488 3476 4557 qui
3510 4488 3598 4542 hic

2005 4572 2132 4637 sunt
2179 4563 2390 4632 scripti,
2429 4571 2484 4637 et
2534 4563 2636 4616 hoc
2681 4571 2771 4637 est
2813 4564 3136 4637 canonizare
3184 4567 3439 4637 sanctos;
3469 4572 3595 4610 nam

2004 4633 2134 4703 quid
2159 4633 2610 4708 est_canon_iza_re,
2642 4633 3012 4708 n_isi_aliq_uem
3053 4638 3300 4708 sanctum
3337 4633 3435 4708 toti
3466 4641 3596 4708 pro-

2002 4699 2206 4776 ponere
2233 4703 2489 4758 Ecclesiae
2520 4699 3006 4776 Dei,__habe_ndum,
3029 4699 3313 4776 colendum
3340 4706 3396 4750 et
3417 4699 3596 4776 notiti-

2003 4768 2242 4828 nandum
2299 4774 2590 4828 sanctum?
2631 4772 2870 4842 Hocrﬁt,
2924 4779 3187 4842 quatenus
3235 4768 3291 4842 i_n
3341 4768 3597 4820 universa

2002 4842 2244 4898 Ecclesia
2293 4843 2614 4915 proponitur
2644 4843 2703 4898 S.
2731 4837 3026 4915 Helladius.
3059 4837 3356 4915 Ergo__jatn
3387 4845 3470 4915 est

2001 4904 2318 4978 nonizatus',
2351 4904 2417 4968 de
2446 4928 2554 4982 quo
2585 4929 2688 4968 non
2722 4913 2886 4982 fiebat
2915 4910 3078 4964 ullum
3111 4904 3166 4963 in
3201 4904 3454 4982 Hispania
3483 4904 3606 4982 olli-

2002 4984 2165 5048 cium,
2195 4994 2256 5038 ut
2285 4972 2662 5038 nonnulliviri
2705 4981 2843 5037 doct-i
2895 4972 3326 5048 conquer-untur.
3375 4972 3610 5048 Mmjtnr

2003 5049 2062 5108 s.
2087 5041 2362 5110 Helladins
2393 5054 2478 5108 dic
2507 5061 2697 5106 octava
2729 5051 2938 5104 decima
2965 5041 3282 5116 Februarii,
3305 5057 3447 5116 stipo
3475 5041 3615 5114 652,

2002 5125 2178 5184 primo
2229 5141 2372 5180 anno
2402 5123 2710 5183 Sisenandi,
2740 5120 2830 5184 qui
2859 5119 3029 5184 cepit
3056 5118 3126 5173 ab
3161 5110 3278 5180 (ἥθ’
3299 5115 3333 5169 8
3365 5110 3620 5184 Septem;
