4012 5334
562 408 696 464 1007

917 519 1162 576 DCXCV.

1678 403 2018 460 APPENDIX
2051 403 2143 457 Λῐ)
2184 401 2699 493 ΜυΤΡΒΑῌΒΙΙΜ.

3668 400 3789 456 Ιῦ08

3182 512 3423 568 DCLV".

630 622 717 676 96.
760 618 870 673 lloc
899 633 1061 679 anno,
1096 616 1181 670 die
1210 614 1273 668 15
1304 613 1589 668 Novembr.
1622 614 1850 667 moritur
1884 613 2053 668 Tolcti
2089 611 2146 667 8.
2183 612 2455 684 Eugenius
2493 610 2576 673 Ill.
2607 619 2656 665 et
2705 609 2976 664 miraculis
3003 609 3182 663 clarus
3215 618 3324 662 tota
3371 608 3628 677 llispania
3664 608 3794 661 cele-

560 716 672 770 bris
699 715 957 776 habetur;
978 713 1122 782 jacet
1150 714 1203 768 in
1229 713 1287 768 S.
1314 712 1577 767 Leucadia
1602 722 1755 768 extra
1785 711 1971 767 urbem
1999 728 2012 776 ;
2043 712 2133 766 alii
2159 711 2347 765 volunt
2371 710 2516 765 hunc
2546 709 2814 778 sepultum
2842 708 2897 762 in
2924 707 3082 761 domo
3110 707 3166 760 8.
3199 706 3498 761 L‘cocadize.

630 810 718 865 97.
760 810 816 865 S.
850 787 1167 872 lldefonsus,
1194 807 1493 863 monachus
1517 807 1844 878 Agalicnsis,
1874 808 1957 861 vir
1980 807 2175 862 nobilis
2205 816 2259 861 et
2291 806 2570 877 religiosus
2602 804 2965 873 doctrinzequc
2994 804 3155 856 varia:
3186 802 3323 856 fama
3355 801 3608 865 celebris,
3636 802 3800 854 abbas

563 905 660 960 SS.
689 905 898 962 Cosma:
924 915 980 960 et
1004 905 1273 968 Damiani,
1305 903 1618 959 monasterii
1659 903 1853 958 diversi
1899 903 1967 957 ab
2001 903 2272 974 Agaliensi
2315 902 2370 957 S.
2403 902 2600 957 Juliaui
2644 902 2922 972 martyris,
2952 900 3004 953 in
3050 899 3314 954 demortui
3346 899 3524 953 locum
3553 898 3797 970 (Eugenii

1520 1012 1578 1066 Ρ.
1616 1010 1945 1067 HIGUEIUE
1983 1012 2068 1066 ET
2108 1012 2173 1065 D.
2212 1011 2583 1068 LAURENTII
2620 1012 2848 1068 NOTAE.

559 1125 681 1166 esse
708 1126 734 1162 a
763 1108 819 1163 8.
849 1103 1141 1170 lldefonso;
1176 1103 1266 1156 sed
1311 1102 1597 1163 falluntur,
1628 1102 1753 1170 quia
1784 1117 1887 1155 nou
1918 1101 2129 1172 prmt‘uit
2161 1108 2206 1164 Α
2235 1118 2413 1166 aerea,
2445 1103 2525 1157 vel
2562 1103 2797 1171 qualibet
2823 1103 2926 1158 alia
2952 1119 3148 1168 carne,
3192 1120 3579 1172 resurgamus;
3619 1105 3713 1160 sed
3751 1107 3800 1161 in

561 1179 790 1235 concilio
812 1177 1074 1232 Toletano
1110 1191 1142 1229 χ
1185 1172 1513 1234 lldefonsus,
1554 1186 1653 1226 nec
1685 1183 1810 1225 tunc
1835 1180 1954 1225 erat
1979 1171 2134 1224 Tole-

560 1261 717 1328 ianus
747 1246 1192 1328 episcppus;gsed
1224 1258 1407 1328 revera
1449 1244 1465 1313 (
1483 1251 1541 1322 ut
1569 1240 1726 1296 docet
1742 1240 1995 1328 diiiianus
2024 1241 2130 1322 To-

562 1310 1264 1386 letanusarchipresbyteri
1289 1311 1389 1366 fuit
1415 1310 1619 1382 primus
1666 1311 1755 1378 qui
1784 1310 1833 1364 id
1857 1311 2135 1386 proposuit

561 1391 614 1443 in
642 1390 744 1444 hoc
773 1379 1019 1449 concilio,
1048 1394 1096 1438 et
1113 1379 1191 1437 'ad
1221 1382 1336 1450 ejus
1359 1379 1567 1451 preces.
1594 1390 1649 1435 et
1672 1389 1892 1451 propter
1918 1379 1975 1435 SI
2016 1379 2133 1433 Vir-

560 1460 700 1529 ginis
732 1458 1055 1529 singularem
1096 1450 1465 1529 devotionem,
1511 1452 1681 1529 sancti
1722 1450 2133 1529 Patresprppo-

561 1521 948 1583 suerunt.‘lloc
975 1527 1461 1590 certe.verum‘_cst.
1502 1523 1733 1590 primum
1776 1521 2133 1590 archiepisco-

557 1615 686 1668 pum
716 1596 1054 1668 Toletanum,
1085 1594 1173 1668 qui
1205 1588 1600 1668 conciiiiluuus
1626 1605 1883 1668 canoneirt
1911 1588 2133 1668 eisecuf

559 1660 691 1724 iioni
740 1664 1044 1725 mandavit’,
1084 1663 1247 1716 fuisse
1274 1661 1330 1715 8.
1360 1660 1712 1720 lldefousum;
1757 1660 1846 1728 qui
1887 1660 2133 1727 sequenti

564 1754 706 1795 anno
739 1738 983 1800 proximo
1009 1732 1320 1786 cathedram
1353 1733 1543 1793 tenuit,
1583 1739 1639 1782 ut
1669 1731 1883 1800 egregie
1912 1733 2134 1784 adnotat

562 1811 703 1864 idem
731 1799 996 1866 Julianus,
1021 1811 1080 1855 ut
1106 1803 1159 1855 in
1188 1800 1304 1868 ejus
1328 1800 1594 1853 Chronico
1620 1799 1848 1854 videtur.
1883 1800 1943 1854 P.
1976 1800 2040 1853 ll.

629 1877 717 1933 96.
738 1878 851 1931 Hoc.
871 1888 1011 1929 anno
1031 1873 1116 1925 die
1142 1873 1204 1926 l3
1228 1869 1561 1931 Novembris,
1577 1869 1665 1938 qui
1693 1868 1791 1923 fuit
1811 1871 1924 1925 dies
1946 1869 2130 1929 Luam,

561 1958 615 2003 et
640 1965 666 2001 a
699 1946 892 2002 saeculo
919 1941 1232 2010 Luitprandi
1272 1939 1384 2009 jam
1431 1940 1730 1996 habebatur
1770 1940 2042 2010 Eugenius
2075 1951 2134 1994 ut

561 2028 799 2076 sanctus,
830 2017 970 2069 inter
998 2026 1222 2081 superos
1250 2010 1468 2065 relatus.
1513 2010 1765 2081 Testatur
1805 2011 1859 2066 id
1888 2026 1951 2065 eo
1979 2010 2132 2080 iunge

560 2089 830 2156 antiquior
856 2080 1135 2140 Usuardus
1165 2082 1266 2156 hoc
1288 2081 1403 2156 die;
1436 2081 1561 2135 item
1589 2080 1861 2156 Gciasius_;
1893 2081 1983 2135 sed
2006 2096 2133 2156 con-

559 2151 734 2213 fuudit
757 2171 876 2211 cum
906 2162 1141 2224 martyre
1170 2151 1329 2224 longe
1354 2152 1458 2224 ho_c_
1478 2152 1800 2224 recentiore.
1827 2152 1903 2224 De
1927 2166 2033 2219 quo
2053 2151 2132 2224 sic

558 2228 855 2284 lldefousns
884 2226 937 2278 in
975 2220 1067 2277 lib}
1117 2223 1189 2276 De
1219 2220 1379 2290 Viris,
1408 2220 1739 2276 illustribus:
1792 2237 1810 2271 ι
1861 2221 2133 2290 Eugenius

560 2300 701 2353 alter
734 2305 853 2367 post
886 2292 1177 2367 Eugenium
1208 2289 1447 2362 pontifex
1494 2293 1836 2367 subrogatur.
1869 2289 1966 2344 Hic
2010 2306 2130 2367 cum

546 2362 812 2423 Ecclesia:
833 2362 1014 2435 Regia:
1039 2363 1270 2435 clericus
1295 2370 1435 2435 esse}
1457 2364 1723 2435 egregius,
1748 2362 1855 2435 vi_ta
1884 2362 2130 2415 monachi

546 2437 858 2492 delectatus
886 2429 1006 2490 est:
1048 2434 1140 2503 qui
1185 2431 1363 2502 sagaci
1403 2429 1526 2500 fuga
1570 2429 2134 2503 urbemCmsaraugu-

545 2519 698 2562 "stam
726 2516 917 2578 petens
938 2546 952 2568 ,
996 2499 1431 2578 illic_martyrum
1469 2499 1729 2578 sepulcris
1765 2501 2005 2578 inhit-su;
2033 2499 2131 2554 ibi-

562 2593 669 2646 que
704 2570 877 2632 studia
907 2570 1629 2646 sapientiteetpropositum
1649 2570 1914 2646 _mona_chi
1944 2573 2136 2625 decen-

558 2641 643 2702 ter
669 2646 909 2702 incoluit.
940 2641 1091 2699 Unde
1127 2642 1407 2712 principali
1446 2641 1698 2696 violentia
1738 2641 2025 2712 reductus,
2056 2647 2136 2693 at-

559 2733 665 2788 que
702 2717 755 2788 in
798 2710 1169 2788 pontificatum
1217 2710 1664 2788 ascitus.,_vitam
1710 2710 1830 2781 plus
1879 2710 2133 2763 virtutum

557 2781 769 2841 meritis
797 2781 955 2853 quam
984 2783 1190 2837 viribus
1219 2783 1365 2853 egit;
1410 2781 1509 2853 fuit
1538 2797 1768 2853 namque
1796 2788 2136 2853 corporale-

560 2857 704 2919 nuis,
734 2848 931 2924 parvus
972 2855 1196 2924 robore,
1247 2848 1339 2905 sed
1385 2850 1537 2924 valde
1573 2848 2138 2919 l'ervesceus’spiritus

563 2921 799 2990 virtute;
843 2923 1143 2977 studiorum
1173 2922 1437 2976 bonorum
1467 2921 1574 2974 vim
1606 2934 1963 2989 persequens,
2012 2927 2138 2973 can-

561 3004 651 3050 tus
674 2995 901 3065 passivis
929 2992 1162 3065 vocibus
1181 2990 1666 3065 vitiatos_melodi:c
1691 2990 1996 3065 cognitione
2017 3004 2137 3065 cor-

561 3058 724 3124 rcxi't.
740 3064 1035 3117 ciliciorum
1057 3061 1287 3115 omissos
1307 3061 1524 3115 ordines
1545 3058 1839 3128 curamque
1860 3058 2134 3113 discrevit.

564 3135 795 3203 Scripsit
821 3134 886 3189 de
913 3142 1095 3203 sancta
1126 3129 1391 3203 Trinitate
1414 3129 1753 3203 libellum,_ei
1772 3128 1987 3203 eloquio
2014 3128 2138 3203 niti-

564 3197 721 3269 dnm',
751 3212 807 3259 et
836 3203 909 3257 rei
940 3202 1166 3257 veritate
1195 3200 1554 3269 perspicuum.
1592 3197 1692 3264 Qui
1732 3197 1928 3270 Libyae
1951 3198 2137 3270 Orien-

562 3267 742 3345 tisque
769 3274 1029 3345 partibus
1051 3270 1189 3345 mitti
1239 3267 1562 3345 quantocius
1604 3267 1847 3345 peierat;
1878 3267 1978 3322 nisi
2006 3283 2137 3345 pro-

563 3339 713 3400 cellis
754 3339 1067 3398 resultantia
1107 3340 1241 3394 freta
1268 3342 1532 3394 incertum
1574 3339 1780 3408 pavidis
1824 3340 1927 3393 iter
1967 3339 2141 3393 viato-

565 3417 713 3470 ribus
750 3413 1100 3468 distulissent.
1137 3409 1377 3481 Scripsit
1415 3419 1470 3462 et
1517 3409 1650 3481 duos
1690 3408 1935 3481 libellos,
1972 3423 2137 3461 unum

563 3485 763 3540 diversi
796 3484 1050 3557 carminis
1080 3478 1275 3557 metro,
1314 3479 1474 3557 alium
1506 3479 1700 3557 diversi
1724 3478 1919 3557 .Operis
1945 3492 2136 3557 prosa,

553 3566 884 3624 concretos:
929 3554 1019 3624 qui
1061 3552 1364 3624 multorum
1398 3550 1464 3604 ad
1510 3548 2027 3624 iudustriam._ejus
2072 3561 2139 3601 ex

564 3627 669 3680 hoc
695 3618 961 3678 tenaciter
1000 3632 1240 3676 sanctam
1282 3619 1567 3674 voluerunt
1607 3618 1989 3673 commendare
2029 3632 2140 3671 me-

558 3695 818 3750 moriam.
852 3692 1083 3747 Libellos
1107 3691 1183 3762 (a)
1214 3689 1731 3762 quoqueDracontii
1764 3689 1830 3762 de
1867 3688 2140 3762 creatione

563 3765 751 3819 mundi
790 3757 1141 3844 conscriptos,
1162 3757 1306 3844 quos
1331 3757 1634 3844 antiquitas
1657 3759 1955 3844 protulerat
1979 3757 2139 3811 vitia-

558 3845 667 3901 tos,
696 3829 1230 3904 qum-incontinentia
1267 3829 1490 3904 reperit,
1516 3829 2136 3904 subtrahendo,_immu-

562 3896 747 3967 tando,
782 3906 863 3958 vel
890 3896 1347 3967 meliorando,ita’
1380 3902 1432 3954 in
1474 3898 1884 3969 pulchritudinis
1911 3896 2137 3952 formam

566 3974 774 4049 coegit.
801 3982 859 4027 ut
885 3973 1221 4049 pulchriores
1251 3972 1315 4049 de
1340 3969 1565 4024 artificis
1598 3969 1947 4049 corrigeniis,
1979 3982 2139 4049 quam

565 4045 635 4097 de
663 4038 824 4096 manu
854 4038 1182 4111 processisse
1215 4040 1502 4111 videantur
1529 4039 1783 4111 auctoris.
1825 4040 1891 4092 Et
1921 4038 2141 4111 quia‘de

565 4113 655 4167 die
688 4107 916 4181 septimo
954 4112 1094 4165 idem
1124 4109 1467 4181 Dracontius,
1499 4110 1821 4181 omnimodo
1837 4107 2138 4170 reticendo,

566 4178 920 4249 semipl'enum
962 4194 1099 4249 opus
1141 4179 1290 4249 visus
1335 4187 1431 4249 est
1463 4178 1909 4249 reliquissegiste
1948 4186 2002 4232 et
2047 4191 2140 4231 sex

567 4247 777 4306 dierum
828 4247 1321 4319 recapitulationem
1342 4287 1357 4311 ,
1392 4247 1619 4319 singulis
1641 4248 1886 4302 versibus
1905 4256 2142 4319 irenota-

565 4322 676 4385 vit;
704 4328 759 4374 et
796 4319 861 4375 de
900 4316 986 4373 die
1027 4319 1284 4386 septimo,
1328 4331 1445 4386 qua:
1474 4316 1546 4370 illi
1576 4318 1685 4370 visa
1716 4324 1843 4370 sunt
1869 4318 2145 4386 eleganter

569 4391 749 4454 dicta,
800 4390 1115 4459 subjunxit.“
1148 4387 1339 4446 Clarus
1374 4386 1607 4459 _habitus
1663 4386 1763 4459 fuit
1812 4387 2143 4459 temporibus

562 4455 943 4514 Cindasuiuthi
987 4466 1043 4513 ct
1088 4456 1408 4512 Recesuindi
1452 4471 1669 4526 regum,
1702 4455 1812 4511 fere
1860 4455 2140 4512 duodecim

566 4532 729 4610 annis
755 4540 943 4610 tenens
963 4530 1274 4610 dignitatem
1300 4526 1455 4610 simul
1484 4537 1539 4581 et
1566 4526 1791 4608 gloriam
1817 4527 2141 4610 sacerdotii:

568 4602 756 4669 sicque
771 4609 898 4669 post
931 4596 1429 4669 incisimnndanalis
1457 4596 1731 4669 occasum,
1757 4598 1809 4650 in
1839 4596 2144 4669 basilicas.

569 4666 851 4725 Leucadia:
880 4677 1028 4724 tenet
1074 4668 1461 4724 habitationem
1505 4666 1760 4737 sepulcri.
1807 4686 1825 4718 ι
1871 4667 1994 4721 llaec
2035 4666 2145 4732 ille,

571 4741 663 4810 qui
691 4748 748 4795 et
768 4740 971 4795 obitum
1007 4739 1121 4809 ejus
1154 4737 1367 4794 ornavit
1402 4736 1682 4808 sepulcrali
1712 4737 1952 4792 carmine
1980 4754 1992 4789 :

631 4851 859 4904 Prasulis
876 4849 1083 4913 Eugenii
1102 4849 1230 4912 jacet
1253 4850 1333 4913 hic
1354 4848 1634 4900 venerabile
1654 4861 1846 4911 corpus,

696 4915 850 4972 Quem
870 4911 1120 4961 Leucadia;
1144 4911 1320 4973 templa
1341 4919 1524 4960 sacrata
1547 4917 1735 4961 tenent.

636 4971 729 5025 llic
748 4973 1005 5022 monachus
1029 4974 1098 5035 tit,
1122 4971 1351 5035 mortales
1373 4973 1483 5021 dum
1504 4974 1716 5033 perfugit
1740 4971 1949 5031 umbras,

700 5035 760 5084 Et
781 5035 1013 5083 'l‘oletana
1038 5034 1212 5084 ormsut
1239 5036 1287 5083 in
1310 5036 1433 5083 urbe
1454 5047 1628 5083 senex.

637 5094 910 5156 Discipulos
925 5096 1007 5144 dat
1025 5094 1206 5145 dilecto
1220 5104 1464 5156 postrema
1485 5096 1719 5156 magistro

691 5157 934 5216 Carmina,
959 5158 1207 5218 promeriti
1233 5163 1307 5206 sat
1325 5168 1510 5205 memor
1533 5157 1699 5204 otllcli.

641 5216 907 5250 l!:‘.::!‘nnen-
929 5216 1060 5250 ,Μαι
1084 5219 1342 5250 mnu-plana
1362 5220 1491 5250 hanc
1515 5224 1680 5250 nant-tn
1766 5248 1769 5249 ,
1836 5248 1841 5249 ,

2236 1175 2357 1234 hac,
2387 1188 2490 1243 qua
2514 1189 2722 1246 sumus,
2746 1188 2849 1246 qua
2870 1174 3032 1228 etiam
3055 1189 3152 1246 pro
3175 1184 3317 1228 recte
3339 1175 3506 1246 gestis
3524 1191 3801 1237 coronam,

2193 1233 2202 1245 ’
2234 1233 2454 1313 autpro
2485 1245 2626 1314 male
2653 1233 2819 1314 gestis
2838 1233 3211 1314 unusquisque
3242 1233 3539 1300 merebitur
3564 1233 3803 1314 recipere

2234 1312 2504 1381 poenam.»
2529 1312 2595 1367 Et
2622 1312 2927 1385 eodemlih.
2952 1330 3068 1384 cap.
3097 1314 3199 1367 (ἕλιξ
3231 1315 3471 1378 «Ενίι,ιιι
3508 1312 3806 1385 praeceptor

2235 1394 2421 1437 noster
2445 1399 2596 1437 sacer
2622 1383 2890 1454 Eugenius
2929 1384 3112 1445 docet,
3150 1394 3291 1438 tanta
3321 1400 3383 1438 ac
3414 1386 3540 1437 talis
3566 1383 3807 1454 corporis

2232 1454 2594 1523 pulchritudo.
2625 1462 2683 1507 ut
2712 1453 2951 1507 Oblectet
2991 1454 3269 1513 intuitum.
3300 1463 3352 1507 et
3381 1469 3481 1509 cor
3502 1453 3807 1509 nullatenus

2234 1524 2469 1578 inﬂectat
2503 1524 2568 1577 ad
2604 1524 2811 1577 vitium.
2854 1542 2872 1574 ι
2907 1524 2972 1578 Ει
3014 1524 3249 1578 ibidem:
3294 1542 3312 1574 ι
3356 1523 3515 1578 Juxta
3567 1527 3714 1593 quod
3754 1536 3805 1578 et

2234 1593 2375 1647 clara
2417 1593 2761 1662 praeceptoris
2793 1594 2958 1647 nostri
2995 1594 3261 1647 sententia
3291 1603 3668 1655 contestatur,
3707 1595 3807 1648 hoc

2234 1665 2445 1728 astruit,
2479 1664 2618 1732 quod
2654 1664 2705 1715 in
2732 1664 2817 1717 illa
2851 1662 3026 1717 futura
3049 1663 3218 1729 gloria
3249 1664 3689 1723 resurrectionis,
3718 1665 3803 1718 ubi

2234 1734 2376 1789 nulla
2405 1734 2722 1803 corporibus
2759 1734 2963 1788 sanctis
3004 1734 3351 1795 deformitas,
3398 1735 3545 1787 nulla
3594 1750 3807 1803 quoque

2233 1805 2431 1858 doloris
2464 1813 2555 1859 aut
2584 1804 2783 1858 laboris
2803 1805 3120 1868 adversitas,
3152 1819 3255 1857 non
3287 1805 3354 1857 sit
3376 1820 3592 1874 quoque
3623 1805 3808 1874 tegmi-

2233 1875 2316 1927 nis
2346 1873 2682 1929 uccessarius
2712 1888 2860 1937 usus,
2892 1874 3085 1943 quibus
3111 1874 3215 1927 erit
3238 1873 3416 1928 omnia
3445 1884 3504 1929 ct
3543 1875 3595 1927 in
3632 1873 3806 1927 omni-

2232 1944 2330 1997 bus
2358 1943 2623 1999 Christus.
2672 1964 2692 1995 ι
2742 1944 2884 2015 Libri
2917 1944 3218 2015 Dracontiii
3260 1945 3509 2015 etanulta
3536 1945 3802 2015 epigram-

2233 2026 2376 2070 mata
2403 2024 2548 2077 sunt,
2578 2024 2633 2069 et
2659 2014 2915 2082 epistolae.
2953 2013 3253 2067 [)ubitat‘P.
3283 2012 3543 2076 Mariana,
3567 2012 3653 2066 an'
3670 2015 3808 2068 inter

2232 2094 2447 2140 sanctos
2474 2086 2545 2140 sit
2572 2084 3036 2148 aunumerandus;
3083 2085 3206 2154 quia
3240 2083 3493 2142 Ecclesia:
3537 2084 3806 2139 Toletani:

2232 2156 2428 2209 tabula:
2451 2170 2574 2210 eum
2602 2171 2707 2216 non
2739 2165 2797 2207 ut
2820 2163 3063 2208 Sanctum
3104 2152 3343 2210 referunt
3368 2172 3382 2207 :
3412 2155 3507 2207 sed
3534 2169 3661 2207 cum
3686 2170 3805 2207 eum

2232 2225 2468 2280 referant
2492 2235 2643 2280 vetus
2679 2234 2734 2278 et
2770 2239 2964 2279 novum
3006 2225 3303 2279 Romanum
3332 2224 3807 2293 Martyrologium.

2234 2295 2365 2349 nihil
2423 2296 2587 2350 refert
2644 2311 2749 2348 non
2776 2294 2964 2348 adduci
3008 2296 3076 2349 ab
3107 2294 3345 2350 Ecclesia
3374 2293 3659 2353 Toletana,
3692 2310 3809 2360 quae

2234 2381 2339 2419 non
2364 2368 2551 2433 potest
2576 2365 2686 2418 sola
2715 2374 2931 2418 sanctos
2959 2365 3153 2426 facere,
3181 2374 3273 2418 aut
3305 2379 3442 2433 quos
3464 2366 3599 2418 colit
3622 2364 3807 2417 Eccle-

2236 2437 2313 2489 sia
2347 2434 2586 2489 Romana
2622 2445 2681 2488 ut
2706 2444 2922 2489 sanctos
2947 2452 3050 2490 non
3078 2436 3323 2489 venerari
3353 2452 3368 2488 :
3394 2435 3651 2496 maxime,
3685 2434 3808 2501 quia

2234 2520 2298 2559 ex
2331 2506 2486 2561 Brevi
2512 2504 2755 2575 Gregorii
2792 2502 2925 2570 Xlll,
2971 2520 3158 2560 omnes
3192 2505 3284 2571 qni
3310 2513 3435 2560 sunt
3466 2506 3518 2557 in
3550 2504 3813 2575 Martyro-

2240 2575 2378 2644 logio
2437 2574 2809 2645 proponuntur
2837 2585 2903 2645 ut
2921 2576 3091 2629 sancti
3134 2575 3365 2645 habendi
3397 2575 3495 2628 toti
3523 2574 3809 2645 Ecclesiae,

2238 2643 2363 2714 quia
2386 2643 2516 2708 vult,
2540 2643 2603 2698 ut
2632 2645 2686 2699 in
2731 2653 2838 2699 tota
2868 2644 3106 2700 Ecclesia
3153 2643 3323 2699 solum
3373 2646 3475 2699 hoc
3521 2644 3815 2713 recipiatur

2237 2714 2697 2784 Martyrologium,
2719 2723 2773 2770 et
2795 2715 3087 2770 recitentur
3105 2714 3328 2783 singulis
3347 2715 3506 2769 anuis
3530 2714 3669 2767 tales
3692 2728 3814 2767 san-

2237 2786 2331 2842 cti.
2358 2784 2423 2840 Et
2454 2785 2554 2839 iste
2580 2786 2767 2839 modus
2796 2785 3189 2853 quodammodo
3222 2784 3419 2839 tacitus
3436 2784 3813 2839 canonizamti.

2236 2856 2399 2910 Liber
2425 2856 2491 2910 de
2518 2855 2782 2908 'l'rinitate
2807 2854 3163 2923 hujus-sancti
3201 2855 3437 2909 doctoris
3480 2855 3708 2909 enuiino
3737 2854 3818 2906 iu-

2239 2925 2473 2990 tercidit,
2506 2924 2606 2979 nisi
2654 2925 2705 2979 in
2749 2923 2926 2993 aliqua
2968 2923 3193 2980 basilica
3237 2924 3424 2987 lateat,
3455 2932 3517 2979 ut
3549 2924 3817 2978 latuerant

2237 3010 2398 3065 opera
2427 2993 2760 3065 nonnullas.
2791 2993 3062 3059 lldefonsi,
3100 3008 3219 3065 quae
3241 3009 3412 3065 opera
3436 2994 3683 3065 doctoris
3710 2993 3817 3045 fra-

2240 3063 2338 3119 tris
2361 3065 2635 3120 Francisci
2658 3063 2995 3119 Feuardeutii
3019 3080 3082 3119 ex
3108 3063 3305 3118 familia
3327 3063 3814 3119 Franciscanorum

2239 3137 2294 3190 iu
2324 3134 2495 3188 lucem
2523 3135 2853 3203 prodierunt.
2884 3134 2945 3188 P.
2978 3133 3045 3188 11.

2300 3205 2397 3260 97.
2426 3204 2502 3258 De
2525 3201 2793 3259 electione
2819 3202 2874 3257 S.
2910 3203 3159 3259 lldefonsi
3189 3219 3330 3259 anno
3356 3203 3456 3258 657
3489 3205 3543 3257 in
3566 3202 3698 3260 sede
3717 3201 3818 3256 To-

2239 3275 2451 3339 letana,
2497 3272 2689 3330 Cixilla
2735 3284 2789 3327 et
2831 3272 3095 3329 Julianus.
3141 3274 3307 3329 Vacat
3357 3273 3517 3328 sedes
3561 3274 3821 3328 Toletana

2234 3345 2621 3414 septemdecim
2668 3344 2885 3414 diebus;
2933 3346 3130 3413 quibus
3175 3345 3497 3407 transactis,
3548 3345 3604 3398 in
3647 3342 3822 3398 ofﬁcio

2242 3413 2558 3469 novemdiali
2585 3413 2848 3484 demortui
2883 3414 3172 3484 pontiﬁcis,
3201 3424 3255 3468 et
3283 3415 3337 3468 in
3369 3417 3515 3483 regis
3548 3414 3820 3470 consulta-

2241 3486 2405 3545 tione,
2438 3485 2607 3553 prima
2634 3484 2723 3538 die
2751 3482 3081 3546 Decembris,
3109 3498 3227 3554 quae
3256 3485 3354 3539 fuit.
3377 3482 3496 3540 dies
3520 3484 3818 3543 Dominica.

2241 3569 2393 3627 sacra
2425 3554 2482 3609 S.
2521 3554 2823 3627 Chrysanto
2858 3555 3125 3627 ct_l)_ari:e
3150 3555 3427 3627 et_Mauro_
3457 3556 3818 3627 martyribus.

2242 3626 2451 3695 positus
2496 3633 2580 3678 est
2624 3622 2678 3681 in
2730 3624 2856 3680 sede
2905 3622 3160 3680 Toletana
3201 3625 3258 3679 S.
3292 3622 3627 3688 lldefonsus,
3654 3622 3819 3679 abbas

2240 3695 2562 3765 Agalieusis,
2591 3709 2712 3748 cum
2737 3704 2880 3749 esset
2906 3695 2975 3749 55
2996 3711 3282 3749 annorum.
3315 3696 3408 3748 Vir
3429 3710 3557 3750 vere
3579 3703 3818 3753 sanctus.

2244 3766 2395 3834 plus,
2448 3766 2664 3828 doctus,
2713 3774 2768 3819 et
2813 3764 2929 3819 zelo
2958 3766 3238 3819 charitatis
3285 3765 3517 3820 miriﬁce
3566 3766 3818 3819 fervens:

2244 3845 2591 3891 consecratur
2620 3836 2688 3888 ab
2716 3834 2984 3904 episcopis
3026 3834 3376 3905 sut‘l‘ragarneis
3417 3836 3658 3889 maxima
3704 3849 3818 3888 eum

2246 3907 2429 3961 hetitia
2452 3905 2580 3961 cleri
2616 3906 2905 3974 populique
2944 3904 3213 3960 Toletani.
3244 3904 3370 3959 Fuit
3386 3906 3537 3959 omni
3570 3905 3695 3958 vita:
3720 3918 3822 3957 sua:

2247 3978 2476 4033 decursu
2520 3975 2761 4044 pontifex
2807 3976 3057 4030 omnibus
3094 3976 3209 4030 suis
3240 3975 3483 4029 numeris
3511 3977 3816 4032 absolutus.

2244 4046 2459 4116 qu'alem
2501 4043 2557 4100 et
2583 4045 2817 4114 collapsa
2844 4045 3140 4115 disciplina:
3192 4043 3579 4116 ecclesiastica:
3614 4054 3674 4116 et
3715 4059 3823 4095 mo-

2249 4115 2366 4170 rum
2420 4116 2695 4183 corruptio
2750 4116 3097 4184 postulabat;
3155 4115 3432 4184 magisque
3482 4115 3821 4184 subditorum

2246 4186 2374 4240 vitia
2406 4187 2529 4241 vita:
2556 4181 2839 4241 sanctioris
2875 4186 3151 4254 exemplo,
3197 4181 3359 4252 quam
3409 4184 3706 4238 severitate
3747 4181 3824 4234 vel

2248 4257 2411 4310 nimia
2435 4256 2847 4326 reprehensione
2867 4258 3115 4326 curabat:
3142 4254 3271 4326 nulli
3292 4269 3534 4323 unquam
3557 4268 3821 4313 morosus,

2247 4324 2505 4381 omnibus
2527 4340 2739 4394 seraper
2768 4325 3023 4394 amabilis
3039 4324 3158 4379 fuit.
3189 4324 3263 4379 In.

2317 4395 2377 4451 S.
2403 4392 2721 4465 lldefonsi“,
2758 4394 2916 4465 abbas
2954 4392 3051 4449 SS.
3083 4394 3283 4465 Cosme:
3313 4403 3361 4451 et
3395 4393 3668 4465 Dominari.
3714 4393 3828 4465 Elef

2247 4475 2368 4521 ctus
2400 4466 2497 4520 fuit
2524 4462 2683 4525 anno
2721 4464 2823 4519 657
2867 4466 2918 4518 in
2948 4466 3191 4520 abbatem
3219 4464 3374 4519 divus
3400 4462 3741 4524 lldefousus,
3784 4462 3826 4515 si

2243 4537 2382 4591 tides
2415 4534 2743 4603 Luitprando
2781 4535 3101 4589 adhibetur:
3142 4534 3281 4603 unde
3328 4533 3382 4586 in
3427 4533 3634 4586 Juliani
3670 4531 3831 4587 Chro-

2248 4608 2370 4661 nico
2391 4624 2447 4662 n.
2470 4602 2596 4667 330,
2632 4607 2713 4675 sic
2741 4604 3058 4675 legendum:
3111 4623 3143 4663 ς,
3180 4602 3289 4675 Hoc
3335 4613 3583 4675 tempore
3614 4605 3832 4675 regebat

2249 4677 2546 4731 Ecclesiam
2586 4672 2897 4744 'l‘oletauam
2941 4684 3124 4730 sancte
3166 4674 3367 4744 pieque
3401 4672 3460 4725 Β.
3497 4672 3830 4744 “defensus.

2248 4746 2340 4814 qui
2362 4760 2502 4800 anno
2526 4745 2630 4799 656
2657 4745 2836 4814 (antea
2869 4743 3132 4813 legebatur
3160 4740 3285 4814 656)
3304 4740 3533 4814 electus
3556 4752 3644 4814 est
3669 4741 3834 4814 abbas

2252 4812 2351 4870 SS.
2389 4812 2684 4885 martyrum
2712 4812 2927 4869 Cosam:
2947 4825 3002 4869 ct
3028 4813 3268 4868 Damiani
3298 4813 3352 4866 in
3389 4812 3657 4867 suburbio
3683 4812 3836 4865 Tole-

2254 4895 2399 4940 tano.
2437 4906 2455 4939 ι

2333 4956 2461 5011 Volo
2483 4955 2835 5019 Bernuini/ai,
2860 4958 2990 5024 regis
3020 4954 3460 5023 Wisegothorum.
3487 4962 3537 5005 et
3579 4952 3712 5006 cieri
3748 4968 3836 5024 po.

2251 5026 2460 5096 polique
2489 5025 2744 5087 Toletani,
2775 5022 2993 5096 "norma
3015 5022 3280 5096 suﬂicitur.
3308 5024 3546 5096 Auiiqua
3580 5024 3699 5077 [nec
3742 5022 3837 5074 eli-

2252 5094 2409 5163 gendi
2462 5096 2699 5165 episcopi
2730 5096 2924 5150 forma.
2979 5094 3284 5151 Secundum
3324 5094 3471 5146 enim
3516 5102 3835 5165 temporum

2254 5163 2592 5226 varietatem.
2618 5167 2815 5250 diversi
2844 5165 2986 5250 modi
3011 5167 3062 5218 in
3077 5166 3452 5250 episcoporum
3479 5163 3837 5250 electionibus
