4012 5334
217 269 348 323 1021

1630 265 2036 322 CllRONlCO-N.

3324 276 3460 332 1022

216 387 269 440 ἰιι
300 387 648 460 Apologetico
675 387 902 460 Eulogii,
933 402 1079 460 num.
1117 387 1212 460 ‘19,
1247 386 1436 460 scribit
1467 385 1538 460 _S.
1571 385 1784 442 Genesii
1818 388 1859 445 Α
1891 395 1946 460 et
1973 385 2210 460 inipslus
2233 385 2402 440 umle
2427 386 2698 460 iitiniissus
2717 385 3040 460 Antoninus.
3056 385 3457 460 Profertetiam

214 456 604 510 monasterium
629 458 766 526 apud
796 457 1193 511 vicnm'l'ertios
1214 458 1377 511 situm
1407 456 1787 526 l'nissc,auclo-

217 528 377 580 ritate
406 527 587 580 Alvari
611 525 803 596 ductus
830 526 972 580 in'l).
999 527 1204 596 Eulogii
1231 529 1369 580 Vita.
1403 525 1506 579 Sed
1535 541 1653 578 cum
1686 525 1789 580 Gc-

212 598 424 651 uesium
457 597 678 650 militem
711 595 1024 665 Hispanum,
1059 595 1350 666 martyrem
1389 596 1786 650 (Iordubensem

211 666 452 737 nondum
482 666 707 737 Morales
729 668 1053 737 agnovisset,
1073 667 1206 720 duos
1227 666 1486 737 Genesios
1503 676 1786 737 martyres,

212 735 519 789 Romanum
582 726 848 799 alterum,
899 736 1263 790 Arelatensem
1320 735 1579 800 alterum;
1642 726 1787 788 illum

210 816 585 872 cxceptorem,
631 807 773 860 hunc
804 806 1024 859 minium
1065 807 1150 858 die
1178 804 1248 858 ‘25
1285 806 1508 874 Augusti
1551 805 1790 860 celebra-

212 884 315 945 tos.
349 883 406 930 et
454 876 507 928 in
539 875 920 945 Martyrologio
948 877 1246 943 descriptos
1288 875 1536 935 accersit,
1571 885 1626 929 et
1666 889 1788 929 cum

211 944 454 1012 Hispano
483 940 781 998 confundit.
814 945 948 998 lline
975 940 1215 999 ecclesia:
1240 945 1290 997 in
1323 945 1574 1012 llispania
1605 957 1789 997 conse-

210 1023 379 1084 erata:
407 1014 675 1084 Genesio,
705 1029 802 1068 suo
833 1015 986 1068 ιιιίΙὶιὶ
1017 1025 1070 1068 et
1099 1015 1342 1084 martyri.
1380 1015 1604 1084 Exstant
1632 1013 1789 1084 hodie

205 1082 322 1151 jam
352 1085 550 1137 abhinc
575 1083 754 1136 multis
777 1085 934 1139 annis
963 1084 1042 1138 vel
1069 1082 1284 1145 erectte,
1313 1083 1392 1135 vel
1427 1083 1657 1137 refectae.
1687 1082 1789 1137 Se-

211 1154 419 1207 cundas
463 1153 567 1206 fert
599 1152 844 1208 Julianus
866 1155 916 1207 in
943 1155 1106 1218 dicto,
1129 1170 1277 1206 mnn.
1313 1153 1419 1208 289
1452 1154 1741 1207 Adversar.
1771 1170 1784 1204 :

216 1241 234 1272 ι
282 1223 448 1288 Cujus
490 1219 738 1292 (Genesii)
771 1241 966 1293 corpus
1011 1240 1039 1276 a
1079 1224 1402 1278 Christianis
1431 1222 1790 1277 Cordubensi-

209 1293 313 1346 bus
339 1293 556 1346 allatum
585 1302 665 1346 est
691 1308 754 1346 ex
777 1294 1021 1347 Corduba
1048 1294 1396 1354 Alarcnrrim,
1430 1303 1483 1347 et
1517 1293 1790 1346 revelantc

210 1362 440 1416 Domino
469 1363 779 1431 imperatori
813 1364 1122 1427 Alilelonso,
1157 1365 1247 1432 qui
1281 1363 1525 1417 Toletum
1550 1363 1789 1416 lucratus

205 1441 323 1494 cst;
359 1432 512 1498 cujus
536 1447 699 1486 causa
727 1435 961 1487 restituit
983 1433 1151 1487 Toleti
1192 1435 1250 1486 8.
1287 1432 1517 1487 Genesio
1551 1442 1787 1486 veterem

206 1503 518 1572 parochiam
547 1520 560 1554 :
587 1503 891 1557 celebratur
906 1504 989 1556 die
1004 1504 1072 1555 ‘20
1100 1503 1299 1556 mensis
1331 1503 1553 1571 Augusti
1597 1502 1788 1572 [legen-

205 1571 333 1625 dum
352 1573 437 1625 die
450 1571 542 1642 25]
580 1592 596 1622 ι
617 1572 745 1636 Qua:
771 1574 1001 1640 verba(si
1025 1572 1564 1642 liceatconjectari)in
1586 1571 1786 1625 textum

205 1657 236 1694 e
250 1645 518 1712 margine,
533 1643 600 1694 ab
614 1643 794 1710 aliquo
819 1658 921 1694 non
942 1644 1102 1710 hujus
1131 1642 1420 1696 recondita:
1447 1642 1785 1710 antiquitatis

204 1727 375 1790 gnaro
389 1713 610 1792 scripta,
631 1712 992 1792 irrepserunt}
1027 1713 1257 1792 namndie
1283 1713 1338 1764 ll
1369 1712 1618 1792 Octobris
1645 1728 1782 1792 mar-
1818 1735 1859 1792 Β

207 1781 409 1850 tyrium
442 1781 499 1836 8.
525 1781 735 1836 Genesii
762 1783 980 1850 Hispani
1015 1782 1287 1843 rccolitur,
1320 1783 1392 1834 uti
1423 1782 1674 1834 diximus.
1713 1782 1782 1834 At

204 1853 469 1919 temporis
496 1850 710 1917 injuria,
750 1869 869 1920 quae
912 1853 1016 1905 situ
1065 1855 1345 1905 veritatem
1399 1867 1538 1919 saepe
1581 1852 1779 1915 obruit,

202 1923 596 1987 nominumque
644 1924 956 1976 earumdem
999 1922 1242 1975 confusio
1302 1921 1598 1977 introduxit
1645 1921 1784 1975 cele-

200 1990 354 2045 brari
400 1991 458 2046 8.
487 1991 773 2047 Genesium
813 1993 898 2045 die
939 1991 1008 2044 ‘26
1051 1992 1296 2059 Augusti,
1349 1992 1415 2044 ab
1467 1991 1552 2055 iis,
1589 1991 1785 2060 Quibus

201 2060 483 2116 Romanus
531 2070 583 2114 et
618 2060 947 2115 Arelatensis
993 2070 1198 2114 tantum
1251 2061 1448 2129 ceguiti
1485 2079 1497 2113 :
1553 2077 1780 2128 quorum

202 2131 260 2185 in
293 2130 673 2202 Martyrologio
721 2132 962 2185 Romano
1012 2131 1182 2186 festus
1233 2132 1363 2185 dies.
1409 2131 1544 2185 Hinc
1592 2131 1785 2184 Madri-

203 2202 425 2274 dienses
465 2202 742 2274 arripuere
772 2202 838 2274 ad
869 2203 1027 2274 diem
1070 2211 1256 2257 sancto
1283 2202 1521 2274 Genesio
1549 2215 1785 2274 sacran-

201 2271 332 2324 dum
375 2272 463 2325 die
488 2271 560 2324 25
591 2272 835 2338 Augusti.
869 2271 980 2325 Non
1030 2274 1170 2326 enim
1219 2279 1302 2324 est
1361 2271 1636 2333 credibile,
1685 2284 1785 2324 nec

201 2341 515 2396 verosimile
540 2340 770 2405 videtur,
805 2342 1072 2410 Hispanos
1117 2341 1412 2408 antiquitus
1463 2341 1519 2395 8.
1568 2340 1784 2393 Genesii

201 2411 540 2466 Arelatensis
567 2412 648 2464 vel
680 2412 907 2465 Romani
940 2412 1154 2466 nomine
1206 2411 1491 2480 insignissc
1523 2410 1785 2464 ecclesias

202 2495 356 2552 suas,
389 2483 513 2535 dum
551 2491 849 2552 martyrem
875 2483 1061 2550 patria:
1095 2481 1276 2552 decus
1305 2490 1360 2535 et
1408 2489 1782 2552 ornamentum

204 2550 496 2613 baberent,
521 2553 611 2618 qui
646 2549 704 2604 in
727 2549 1007 2606 tutelarein
1037 2551 1224 2606 referri
1260 2551 1402 2619 jure,
1433 2567 1535 2604 non
1566 2549 1783 2618 injuria,

223 2621 399 2674 mssit.
427 2621 538 2675 Viri
562 2621 704 2675 docti
736 2623 815 2676 sic
853 2622 1106 2686 sentiunt,
1139 2629 1192 2673 ut
1233 2635 1354 2673 cum
1395 2621 1597 2689 judicio
1636 2629 1786 2673 notat

231 2690 568 2760 lieronymus
613 2692 678 2745 de
704 2691 971 2757 Quintana
1017 2692 1068 2744 in
1124 2690 1359 2744 llistoria
1408 2690 1779 2754 Madridiensi,

205 2759 304 2813 lib.
337 2776 378 2824 i,
406 2759 525 2829 cap.
554 2760 644 2824 43,
673 2761 764 2816 fol.
791 2762 878 2825 63,
905 2761 1002 2814 col.
1025 2761 1080 2825 5,
1109 2762 1351 2828 aliosque
1376 2760 1426 2814 in
1457 2776 1606 2813 suam
1629 2767 1786 2813 vocat

203 2832 552 2902 sententiam.
580 2831 812 2902 Haecque
833 2847 896 2885 ex
916 2831 1102 2885 eadem
1133 2829 1409 2902 nominum
1432 2830 1786 2902 appellatione

201 2901 559 2968 :equivocatio
602 2900 985 2955 non'insolens
1012 2902 1151 2968 apud
1181 2901 1491 2969 scriptores.
1548 2900 1786 2954 Vidimus

201 2968 496 3024 Genesium
527 2972 893 3026 Arelatensem
936 2971 1188 3025 confundi
1232 2968 1356 3024 cum
1397 2969 1627 3025 Geuesio
1677 2969 1783 3023 llo-

203 3055 368 3092 mano
398 3057 426 3094 a
454 3039 790 3104 Mombricio,
833 3051 885 3096 et
909 3040 1068 3094 Petro
1108 3041 1160 3093 in
1205 3039 1481 3109 Catalogo,
1515 3048 1652 3094 teste
1677 3039 1780 3092 Ba-

203 3109 364 3181 ronio
391 3112 442 3164 in
468 3111 853 3181 lilartyrologio
882 3111 966 3166 die
1004 3111 1072 3165 25
1097 3111 1342 3177 Augusti,
1371 3111 1550 3163 littera
1593 3111 1652 3181 li.
1685 3111 1782 3181 Et,

201 3180 350 3246 quod
377 3180 546 3247 majus
573 3190 674 3246 est,
712 3180 786 3235 ad
821 3196 1040 3250 remque
1068 3182 1292 3234 miritire
1326 3181 1598 3244 conducit,
1640 3180 1782 3233 idem

203 3250 469 3303 accidisse
501 3254 710 3319 reperio
740 3252 792 3305 in
832 3251 889 3305 8.
920 3251 1191 3306 Columba:
1238 3251 1549 3313 festivitate,
1598 3251 1650 3303 in
1678 3265 1783 3317 qua

203 3319 468 3374 lectiones
489 3319 621 3375 Vita:
641 3321 698 3376 S.
728 3322 1000 3376 Columbae
1017 3321 1233 3376 Gallicae
1262 3321 1594 3389 legebantur,
1628 3332 1782 3373 ante-

204 3405 370 3459 quam
415 3391 778 3446 Gordubensis
822 3392 1080 3445 memoria
1129 3399 1437 3459 erumperet
1484 3390 1536 3459 in
1586 3390 1779 3443 lucem.

202 3457 424 3513 Notavit
451 3461 792 3516 doctissimus
831 3461 890 3514 l’.
918 3460 1176 3514 Martinus
1217 3457 1457 3520 de‘lloa,
1485 3457 1686 3512 Latinae
1731 3470 1785 3512 et

205 3527 458 3600 llispanze
485 3546 648 3585 musa:
672 3533 939 3594 suavium,
981 3546 1136 3600 prosa
1168 3544 1430 3600 versaque
1460 3529 1700 3600 oratione
1727 3529 1782 3600 in

204 3598 368 3653 Flore
415 3611 723 3655 sanctorum
765 3598 1060 3669 martyrum
1101 3599 1526 3654 Gordnbetisium
1582 3599 1668 3652 die
1719 3598 1784 3652 18

205 3669 540 3740 Septembr.,
567 3685 689 3740 pag.
724 3671 846 3735 149,
868 3670 1020 3738 cujus
1035 3671 1204 3740 verba
1223 3669 1588 3740 transcribere
1607 3684 1784 3740 opera:

203 3739 438 3810 pretium
469 3738 594 3794 duxi
626 3738 731 3796 {El
759 3742 930 3796 leerse
957 3756 1023 3795 en
1052 3740 1131 3794 los
1166 3739 1424 3810 Maytines
1463 3739 1512 3792 la
1549 3738 1783 3792 llistoria

204 3809 272 3862 de
302 3809 352 3861 la
376 3812 538 3862 Santa
565 3813 630 3866 de
658 3812 908 3875 Francia,
943 3827 1011 3865 no
1044 3821 1171 3864 tnno
1197 3809 1316 3864 otra
1345 3825 1530 3872 causa,
1567 3823 1670 3877 que
1715 3824 1782 3862 no

204 3879 430 3932 siberse
480 3880 528 3934 la
573 3881 639 3936 de
683 3891 881 3936 estotra
935 3881 1000 3935 de
1043 3879 1308 3944 Cordoua,
1346 3880 1581 3934 iaverse
1622 3892 1784 3944 enga-

202 3949 349 4002 ﬁado
397 3965 496 4004 con
521 3951 569 4004 la
599 3951 898 4019 scmcjanca
921 3950 1006 4003 del
1031 3965 1233 4003 mesmo
1264 3949 1503 4012 noinbre,
1535 3964 1634 4019 por
1654 3947 1782 4001 falta

206 4019 280 4090 de
325 4019 404 4073 los
431 4021 657 4090 escritos
683 4018 752 4075 de
770 4035 886 4090 san
916 4021 1158 4090 Eulogio,
1191 4035 1292 4085 que
1331 4035 1400 4090 no
1427 4018 1778 4090 parecieron,

204 4088 366 4142 basta
393 4089 442 4142 el
472 4091 576 4144 ειῆο
599 4091 664 4144 de
697 4089 834 4143 1572
851 4105 918 4145 en
944 4090 1024 4145 los
1052 4087 1302 4144 archives
1331 4089 1396 4143 de
1424 4089 1472 4142 la
1508 4087 1691 4158 lglesia
1720 4087 1784 4141 de

201 4158 429 4212 Oviedo.
466 4178 484 4210 ι
518 4160 584 4214 Et
629 4161 777 4214 addit
816 4176 1084 4215 summum
1113 4160 1417 4227 pontiliceui
1446 4159 1778 4212 Clementem

203 4227 320 4281 Vlll
356 4229 443 4282 ubi
487 4229 744 4285 iectioncs
771 4229 828 4285 8.
870 4229 1145 4284 Columbae
1188 4227 1402 4283 Gallica:
1450 4228 1781 4294 legebantur,

201 4301 452 4370 proprias
489 4298 736 4370 Hispana:
787 4300 1090 4370 assignasse
1138 4299 1425 4354 Columbm.
1469 4299 1784 4370 pixirhace

202 4368 359 4421 suavi
397 4368 611 4438 eloquio
659 4370 1009 4438 doctrinaque
1051 4369 1304 4438 singulari
1357 4370 1414 4422 Ρ.
1468 4368 1786 4422 Franciscus

1891 456 1951 510 D.
1975 455 2277 512 Antoninus
2300 465 2436 524 part.
2465 473 2477 510 ι
2506 455 2728 526 Histor.,
2751 473 2895 524 cap..
2925 457 2949 510 l
2985 458 3066 510 tit.
3095 457 3150 520 8,
3187 456 3330 526 ξω
3362 476 3458 514 nec

1891 526 2115 596 discedit
2144 526 2468 596 Esquilinns,
2511 525 2601 580 lib.
2629 541 2689 580 ιιι
2730 527 3131 596 Catalog.,cap.
3162 525 3249 580 21L
3271 527 3457 583 Notavi

1893 596 1943 648 in
1981 595 2263 649 ltinerario
2291 595 2494 650 Gallico
2519 612 2655 658 meo,
2695 597 2909 664 quando
2933 595 3004 649 ad
3033 597 3304 650 civitatem
3339 597 3458 651 Pal-

1891 665 2145 718 lcntinam
2179 666 2424 728 conveni,
2473 676 2527 718 et
2573 666 2865 720 novissime
2893 665 2953 719 P.
2985 664 3046 718 F.
3081 666 3238 719 Bivar
3278 667 3330 720 in
3361 683 3459 724 suo
3535 666 3543 672 ’

1889 734 2110 803 supplici
2147 734 2359 788 libello:
2403 736 2716 805 dixeratque
2751 744 2874 790 ante
2908 750 3049 789 anno
3083 733 3283 790 Christi
3331 737 3457 802 508,

1888 805 2189 858 Comment.
2225 820 2285 867 ll,
2318 820 2467 874 uuln.
2520 805 2607 874 ll,
2658 816 2710 859 et
2733 805 2920 858 eadem
2950 820 3200 874 premens
3238 807 3459 874 vestigia

1893 873 2045 928 Dom.
2082 874 2402 928 Franciscns
2435 873 2501 928 de
2530 873 2817 936 Sandoval,
2841 875 3008 929 abbas
3031 873 3089 928 8.
3116 873 3416 928 Salvatoris
3440 891 3456 939 ;

1890 955 1944 996 cl.
1982 943 2272 1014 canonicos
2321 942 2672 1014 Pallentinus,
2696 945 2746 997 in
2775 960 2874 998 suo
2899 944 3243 1014 Apologetico
3269 960 3368 1014 pro
3397 944 3456 999 8.

1889 1014 2159 1066 Antonino
2190 1012 2441 1083 llispano,
2480 1013 2506 1083 §
2547 1015 2600 1078 5,
2629 1031 2658 1068 a
2688 1030 2805 1083 pag.
2841 1014 2922 1066 ll.

1964 1083 2187 1154 Flavius,
2209 1081 2407 1136 Lucius
2432 1081 2638 1154 Dexter
2686 1081 3298 1154 Geiiesiumillispanum
3327 1099 3452 1154 pro-

1891 1154 2041 1222 ponit
2071 1153 2223 1205 nobis
2264 1168 2404 1222 anno
2430 1151 2555 1214 355,
2587 1169 2733 1206 num.
2770 1154 2821 1216 5,
2851 1164 2903 1207 et
2944 1151 3458 1222 Mantum-Carpeta-

1893 1221 2040 1285 num,
2071 1231 2130 1274 ut
2184 1221 2333 1274 multi
2381 1221 2823 1290 interpretantur,
2880 1239 2982 1276 non
3025 1221 3456 1289 Cordnbeiisem;

1893 1293 2197 1364 ibidemque
2223 1306 2463 1364 passum,
2488 1301 2542 1344 et
2567 1294 2666 1346 sub
2686 1290 2896 1364 Juliano
2926 1294 3056 1364 imp.
3082 1292 3252 1364 Verba
3281 1301 3407 1347 sunt
3438 1310 3453 1346 :

1898 1381 1914 1411 ι
1946 1361 2173 1414 Mantua:
2223 1361 2647 1430 Carpetanorum
2695 1372 2776 1415 est
2825 1363 2875 1415 in
2924 1362 3096 1430 pretio
3140 1361 3458 1416 Anastasius

1891 1431 2193 1500 presbyter,
2224 1429 2493 1492 Placidus,
2523 1431 2804 1494 Genesius,
2832 1441 2884 1484 et
2912 1429 3076 1495 socii;
3115 1432 3239 1499 quia
3271 1441 3455 1499 postea

1890 1502 1989 1554 sub
2014 1499 2224 1554 Juliano
2257 1500 2396 1568 passi
2425 1511 2548 1553 sunt
2575 1517 2672 1566 pro
2702 1502 2900 1555 Christi
2929 1501 3032 1554 ﬁde
3064 1502 3267 1555 illustre
3294 1503 3455 1556 simul

1892 1571 2089 1624 ibidem
2117 1570 2454 1640 martyrium.
2495 1590 2512 1622 ι
2541 1571 2758 1640 Triplici
2793 1571 2931 1623 nodo
2956 1571 3144 1638 triplex
3173 1581 3457 1640 succurrat

1892 1657 2095 1693 cuneus
2122 1658 2133 1691 ε
2161 1638 2281 1690 cum
2327 1639 2534 1693 inﬁcias
2566 1638 2688 1694 eant
2708 1640 3068 1708 Luitprandus
3094 1649 3148 1694 et
3183 1638 3452 1704 Julianus,

1890 1711 2150 1778 OEdipum
2176 1709 2240 1780 de
2271 1709 2368 1764 hac
2407 1709 2628 1780 sphinge
2652 1710 2891 1770 consulo,
2924 1719 2979 1764 et
3021 1721 3272 1780 tanquam
3297 1725 3328 1780 e
3357 1711 3457 1780 tri-

1890 1781 2044 1847 pode,
2077 1788 2133 1831 ut
2161 1779 2336 1848 aiunt,
2361 1778 2635 1832 oraculinn
2662 1781 2875 1848 requiro
2919 1795 2948 1831 a
2992 1790 3163 1848 mysta
3197 1779 3284 1832 illo
3315 1778 3457 1833 infu-

1887 1840 2014 1912 lato,
2049 1848 2104 1901 P.
2143 1847 2434 1903 Francisco
2490 1850 2555 1902 de
2596 1840 2772 1912 Bivar,
2819 1840 3089 1917 peritioris
3141 1848 3457 1904 litteratum

1887 1920 2074 1974 intima
2126 1918 2306 1986 adyta,
2358 1920 2622 1980 doctrina,
2681 1920 2987 1974 eruditione
3040 1928 3094 1972 et
3151 1919 3458 1987 linguarum

1886 1988 2188 2056 cognitione
2220 1987 2444 2042 feliciter
2475 1999 2773 2042 reserante.
2821 1989 2864 2043 Ο
2896 1990 3099 2042 utinam
3137 2003 3458 2056 responsum

1885 2060 2001 2114 del!
2035 2057 2311 2111 discedere
2333 2059 2401 2112 ab
2425 2072 2489 2111 eo
2511 2057 2662 2111 nefas
2684 2068 2737 2112 et
2760 2060 2963 2128 religio.
2983 2059 3241 2112 Futurum
3265 2075 3452 2128 spero;

1887 2129 2033 2182 novit
2064 2128 2205 2180 enim
2237 2128 2317 2180 vir
2344 2127 2513 2182 bonus
2536 2138 2590 2181 et
2617 2127 2883 2182 litteratus
2910 2127 3311 2182 conciliaturas.
3354 2127 3459 2182 Lo—

1885 2214 1981 2251 cus
2013 2198 2275 2261 medicus,
2311 2211 2376 2250 ne
2405 2198 2578 2252 dicam
2604 2199 2904 2261 carnificas,
2938 2199 3210 2252 desiderat
3245 2214 3453 2252 manus.

1885 2269 2091 2322 Addam
2126 2283 2224 2336 pro
2258 2268 2537 2333 mantissa,
2570 2284 2728 2337 quam
2757 2270 2900 2323 dicat
2948 2265 3458 2334 sortemiultraque

1886 2347 2083 2392 sortem
2111 2338 2214 2390 erit
2241 2339 2500 2408 accessio,
2526 2346 2579 2392 et
2600 2340 2870 2403 excursui,
2903 2340 2952 2390 in
2978 2353 3082 2406 quo
3108 2338 3212 2390 late
3236 2337 3455 2408 divaga—

1888 2419 1992 2470 tus,
2010 2407 2286 2477 excusatio
2305 2407 2568 2475 legitima;
2589 2418 2809 2476 penates
2835 2409 2937 2463 mei
2954 2418 3008 2461 et
3029 2408 3167 2461 lares
3187 2422 3218 2460 e
3241 2409 3458 2477 regione

1886 2478 2066 2545 templi
2099 2476 2156 2530 S.
2183 2476 2423 2543 Genesii,
2449 2479 2539 2548 qui
2570 2478 2685 2546 ejus
2710 2495 2907 2533 numen
2939 2480 3128 2533 devote
3155 2476 3457 2547 suspiciunt

1885 2559 1938 2601 et
1970 2556 2311 2602 venerantur.

2271 2617 2512 2671 Birarius
2548 2617 2610 2671 D.
2642 2617 2922 2672 Laurentio
2953 2633 3066 2671 suo.

1961 2709 1979 2742 ι
2014 2688 2280 2758 Quidquid
2326 2689 2508 2756 gratiae
2542 2697 2596 2740 et
2651 2688 2953 2742 dilectionis
2998 2686 3098 2758 sibi
3150 2685 3459 2758 impendere

1884 2756 2392 2831 possuntpabsentes
2420 2758 2600 2821 amici,
2651 2769 2779 2831 puto
2807 2767 2972 2831 etme
3018 2757 3213 2831 debere
3262 2756 3380 2820 tibi,
3404 2765 3458 2810 et

1887 2827 2017 2884 inihi
2048 2830 2230 2882 deberi
2274 2843 2302 2880 a
2351 2837 2421 2891 te,
2457 2843 2560 2880 non
2605 2827 2773 2882 solum
2820 2830 2888 2882 ob
2939 2827 3197 2896 propositi
3236 2842 3458 2880 consor-

1890 2902 2044 2962 tium,
2075 2899 2166 2952 sed
2198 2898 2359 2951 etiam
2392 2912 2456 2950 ex
2489 2899 2667 2952 debito
2697 2907 2894 2951 nostra:
2922 2899 3149 2952 invicem
3181 2897 3458 2951 societatis

1888 2970 2248 3038 (BERNtRDUS,
2280 2968 2428 3036 epist.
2459 2967 2569 3037 75).
2610 2987 2627 3017 ι
2663 2967 2774 3021 Non
2807 2968 2980 3036 potuit
3012 2968 3123 3038 lizec
3151 2967 3330 3019 verius
3364 2968 3458 3020 ab-

1886 3037 1994 3093 bati
2046 3038 2366 3091 Pultariensi
2413 3053 2510 3090 suo
2561 3038 2865 3091 Bernardus
2892 3053 3041 3091 mens
3064 3037 3268 3100 dicere,
3293 3050 3458 3104 quam

1886 3125 1984 3179 ego
2013 3109 2128 3172 tibi,
2161 3108 2231 3160 mi
2261 3106 2514 3160 Laurenti
2545 3107 2871 3161 doctissime.
2908 3108 3013 3179 sed
3062 3120 3204 3160 nunc
3232 3107 3461 3179 exAca-

1888 3175 2058 3233 deinia
2113 3180 2192 3248 (ut
2235 3187 2316 3232 est
2364 3178 2416 3231 in
2444 3179 2746 3246 proverbio)
2774 3188 2823 3230 te
2847 3178 3031 3248 venire
3079 3192 3185 3230 non
3233 3175 3453 3248 dubito;

1890 3258 1994 3302 tam
2020 3245 2193 3312 docte,
2227 3256 2333 3300 tam
2367 3248 2654 3310 subtiliter,
2701 3259 2808 3301 tam
2851 3247 3110 3301 concinne
3167 3245 3359 3299 scribis
3392 3245 3458 3298 de

1886 3317 2136 3374 Geuesio.
2183 3317 2322 3383 Quid
2359 3325 2533 3370 tamen
2561 3332 2590 3370 c
2623 3317 2832 3386 tripode
2879 3317 3156 3386 oraculum
3202 3315 3454 3386 requiris,

1886 3390 1976 3456 qui
2014 3405 2079 3442 ex
2131 3387 2337 3456 tripode
2391 3386 2666 3454 loqueris?
2697 3383 2780 3439 ‘At
2837 3403 2956 3441 cum
3007 3383 3455 3456 anticopinquis,

1888 3453 2096 3526 loquor.
2133 3453 2237 3509 Sed
2266 3453 2471 3509 amicus
2502 3470 2668 3526 usque
2715 3457 2780 3508 ad
2819 3463 2988 3526 aras;
3025 3469 3167 3509 nunc
3222 3453 3274 3506 in
3327 3453 3458 3526 ipsis

1886 3521 1995 3580 aris
2023 3527 2253 3580 amicum
2276 3527 2488 3593 quaeris.
2521 3521 2712 3579 lii—aris
2741 3525 3029 3595 quidquam
3076 3521 3456 3595 negaretreli-

1885 3597 1970 3665 gio
2000 3608 2053 3650 et
2086 3596 2264 3656 nefas;
2296 3591 2366 3647 ita
2399 3605 2573 3648 tamen
2607 3609 2722 3648 mea
2754 3591 3008 3663 accipias,
3045 3591 3165 3664 quae
3187 3593 3252 3665 de
3271 3591 3457 3665 Gene-

1887 3661 2232 3720 ἐίυιιτριιιιιιδ
2283 3681 2422 3730 smn,
2453 3667 2603 3732 quasi
2659 3661 2914 3718 hederam
2965 3661 3088 3733 post
3131 3661 3452 3733 anthisteria

1887 3737 2132 3800 oll'erani,
2154 3736 2204 3788 id
2228 3743 2330 3796 est,
2354 3731 2615 3787 lloralinm
2644 3743 2853 3787 tuorum
2877 3731 3204 3787 adiitiniculo
3218 3731 3454 3801 egentia.

1956 3807 2200 3876 Agnosco
2222 3803 2773 3876 Genesiosmartyres
2816 3814 3047 3876 quatuor
3083 3802 3457 3876 (ut_omissum

1887 3871 2081 3930 faciam
2099 3875 2386 3930 Genesium
2401 3871 2784 3935 Adhelardum,
2803 3871 2952 3940 cujus
2975 3874 3138 3927 etiam
3166 3871 3458 3939 Luitpran-

1885 3947 1983 3999 dus
2009 3945 2272 4014 meminit)
2309 3945 2606 3999 Romanum
2640 3944 3037 4014 archimimnm,
3085 3941 3456 4014 Arelatensem

1885 4011 2262 4084 cxceptorem,
2306 4029 2536 4084 quorum
2581 4029 2703 4067 cum
2758 4013 2912 4084 laude
2967 4011 3459 4084 nomina__replicat

1887 4081 2125 4140 licelesia
2157 4081 2446 4153 quotannis
2476 4083 2542 4136 ad
2587 4084 2728 4138 diem
2770 4082 2839 4153 25
2877 4083 3142 4153 Augusti;
3193 4081 3461 4150 llispanos

1892 4157 2020 4208 item
2052 4151 2206 4217 duos,
2243 4154 2647 4209 Cordubensein
2698 4162 2751 4208 et
2796 4151 3142 4207 Mantuanum
3188 4170 3199 4206 :
3253 4166 3374 4204 nam
3407 4157 3462 4203 et

1887 4226 2217 4295 posteriores
2245 4224 2341 4279 bos
2369 4239 2472 4278 non
2511 4225 2689 4276 minus
2712 4223 2853 4276 inter
2894 4238 2974 4287 se,
3012 4237 3173 4347 (Euam
3199 4235 3229 4274 a
3250 4220 3463 4274 caneris

1888 4295 2123 4347 dill'erre.
2153 4294 2317 4347 multa
2348 4304 2473 4347 sunt
2515 4310 2634 4347 ante
2655 4294 2997 4347 convincam.
3056 4312 3084 4347 n
3112 4290 3321 4347 primis.
3355 4299 3462 4344 ter-

1888 4290 2123 4359 ilill'erre,
2153 4294 2317 4349 multa
2348 4304 2473 4349 suat
2515 4310 2634 4362 qme
2655 4294 2997 4348 convincam.
3030 4290 3084 4347 lu
3112 4290 3321 4361 primis,
3355 4299 3462 4344 ter-

1891 4366 2020 4419 tium
2057 4365 2343 4419 Genesium
2371 4364 2812 4436 concedendum
2837 4379 2933 4436 pec
2962 4364 3202 4436 minium
3245 4375 3343 4436 nec
3368 4374 3463 4412 ex-

202 4439 275 4490 de
296 4438 475 4504 Seria,
501 4429 542 4495 ἐ
566 4442 621 4496 8.
647 4439 828 4496 Basilii
853 4429 1029 4508 Magni
1063 4429 1259 4492 familia
1293 4439 1558 4502 alumnus,
1593 4439 1646 4492 in
1671 4451 1784 4492 ser-
1816 4441 1862 4498 ι)
1890 4445 2198 4508 ceptorcm;
2230 4436 2322 4494 sed
2354 4434 2627 4508 Anastasii
2675 4429 3230 4508 presb'ytcrisueiuui,
3255 4429 3460 4508 Marty-

202 4525 366 4564 inonc
389 4512 447 4564 8.
476 4511 714 4576 Genesii,
745 4511 837 4565 l'ol.
865 4510 921 4572 4,
953 4526 1071 4579 pag.
1101 4509 1154 4563 2.

243 4579 613 4647 ~Astipulatur
643 4582 766 4634 huic
810 4578 1136 4648 conjectura.-
1185 4579 1264 4632 Fl.
1311 4579 1371 4632 L.
1427 4578 1644 4639 Dexter,
1694 4578 1783 4645 qui

204 4662 394 4719 verum
424 4666 579 4703 suum
611 4661 896 4719 patronum
934 4649 1169 4703 restituit
1198 4649 1512 4703 Pallentinte
1545 4648 1785 4703 ecclesia:

204 4716 500 4786 Hispanum
539 4716 831 4790 martyrem
869 4720 1220 4790 Antoninum,
1257 4719 1668 4790 subigentilium
1704 4719 1787 4790 ln-

204 4803 328 4842 rore
369 4805 610 4857 passum,
661 4787 781 4844 eum
823 4805 994 4859 usque
1029 4789 1226 4853 adhuc,
1267 4789 1334 4843 ab
1367 4789 1507 4842 illius
1553 4787 1786 4859 civitatis

203 4855 622 4924 restauratioue,
664 4859 874 4914 Gallum
906 4855 1240 4914 Antoninum
1288 4867 1578 4926 martyrem
1613 4855 1786 4926 (cujus

205 4938 334 5000 [unc
358 4928 498 5000 fama
524 4930 784 5000 vulgatior
803 4931 946 4999 erat)
962 4929 1244 4984 Pallentiui
1264 4928 1434 5000 solum
1449 4927 1783 5000 agnoverint.

207 4996 358 5052 Unde
376 4995 668 5054 Gallicanae
707 4995 1255 5062 eorouze'stemmata,
1291 4998 1343 5050 id
1379 4995 1505 5058 est,’
1535 4996 1638 5048 tria
1694 4995 1782 5049 illa

200 5082 366 5121 aurea
390 5067 502 5122 lilia
526 5080 879 5138 usurparunt,
907 5080 962 5125 et
985 5081 1241 5136 tanquam
1272 5067 1445 5121 velum
1481 5065 1704 5138 regium,
1733 5065 1785 5119 iu

199 5147 390 5192 nostro
417 5139 563 5202 jure,
596 5134 872 5193 adonmes
898 5141 1040 5194 aedes
1075 5134 1318 5192 ecclesiae
1367 5134 1784 5201 suspenderunt,

1892 4499 2152 4576 ralogium
2187 4506 2360 4573 ipsum
2393 4499 2692 4576 Romanum
2723 4499 2922 4576 clamat
2961 4504 3047 4557 die
3081 4503 3136 4554 ll
3178 4499 3458 4576 Qctobris;

1888 4569 2046 4642 quem
2082 4569 2375 4643 Hispanum
2410 4573 2576 4643 fuisse
2601 4574 2794 4643 Dexter
2817 4572 3067 4636 allirmat,
3093 4580 3148 4643 et
3171 4569 3461 4643 Genesium

1890 4633 2193 4714 l'lispanum'
2228 4652 2520 4716 martyrem
2548 4641 2791 4716 Julianus
2818 4643 2980 4716 etiam
3020 4633 3075 4716 et
3101 4633 3464 4716 Luitprandus

1890 4708 2221 4769 asseverant.
2251 4708 2542 4775 Caeterum,
2569 4728 2667 4765 nec
2697 4713 2889 4766 Dexter
2937 4708 3302 4764 Cordubensis
3346 4717 3463 4757 me~

1891 4785 2066 4847 minit,
2098 4800 2196 4838 nec
2218 4783 2582 4852 Luitprandus
2613 4781 2906 4854 Mantuani.
2939 4777 3056 4854 Jam
3081 4779 3216 4831 duos
3240 4787 3464 4854 prorsus

1890 4855 2078 4916 fuisse,
2111 4863 2167 4908 et
2197 4847 2427 4922 tempus,
2474 4861 2530 4906 et
2581 4853 2775 4922 patria,
2803 4861 2858 4902 et
2905 4847 3150 4922 sepulcra
3181 4847 3466 4922 utriusque

1889 4924 2008 4979 luce
2031 4913 2229 4978 clarius
2259 4913 2553 4976 meridiana
2580 4913 2926 4974 manifestam
2948 4913 2981 4981 ς’
3001 4913 3238 4989 namque
3263 4913 3470 4989 Cordu-

1890 4995 2072 5048 beusis
2091 4993 2356 5048 Genesius
2379 4993 2478 5046 sub
2501 4989 2712 5046 Nerone
2735 5003 2925 5057 passus
2950 4979 3055 5048 est,
3081 4979 3302 5057 auctore
3323 4979 3472 5057 Luit-

1892 5065 2115 5134 prando,
2145 5063 2434 5134 etJuliano
2455 5052 2836 5128 astipulatore;
2870 5057 3021 5134 cujus
3041 5052 3479 5134 tu,_uti_09f}}l}‘£g

1893 5116 2292 5202 i'erbaprol‘ers
2325 5149 2336 5184 :
2367 5116 2692 5202 Mantuanus
2717 5116 2865 5190 vero,
2885 5116 3171 5202 Anastasii
3201 5130 3257 5176 et
3280 5116 3482 5202 Placidi
