4012 5334
613 266 748 324 1023

1739 247 2078 321 APPENDEX
2117 263 2204 317 Al)
2243 262 2754 318 murena-suun.

3721 253 3847 306 {iiii

685 383 804 436 113.
852 381 962 435 Hoc
985 383 1170 438 eodem
1213 396 1354 436 anno
1383 368 1658 450 appositus
1689 387 1773 434 est
1805 379 1856 432 in
1889 378 2127 433 sacrario
2154 375 2211 428 S.
2238 375 2483 429 ecclesia:
2523 372 2795 427 Toletanae
2837 370 3116 441 gladiolus,
3150 368 3423 438 impensus
3455 383 3483 420 a
3517 380 3644 435 rege
3688 365 3849 420 Bece-

612 476 828 530 suintho
855 476 1152 530 Gothorum
1183 476 1238 529 B.
1277 475 1560 539 lldefonso,
1591 476 1657 529 ad
1703 473 2117 529 rcscindcudum
2144 471 2317 525 velum
2351 469 2406 523 S.
2437 469 2717 522 Leucadia:
2743 467 3000 521 divinitus
3028 466 3352 536 apparentis.
3379 464 3536 518 Nunc
3568 472 3651 517 est
3695 462 3747 516 in
3771 479 3850 516 sa-

1562 567 1623 619 P.
1666 563 1996 620 HIGUERZE
2034 563 2122 616 ΕΤ
2165 563 2222 616 D.

2265 558 2635 614 LAURENTII
2678 556 2904 612 NOTJ‘I.

609 666 874 728 martyres
931 657 1094 711 hosce
1154 658 1530 711 discriminare
1584 673 1686 728 non
1740 656 1973 728 valebit?
2003 653 2168 718 Quod
2203 666 2246 719 Α
2279 651 2660 728 devotione_m,_
2694 661 2752 703 et
2802 659 3112 704 sanctoruut
3153 649 3629 719 gloriﬁcationcm,
3680 664 3848 718 Opera

609 727 818 792 spectat
842 728 906 780 ad
939 727 1124 796 patrize
1153 729 1538 786 diversitatem,
1593 727 1928 779 Neronianas
1968 734 2172 792 martyr

607 795 819 867 Rutenii
874 795 1254 851 in’Celtiberia
1297 798 1404 867 egit
1444 797 1792 867 legionarium
1839 795 2171 867 tnilitem,_et

605 865 868 919 Cordubae
895 867 1157 920 cervicem
1183 863 1565 921 detlit'Cbristo
1598 885 1609 918 :
1636 865 1928 918 Julianarus
1958 863 2170 929 Ulysip-

595 950 742 1002 pone
758 936 890 989 civis
905 936 1055 999 vixit,
1084 937 1279 989 Dextro
1302 938 1463 991 etiam
1489 945 1643 998 teste,
1667 936 1731 988 ad
1756 951 1952 986 annum
1970 932 2167 987 Christi

602 1005 707 1058 508
736 1007 871 1075 (non
889 1007 1028 1073 quod
1049 1022 1112 1058 eo
1137 1021 1277 1061 anno
1301 1018 1456 1060 natus
1481 1007 1590 1075 jam
1626 1014 1786 1066 esset,
1829 1005 1920 1058 sed
1943 1005 2169 1075 qttozleo

605 1075 709 1126 lori
737 1070 805 1127 de
837 1070 1115 1128 Vincentio
1145 1084 1198 1129 et
1221 1070 1496 1130 sororibus
1524 1070 2037 1144 Ulysippouensilius
2060 1070 2165 1125 Gc-

601 1145 736 1196 ne~ii
762 1146 1075 1198 concivibns
1104 1161 1408 1200 sermonem
1439 1147 1661 1208 faceret,
1688 1145 1806 1197 inde
1827 1144 2166 1197 occasionem

601 1214 667 1266 de
711 1213 942 1284 Gencsio
973 1225 1026 1268 et
1074 1217 1236 1270 sociis
1285 1217 1474 1284 agendi
1506 1214 1821 1283 desumpsit)
1853 1224 1905 1267 et
1940 1213 2167 1266 Mantua:

597 1283 869 1352 occubuit.
900 1283 1012 1337 Hoc
1037 1300 1103 1338 ex
1132 1283 1329 1340 eodem
1355 1287 1553 1339 Dextro
1601 1285 1805 1352 accipio
1852 1285 1917 1336 ad
1968 1297 2164 1335 animm

598 1353 924 1407 Cbristi553
961 1355 1089 1408 illud
1122 1372 1148 1408 a
1181 1355 1394 1409 Juliano
1428 1358 1478 1408 in
1509 1354 1844 1408 Adversariis
1869 1369 2014 1406 ntnn.
2043 1352 2162 1405 M9.

596 1421 806 1476 Rursus
829 1424 1089 1478 chcsius
1112 1425 1490 1489 Cordubensis,
1540 1439 1630 1479 seu
1671 1423 2012 1484 Ritteitensis,
2039 1422 2165 1475 Cor-

598 1492 751 1544 dubae
776 1493 1035 1564 tumulum
1060 1497 1316 1564 suscepit,
1336 1497 1562 1562 imleque
1590 1491 2163 1564 Alarcurrinrtransla-

599 1571 685 1613 tus
715 1572 813 1634 est.
852 1562 1195 1628 Mantuanus,
1221 1562 1337 1618 seu
1381 1564 1844 1634 Ulysippouensis,
1895 1563 2162 1634 Mantuam

595 1633 869 1702 custodire
915 1634 1153 1686 creditur
1200 1633 1479 1702 prtesentia
1526 1650 1656 1697 sua;
1705 1649 1965 1702 nusquam
2019 1633 2161 1685 enim

601 1701 725 1752 inde
750 1703 1022 1756 traductus
1053 1701 1324 1757 scribitur.
1345 1705 1566 1759 Accedit
1589 1721 1691 1757 non
1717 1701 2161 1757 contemnendum

597 1785 627 1821 e
655 1771 814 1824 sociis
852 1774 1074 1840 petitum
1125 1775 1434 1834 discrimen,
1477 1789 1597 1826 nam
1647 1773 2008 1827 Cordubensis
2048 1773 2162 1826 sine

598 1840 980 1913 socio_aliquo
1028 1845 1284 1913 martyrio
1339 1853 1625 1898 coronatus
1679 1854 1793 1908 est;
1844 1843 2160 1896 Mantuanus

595 1923 718 1980 enim
749 1911 973 1974 duobus,
1004 1928 1136 1980 quos
1169 1911 1232 1966 ex
1266 1916 1479 1966 nomine
1508 1916 1761 1976 sciamus,
1793 1914 2078 1967 Anastasio
2107 1922 2160 1966 et

599 1978 836 2047 Placido,
860 1991 912 2033 et
935 1978 1055 2034 cum
1086 1983 1200 2036 aliis
1230 1984 1512 2054 anonymis
1536 1983 1647 2038 fere
1672 1985 1877 2052 viginti.

670 2070 744 2123 En
777 2087 898 2125 cum
928 2073 1126 2143 Dextro
1159 2073 1542 2143 Luitprandum
1592 2084 1647 2128 et
1681 2072 1948 2127 Juliauum
1983 2074 2198 2130 conci‘-

595 2140 756 2194 liatos
790 2156 809 2213 :7
831 2143 975 2213 solus
1003 2142 1245 2198 Julianus
1277 2140 1302 2197 a
1347 2160 1403 2199 se
1437 2147 1697 2213 tantisper
1736 2145 2005 2208 dissentit,
2035 2145 2158 2197 dum

593 2227 742 2266 num.
792 2211 892 2265 1-19
943 2213 1407 2279 Adversariorum,
1449 2233 1465 2265 ι
1519 2211 1910 2278 5.’(ἓυηεδὶιιε,
1964 2215 2157 2283 inquit,

596 2292 803 2354 martyr
827 2284 1206 2344 Cordubensis,
1232 2298 1421 2354 passus
1447 2285 1544 2338 sub
1591 2283 1824 2346 Nerone,
1857 2284 2161 2338 celebratur

593 2352 694 2424 die
719 2351 787 2404 20
817 2353 1012 2424 mensis
1052 2351 1277 2424 Augusti
1309 2356 1419 2424 (seu
1445 2355 1635 2423 potius,
1661 2365 1712 2407 ut
1743 2356 1978 2422 corrigis,
2025 2354 2115 2424 25)
2141 2372 2155 2420 ;

593 2421 790 2494 dicitur
845 2421 1114 2494 llispanus
1140 2421 1356 2494 'l'uisse,
1415 2421 1468 2479 et
1518 2425 1672 2477 miles
1727 2421 2048 2494 legionarius
2099 2421 2157 2479 in

590 2491 812 2544 castello
851 2491 1177 2563 Butenensi.
1216 2514 1233 2545 ι
1266 2493 1328 2550 Ει
1375 2506 1518 2549 recte
1557 2491 1802 2563 quidem;
1841 2495 1933 2548 sed
1974 2505 2157 2563 postea

589 2576 739 2632 ltll_ll|.
765 2561 890 2624 526,
923 2573 1208 2632 utrumque
1241 2565 1449 2620 videtur
1477 2561 1825 2628 confundere,
1861 2561 2112 2632 inquiens
2141 2581 2154 2617 :

595 2648 613 2679 ι
645 2629 860 2685 Rutcnii
910 2633 962 2686 in
998 2629 1272 2702 Hispania,
1304 2635 1355 2688 iu
1385 2635 1672 2688 Celtiberia
1709 2635 1793 2688 die
1822 2636 1880 2688 11
1911 2629 2158 2689 Octobris

587 2709 896 2774 sanctorum
931 2712 1224 2773 martyrum
1257 2703 1521 2758 Anastasii
1578 2705 1895 2774 presbyteri,
1943 2704 2156 2758 Gettesii

589 2771 796 2844 militis,
827 2779 882 2825 et
905 2771 1192 2844 sociorum,
1222 2775 1384 2844 quiin
1412 2771 1597 2842 primis
1623 2771 1874 2829 Ecclesiae
1905 2790 2158 2844 persecu-

589 2841 826 2894 ltonibus
867 2842 1008 2911 passi
1055 2853 1198 2898 sunt.
1241 2841 1267 2897 ἰ
1302 2841 1498 2898 Verum
1557 2846 1670 2898 haec
1724 2846 1776 2898 in
1818 2841 2156 2899 Adversariis

589 2911 829 2980 scripsit,
855 2926 972 2980 qme
990 2915 1334 2967 tumultuarie
1358 2925 1482 2970 ante
1508 2914 1709 2968 codicis
1742 2925 2008 2968 maturam
2030 2931 2154 2969 cou-

588 2977 884 3034 fectioneni
905 2984 1397 3050 perscribebantur,
1424 3000 1488 3039 ne
1517 2986 1772 3037 memoria
1809 3000 1987 3037 rerum
2010 2986 2156 3038 exci-

586 3050 756 3114 deret,
807 3062 948 3123 etex
993 3054 1074 3107 his
1101 3064 1281 3123 postea
1310 3054 1676 3122 tabnlrejusta:
1725 3063 1778 3107 et
1805 3064 2018 3119 mter-me
2063 3054 2156 3108 tie-

588 3129 728 3173 rent.
760 3139 777 3170 ‹
811 3121 1025 3194 Quodsi
1057 3121 1300 3178 eannlem
1330 3125 1456 3188 vim,
1488 3121 1819 3194 diligentiam
1860 3126 2155 3177 auctorita-

591 3197 807 3264 temque
841 3191 1085 3264 _babeant
1124 3195 1464 3264 Adversaria,
1493 3191 1653 3264 quam
1699 3193 1888 3248 labqu
1912 3195 2027 3264 (hoc
2055 3195 2155 3247 ali-

586 3261 796 3333 quando
828 3261 1005 3333 Cicero
1032 3263 1161 3316 dixit
1194 3281 1286 3333 pro
1317 3263 1381 3328 Ω.
1427 3261 1634 3326 Roscio)
1680 3264 1806 3333 quid
1835 3261 2025 3317 attinet
2052 3264 2152 3318 Co-

584 3329 757 3403 dicem
781 3331 1132 3403 instituere?)
1151 3329 1492 3388 Anastas’ium
1515 3345 1568 3389 et
1589 3329 1898 3397 Genesium,
1923 3350 2148 3403 quorum

582 3399 850 3474 festivitas
872 3403 958 3456 die
989 3403 1046 3456 11
1079 3402 1326 3459 Octobris
1369 3405 1564 3474 agitur,
1592 3404 1644 3458 in
1680 3405 1867 3474 prunis
1900 3399 2149 3458 Ecclesia:

580 3471 1048 3538 persecutionibus
1073 3475 1281 3528 occisos
1311 3471 1468 3539 dicit;
1514 3474 1606 3528 sed
1654 3471 1750 3528 a'bs
1800 3491 1876 3538 re,
1926 3491 2046 3529 cum
2097 3475 2148 3527 in

585 3541 769 3594 ultima
798 3542 939 3614 passi
957 3544 1083 3610 sint,
1113 3545 1471 3614 nequidquam
1493 3545 1586 3614 his
1609 3554 1662 3599 et
1686 3544 1902 3598 Rutenii
1928 3544 2149 3598 castello

583 3611 890 3677 conuuuni,
952 3615 1047 3668 sed
1112 3611 1236 3669 huic
1296 3611 1416 3668 cum
1462 3611 1800 3677 Cordubensi
1888 3616 2148 3668 Slandum

581 3681 806 3754 proinde
826 3675 992 3754 priori
1027 3685 1227 3754 scripto
1260 3702 1405 3738 nmn.
1440 3675 1564 3748 139,
1611 3695 1665 3739 et
1691 3685 1959 3754 posterius
1985 3700 2147 3752 repu-

580 3751 857 3805 diandum.
891 3751 1154 3808 Statilium
1175 3757 1348 3809 eidem
1377 3755 1612 3820 Juliano,
1647 3751 1897 3808 standum
1920 3763 1973 3809 et
1996 3751 2145 3808 Luit-

579 3823 805 3887 prando,
856 3823 908 3876 in
953 3823 1167 3878 Genesii
1216 3825 1577 3880 Cordubensis
1616 3827 1818 3879 cultum
1869 3824 2041 3880 Toleti
2096 3833 2150 3879 et

580 3891 843 3963 Corduba:
864 3904 1042 3963 erecta
1075 3895 1269 3963 templa
1303 3895 1690 3958 astruentibus,
1719 3903 1787 3948 du
1814 3897 2010 3950 mnodo
2041 3893 2148 3947 Ma-

580 3960 850 4032 dr_idicnse
895 3962 1124 4018 Geuesio
1165 3960 1265 4020 suo
1295 3977 1566 4020 sacratmn
1613 3967 1890 4032 dicamus;
1937 3965 2146 4018 tametsi

580 4029 911 4106 procedente
959 4043 1218 4102 tempore,
1275 4046 1329 4089 et
1379 4037 1513 4088 tanti
1563 4037 1816 4106 martyris
1864 4029 2147 4090 obliterata

581 4101 840 4152 memoria
869 4101 1202 4158 Arelatensis
1227 4106 1555 4159 venerationi
1587 4101 1828 4159 cesserit.

650 4187 859 4264 Addam
884 4205 979 4258 pro
1017 4194 1694 4264 coronideimargaritum,
1736 4212 1842 4264 quo
1889 4195 2030 4250 lares
2074 4197 2148 4250 tui

586 4258 942 4336 tripudiantes
963 4273 1249 4336 occurrant
1275 4258 1508 4336 Genesio
1538 4280 1656 4328 suo,
1683 4258 2026 4334 et'templnm
2055 4284 2150 4335 pro

585 4326 791 4406 foribus
816 4341 1030 4406 ornent.
1129 4335 1356 4406 schedis
1406 4335 1560 4406 meis,
1589 4326 1786 4405 quibus
1815 4326 2039 4389 multum
2055 4326 2150 4390 'de-

584 4399 728 4476 foro,
750 4399 1018 4476 promtum
1045 4403 1138 4476 tibi
1171 4414 1476 4476 nostrorum
1507 4399 1642 4459 Acta
1684 4416 1980 4476 martyrum
2012 4408 2151 4458 Ana-

581 4468 753 4547 stasii,
787 4467 1023 4534 Genesii,
1046 4472 1271 4536 Placidi,
1311 4487 1364 4529 et
1413 4476 1705 4547 sociorum,
1731 4467 1852 4544 quae
1881 4479 2149 4544 praedictis

579 4539 837 4618 eximium
866 4551 1121 4618 pra‘stcnt
1144 4547 1518 4618 munimen,et
1546 4539 1849 4600 Mantua-nis
1875 4539 2006 4601 meis
2029 4563 2149 4615 gra-

581 4613 786 4662 tissima
819 4626 913 4679 pro
958 4613 1226 4686 desiderio
1279 4617 1405 4670 sint.
1451 4615 1668 4671 Utinam
1713 4618 1764 4670 in
1801 4613 2146 4686 patronorum

580 4695 798 4752 suorum
828 4684 1225 4752 venerationem
1263 4687 1633 4742 vehementius
1685 4684 2060 4752 exardeseant,
2091 4697 2147 4741 et

579 4749 648 4824 ob
670 4751 998 4824 earumdem
1026 4756 1336 4807 memoriam
1393 4757 1645 4824 templum
1679 4758 1908 4811 chesio
1933 4749 2144 4811 sacrum

584 4819 932 4893 frequentius
953 4823 1192 4886 visitent,
1243 4840 1306 4877 ac
1362 4819 1614 4893 deinceps
1659 4827 1745 4879 dic
1801 4829 1858 4880 tt
1903 4828 2152 4881 Octobris

584 4887 774 4966 festam
799 4890 1077 4966 celebrent
1106 4895 1244 4946 diem
1269 4911 1487 4948 suorum
1521 4887 1829 4949 sanctorum
1857 4899 2148 4966 propriam,

581 4966 632 5009 et
659 4959 840 5012 multis
874 4961 1044 5016 titulis
1079 4966 1458 5017 venerandam.
1491 4966 1581 5018 Sic
1613 4982 1740 5018 vero
1769 4959 2006 5020 habent:

2277 721 2509 788 pretium
2539 721 2790 773 duximus
2810 735 3086 774 enarrare.

2349 808 2366 838 σ
2415 788 2535 841 Nati
2563 800 2687 842 sunt
2719 801 2828 842 tres
2869 791 2951 841 isti
2985 789 3185 843 Christi
3233 790 3448 845 athleta.
3502 789 3846 859 Ulysipponr,

2272 858 2654 913 Lusitanorum
2703 861 2861 922 urbe;
2913 861 2992 912 sic
3046 870 3245 926 tamen,
3297 870 3357 913 ut
3403 858 3847 914 solus’Placidns

2276 929 2728 998 Ulysipponenses
2756 930 3005 982 habuerit
3033 940 3282 996 parentes
3313 945 3327 982 :
3360 947 3484 984 nam
3535 932 3846 986 Anastasius

2270 1008 2521 1068 parentes
2551 1000 2737 1052 habuit
2766 999 2994 1053 Mantua:
3027 1000 3194 1062 cives,
3224 1016 3342 1068 qua:
3384 1011 3468 1054 est
3513 1000 3845 1068 Carpetano-

2273 1084 2390 1120 rum
2419 1068 2584 1131 urbs;
2615 1069 2879 1122 Genesins
2898 1084 3042 1132 vero,
3068 1069 3379 1124 Barcinonis
3412 1089 3426 1123 :
3458 1085 3656 1122 omnes
3681 1080 3844 1122 tamen

2271 1140 2414 1191 inter
2437 1153 2495 1191 se
2523 1140 2783 1206 sanguine
2811 1147 2964 1192 erant
3013 1140 3301 1206 conjuncti.
3335 1141 3440 1194 Sed
3481 1156 3612 1193 cum
3651 1140 3848 1192 detine-

2272 1218 2460 1261 reutur
2513 1209 2836 1277 Ulysippone
2891 1209 3203 1262 commercii
3273 1223 3476 1273 causa,
3531 1209 3738 1263 accidit
3795 1222 3847 1262 nt

2267 1278 2554 1331 Anastasio
2583 1288 2631 1331 et
2663 1278 2893 1332 Genesio
2918 1279 3056 1332 aucti
3090 1279 3305 1332 fuerint.
3331 1279 3392 1333 Hi
3435 1297 3560 1333 cuni
3612 1280 3844 1341 Placido,

2269 1363 2372 1399 non
2401 1348 2674 1400 dissimilis
2695 1350 2866 1401 {elatis
2890 1365 3076 1416 puero,
3099 1349 3306 1402 educati
3335 1359 3460 1403 sunt
3483 1352 3538 1404 in
3563 1351 3712 1403 omni
3741 1351 3846 1417 lege

2268 1429 2450 1470 sancta
2482 1418 2572 1470 Dei
2605 1419 3036 1471 acsciediarum
3089 1420 3301 1480 studiis,
3339 1421 3391 1472 iu
3445 1421 3648 1488 quibus
3694 1423 3845 1489 periti

2267 1489 2552 1540 admodum
2585 1499 2900 1547 evaserunt:
2933 1500 2987 1542 et
3015 1489 3184 1541 multo
3213 1490 3383 1557 magis
3429 1491 3644 1543 sanctis
3691 1493 3843 1543 mori-

2269 1557 2367 1626 bus
2400 1566 2452 1611 et
2479 1559 2777 1610 :tCliOtIibUs
2803 1558 2994 1611 florere
3023 1569 3320 1626 creperum,
3355 1561 3426 1613 ita
3473 1569 3532 1612 ut
3554 1561 3844 1614 notissima:

2265 1625 2459 1680 ﬂerent
2491 1629 2723 1695 ipsorqu
2767 1631 2936 1682 virtus
2967 1637 3022 1681 et
3051 1625 3313 1682 doctrina.

2343 1715 2359 1746 ι
2405 1698 2719 1771 Procedenti
2755 1707 2991 1766 tempore
3037 1699 3350 1771 dnastasius
3391 1701 3459 1752 ad
3504 1702 3845 1771 presbytero-

2268 1782 2382 1818 rum
2416 1769 2657 1821 ordinem
2689 1778 3016 1837 assumptus,
3044 1768 3265 1822 liberius
3286 1768 3844 1838 pmdicatiOni'evan-

2265 1839 2446 1904 gelica:
2473 1839 2779 1902 insistebat;
2813 1840 2862 1890 in
2895 1855 2998 1906 qua
3033 1837 3294 1892 Genesins
3331 1849 3385 1893 et
3413 1839 3670 1894 Placidus
3697 1851 3841 1894 erant

2265 1907 2336 1959 illi
2373 1909 2664 1961 fidelissimi
2693 1908 3048 1974 coadjutores.
3082 1908 3455 1963 Prmdicahant
3499 1927 3633 1964 vero
3660 1922 3842 1964 contra

2194 1977 2600 2066 B‘Arianoru‘ml
2641 1995 2903 2066 errorem,
2945 1979 3036 2066 q‘ni
3066 1979 3282 2066 multos
3329 1980 3766 2066 Christianonum
3813 1997 3840 2032 a

2268 2049 2498 2114 puritate
2531 2049 2652 2102 tidei
2682 2051 2936 2102 aberrare
2975 2048 3227 2109 faciebat,
3270 2058 3323 2102 et
3354 2059 3543 2103 contra
3580 2050 3840 2104 idolorum

2263 2116 2546 2189 culturam,
2578 2135 2737 2188 quam
2789 2119 3032 2172 Julianus
3077 2134 3169 2189 per
3197 2121 3476 2174 ministros
3517 2135 3649 2172 suos
3683 2123 3841 2173 intro-

2262 2187 2458 2241 ducere
2481 2187 2772 2260 satagebat.
2796 2190 3037 2257 Curaque
3063 2187 3228 2260 multo
3250 2199 3492 2259 tempore
3516 2191 3840 2260 Ulysippone

2261 2268 2446 2310 essent
2498 2259 2791 2330 demorati,
2847 2259 3029 2312 nmltis
3086 2259 3367 2330 charitatis
3415 2259 3678 2330 cperibus
3723 2262 3839 2314 inst-

2261 2336 2483 2391 stentes,
2518 2328 2716 2396 placuit
2767 2331 3054 2383 Anastasio
3097 2327 3375 2399 Mantuano
3425 2327 3660 2399 patriam
3690 2345 3838 2384 suam

2261 2407 2525 2465 repetere,
2559 2400 2646 2451 ubi
2680 2416 2783 2451 non
2813 2400 3054 2454 modicas
3081 2398 3364 2454 facultates
3388 2398 3641 2453 amatris
3671 2412 3837 2464 morte

2262 2467 2604 2538 [pereditario
2652 2470 2774 2537 jure
2817 2477 3159 2538 susceperat;
3212 2485 3444 2538 cumque
3492 2470 3746 2524 Placidus
3787 2483 3838 2523 et

2257 2535 2520 2591 Genesius
2565 2535 2720 2591 amici
2754 2535 2996 2592 tidiSsimi
3025 2540 3264 2593 comitati
3300 2535 3445 2593 su'ut.
3484 2541 3757 2609 Degebant
3788 2543 3834 2593 in

2259 2622 2361 2678 una
2386 2609 2570 2678 domo,
2600 2617 2651 2662 ct
2682 2610 2839 2662 simul
2869 2609 3236 2677 praedicationi
3261 2621 3313 2663 et
3339 2610 3628 2664 charitatis
3665 2611 3836 2678 Operi-

2259 2674 2357 2730 bus
2385 2676 2694 2750 insistentes
2723 2674 3063 2742 incedebant,
3109 2681 3437 2750 pauperibus
3467 2674 3836 2750 eleeittosyrias

2257 2755 2319 2818 et
2355 2747 2566 2801 alllictis
2611 2749 2848 2802 solamen
2881 2747 3229 2809 exhibentes;
3269 2758 3317 2803 et
3359 2751 3645 2818 pnecipuze
3690 2747 3836 2804 Chri-

2250 2817 2460 2870 stianos
2511 2819 2564 2870 in
2592 2834 2808 2873 carcere
2835 2820 3085 2874 delentes
3107 2817 3398 2876 visitabant
3420 2829 3473 2872 et
3498 2817 3830 2874 animabaut.

2255 2915 2278 2942 ι-
2325 2907 2368 2960 vi
2395 2887 2634 2955 Cumque
2664 2888 2807 2943 fama
2839 2898 3146 2945 sanctorum
3175 2891 3239 2942 ad
3270 2905 3430 2944 aures
3459 2891 3834 2960 gubernatoris

2257 2957 2404 3011 urbis
2434 2960 2759 3025 pervenisset
2787 2960 2896 3028 (qui
2928 2961 3092 3012 cultui
3122 2961 3382 3012 idolorum
3408 2957 3529 3013 erat
3574 2960 3831 3013 addictis-

2256 3028 2442 3090 simus,
2473 3038 2527 3080 et
2559 3044 2620 3081 ea
2645 3029 2710 3081 de
2745 3044 2906 3081 causa
2942 3031 3127 3098 viginti
3161 3031 3303 3083 viros
3333 3040 3538 3083 nostra:
3563 3030 3832 3098 religionis

2254 3099 2590 3164 professores
2620 3108 2676 3152 et
2706 3098 3017 3154 defensores
3050 3100 3275 3154 vinculis
3307 3101 3533 3154 tenebat
3557 3103 3827 3164 astrictos)

2254 3177 2471 3222 sanctos
2496 3177 2761 3238 martyres
2784 3169 2848 3221 ad
2888 3186 2944 3223 se
2969 3170 3124 3235 jubet
3145 3171 3356 3224 adduci.
3389 3170 3635 3234 Quorum
3678 3170 3828 3221 tidem

2255 3251 2374 3289 cum
2429 3239 2764 3305 exploratam
2812 3239 3065 3302 haberet,
3121 3255 3262 3294 nunc
3314 3241 3828 3308 pollicitationibus,

2254 3322 2397 3361 nunc
2451 3309 2613 3362 minis
2644 3318 2699 3362 ct
2743 3322 3022 3376 pmnarum
3077 3309 3485 3378 inﬂigemlarum
3537 3310 3829 3362 acerbitate

2177 3367 2220 3426 C
2253 3392 2345 3430 eos
2375 3380 2643 3448 abnegare
2678 3367 2906 3431 curavit.
2942 3379 3046 3432 Sed
3076 3367 3219 3433 cum“
3252 3380 3465 3432 irritum
3499 3381 3714 3434 videret
3742 3395 3828 3432 co-

2251 3457 2433 3500 natum
2463 3463 2638 3509 suum,
2664 3455 2716 3502 et
2735 3459 3042 3502 sanctorum
3075 3448 3317 3504 emollire
3347 3451 3508 3502 corda
3543 3466 3651 3502 non
3694 3448 3828 3501 valc-

2251 3527 2352 3582 ret,
2381 3533 2474 3572 eos
2494 3518 2642 3571 duris
2667 3519 2895 3572 vinculis
2916 3520 3198 3572 innodatos
3229 3521 3280 3572 in
3325 3529 3524 3572 tetrum
3555 3533 3822 3573 carcerem

2249 3589 2475 3641 conduci
2497 3585 2678 3658 jussit,
2733 3589 2820 3642 ubi
2852 3605 2947 3658 per
2977 3590 3090 3642 dies
3121 3589 3324 3658 aliquot
3373 3589 3674 3643 durissime
3699 3587 3824 3641 ami-

2249 3659 2380 3715 ctati
2411 3668 2569 3722 sunt;
2603 3656 2695 3712 sed
2728 3660 2824 3726 ipsi
2854 3656 2910 3711 in
2938 3675 3002 3712 eo
3029 3662 3190 3713 etiam
3212 3656 3539 3718 constituti,
3574 3675 3604 3712 a
3637 3659 3820 3727 prindi-

2250 3728 2458 3781 catioue
2482 3743 2586 3780 non
2619 3729 2970 3782 desistebant.
2995 3730 3107 3794 Qua
3158 3729 3440 3783 nonmillos
3475 3729 3711 3793 illorum,
3734 3728 3817 3796 qui

2252 3798 2303 3850 in
2336 3799 2436 3852 tide
2461 3799 2754 3852 acerbitate
2787 3809 3174 3854 tormentorum
3211 3799 3559 3863 vacillabant,
3616 3798 3739 3851 forti
3771 3808 3821 3849 et

2249 3869 2514 3922 constanti
2575 3869 2754 3921 animo
2803 3883 2924 3922 esse
2983 3870 3244 3923 fecerunt.
3312 3869 3553 3922 Tandem
3629 3869 3716 3921 die
3763 3868 3812 3919 ll

2251 3940 2454 3991 mensis
2489 3937 2739 3992 Octobris
2783 3939 2848 3992 ad
2891 3955 3137 4008 campum
3167 3950 3320 3992 extra
3363 3939 3553 3992 urbem
3592 3938 3818 3998 deducti,

2252 4023 2348 4076 pro
2372 4008 2596 4061 Domino
2626 4009 2894 4068 decollati,
2927 4009 3166 4078 martyrii
3215 4010 3422 4079 palmas
3448 4011 3630 4076 adepti
3677 4018 3816 4060 sunt.

2250 4079 2486 4144 Quorum
2519 4095 2744 4147 corpora
2793 4080 3176 4148 consanguinei
3207 4081 3443 4148 ipsorum
3487 4080 3817 4148 colligentes.

2251 4149 2388 4200 intra
2432 4149 2645 4201 donmm
2687 4151 2958 4217 propriam
3009 4147 3286 4202 Anastasii
3354 4147 3711 4201 tuutularunt.
3763 4147 3821 4198 Et

2250 4227 2370 4286 post
2397 4220 2512 4272 dies
2541 4229 2662 4274 octo
2717 4220 2781 4270 ad
2831 4219 3078 4272 eutmlcm
3128 4220 3374 4287 supplicii
3407 4218 3587 4271 locum
3636 4219 3818 4287 viginti

2252 4287 2322 4340 illi
2355 4289 2454 4340 viri
2507 4289 2785 4356 perducti,
2837 4289 3040 4356 pariter
3089 4305 3186 4358 pro
3234 4288 3578 4342 confessione
3623 4287 3817 4342 Christi

2251 4359 2537 4426 deczqiitati
2589 4359 2860 4412 inchqu
2899 4359 3218 4424 evolarunt;
3250 4374 3551 4426 eorumque
3593 4372 3816 4425 corpora

2251 4440 2514 4482 nocturno
2546 4437 2786 4497 tempore
2809 4430 3106 4482 Christiani
3158 4429 3208 4482 in
3250 4429 3440 4482 eodem
3477 4431 3658 4498 campi
3703 4431 3815 4479 loco

2249 4499 2607 4566 si'pelieruut,
2653 4507 2940 4568 praestante
2989 4499 3212 4554 Domino
3258 4512 3444 4553 nostro
3489 4497 3619 4552 Jesu
3669 4498 3820 4552 Chri-

2250 4579 2351 4627 sto,
2385 4588 2401 4618 ι
2435 4579 2540 4623 etc.
3771 4585 3788 4598 ⁸

2322 4638 2613 4698 llactemts,
2636 4655 2753 4709 quze
2785 4639 2914 4692 mihi
2965 4640 3244 4709 rescripsit
3282 4639 3340 4693 P.
3403 4637 3734 4693 Francist
3760 4637 3821 4690 de

2178 4708 2425 4775 [)Bivar.
2473 4708 2744 4763 Snccchit
2795 4720 2918 4764 voto
2967 4725 3086 4771 res;
3139 4708 3198 4762 et
3245 4710 3499 4762 vaticinio
3550 4709 3820 4777 respondit

2249 4789 2492 4832 eventus.
2522 4779 2801 4832 'l‘esseram
2847 4781 3006 4832 amici
3045 4783 3132 4844 do,
3166 4782 3215 4832 in
3247 4780 3606 4846 Antiquitatis
3653 4778 3821 4832 eccle-

2251 4850 2480 4902 siastic:e
2524 4857 2781 4903 tesseram
2830 4858 2884 4902 et
2931 4850 3317 4902 monimentum
3379 4860 3686 4911 aeternum,
3733 4865 3819 4900 no-

2258 4935 2487 4987 tnenque
2508 4921 2606 4971 sub
2634 4920 2826 4972 BiVarii
2860 4929 3060 4973 tessera
3096 4919 3294 4973 scribo.
3327 4918 3706 4980 Scbediasma,
3744 4917 3816 4968 vel

2255 4989 2606 5022 I-rnnrnnnInn
2658 4990 2753 5022 Ιιινί
2789 5005 2905 5022 ΙΙΊΔΑ
2929 4990 3027 5022 (uin
3376 4989 3596 5022 nonani-in
3625 5003 3816 5022 Δι”ὶΙκΙ-
