4012 5334
281 298 417 352 1025
1699 294 1847 347 (1111⁷14

1954 291 2107 347 CON.
3386 297 3523 351 11126
3547 311 3560 325 ⁸

277 441 457 494 crario
495 439 551 491 S.
581 437 744 492 Jushc
773 434 1092 491 calheoralts
1115 445 1356 507 tempore
1383 435 1716 499 Maurorum,
1749 454 1870 490 cum
1896 438 2066 506 lapide
2093 455 2393 491 marmoreo
2418 439 2784 492 candidissimi
2823 441 3049 504 coloris;
3078 438 3163 492 lilii
3199 439 3528 493 descendens

273 538 341 590 de
383 537 522 591 cado
553 534 894 589 sanctissima
935 536 1082 602 virgo
1110 533 1275 586 Maria
1319 533 1480 602 pedes
1513 534 1708 601 posuit,
1741 543 1965 600 eratque
1993 549 2160 603 suppe
2185 537 2393 586 ’aneum
2425 534 2953 604 arebiepiseopormn
2994 534 3396 598 Toletanorum,
3430 552 3518 589 vo-

275 631 480 702 lttilquc
504 633 560 685 Β.
596 633 754 698 Virgo
782 630 1058 691 decorare,
1083 638 1136 682 et
1160 629 1534 682 auctoritatem
1571 629 1771 682 addere
1809 630 2098 691 cathedrae,
2129 646 2247 698 quae
2278 647 2306 683 a
2342 629 2395 681 Β.
2423 628 2621 683 Jacobo
2651 646 2863 698 semper
2901 630 2998 683 fuit
3025 631 3381 700 primogenita
3420 631 3525 686 lilia

275 725 536 780 Romana:
567 725 838 788 Ecclesiae,
868 734 922 778 et
948 725 1191 777 veritatis
1220 724 1508 792 magistra;
1535 723 1624 776 scd
1661 725 1856 777 bonam
1894 733 2104 792 partem
2136 725 2292 790 hujus
2314 725 2585 778 cathedr:e
2611 725 2926 778 translatam
2957 726 3061 780 alio
3091 729 3333 796 cognovi.

346 821 472 874 114.
508 818 775 882 Julianus,
819 819 910 886 qui
959 827 1144 887 postea
1187 817 1286 870 fuit
1315 818 1752 886 archiepiscopus
1782 817 2074 872 Toletanus
2120 820 2266 871 urbis
2315 821 2494 888 regite,
2530 819 2808 889 Silplt‘tllltB
2837 830 2890 875 et
2932 823 3241 876 sanctitatis
3266 823 3524 892 opinione

271 932 396 970 cum
425 916 544 969 aliis
577 913 816 968 ecelesim
849 911 1121 966 Toletana:
1152 911 1410 973 diaconis,
1436 911 1627 965 Gudila
1657 921 1710 965 ct
1741 911 1938 974 Felice,
1965 911 2138 965 ﬂoret.

346 1012 468 1065 115.
506 1011 772 1080 Vigesima
810 1011 966 1064 tertia
995 1009 1078 1063 die
1106 1007 1347 1063 Januarii
1388 1010 1607 1073 mensis,
1647 1009 1702 1062 S.
1736 1009 2055 1071 lldel‘onsus,
2087 1009 2371 1076 sapientia,
2399 1010 2519 1062 vitae
2563 1012 2872 1074 sanctitate,
2901 1020 2955 1065 et
2996 1013 3268 1068 miraculis
3291 1015 3526 1068 clarissi-

271 1127 416 1175 mus,
453 1111 518 1163 ad
548 1109 740 1163 cmlum
776 1108 1078 1176 emigravit.
1114 1107 1170 1158 lu
1208 1107 1321 1159 :rde
1354 1105 1411 1159 S.
1449 1105 1728 1160 Leucadia:
1767 1108 1907 1174 (qua:
1937 1106 2127 1160 domus
2159 1105 2274 1173 ejus
2305 1105 2425 1175 fuit)
2463 1107 2529 1159 ad
2561 1107 2723 1175 pelles
2761 1107 2817 1159 S.
2861 1108 3082 1178 Eugenii
3116 1110 3524 1177 prtedcecssnris

269 1209 354 1261 sui
384 1206 659 1277 sepelitur.
691 1200 936 1259 Julianus
971 1199 1089 1271 ejus
1125 1199 1436 1268 discipulus,
1487 1210 1540 1254 ct
1580 1201 2014 1265 archidiaconus,
2074 1201 2188 1254 lucc
2237 1200 2308 1254 illi
2341 1200 2579 1255 carmina
2632 1201 2955 1271 sepulcralia
2994 1203 3252 1270 Condidit,
3307 1212 3360 1259 et
3400 1206 3524 1273 poni

268 1303 404 1358 fecit
439 1322 451 1356 :

332 1399 519 1448 Alli-nsi
542 1399 661 1455 jacet
687 1398 778 1444 hoc
802 1407 974 1456 corpus
998 1396 1278 1443 venerabile
1305 1408 1441 1454 saxo,

396 1464 500 1519 Quo
524 1459 751 1508 'l‘oletana
776 1459 891 1505 nihil
917 1465 1044 1506 terra
1065 1457 1171 1504 tulit
1187 1458 1389 1504 melius:

328 1517 597 1582 Lueiaquo,
635 1528 685 1568 et
705 1521 981 1578 Stephanus
1004 1520 1127 1582 clara
1150 1519 1212 1564 de
1236 1525 1384 1578 gente
1405 1517 1689 1580 Gothorum,

396 1584 494 1632 Sed
516 1584 695 1630 virtute
713 1582 867 1641 magis
890 1581 1174 1628 noliilitante
1199 1585 1356 1628 micat.

2013 1392 2402 1449 lnvcnitiuvenis
2419 1399 2624 1455 portum,
2651 1391 2890 1452 smcloque
2915 1394 3101 1455 relicto,

2073 1456 2286 1506 Cwnobii
2311 1455 2459 1504 cellas
2479 1453 2746 1515 Agalieusis
2767 1462 2914 1501 amat.

2013 1515 2236 1577 Iliaeque
2260 1517 2540 1564 'l'oletanam
2562 1523 2774 1577 raptatur
2795 1515 2970 1575 praesul
2994 1517 3050 1564 ad
3074 1517 3266 1577 urbem,

2074 1577 2158 1626 Cui
2182 1575 2266 1626 fuit
2287 1580 2334 1628 in
2363 1578 2480 1625 \OllS
2501 1577 2621 1624 sede
2642 1576 2797 1624 latere
2821 1589 2926 1624 sua.

339 1668 465 1722 116.
508 1665 565 1720 S.
589 1664 898 1733 Torquatus
926 1663 1026 1717 fuit
1055 1665 1194 1718 inter
1223 1665 1398 1718 socios
1425 1665 1815 1735 archiepiscopi
1849 1665 2244 1721 Aecitanensis.

341 1765 464 1819 117.
507 1760 919 1826 Reccsuinthus,
953 1762 1120 1815 abbas
1151 1761 1532 1816 Benedictinus
1564 1762 1936 1826 Bracarensis,
1961 1760 2136 1816 ﬂoret.

341 1861 466 1915 118.
509 1858 706 1913 Eodem
739 1872 880 1910 anno
909 1856 1179 1924 Quiricus,
1207 1873 1273 1912 ex
1305 1858 1556 1927 episcopo
1584 1857 2127 1919 Barcinonensi,'non
2176 1854 2342 1910 multo
2374 1862 2515 1924 post,
2549 1854 2866 1909 Toletanam
2896 1854 3193 1910 Ecclesiam
3226 1857 3395 1926 regit;
3427 1858 3519 1926 qui

263 1971 334 2009 ex
370 1954 562 2008 abbate
586 1951 853 2022 Agaliensi
892 1950 1066 2006 factus
1092 1961 1174 2006 est
1213 1954 1496 2023 episcopus
1530 1954 1969 2008 Barcinoneusis.

1240 2043 1298 2096 P.
1339 2042 1667 2098 lllGUEltAZ
1705 2043 1792 2097 ET
1830 2044 1893 2098 D.
1936 2043 2307 2099 LAURENTII
2349 2041 2579 2098 NOTAE.

264 2141 504 2211 cognovi.
550 2140 742 2194 Facem
771 2139 1059 2211 prazlucent
1097 2139 1427 2211 Luitprando
1457 2139 1616 2194 verba
1649 2139 1848 2207 [Εςίόῆ
1878 2147 1924 2204 Α
1953 2141 2250 2210 spiritualis
2293 2141 2491 2194 deserti
2533 2140 2725 2204 alium;
2760 2140 2901 2208 quod
2937 2147 3102 2211 totum
3135 2144 3319 2210 prima:
3354 2142 3523 2211 partis

264 2209 635 2275 Zamorensis,
679 2227 797 2279 quae
836 2210 1044 2270 locum,
1089 2209 1178 2262 ubi
1217 2211 1471 2263 cathedra
1514 2219 1845 2274 asservatur,

267 2281 574 2334 clarissime
598 2280 969 2343 manifestam;
1005 2279 1117 2332 haec
1147 2290 1271 2332 sunt
1311 2295 1325 2332 :
1376 2298 1392 2330 ι
1438 2281 1658 2339 Audivi,
1692 2280 1849 2334 Chri-

266 2352 476 2404 stianos
505 2351 791 2404 Toletanos
821 2351 872 2403 lll
901 2350 1128 2402 adventu
1157 2349 1546 2403 Saracenorum
1577 2350 1758 2404 tulisse
1793 2350 1845 2404 iu

266 2421 465 2474 saltum
497 2421 780 2474 distantem
808 2436 836 2472 a
872 2418 1107 2485 Trogillo
1134 2421 1410 2474 duodecim
1455 2420 1596 2473 mille
1636 2437 1844 2490 passus,

265 2503 324 2543 et
349 2491 419 2542 ibi
436 2491 779 2544 abscondisse
801 2490 1135 2552 cathedram,
1159 2501 1214 2544 et
1234 2505 1396 2542 unum
1423 2490 1623 2558 lignum
1648 2493 1846 2554 crucis,

263 2571 324 2613 et
349 2561 636 2627 quamdam
666 2559 982 2628 imaginem;
1028 2569 1082 2612 et
1126 2575 1155 2611 a
1199 2560 1389 2629 priscis
1418 2560 1748 2629 temporibus
1795 2561 1844 2613 in

267 2646 400 2684 aere
431 2629 576 2683 luces
600 2644 877 2697 apparere.
915 2647 931 2680 ι
980 2629 1078 2682 llic
1125 2638 1327 2684 tractus
1362 2629 1518 2683 hodie
1547 2630 1614 2683 ab
1659 2630 1846 2685 incolis

265 2701 580 2753 nominatur
608 2698 770 2753 Suth
797 2698 938 2752 Crux
966 2700 1028 2752 de
1056 2698 1108 2750 la
1139 2699 1319 2752 Sierra
1344 2741 1356 2761 ,
1407 2708 1480 2762 et,
1519 2709 1572 2752 ιιι
1607 2715 1704 2767 par
1739 2709 1842 2763 est,

267 2785 299 2823 a
332 2778 520 2824 sancto
549 2769 655 2840 hoc,
675 2769 817 2840 ligno
849 2770 1129 2840 deducitur
1167 2769 1474 2837 appellatio.
1508 2769 1847 2840 Solii-agatur

268 2840 456 2893 itidem
483 2855 613 2894 crux
639 2839 988 2907 hdgidissima
1013 2848 1169 2892 noctu
1195 2839 1431 2907 pendens
1456 2854 1563 2892 aere
1595 2855 1783 2903 vacuo,
1814 2854 1845 2892 a

266 2910 456 2963 multis
485 2909 621 2973 visa,
652 2924 771 2979 qiue
799 2909 923 2979 ligni
954 2908 1312 2979 testimonium
1341 2909 1533 2963 occulti
1578 2910 1843 2978 perhibet,

266 2990 326 3034 et
348 2993 542 3032 nomen
569 2978 731 3032 etiam
757 2978 952 3048 oppido
978 2978 1237 3048 assignat,
1267 2986 1427 3047 atque
1464 2979 1706 3048 imponit.
1735 2980 1847 3032 An-

269 3052 420 3118 tiqua
460 3048 561 3102 fuit
607 3049 972 3102 Romanorum
1019 3049 1248 3111 colonia,
1299 3058 1421 3117 post
1463 3050 1531 3102 ab
1576 3048 1848 3104 Arabibus

267 3121 362 3173 diu
396 3128 685 3188 occupata;
717 3126 772 3172 et
819 3119 1032 3172 tandem
1070 3133 1100 3172 a
1149 3128 1336 3174 sancto
1379 3134 1502 3188 rege
1545 3120 1688 3173 dom.
1722 3118 1848 3173 Fer-

268 3191 452 3243 nando
482 3189 543 3243 lll
587 3198 742 3257 capta
765 3188 876 3256 jam
906 3189 1177 3252 Corduba,
1229 3188 1279 3241 in
1325 3189 1580 3242 ditionem
1633 3189 1847 3244 redacta

267 3275 448 3313 suam.
475 3259 629 3313 Nunc
661 3275 785 3313 vero
817 3259 1094 3313 nobilitata
1144 3266 1326 3312 manet
1357 3259 1595 3312 dominio
1624 3267 1679 3312 et
1724 3274 1849 3326 pro-

271 3330 507 3385 iectione
523 3332 666 3383 dom.
691 3327 914 3382 Joannis
943 3330 1008 3382 de
1027 3327 1236 3382 Chares
1256 3337 1310 3381 et
1332 3327 1608 3391 Mendoza,
1633 3330 1848 3384 comitis

269 3401 339 3453 de
367 3400 415 3452 la
443 3399 672 3452 Calzada
699 3439 714 3461 ,
743 3398 986 3467 Philippo
1018 3397 1078 3451 IV
1114 3398 1303 3467 Magno
1327 3397 1705 3467 llispaniarunt
1733 3399 1845 3468 regi

266 3469 539 3524 catholico
571 3480 753 3521 nostro
781 3483 809 3520 a
833 3469 1071 3548 consiliis
1100 3468 1150 3521 in
1201 3477 1529 3559 supretno‘et
1553 3468 1724 3547 regia:
1745 3469 1846 3559 (la-
1881 3500 1925 3559 Β

269 3555 437 3593 mene
466 3549 677 3601 senatu,
710 3553 806 3592 nec
835 3553 938 3592 non
967 3539 1018 3591 ili
1067 3553 1322 3592 consessu
1347 3537 1660 3591 militarium
1704 3538 1848 3591 ordi-

269 3624 402 3662 num
435 3608 680 3677 pr:rsidis
723 3608 1086 3672 meritissitui,
1115 3608 1204 3676 qui
1237 3617 1476 3661 nostram
1529 3606 1843 3676 Hispaniam

269 3679 566 3732 nobilitatis
578 3679 859 3746 splendore
879 3679 1244 3731 etlitterarum
1269 3686 1586 3732 ornamento
1610 3684 1846 3730 decorat.

270 3749 350 3802 De
383 3748 560 3816 hujus,
604 3751 846 3816 inquam,
885 3749 1064 3818 oppidi
1108 3749 1456 3817 antiquitate,
1499 3758 1553 3818 et
1588 3746 1847 3800 lumimnn

268 3819 609 3887 apparitione
633 3859 647 3882 ,
682 3818 879 3871 vidcsis
925 3817 1296 3872 admirabilem
1354 3817 1844 3880 narratiuneuiam,

269 3888 400 3943 licet
430 3903 635 3952 veram,
664 3888 802 3955 apud
831 3887 890 3940 P.
920 3887 1265 3942 Franciscum
1313 3888 1756 3941 Portocarrerum
1793 3889 1846 3940 ili

267 3958 452 4013 libello
477 3973 642 4012 aureo
666 3958 739 4011 De
760 3957 1026 4012 Descensu
1046 3957 1106 4011 Β.
1133 3958 1353 4027 virginis
1375 3957 1554 4010 Maria:
1579 3957 1647 4010 ad
1673 3956 1845 4010 eccle-

270 4029 408 4083 siam
441 4028 776 4087 Tolelanam,
807 4043 922 4097 cap.
952 4028 1041 4081 ‘24.
1071 4028 1130 4079 D.
1173 4028 1230 4081 L.

349 4099 463 4152 114.
507 4100 582 4152 De
611 4097 821 4151 Juliano
848 4115 910 4152 ac
932 4098 1120 4152 Gndila
1151 4113 1291 4164 szepe
1319 4098 1458 4151 facta
1513 4097 1716 4151 mentio
1764 4107 1846 4150 est

275 4171 332 4222 in
359 4169 814 4237 pra‘cedentibns,
875 4185 1014 4222 anno
1057 4168 1121 4222 19
1154 4169 1296 4235 regis
1327 4167 1666 4227 ltecesuiudi,
1711 4177 1765 4221 et
1816 4168 1848 4221 8

275 4241 629 4308 pontilicatus
701 4238 970 4292 lldefonsi.
1029 4238 1253 4291 Moritur
1292 4238 1460 4291 Toleti
1514 4239 1600 4291 die
1636 4238 1705 4291 ‘25
1759 4237 1850 4291 Ja-

270 4311 478 4372 nuarii;
527 4311 603 4363 sic
636 4325 699 4362 ex
737 4308 930 4362 tabulis
960 4309 1253 4370 Toletanis,
1306 4309 1690 4378 Martyrologio
1735 4308 1845 4361 lto-

273 4395 454 4441 tnano,
490 4389 543 4433 et
567 4395 634 4432 ex
656 4379 890 4441 Juliano,
916 4379 1006 4447 qui
1036 4379 1114 4432 sic
1165 4379 1364 4432 habet:
1404 4398 1421 4430 ι
1453 4379 1709 4447 Sequenti
1735 4381 1844 4445 dic,

270 4465 306 4502 ι
337 4449 565 4503 Kalend.
591 4448 888 4520 [febr-uarii,
937 4449 1206 4520 domicilio
1227 4449 1404 4502 carnis
1425 4451 1664 4513 canitur,
1687 4460 1848 4520 atque

271 4521 328 4574 in
351 4520 576 4574 ecclesia
601 4518 660 4572 Β.
690 4519 967 4573 Leucadiae
992 4519 1303 4583 tumulatur,
1332 4520 1398 4572 ad
1426 4521 1587 4588 pedes
1612 4520 1692 4572 sui
1720 4518 1848 4574 cou-

271 4591 419 4644 ditus
447 4590 776 4653 decessoris;
830 4606 950 4642 cum
979 4606 1086 4659 quo
1113 4590 1351 4642 creditur
1390 4601 1606 4659 internae
1644 4590 1844 4657 perfrui

269 4660 614 4727 receptaculo
645 4660 926 4714 claritatis.
969 4658 1246 4712 {Moritur
1273 4659 1359 4711 die
1388 4658 1593 4718 Martis,
1618 4674 1682 4712 eo
1706 4674 1846 4712 anno

269 4730 557 4794 bissextili,
602 4730 780 4784 littera
828 4729 1138 4784 Dominicali
1188 4729 1250 4785 Β.
1319 4730 1394 4794 Λ;
1443 4728 1568 4781 fecit
1601 4728 1676 4781 illi
1728 4745 1847 4781 car-

269 4816 397 4854 men
441 4800 742 4869 sepulcrale
784 4799 841 4853 S.
881 4799 1161 4861 Julianus,
1209 4798 1326 4867 ejus
1364 4798 1678 4865 discipulus.
1723 4798 1846 4851 Fuit

1951 2212 2122 2265 voluit
2157 2212 2410 2265 volumini
2453 2213 2898 2264 connectendum.
2953 2210 3129 2263 Partis
3177 2210 3389 2280 quoque
3435 2227 3522 2265 se-

1951 2284 2140 2335 cunda:
2187 2283 2319 2334 liber
2361 2281 2714 2349 Epistolarum
2759 2290 2877 2342 est,
2921 2281 2972 2333 in
3027 2296 3135 2350 quo
3181 2281 3246 2334 de
3293 2282 3523 2337 diversis

1950 2351 2245 2420 Scripturis
2267 2352 2618 2420 :enigmaticis
2642 2349 2888 2403 formulis
2934 2349 3081 2419 agit:
3111 2366 3369 2419 personas
3391 2366 3524 2420 quo-

1949 2421 2132 2499 quoin
2165 2421 2345 2499 titulos
2379 2421 2606 2499 induxit,
2661 2421 2712 2473 in
2765 2434 2871 2488 quo
2909 2424 3070 2473 etiam
3127 2436 3156 2472 a
3201 2420 3522 2499 quibpsdam

1947 2489 2300 2545 luculentiora
2328 2491 2651 2558 scriptorum
2678 2505 2933 2560 responsa
2965 2489 3279 2558 promeruit.
3309 2489 3523 2544 Partem

1950 2577 2078 2631 vero
2129 2562 2341 2615 tertiam
2383 2562 2666 2614 missarum
2709 2575 2828 2631 esse
2873 2568 2927 2612 et
2964 2561 3309 2631 hymnorum.
3347 2561 3524 2628 Atque

1948 2628 2220 2685 ulterioris
2247 2631 2474 2699 denique
2509 2631 2677 2698 partis
2717 2630 2855 2683 liber
2876 2639 2958 2683 est
2978 2628 3256 2697 {quartus
3278 2631 3524 2685 versibus

1947 2716 2213 2771 prosaque
2245 2709 2546 2762 contextus,
2575 2700 2624 2753 in
2655 2716 2763 2768 quo
2797 2699 3065 2769 epitaphia
3096 2699 3260 2752 multa
3298 2709 3526 2771 etquae-

1948 2768 2070 2826 dam
2115 2768 2322 2826 scilicet
2362 2771 2751 2838 epigrammata
2801 2768 3056 2823 annotata
3096 2779 3235 2822 sunt.
3293 2768 3524 2839 Scripsit

1948 2850 2197 2894 autemet
2223 2841 2324 2894 alia
2367 2841 2552 2902 multa,
2580 2855 2698 2907 qua:
2725 2839 2889 2893 variis
2922 2855 3101 2893 rerum
3148 2846 3201 2891 et
3256 2839 3525 2893 molestia-

1948 2925 2068 2964 rum
2101 2911 2546 2980 occupationibus
2577 2910 2882 2980 impedilus,
2908 2909 3084 2978 aliqua
3103 2917 3311 2980 caspia,
3345 2910 3521 2980 aliqua

1947 2978 2494 3050 semiplenareliquit.
2531 3000 2550 3032 ι
2579 2979 2806 3032 Maxima
2829 2988 3008 3050 tamen
3029 2978 3524 3050 existitdubitatio,

1949 3048 2218 3118 quomodo
2249 3048 2572 3105 S.Jtiliauus
2600 3065 2705 3102 non
2757 3049 3066 3104 meminerit
3114 3048 3234 3101 libri
3273 3049 3348 3102 De
3391 3050 3524 3104 viris
3575 3106 3584 3114 ,

1949 3119 2264 3184 illustribus,
2311 3136 2413 3174 nec
2438 3120 2688 3174 Historia;
2720 3119 3050 3178 Gothorum;
3093 3137 3110 3168 ι
3141 3132 3277 3186 quos
3317 3134 3436 3175 esse
3463 3121 3521 3175 S.

1946 3189 2200 3245 lldel'onsi
2278 3199 2392 3244 tttto
2433 3191 2692 3260 scimus:
2743 3205 2842 3260 nec
2904 3189 3150 3260 similiter
3203 3187 3322 3260 libri
3381 3190 3521 3260 Syn-

1947 3270 2295 3330 onymorum;
2338 3261 2462 3328 quia
2510 3261 2582 3312 De
2608 3259 2912 3330 virginitate
2947 3258 3190 3330 liberest
3223 3258 3331 3323 ille,
3359 3258 3519 3326 quem

1949 3327 2079 3383 (liii.
2119 3330 2300 3383 Primo
2349 3327 2581 3388 constat,
2626 3327 3018 3398 Synoymorutn
3069 3327 3261 3398 librum
3303 3344 3423 3382 esse
3460 3331 3520 3381 S.

1949 3399 2225 3464 lldefonsi,
2254 3415 2321 3452 ex
2349 3396 3030 3466 testiitiouioLiutprandi,
3063 3407 3113 3450 et
3134 3396 3258 3464 quia
3287 3413 3386 3464 ego
3414 3400 3524 3453 vidi

1950 3469 2191 3522 codicem
2239 3485 2337 3522 ms.
2389 3477 2514 3521 ante
2554 3468 2658 3522 540
2701 3483 2873 3521 annos
2913 3466 3109 3520 litteris
3159 3466 3402 3520 Gothicis
3469 3469 3522 3522 iu

1953 3540 2285 3600 membrana,
2331 3540 2419 3606 qui
2465 3547 2710 3591 servatur
2761 3538 2812 3589 in
2859 3537 3108 3591 ccenobio
3152 3535 3208 3589 S.
3241 3535 3524 3592 Trinitatis

1952 3607 2142 3661 Toleti.
2204 3609 2350 3662 Unde
2427 3609 2555 3660 mihi
2605 3619 2923 3677 argumento
2980 3615 3064 3677 est
3143 3621 3246 3658 non
3286 3609 3524 3677 omnino

1948 3679 2246 3745 perfectum
2277 3675 2692 3746 absolutumque
2740 3676 2904 3730 fuisse
2943 3676 3188 3729 relictum
3217 3691 3246 3728 a
3279 3675 3336 3730 S.
3387 3676 3524 3741 llde-

1950 3747 2134 3810 fonso,
2191 3757 2242 3801 ιιι
2295 3749 2457 3802 etiam
2515 3747 2588 3800 De
2659 3747 2790 3800 viris
2859 3746 3160 3800 illustribus
3214 3759 3227 3797 :
3281 3747 3364 3799 cui
3435 3762 3526 3799 vo-

1951 3818 2138 3871 luisset
2179 3818 2357 3886 plures
2421 3818 2568 3871 VlI'OS
2609 3816 2984 3886 superaddere,
3031 3816 3074 3886 si
3109 3815 3380 3886 rvixisset.
3413 3815 3524 3870 Nec

1949 3889 2078 3941 mihi
2133 3888 2307 3957 placet
2350 3887 2546 3941 solutio
2593 3886 2844 3947 Graialis,
2891 3885 2977 3938 vel
3024 3885 3521 3957 Grjalisgdoetoris,

1949 3959 2072 4026 quia
2132 3953 2216 4012 est
2261 3958 2403 4010 velut
2455 3957 2717 4026 appendix
2771 3957 3026 4008 librorum
3072 3953 3143 4026 κε.
3184 3955 3390 4026 lsiduri.
3448 3956 3524 4011 De

1948 4027 2216 4080 Chronico
2261 4029 2400 4080 nulla
2458 4025 2584 4080 mihi
2639 4027 2850 4080 videtur
2892 4040 3010 4080 esse
3053 4025 3346 4090 dubitatio;
3397 4042 3521 4080 nam

1946 4095 2190 4150 Julianus
2231 4097 2519 4149 Toletanus
2552 4097 2665 4165 ejus
2719 4097 2962 4150 meminit
3011 4105 3199 4149 auctor
3240 4095 3520 4164 plusquam

1948 4169 2361 4238 quingentorum
2387 4183 2678 4238 annorum;
2708 4166 2952 4220 meminit
2973 4174 3025 4218 et
3045 4165 3520 4238 lattcas'l‘udensis,

1950 4235 2192 4298 Morales,
2225 4240 2285 4291 D.
2316 4237 2535 4291 Garsias
2574 4237 2803 4306 Loaysa.
2823 4246 2888 4306 et
2915 4235 3180 4305 praecipue
3207 4236 3268 4289 D.
3298 4235 3525 4290 Roderi-

1949 4323 2043 4361 cus
2067 4309 2380 4372 'l‘oletauus,
2411 4307 2501 4360 l.b.
2534 4323 2594 4366 ιι,
2627 4305 2746 4375 cap.
2773 4305 2862 4368 ‘29.,
2895 4307 2979 4360 his
3007 4309 3181 4359 verbis
3207 4324 3219 4358 :
3253 4327 3269 4356 ι
3307 4307 3371 4358 lit
3401 4322 3520 4360 emn

1948 4379 2006 4431 B.
2041 4379 2274 4432 lsidortts
2326 4378 2540 4446 scripsit
2578 4376 2877 4430 Gothorum
2923 4377 3184 4445 originem
3231 4392 3400 4444 usque
3454 4378 3520 4428 ad

1949 4463 2147 4503 annum
2196 4450 2440 4516 quintum
2489 4447 2784 4506 Sniutillar,
2845 4446 3254 4516 S._Alldefonsus
3302 4446 3518 4512 scripsit

1950 4528 2188 4586 tempora
2213 4514 2537 4575 Gothorum,
2573 4516 2896 4586 Alanorum,
2916 4514 3272 4586 Vaudalorum
3297 4523 3351 4568 et
3382 4515 3520 4568 Suc-

1948 4585 2154 4649 voruin,
2183 4589 2250 4640 ab
2281 4602 2420 4638 anno
2468 4587 2655 4654 quinto
2687 4585 2949 4640 Suintillre
2979 4599 3147 4652 usque
3167 4585 3231 4637 ad
3270 4593 3520 4638 octavum

1950 4659 2216 4710 deeitumu
2267 4657 2583 4710 ltecesuiudi
2628 4672 2824 4709 annum
2861 4656 3086 4708 lideliter
3117 4661 3453 4719 prosecutus.
3495 4673 3514 4705 ι

1949 4727 2103 4782 llunc.
2135 4728 2328 4781 librum
2358 4727 2485 4779 citat
2515 4727 2779 4795 generalis
2805 4724 3073 4794 llispzuiite
3103 4724 3357 4795 Historia,
3390 4723 3523 4777 citat

1949 4798 2250 4851 (Iardinalis
2277 4794 2563 4858 Baronius,
2591 4806 2643 4848 et
2671 4795 2895 4849 Moralcs
2920 4813 2931 4845 :
2959 4809 3076 4862 quae
3114 4794 3236 4861 quia
3266 4808 3370 4846 non
3402 4803 3522 4862 erat

269 4857 565 4938 przeclarus
619 4879 675 4924 et
732 4872 980 4938 egregius
1042 4857 1311 4936 Hispaniae
1366 4857 1557 4923 doctor
1621 4880 1842 4921 vocatus
1873 4857 1917 4917 C
1951 4869 2202 4921 omnibus
2240 4867 2468 4938 omnino
2506 4857 2746 4938 numeris
2795 4857 3070 4938 absoluta,
3116 4857 3218 4916 non
3269 4862 3368 4938 fuit
3408 4860 3520 4914 foro

270 4939 690 5006 Cltrysostomus,
715 4953 760 4993 et
781 4941 954 5008 facula
977 4941 1134 4993 divini
1164 4938 1412 5005 Spiritus,
1441 4938 1668 4990 aridiora
1696 4939 1842 5005 ﬁdei,

268 5023 318 5063 ct
339 5010 559 5064 malleus
581 5021 850 5063 conterens
873 5011 1150 5063 audaciam
1183 5009 1545 5062 hairelicorum
1577 5010 1845 5061 exsultan-

270 5081 405 5134 tium
436 5080 732 5145 fortissime.
762 5080 838 5132 De
868 5080 1119 5149 Oper-ibus
1157 5077 1598 5149 sanctidoctoris
1640 5080 1717 5132 sic
1745 5076 1842 5131 Ju-

269 5151 493 5204 lianus-
533 5169 552 5200 ι
591 5149 820 5218 Scripsit
848 5146 977 5202 sane
1019 5146 1642 5218 quamplurimos‘lihros
1689 5149 1843 5200 lucu-

269 5219 490 5273 leutiori
538 5214 790 5274 sermone
851 5214 1194 5288 potissimos,
1247 5214 1588 5288 qttos__idem
1656 5218 1708 5270 in
1767 5225 1846 5269 tot

269 5291 516 5334 nztrlilms
537 5289 748 5334 eminuit
773 5284 1083 5334 diuidendos
1113 5305 1125 5334 ι
1161 5288 1212 5334 ἰι1
1240 5284 1340 5334 est-
1373 5284 1568 5334 librum
1594 5302 1850 5334 111⁸080110·-

1957 4939 2113 4992 lassis
2149 4940 2198 4990 in
2228 4937 2407 4989 animo
2438 4937 2495 4990 S.
2541 4937 2779 4988 ductoris
2817 4947 2938 4985 eum
2991 4932 3185 4986 librum
3225 4930 3520 5000 publicare,

1952 5013 2045 5063 sed
2089 5011 2441 5076 suppritere.
2499 5004 2607 5076 Iloe
2641 5004 2942 5057 Chi-onicon
2979 5017 3147 5070 penes
3190 5017 3272 5055 me
3314 5001 3521 5065 habeo,

1948 5074 2488 5143 annotationihusquc
2529 5074 2870 5143 illustratum.

2021 5149 2140 5205 117.
2205 5137 2552 5200 lteeesuinllti
2595 5142 2826 5200 abbatis,
2869 5139 3078 5196 ordinis
3120 5145 3177 5199 S.
3229 5137 3527 5204 Benedicti,

1949 5215 2335 5272 Bracharensis
2384 5214 2534 5283 civis,
2591 5214 2647 5283 tit
2703 5209 2902 5283 mentio
2947 5220 2999 5262 et
3041 5215 3185 5283 apud
3208 5208 3529 5283 AJuliAanttm;

1949 5306 2069 5334 (EIIIII
2101 5304 2207 5334 nuo
2237 5288 2426 5334 iuvene
2455 5281 2639 5334 habuit
2673 5280 2896 5334 multum
2930 5276 3094 5334 usuui
3116 5288 3174 5334 ὃ.
3207 5276 3530 5334 lldefonsus.
