4012 5334
608 270 751 327 11)Βῦ
1707 257 2049 314 ΑΡΡΕΝΒΙΧ
2085 258 2177 311 AD

2311 254 2730 313 lTPRANDUM.
3735 252 3880 307 £036

609 380 804 443 Toleti,
829 379 1071 449 inquam,
1102 389 1210 446 quo
1240 372 1614 429 conﬂuxerunt
1647 383 1835 423 omnes
1863 367 2099 436 cpiscOpi
2129 364 2399 435 Hispania:
2434 373 2490 420 et
2510 363 2698 419 Gallia:
2734 361 3121 428 Narbonensis,
3151 360 3479 432 praesidente
3509 360 3738 428 Quirieo
3760 376 3881 414 me-

612 469 934 539 tropolitano
964 464 1241 525 Toletano,
1290 468 1350 513 ut
1380 459 1544 517 totius
1572 456 1843 526 Hispania:
1884 463 1940 510 et
1979 454 2163 509 Calliae
2208 454 2575 510 Narbonensis
2606 452 2947 522 patriarcha;
2980 452 3275 523 divisaeque
3305 460 3434 506 sunt
3476 466 3683 507 omnes
3718 452 3880 506 sedes

610 560 883 631 Hispaniae
917 571 1037 612 cum
1070 554 1182 609 suis
1216 550 1479 605 limitibus
1508 558 1562 603 et
1590 546 1836 602 terminis
1867 546 1949 615 (ut
1969 562 2063 602 eas
2087 546 2216 602 olim
2243 546 2505 601 diviserat
2537 545 2928 600 Constantinus
2950 544 3192 617 Magnus,
3224 562 3347 600 eum
3378 546 3554 600 Toleti
3584 547 3879 601 concilium

608 642 986 729 episcoporum
1011 652 1175 704 totius
1204 644 1475 715 Hispania:
1504 644 1800 707 contraxit,
1849 644 2172 698 auctoritate
2202 641 2469 706 Silvestri,
2507 650 2563 696 et
2589 642 2764 697 eidem
2807 642 3036 697 concilio
3079 642 3278 697 dicitur
3313 643 3624 714 praefuisse)
3672 644 3755 697 sic
3782 645 3883 697 sub

608 750 917 807 Wambane
940 758 1068 814 rege
1096 741 1208 796 dati
1249 749 1376 795 sunt
1400 747 1612 794 veteres
1663 738 1890 808 singulis
1931 739 2150 794 sedibus
2188 738 2426 792 termini.
2465 738 2610 805 Quos
2649 738 2958 792 immanitas
3002 740 3439 809 persecutionum
3479 738 3881 808 ingruentium.

609 857 693 903 tot
718 845 981 901 bellorum
1008 838 1205 904 rabies,
1231 844 1284 891 et
1308 834 1567 903 iniquitas
1594 841 1895 906 temporum
1929 835 2122 906 majori
2158 849 2224 891 ex
2259 844 2415 906 parte
2444 834 2742 902 deleverat;
2777 834 2864 889 ille
2903 850 3004 892 sua
3048 835 3324 907 diligentia
3350 844 3408 892 et
3446 836 3639 892 studio
3663 835 3881 904 penitus

609 943 866 1003 restituit.

683 1041 841 1097 Anno
864 1039 898 1094 5
922 1039 1065 1111 regis
1093 1038 1412 1095 Wambanis
1436 1044 1625 1093 coacta
1651 1042 1737 1090 est
1771 1032 1944 1089 Toleti
1969 1032 2086 1087 hate
2124 1045 2320 1102 magna
2356 1031 2614 1102 synodus,
2647 1030 2703 1086 in
2730 1045 2833 1100 qua
2863 1031 3047 1086 divisa:
3076 1038 3201 1087 sunt
3233 1031 3391 1086 sedes
3419 1043 3525 1101 per
3547 1027 3728 1092 illum,
3748 1042 3887 1098 przeo

613 1135 858 1190 sentibus
885 1134 1335 1204 metropolitanis,
1368 1142 1425 1188 et
1448 1131 1663 1189 caeteris
1691 1130 1966 1199 Hispania:
1997 1128 2285 1198 episcopis,
2312 1126 2594 1182 abbatibus
2616 1136 2669 1181 et
2699 1126 2978 1197 palatinis,
3001 1136 3055 1182 et
3081 1126 3185 1181 illis
3208 1126 3398 1196 partiri
3423 1141 3522 1181 rex
3544 1124 3885 1191 iniunxerat,

611 1239 675 1286 ut
696 1230 872 1287 visum
899 1238 1063 1294 esset,
1091 1230 1374 1294 diwceses,
1400 1227 1792 1299 praesentibus;
1825 1239 1922 1295 pro
1952 1223 2212 1281 Toletano
2233 1232 2288 1279 et
2312 1221 2686 1293 suffraganeis,
2724 1222 2896 1288 Sullo,
2927 1223 3279 1292 Athanegono
3304 1231 3361 1277 et
3394 1223 3759 1287 Recearedo;
3790 1237 3888 1290 pro

612 1324 818 1395 Hispali
849 1334 905 1380 et
942 1324 1314 1394 sutl‘raganeis,
1343 1323 1590 1395 Adilogo,
1637 1322 1754 1387 Ela,
1803 1320 2034 1387 Witiza;
2068 1336 2165 1391 pro
2196 1320 2541 1384 Bracarensi,
2570 1319 2834 1387 Wimaro,
2869 1319 3067 1385 Vitula,
3090 1318 3361 1384 Hicadile;
3393 1331 3492 1388 pro
3524 1309 3879 1371 Emeritensi,

609 1420 816 1491 ldigno,
844 1421 1216 1491 Theodulplto,
1248 1419 1542 1491 Ostulpbo;
1573 1434 1670 1489 pro
1696 1417 2057 1483 Narbonensi,
2093 1416 2393 1482 Salamino,
2428 1415 2794 1487 Egisibarino,
2817 1424 2872 1472 et
2894 1415 3258 1485 Theudegildo
3283 1432 3295 1467 :
3328 1411 3577 1469 Toletani
3608 1410 3743 1464 hinc
3764 1422 3886 1475 par-

612 1514 696 1570 titi
721 1530 842 1570 cum
878 1514 1267 1585 Complutensi,
1299 1514 1445 1569 illinc
1471 1529 1591 1568 cum
1616 1513 1921 1567 Elborensi.
1954 1511 2115 1567 Facta
2140 1523 2224 1566 est
2254 1512 2368 1567 haec
2405 1511 2727 1566 divisionum
2766 1511 3017 1576 formula,
3052 1519 3106 1567 et
3142 1524 3399 1581 expressa
3426 1508 3626 1562 litteris
3649 1520 3752 1575 per
3783 1502 3883 1556 Pe—

612 1619 777 1675 trum,
811 1611 869 1666 S.
895 1598 1177 1666 Leucadia:
1209 1611 1527 1675 diaconum;
1560 1618 1615 1664 et
1644 1608 1934 1664 concilium
1968 1607 2208 1662 habitum
2240 1615 2321 1663 est
2358 1616 2627 1677 praesente
2675 1607 2916 1674 Quirico,
2964 1606 3113 1662 urbis
3146 1606 3306 1678 regia:
3349 1603 3794 1674 archiepisc0po,
3833 1608 3883 1653 et

610 1702 844 1772 primate
871 1702 1031 1756 totius
1052 1701 1341 1772 Hispania},
1371 1711 1475 1757 tam
1509 1702 1777 1758 citerioris
1803 1717 1962 1772 quam
1994 1701 2287 1757 ulterioris.

684 1791 905 1848 Judices
930 1793 1190 1862 designati
1218 1802 1344 1847 sunt
1365 1806 1462 1862 pro
1488 1792 1694 1859 Toleto,
1726 1791 1976 1858 Quiricus
2002 1791 2480 1861 archiepiscopus;
2506 1805 2606 1861 pro
2630 1789 2852 1861 Hispali,
2876 1788 3148 1852 Julianus;
3178 1804 3276 1860 pro
3301 1786 3650 1850 Bracarensi,
3672 1784 3880 1845 Liuba;

612 1904 712 1961 pro
740 1889 1058 1943 Emeritensi
1086 1888 1358 1957 provincia
1384 1889 1718 1957 Stephanus;
1759 1902 1856 1957 pro
1898 1886 2233 1941 Narbonensi
2273 1885 2638 1942 Crescentius.
2678 1886 2963 1957 Appellant
3000 1901 3189 1941 omnes
3236 1885 3303 1940 ad
3340 1885 3634 1955 primatem
3664 1883 3885 1937 Toleta-

613 2001 743 2039 num
772 2002 783 2036 :
818 1993 873 2039 et
902 1983 954 2037 in
986 1998 1148 2039 causa
1183 1982 1561 2037 Toletanormn
1590 1982 1655 2037 ad
1682 1981 1969 2036 Suasilium
2000 1982 2272 2048 abbatem,
2305 1998 2371 2038 ex
2404 1983 2645 2038 omnium
2669 1999 2959 2039 consensu.
3002 1982 3293 2037 Prudentia
3315 1980 3523 2049 Qnirici
3551 1979 3740 2034 multa:
3762 1979 3884 2034 lites

614 2079 850 2135 subortae
882 2093 1205 2147 compressre
1228 2086 1372 2132 sunt.
1410 2077 1578 2130 Durat
1605 2077 1893 2131 concilium
1936 2091 2106 2147 usque
2128 2077 2196 2131 ad
2225 2077 2385 2134 ﬁnem
2415 2080 2638 2135 mensis.

686 2177 805 2231 151.
846 2175 1257 2230 Prmtorienscm
1292 2172 1471 2228 sedem
1506 2171 1608 2227 SS.
1642 2171 1783 2226 Petri
1814 2183 1868 2226 et
1907 2172 2058 2228 Pauli
2087 2182 2241 2227 extra
2274 2175 2462 2229 urbem
2508 2190 2673 2245 prope
2697 2174 2840 2229 viam
2879 2174 2946 2229 ad
2979 2173 3342 2237 Talabrieam,
3372 2172 3460 2229 vel
3488 2174 3777 2238 Elboram,
3800 2171 3879 2225 di-

612 2280 842 2326 stantem
875 2269 986 2326 fere
1018 2269 1161 2323 mille
1182 2270 1501 2338 quingentos
1530 2282 1741 2337 passus,
1769 2266 1997 2322 Wamba
2031 2282 2122 2321 rex
2160 2268 2370 2323 noviter
2410 2269 2701 2339 episeOpali
2742 2270 3031 2334 cathedra,
3074 2268 3336 2325 Toletano
3374 2268 3707 2339 patriarchas
3756 2268 3882 2322 sub-

608 2362 776 2430 jecta,
813 2362 1056 2434 decorat,
1088 2359 1415 2429 reclamante
1439 2358 1659 2426 Quirico
1696 2359 1976 2425 Toletano,
2003 2368 2059 2413 et
2081 2360 2315 2429 capitulo
2347 2360 2607 2415 Toletano
2642 2370 2697 2415 et
2728 2361 2780 2415 in
2828 2362 3025 2431 oppido
3052 2361 3287 2431 Aquensi
3322 2362 3340 2428 (
3364 2361 3505 2429 quod
3548 2375 3697 2414 nunc
3728 2360 3881 2413 Tata-

614 2459 765 2529 vcra)
808 2458 935 2512 olim
981 2457 1260 2511 dicebatur
1304 2456 1520 2520 Elbora,
1552 2457 1679 2511 sede
1713 2457 1998 2527 episcopali
2032 2456 2270 2525 subjecta
2300 2458 2645 2522 Etneritensi,
2675 2458 2728 2512 in
2753 2458 2932 2513 villula
2965 2459 3134 2528 Aquis
3158 2459 3327 2527 (nunc
3348 2457 3677 2527 Cazalegas)
3702 2457 3876 2512 sedem

617 2555 901 2612 constituit
928 2552 1047 2623 ιρι,
1070 2550 1364 2623 transtulit]
1392 2551 1778 2621 episcopalem,
1813 2552 2189 2607 consentiente
2215 2552 2538 2608 Emeritensi
2570 2553 3003 2622 metropolitano,
3032 2553 3084 2607 in
3110 2553 3369 2607 honorem
3400 2550 3459 2606 S.
3493 2551 3739 2607 Pentenii
3764 2552 3875 2624 [aI.,

621 2650 680 2704 S.
713 2647 973 2729 Pigtnenii
1010 2665 1021 2700 :
1054 2647 1119 2700 de
1138 2662 1239 2717 quo
1267 2647 1380 2700 vide
1408 2645 1698 2699 Bai-ouium
1725 2645 1808 2700 die
1834 2645 1907 2700 24
1937 2645 2139 2714 Martii,
2165 2647 2220 2701 in
2244 2646 2577 2721 Martyrol.],
2601 2650 2857 2720 martyris
2885 2649 3248 2719 antiquissimi
3276 2647 3477 2704 ibidem
3506 2650 3872 2720 quiescentis;

617 2746 759 2815 quod
792 2760 935 2799 nunc
962 2743 1049 2796 ditt
1082 2742 1399 2813 permansit.

691 2841 816 2896 152.
842 2838 1161 2894 Beatissima
1184 2839 1340 2893 sedes
1358 2838 1423 2892 de
1449 2837 1707 2893 Columna
1736 2839 1791 2894 in
1814 2839 1946 2895 urbe
1968 2841 2469 2911 Caesaraugustam,
2497 2856 2617 2912 qua:
2642 2851 2950 2897 constructa
2972 2841 3220 2912 estjussu
3241 2840 3482 2913 Virginis
3505 2857 3538 2895 a
3565 2842 3626 2896 B.
3656 2840 3873 2905 Iacobo,

618 2953 742 2992 cum
770 2937 821 2990 in
846 2933 1101 3004 Hispania
1144 2934 1455 3005 praedicavit
1490 2950 1629 2990 anno
1654 2936 1721 2990 57
1751 2952 1782 2989 a
1812 2937 2094 2992 nativitate
2134 2937 2370 3002 Domini,
2400 2947 2456 2993 et
2499 2948 2816 2993 consecrata
2839 2938 3099 3009 .ejusdem
3144 2937 3511 3005 imtnaculatre
3537 2940 3869 3008 conceptioni

620 3038 804 3106 (uuam
834 3048 1024 3087 omnes
1081 3031 1310 3101 apdstoli
1361 3034 1795 3103 prtedicaverunt
1832 3034 2073 3105 ubique)
2129 3036 2233 3091 hoc
2277 3044 2518 3107 tempore
2561 3035 2916 3091 celeberrimo
2950 3032 3258 3089 ‘ntultorum
3294 3034 3719 3104 peregrinorum
3752 3051 3873 3091 con-

619 3130 870 3188 tubernio
898 3128 1167 3184 visitatur.

1553 3216 1614 3272 Ρ.
1656 3215 1985 3273 ΙΙΙΕΙΠΞΠᾹΞ
2024 3218 2113 3273 ET
2150 3219 2212 3274 D.
2253 3220 2623 3278 LAURENTH
2660 3220 2890 3278 NOT/E.

539 3300 551 3308 ’
620 3306 675 3371 in
702 3294 1028 3387 _Valcntin_a.
1056 3307 1197 3387 __Qua
1238 3307 1305 3387 de
1356 3321 1416 3387 rte
1453 3304 1711 3387 lulianus
1764 3309 2201 3379 archipresbyter
2230 3318 2272 3376 Α
2305 3312 2489 3367 decem
2520 3312 2781 3387 notabat.
2825 3313 3100 3367 Consonat
3128 3310 3291 3365 Aldus
3322 3309 3600 3387 Manutius
3632 3312 3685 3366 in
3731 3311 3873 3387 Cone

618 3384 910 3442 Toletanus
933 3380 1170 3451 pluribus
1198 3375 1558 3451 agl_t_._P._ll._
1920 3375 1935 3378 ’
2022 3450 2028 3451 ί
2084 3375 2096 3379 ’
2308 3383 2571 3437 mentario
2618 3386 2692 3437 De
2736 3391 2977 3436 veterum
3021 3394 3267 3435 notarum
3321 3382 3733 3448 explanatione.
3780 3384 3872 3437 Sed

690 3445 1103 3510 Annorumvita':
1122 3445 1260 3518 regis
1278 3445 2206 3521 Wamlranisveracomputatiocoe-
2308 3452 2534 3506 hrecvel
2589 3453 2975 3508 tabulariorutn
3021 3462 3114 3506 aut
3155 3445 3487 3521 pariatorutn
3537 3452 3669 3506 tiliis
3722 3455 3873 3508 notis.

620 3526 698 3598 git
712 3517 1349 3598 nostrttttrlliet‘onytnttttt
1365 3519 1430 3598 tle
1444 3518 1490 3569 la
1507 3517 1736 3588 Iliguera
1751 3517 1931 3598 notam
1948 3522 2083 3575 hanc
2097 3520 2172 3573 X"
2186 3557 2201 3572 .

619 3590 809 3661 i'ntns.
849 3592 1045 3647 Codice
1082 3608 1109 3642 a
1146 3605 1203 3643 se
1231 3590 1502 3661 inventum
1528 3604 1725 3661 proxv
1747 3591 2048 3661 _acciperc:
2081 3604 2202 3661 cum

622 3658 802 3722 tamen
831 3660 1185 3732 quadraginta
1209 3657 1392 3732 prpcul
1414 3659 1575 3711 dubio
1595 3659 1877 3732 signiticet,
1890 3657 1954 3732 ut
1974 3676 2047 3732 ex_
2070 3659 2206 3713 mul-

620 3748 802 3794 torum
832 3728 962 3788 mss.
997 3728 1546 3785 codiCtttttGotltm'unt
1580 3728 1869 3783 collttionc
1911 3730 2207 3784 luculenter

625 3804 959 3877 deprompsit
982 3799 1365 3877 Pctnpel‘iensis
1388 3800 1669 3877 episcopus
1697 3800 1756 3854 D.
1787 3797 1859 3877 F._
1880 3798 2205 3877 Prudentius

622 3869 711 3932 de.
737 3869 1047 3938 Sa'ndoval,
1081 3871 1133 3924 in
1181 3869 1750 3938 Attimatlversimtibus
1794 3870 1860 3923 ad
1916 3870 2204 3923 Historiam

627 3947 799 4002 sancti
823 3936 1030 4004 Jacobi,
1055 3949 1272 3995 auctore
1296 3938 1406 3991 Don
1432 3936 1614 3992 Mauro
1638 3944 1705 3994 de
1727 3938 1958 3995 Castello
1989 3939 2202 4004 Ferrer,

626 4032 750 4069 cum
803 4016 868 4068 de
898 4013 1169 4084 epitaphio
1203 4009 1422 4084 Urraca;
1479 4010 1696 4084 reginae,
1751 4012 1891 4084 regis
1935 4009 2203 4084 Ranitniri

626 4085 832 4145 uxoris,
858 4077 1191 4136 enucleando
1217 4093 1335 4132 sese
1374 4077 1567 4149 obtulit
1613 4077 1849 4146 occasio,
1901 4094 2022 4149 pag.
2070 4078 2200 4133 2'53.

629 4156 813 4213 Satius
836 4167 935 4221 ego
964 4150 1231 4221 duxerim,
1266 4162 1370 4221 non
1402 4147 1559 4221 aliter
1588 4159 1863 4221 exaratam
1894 4147 1947 4203 in
1978 4147 2071 4201 illo
2102 4164 2203 4202 ms.

623 4217 994 4286 codicefscd
1033 4237 1063 4273 a
1115 4218 1356 4277 librario,
1417 4217 1583 4288 sciolo
1641 4219 1890 4286 quidem,
1955 4230 2207 4288 corrupte

630 4292 980 4353 translatam;
1013 4290 1092 4344 sic
1122 4289 1371 4342 nimirum
1399 4295 1482 4358 xv.
1517 4287 1648 4358 Nam
1690 4290 1903 4358 quando
1924 4305 1959 4342 χ
1986 4287 2207 4342 anteCe-

632 4366 732 4428 dit,
757 4371 813 4416 et
863 4362 1057 4431 ligatur
1083 4376 1203 4414 cum
1244 4357 1280 4410 l.
1316 4357 1519 4431 scilicet
1551 4356 1637 4422 ιι,
1660 4356 1930 4431 signiﬁcat
1955 4360 2207 4431 quadra-

628 4436 812 4506 ginta;
852 4428 1051 4506 s_i'_vero
1079 4446 1113 4506 tt
1160 4428 1429 4506 antecedit
1449 4443 1534 4506 ,νη
1566 4431 1642 4506 uti
1673 4430 1920 4506 suspicor
1951 4429 2030 4506 in.
2055 4438 2204 4482 auto-

628 4499 837 4585 grapha
859 4502 1045 4585 fuisse,
1077 4500 1354 4585 detttitaltit
1373 4499 1701 4585 quindecitln.
1737 4499 1886 4585 U‘lldlc
1919 4499 2077 4585 varie
2115 4514 2208 4585 ap-

629 4568 805 4645 posita
827 4580 880 4626 et
909 4572 1219 4645 conjuncta,
1248 4568 1392 4645 varia
1431 4570 1707 4645 pertendit
1740 4578 1794 4622 ct
1836 4570 2201 4645 demonstrat;

2307 3537 2461 3576 Slma.

2379 3593 2500 3647 151.
2543 3592 2618 3646 De
2645 3592 3103 3662 designationibus
3154 3605 3413 3646 novorum
3459 3600 3865 3662 episcopatum

2311 3670 2551 3733 tempore
2583 3661 2872 3718 Vautbanis
2897 3663 2955 3717 lit
2987 3662 3187 3733 mentio
3216 3665 3267 3716 in
3297 3661 3532 3715 concilio
3562 3678 3666 3725 xu,
3684 3665 3871 3732 primo-

2307 3732 2536 3801 qttcsub
2569 3734 2785 3802 Ervigio
2825 3733 3006 3787 habito
3036 3732 3207 3786 Toleti
3251 3751 3267 3802 ξ
3326 3746 3448 3784 nam
3504 3733 3776 3801 episcopi,
3819 3741 3870 3785 ut

2308 3804 2420 3873 regi
2449 3801 2741 3873 placerent,
2773 3813 2958 3873 contra
2988 3803 3205 3857 decreta
3250 3801 3471 3873 Patrum
3524 3806 3739 3873 assensi
3764 3811 3872 3857 sunt

2307 3870 2419 3941 regi
2450 3870 2680 3943 petenti,
2712 3882 2769 3926 ut
2799 3872 2969 3943 Toleti
3000 3872 3050 3925 in
3080 3876 3206 3925 sede
3235 3870 3711 3943 przetoriens’i‘SS.
3738 3873 3868 3927 Petri

2308 3950 2364 4013 et
2407 3941 2555 3997 Pauli
2606 3951 2843 4013 poneret
2878 3942 3182 4013 episcopum
3236 3959 3248 3993 :
3297 3949 3352 3994 et
3408 3942 3462 4013 in
3509 3941 3869 4013 villularirea

2309 4012 2557 4067 Elboram
2587 4010 2671 4068 vel
2701 4012 3043 4071 'l‘alaberam,
3076 4012 3127 4064 in
3172 4011 3500 4065 monasterio
3549 4010 3610 4065 S.
3662 4010 3871 4066 Pimenii

2310 4083 2465 4155 [lege
2512 4080 2810 4155 Pigmenii]
2848 4099 2860 4134 :
2904 4079 3151 4155 similiter
3184 4089 3239 4134 et
3292 4082 3344 4133 in
3378 4080 3499 4155 aliis
3530 4080 3871 4155 locisobseuo

2309 4149 2541 4207 i'ioribus
2575 4149 2598 4207 ε’
2622 4154 2762 4222 quod
2793 4149 2851 4205 itt
2886 4151 2994 4219 regi
3031 4151 3285 4222 tributum
3337 4158 3421 4204 est
3468 4149 3722 4217 levitati;
3768 4152 3869 4221 epi-

2309 4225 2487 4290 scopis
2511 4219 2728 4292 quidem
2758 4221 3130 4292 assentationi.
3164 4223 3222 4274 D.
3257 4219 3327 4292 li.
3402 4288 3414 4292 Α
3463 4240 3507 4292 λι

2379 4288 2503 4347 {32.
2531 4288 2613 4346 Ἐι
2640 4301 2941 4346 consecrata
2985 4290 3217 4360 ejusdem
3246 4288 3531 4362 (Virginis)
3570 4289 3872 4343 immania-

2308 4374 2376 4418 ta:
2400 4364 2742 4432 conceptioni,
2791 4376 2948 4433 quant
2965 4374 3139 4433 omnes
3180 4363 3407 4433 apostoli
3438 4362 3869 4433 pradicarentnt.

2311 4434 2385 4487 De
2414 4429 2755 4487 immaculata
2785 4429 3132 4500 conceptione
3174 4429 3283 4498 jam
3330 4431 3539 4498 integra
3570 4439 3701 4484 sunt
3744 4432 3874 4481 volu-

2310 4505 2475 4558 mina.
2536 4504 2745 4557 Videsis
2793 4499 3064 4555 Julianum
3114 4501 3166 4554 in
3215 4499 3482 4555 Chroaico
3560 4516 3718 4553 num.
3763 4500 3869 4553 607.

2316 4594 2334 4625 ι
2378 4574 2478 4640 Qui
2511 4574 2604 4641 (ι).
2646 4571 2970 4640 Bernartius)
2998 4579 3117 4641 erat
3147 4571 3207 4624 Β.
3239 4568 3448 4641 Virgini
3476 4569 3871 4641 devotissimus,

631 4628 931 4732 ansamque
968 4628 1466 4732 praebetertlorilrus
1495 4628 1707 4732 calculi;
1746 4654 1850 4732 non
1895 4639 2054 4732 bene,
2105 4628 2206 4719 nec
2238 4675 2283 4732 Β
2310 4628 2660 4732 qttifttcieiiat
2684 4628 2964 4724 celebrare
2984 4640 3177 4732 festum
3205 4628 3443 4732 eiusdem
3487 4638 3739 4732 meinae
3766 4628 3871 4732 curm

631 4716 701 4770 ad
734 4708 989 4769 amussim
1013 4710 1340 4764 examinata.
1369 4708 1480 4761 lloc
1506 4708 1645 4762 idem
1684 4710 1851 4764 sensit
1892 4709 2208 4764 Ambrosius

635 4788 701 4841 de
748 4783 975 4837 Morales
1008 4776 1061 4845 ,,¹5
1094 4789 1246 4849 parte
1284 4778 1555 4849 Chronic.
1599 4777 1818 4849 Hispan.
1867 4781 1919 4832 in
1953 4795 2205 4844 excursu,

616 4866 794 4924 .q'uetn
821 4854 887 4907 ad
914 4853 1072 4924 linem
1098 4848 1323 4924 prologi
1340 4848 1606 4924 apposuit,
1639 4848 1693 4924 in
1719 4864 1824 4917 quo
1842 4850 1916 4924 de
1949 4849 2209 4924 diploma-

634 4917 747 4980 titttt
774 4917 1152 4993 observatione
1175 4917 1383 4993 erit}ch
1409 4917 1551 4993 agit:
1580 4937 1596 4967 σ
1620 4918 1705 4993 ᾼχ
1727 4920 1980 4993 tatnbien,
2013 4919 2205 4993 inquit,

633 5005 756 5051 utra
802 4992 1075 5055 dilicuit'atl
1106 4988 1318 5059 grande
1344 5004 1409 5042 en
1447 4990 1531 5059 los
1554 4988 1859 5056 privdegios
1900 5004 2024 5059 tnuy
2067 4990 2209 5042 anti-

543 5117 550 5135 ,
635 5080 769 5135 gnos
794 5064 858 5116 de
906 5062 1038 5114 Ietra
1080 5057 1296 5135 _G})ti_ea.
1348 5074 1476 5135 para
1520 5057 1742 5135 lee_r_et_t
1795 5073 1888 5111 sus
1933 5057 2205 5135 numeros.

544 5133 553 5191 ἒ
636 5127 767 5190 Esta
809 5147 901 5196 es,
931 5145 1035 5199 que
1080 5130 1160 5184 lo's
1190 5130 1308 5182 diez
1346 5131 1478 5182 at'tos
1519 5127 1799 5181 seﬁalados
1829 5141 1924 5195 por
1949 5142 2063 5199 _xx,
2107 5128 2209 5199 tie-7

542 5218 547 5251 θ
634 5219 742 5260 neu
774 5197 995 5255 las-mas
1017 5213 1176 5253 vczes
1199 5200 1333 5253 tales
1358 5199 1677 5263 trabacones
1719 5205 1873 5250 entre
1918 5197 1985 5260 si,
2033 5212 2139 5265 que
2162 5198 2207 5251 si

638 5287 711 5328 no
737 5286 794 5325 es
816 5285 912 5325 con
925 5271 1142 5331 .mucho
1166 5284 1262 5322 uso
1287 5270 1352 5322 de
1387 5270 1544 5323 saber
1574 5265 1782 5334 aquella
1812 5264 1996 5329 lettra,
2024 5264 2208 5320 i’aver

2316 4708 2511 4783 magna
2546 4713 2830 4767 devotione
2854 4719 2969 4783 ;‘ct
3008 4710 3145 4783 fecit
3189 4708 3469 4783 celebrare
3492 4712 3778 4783 devotius
3809 4708 3876 4762 fe-

2316 4779 2456 4839 stut'n
2491 4782 2845 4837 immaculata:
2870 4779 3244 4850 Conceptionis
3263 4780 3415 4847 ejus;
3447 4782 3594 4849 quod
3626 4781 3876 4849 praedica—

2314 4856 2393 4907 vit
2425 4855 2477 4908 in
2512 4853 2765 4923 Hispania
2800 4850 2857 4904 S.
2887 4850 3152 4923 Iacobus;
3182 4862 3235 4923 et
3258 4851 3476 4923 incwpit
3506 4852 3580 4923 ab
3606 4851 3874 4923 apostolis.

2316 4925 2438 4989 hoc,
2495 4919 2848 4985 itt'eoncilio,
2895 4920 3325 4973 decernentibus.
3366 4919 3495 4989 plu
3532 4919 3875 4989 ,Adversariis

2315 5010 2464 5048 num.
2495 4993 2601 5049 395
2632 5011 2646 5046 :
2690 5011 2707 5042 ι
2741 4990 2980 5045 Traditio
3005 4990 3142 5059 (ejus
3167 5000 3283 5043 sunt
3311 4988 3486 5057 verba)
3515 4988 3621 5042 fuit
3665 4993 3738 5043 ab
3767 5004 3874 5058 apo-

2316 5065 2466 5119 stolis
2479 5062 2760 5118 concilium
2778 5060 3138 5130 congregatis,
3155 5063 3364 5113 beatam
3376 5060 3654 5130 virginem
3673 5061 3873 5114 Mariam

2313 5134 2558 5203 originali
2605 5141 2826 5203 peccato
2880 5128 3239 5203 incontactam
3268 5143 3438 5203 esse.»
3485 5128 3557 5183 Et
3587 5144 3715 5203 qua:
3746 5138 3875 5203 nota-

2315 5198 2665 5272 vit'Aigidius
2699 5201 2774 5255 De
2812 5200 3236 5272 praesentatione
3276 5198 3617 5272 Lusitanus,
3657 5202 3714 5272 in
3758 5199 3874 5252 libro

2314 5274 2381 5327 de
2432 5268 2770 5326 immaculata
2797 5270 3155 5334 Conceptione
3184 5269 3274 5323 lib.
3310 5283 3392 5332 ttt,
3423 5284 3481 5334 q.
3514 5268 3570 5330 3,
3601 5270 3765 5322 artic.
3796 5283 3871 5320 un.
