2006 2667
306 194 375 221 1059

872 195 1043 224 ΑΡΡΕΝΒΙΧ
1063 197 1108 225 ΑΒ
1127 197 1385 226 LlUTPRANDUM.

1868 204 1938 231 1M0

304 250 515 286 condiscipulum
536 258 623 283 suum,
645 250 670 277 in
687 251 852 279 monasterio
867 251 895 279 S.
908 252 980 280 Petri
1000 258 1027 281 et
1049 253 1156 287 Felicis,
1175 255 1248 290 Tago
1262 255 1365 282 ﬂumini
1382 255 1562 289 incumbenti;
1579 257 1621 284 cui
1637 257 1701 285 fecit
1724 259 1778 286 hoc
1792 259 1937 294 sepulcri]:

304 306 414 325 carmen
426 298 454 325 in
465 298 587 333 sepulcro
602 307 609 325 τ

334 345 577 378 ῦΙᾳι-ίᾳξιόιειὶῇδερι
599 347 642 370 hac
654 347 699 370 sub
712 348 773 371 mole
787 349 895 378 sepultus

366 377 462 405 tiudila,
478 383 531 405 pars
544 378 614 400 animi
626 378 800 408 dimidiumque
818 382 874 403 mei.

337 406 382 439 Qlt_i
394 414 461 430 sums
474 414 485 429 ξι
498 412 581 439 tenera
595 415 674 431 morus
686 406 878 439 mtrilirtcueliat,

366 437 500 466 Etjnrt‘nis
513 438 569 462 feeit
584 440 621 462 hic
634 440 739 464 iuvenile
749 441 817 464 nihil.

334 467 439 498 Spiritus
450 470 472 491 in
486 476 553 492 sacro
567 471 688 494 residrliut
701 476 800 499 permit)
814 471 910 499 l'ltristi,

366 499 485 528 Exprimit
500 500 561 522 lium:
573 505 657 528 totum,
670 502 786 530 moribus,
798 508 851 531 ore,
865 509 945 526 manu.

334 529 486 563 Pauperibus
496 533 564 554 cibus
574 536 620 558 est,
636 533 713 554 viduts
726 529 882 560 sul:iiiien,'tit
897 534 970 563 mgrls

367 560 438 584 (irata
452 562 530 589 salus;
545 563 639 585 miseris
655 565 728 586 omnii
740 570 767 585 iis
780 570 841 587 unus
853 568 913 586 ιιι-111.

333 590 451 617 Ηρτωιής
464 593 558 615 meritis
569 594 660 622 multis,
673 594 735 617 bone
748 594 842 621 Uudila,
852 594 938 618 ciuium
954 602 960 619 :

365 621 412 645 Nos
423 623 570 646 desiderium
584 624 689 647 lancinat
703 630 780 653 uSqllt'
794 626 836 648 tui.

337 651 521 682 lltrrentesque
533 660 644 677 vocamus
657 661 722 683 eum,
737 651 809 684 quem
821 655 920 680 sustulit
933 655 1012 681 :elher
1025 662 1031 679 :

362 683 588 715 Prosequimurque
599 686 646 715 piis
658 685 742 709 I'uuera
755 686 899 716 lacrymulis.

1177 349 1229 383 Non
1241 350 1325 379 violas.
1339 354 1487 383 tenerasque
1497 359 1572 382 rosas,
1588 359 1634 377 non
1648 353 1695 378 lilia
1707 360 1770 378 cana

1208 382 1350 412 Spargimus
1363 384 1390 406 ad
1403 382 1531 412 tumulum,
1543 385 1587 407 sed
1600 386 1660 408 bona
1674 390 1738 415 vola,
1753 390 1836 409 tuum.

1177 411 1226 445 Nos
1236 411 1298 442 ergo
1308 419 1322 437 e
1336 420 1362 437 su
1368 420 1425 443 pera
1436 411 1563 443 prospecta
1576 416 1690 439 candidus
1701 411 1775 445 arce;

1207 443 1294 472 Teque
1305 450 1382 473 amor,
1397 449 1421 467 et
1434 449 1540 473 moveat,
1554 445 1648 475 Gudila,
1659 452 1717 470 cura
1729 443 1790 469 mél.

1178 474 1300 507 mugitibus
1313 479 1325 496 a
1340 476 1422 507 patriis
1439 476 1535 499 morbos
1547 480 1642 507 averte.
1656 477 1808 507 famemque,

1209 504 1368 536 Hostilesque
1382 505 1467 535 minus,
1481 507 1593 536 dogmata
1606 506 1673 536 falsa,
1682 504 1760 530 dolos.

1178 534 1258 559 Toleli
1271 541 1302 559 ne
1314 532 1396 560 temne
1407 532 1494 566 preces
1505 532 1559 571 in,
1570 532 1699 571 'foletiqiie
1712 543 1803 571 preces
1815 532 1896 567 audii,
1904 544 1936 559 m-

1692 565 1822 600 [iiiitisque
1836 565 1940 597 rogatus.

1211 596 1257 624 Qui
1271 596 1313 620 tibi
1325 596 1366 620 dat
1376 603 1474 621 carmen
1488 601 1523 621 sat
1536 597 1645 622 Julianus
1658 596 1741 622 anfaua
1754 605 1760 621 :

1181 626 1291 657 Ossaque
1305 626 1392 651 FI'llCi‘
1404 632 1443 651 tua
1455 634 1521 652 sacra
1533 629 1613 652 condit
1622 629 1646 653 in
1660 630 1724 658 a‘de,

1212 658 1285 688 Cujus
1297 663 1366 681 mens
1373 660 1471 688 superis
1484 662 1519 683 est
1534 661 1622 683 sociata
1634 659 1722 683 choris.

1341 703 1360 726 Δ
1538 704 1564 735 1
1741 705 1766 728 Ω

343 760 417 789 Obiit
434 761 460 789 in
477 769 542 796 pace
556 769 650 789 servus
665 762 723 795 Dei,
735 763 850 791 domnus
863 764 970 797 Gudila,
982 765 1188 792 archidiaconus
1200 769 1301 793 sancta:
1320 765 1448 793 Ecclesia:
1469 766 1604 794 Toletana:
1620 775 1644 794 ri
1659 767 1774 795 Kalend.
1787 766 1940 802 Septemtr.

307 813 361 833 aera
375 806 427 834 718
443 806 467 833 id
481 811 531 839 est,
546 814 617 833 anno
631 806 737 834 Domini
750 813 834 835 nostri
853 807 916 836 Jesn
932 809 1031 837 Christi
1047 809 1108 837 680.

777 865 807 892 Ρ.
829 865 996 893 ιιιῦυΕΜ]
1015 866 1059 893 ΕΤ
1083 866 1113 894 D.
1134 866 1321 895 LAURENTll
1341 867 1455 896 ΝΟΤᾸΞ.

304 910 356 937 bus
369 909 522 937 studebant.
543 908 626 944 Igitur
641 909 968 945 divinorumjudiciorum
985 910 1095 945 dispen-

305 945 410 973 satione
440 949 541 972 sancta:
574 945 772 971 recordationis
791 944 887 972 Gudila
912 944 1044 973 diaconus
1067 954 1094 973 vr

304 980 364 1008 Kal.
393 979 560 1014 Septembris
591 980 703 1006 funesta:
730 980 825 1006 mortis
848 985 946 1007 eventu
973 988 1045 1007 anno
1078 981 1095 1008 8

304 1015 465 1042 Wambauis
488 1015 629 1049 principis,
654 1015 704 1042 sub
732 1015 811 1049 digna
836 1014 1006 1042 confessione
1036 1016 1094 1048 Dei,

303 1051 401 1079 clausit
426 1057 581 1084 supremum
606 1049 780 1077 curriculum.
800 1049 883 1083 Cujus
905 1051 1094 1085 corpusculum

304 1086 331 1112 in
348 1086 512 1112 monasterio
527 1086 613 1112 sancti
633 1085 745 1116 Felicis.
772 1086 843 1119 quod
859 1090 901 1112 est.
916 1086 1052 1113 (immensi
1069 1087 1095 1113 in

304 1121 367 1148 villa
383 1120 547 1152 dedicatum,
565 1120 733 1147 dilectissimi
753 1120 818 1147 socii
834 1127 912 1147 sacra
928 1121 1097 1149 exhibitione

305 1155 452 1192 honorifice
479 1156 626 1192 requiescit
639 1156 807 1192 rbumatuin.‘
818 1165 842 1192 DA
855 1155 884 1182 lu
903 1155 1095 1192 Martyrologiu

306 1191 355 1218 SS.
382 1191 509 1218 Ecclesiae
527 1190 689 1217 Placentina:
711 1196 773 1217 ante
794 1190 847 1217 200
872 1199 957 1218 annos
974 1190 1033 1218 ’ms.
1055 1190 1096 1219 sic

305 1227 441 1253 habetur:
462 1239 471 1250 ι
489 1225 522 1252 27
543 1226 656 1260 Augusti
672 1226 758 1253 Toleti
785 1225 814 1253 S.
839 1226 934 1252 Gudila
958 1227 1096 1253 archidia-

305 1270 398 1297 conus,
416 1261 555 1297 confessor
567 1266 594 1297 et
608 1262 713 1292 doctor,
730 1261 758 1287 S.
775 1261 875 1288 Juliani
898 1261 1095 1297 archiepiscopi

305 1296 426 1323 Toletani
441 1304 557 1323 comes.)
576 1296 607 1323 Et
621 1296 717 1323 mirum
732 1301 773 1323 est
786 1316 793 1328 ,
810 1304 859 1323 cur
874 1304 926 1323 non
951 1297 1051 1324 relatus
1071 1298 1097 1323 in

306 1331 526 1367 Martyrologium
543 1331 703 1363 Romanum,
725 1339 819 1358 recens
836 1332 1015 1367 recognitum,
1047 1340 1097 1366 po-

304 1367 439 1393 lissinlum
457 1367 610 1393 testimonio
626 1367 791 1393 sanctissimi
807 1366 858 1393 viri
882 1366 981 1394 Felicis
1007 1368 1099 1394 archi-

307 1402 426 1437 episcopi
447 1402 581 1428 Toletani.

342 1436 409 1462 Pars
423 1437 503 1463 animi
518 1437 706 1471 dimidiumque
720 1437 780 1465 mei.
795 1436 939 1464 imitantur
954 1437 1096 1472 antiquos.

306 1472 443 1498 Ausonius
466 1480 472 1498 :

337 1529 412 1557 Vada,
424 1530 467 1553 sed
479 1530 532 1554 sine
545 1536 595 1560 me,
604 1530 660 1561 quia
670 1532 695 1554 te
707 1531 779 1555 sine:
797 1537 844 1555 ncc
856 1532 900 1556 nisi
912 1535 992 1557 tecum

368 1561 443 1586 'l‘otus
454 1567 504 1593 ero,
518 1567 573 1592 pars
585 1569 637 1585 cum
651 1563 697 1586 sim
707 1562 793 1591 altera,
814 1563 891 1593 Galla,
903 1564 945 1588 tui.

343 1622 404 1650 Non
419 1623 511 1655 i-iolns,
528 1629 678 1659 tenerosque
701 1633 787 1656 rosas,
802 1630 855 1651 ctc.
877 1624 975 1660 Tangit
995 1633 1097 1652 morem

306 1660 446 1693 antiquum
467 1660 613 1686 coronandi
637 1659 759 1693 sepulcra
774 1661 843 1686 rosis
867 1666 894 1686 et
916 1659 1026 1687 floribus
1041 1682 1048 1692 ,
1065 1661 1098 1687 de

307 1702 362 1729 quo
386 1694 507 1721 Lazvinus
538 1694 698 1730 Torrentius
724 1695 756 1721 ad
785 1695 897 1722 Sueten.
928 1696 953 1721 in
978 1696 1098 1730 Augusto

305 1738 366 1765 cap.
388 1730 420 1757 18
440 1738 446 1756 :
471 1739 479 1755 ι
495 1730 534 1756 Ac
550 1729 660 1756 floribus
680 1730 783 1764 sparsis
806 1734 950 1757 veneratus
961 1735 1011 1758 est.
1024 1729 1099 1757 Cou-

307 1766 458 1799 sultusquc,
470 1773 532 1791 num
554 1765 727 1791 Ptolomaeum
747 1766 880 1800 inspicere
892 1765 981 1796 vellet,
995 1773 1097 1800 regem,

306 1802 355 1832 ait,
368 1808 396 1827 se
407 1808 482 1827 viros
495 1800 611 1827 voluisse
625 1800 729 1829 vidi-re.
749 1808 801 1827 non
817 1805 945 1827 mortuos.
958 1810 966 1826 i
982 1800 1098 1828 Joannes

306 1836 505 1863 liirchmanuus
520 1835 557 1862 De
569 1835 706 1862 funeribus
723 1836 904 1862 Romanorum
918 1835 963 1862 lib.
983 1843 1022 1867 iv.
1036 1843 1096 1869 cap.

306 1871 338 1903 5;
353 1870 411 1898 Jac.
427 1871 562 1897 Gutherus
585 1870 622 1896 De
641 1870 701 1903 jure
717 1871 835 1897 inanium
862 1871 907 1897 lib.
931 1878 960 1902 11⁹
975 1878 1034 1905 cap.
1053 1872 1096 1903 10,

308 1915 369 1941 pag.
396 1906 459 1937 220,
479 1906 541 1934 ﬁl;
571 1905 668 1941 Petrus
690 1905 860 1941 illorestcllus
885 1906 910 1932 in
936 1906 1034 1940 Pompa
1059 1907 1098 1933 fe—

306 1940 356 1968 rali
377 1941 422 1968 lib.
439 1948 497 1972 rut,
513 1948 572 1974 cap.
601 1940 634 1966 H
649 1945 676 1967 ct.
696 1940 749 1973 15;
766 1940 883 1967 Joannes
908 1941 1040 1967 Meursius
1063 1942 1096 1967 ad

306 1976 490 2012 Lycophronis
505 1975 650 2012 Cassaudr.
668 1982 730 2012 pag.
753 1975 822 2008 203;
837 1976 1018 2012 Godcsc:dcus
1028 1975 1098 2012 iste-

306 2013 427 2038 wecliius
444 2011 476 2037 ad
492 2012 632 2045 Apuleium
646 2011 672 2036 in
687 2011 769 2038 Asino
781 2018 863 2037 aureo
878 2019 937 2045 pag.
952 2011 1016 2043 588,
1027 2011 1094 2043 389;

308 2046 454 2073 novissime
474 2046 607 2072 Antonius
622 2046 788 2075 Santorellus
804 2046 828 2072 in
846 2045 988 2080 Poslpraxi
1011 2047 1097 2072 medi-

308 2089 339 2108 ca
350 2102 356 2111 .
371 2089 417 2108 seu
438 2081 474 2107 De
490 2080 647 2108 medicande
661 2080 797 2111 defuncto,
814 2088 873 2114 cap.
886 2081 929 2106 45.
948 2081 1028 2114 quue
1048 2089 1099 2107 sae-

307 2123 343 2150 pe
357 2123 389 2143 ex
407 2120 567 2142 testamento
582 2114 696 2150 j'USSlllll.
712 2115 807 2141 Varias
830 2116 1019 2149 inscriptiones
1047 2123 1096 2150 pe-

307 2149 367 2178 tunt
382 2160 395 2177 a
410 2150 486 2177 .lusto
502 2150 606 2185 ‘Lipsio,
622 2154 649 2177 et.
663 2149 732 2176 Jano
758 2149 873 2177 Grntero
897 2157 957 2184 pag.
975 2150 1037 2181 257,
1048 2149 1075 2177 ’5
1088 2159 1094 2183 ;

307 2186 359 2213 7M
379 2185 487 2217 1:804,
511 2185 527 2212 5
545 2190 572 2212 et
591 2185 664 2211 alibi.
693 2185 769 2212 llnnc
782 2192 846 2212 vero
868 2192 970 2212 morem
998 2186 1096 2212 abhor-

307 2226 421 2248 rnerunt
449 2220 596 2248 Christiani
632 2221 835 2255 antiquiSsimi,
879 2225 946 2247 teste
979 2219 1096 2248 Minucio

306 2256 396 2284 Felice
423 2256 449 2282 in
473 2255 601 2286 Octavio.
618 2256 662 2290 qui
682 2256 706 2282 id
730 2256 799 2282 inter
823 2255 936 2282 crimina
960 2256 999 2282 eis
1023 2256 1094 2288 obje-

1275 912 1324 936 Nos
1336 916 1401 938 tecta
1413 913 1549 938 fovebimus
1561 921 1614 939 ossa

1273 942 1349 968 \iiolis
1362 947 1387 968 et
1400 943 1484 970 fronde
1495 946 1627 976 frequenti.

1183 982 1232 1011 Ubi
1247 983 1366 1012 Joannes
1378 985 1510 1013 Weitzius
1525 987 1633 1013 adducit
1656 987 1829 1014 Desiderium
1851 987 1943 1015 Hel-al-

1147 1019 1209 1045 dum
1226 1019 1271 1046 lib.
1289 1027 1296 1046 l
1321 1021 1521 1054 Adversarior.,
1535 1029 1560 1048 c.
1577 1023 1604 1054 6,
1630 1021 1761 1048 Jacotmm
1791 1021 1940 1049 Pontanum

1147 1054 1524 1092 Progymnasmatumvolunt.
1537 1057 1579 1087 lll,
1594 1065 1653 1092 pag.
1669 1057 1698 1088 2,
1707 1057 1753 1084 fol.
1769 1056 1858 1084 879m
1873 1065 1940 1091 ξος..

1148 1089 1321 1117 Frauciscum
1338 1090 1467 1118 Benciuni
1480 1092 1556 1118 Orat.
1570 1089 1615 1121 26.
1630 1089 1662 1119 de
1676 1092 1825 1126 Sepultura
1849 1089 1943 1119 Boni:-

1147 1132 1242 1160 noruni
1259 1133 1266 1151 :
1280 1131 1307 1152 et
1321 1133 1371 1160 ego
1393 1126 1461 1153 addo
1477 1126 1662 1154 'l'homassium
1690 1127 1889 1154 Porccachium
1909 1127 1941 1154 De

1148 1159 1261 1197 funcrali
1289 1159 1384 1194 pompa
1400 1162 1522 1195 antiqua,
1538 1169 1661 1188 sermone
1685 1162 1750 1188 Italo
1776 1164 1941 1197 conscripta,

1150 1195 1175 1221 in
1191 1195 1278 1221 tabula
1295 1196 1436 1230 sepulcrali
1452 1197 1478 1228 5,
1496 1197 1540 1223 fol.
1559 1205 1593 1227 tt;
1614 1197 1722 1224 Petrum
1738 1195 1904 1224 Bacherium
1917 1198 1940 1223 in

1147 1230 1321 1267 Apologetieo
1337 1239 1384 1267 pro
1399 1231 1531 1258 defunctis
1547 1239 1606 1266 cap.
1624 1232 1665 1261 15,
1681 1240 1743 1267 pag.
1756 1232 1813 1259 229.
1828 1241 1836 1264 ;
1854 1232 1940 1258 novis-

1149 1265 1217 1291 sime
1229 1265 1328 1292 Julium
1345 1266 1489 1293 Lavorium
1505 1267 1538 1293 de
1549 1267 1625 1293 Prico
1640 1272 1666 1293 et
1682 1265 1787 1294 recenti
1801 1268 1939 1294 [onerandi

1149 1307 1235 1337 more.
1255 1301 1294 1327 tit.
1309 1301 1337 1333 2,
1351 1310 1410 1335 cap.
1429 1303 1451 1333 ι,
1466 1309 1480 1328 a
1498 1310 1559 1328 num
1573 1302 1633 1329 115.
1648 1302 1752 1337 Agmeu
1768 1303 1877 1329 claudat
1893 1303 1940 1328 mi-

1149 1334 1188 1362 les
1200 1335 1243 1362 ille
1255 1334 1544 1364 strenuuslitterarius
1565 1342 1658 1364 noster
1673 1334 1713 1363 Ἰ).
1747 1337 1902 1365 Ludovicus
1912 1338 1941 1363 de

1149 1370 1283 1407 Gongora,
1299 1371 1344 1405 qui
1361 1372 1442 1398 rariis
1458 1373 1595 1399 stellarum
1611 1373 1691 1404 mitis.
1706 1373 1807 1399 veteris
1820 1372 1940 1407 splendo-

1151 1406 1189 1432 ris
1203 1406 1299 1440 plenis,
1316 1407 1415 1443 scripta
1436 1407 1590 1442 varicgabat
1603 1415 1662 1439 sua,
1690 1408 1813 1443 antiquis
1834 1406 1940 1441 compa-

1151 1443 1252 1468 randus
1268 1442 1363 1468 merito
1376 1450 1382 1468 :

1229 1487 1276 1520 sus
1289 1488 1395 1512 vestidos
1407 1494 1549 1520 consentan.
1560 1495 1657 1520 aunque
1674 1492 1751 1513 rotos.

1230 1518 1342 1549 Algunos
1351 1519 1491 1543 celestialas
1500 1518 1651 1547 Cortesanus.

1229 1549 1396 1574 Guarnecelos
1408 1551 1440 1574 de
1456 1550 1538 1579 tiores,
1552 1550 1678 1575 l'orastero.

1187 1590 1252 1618 lllud
1268 1591 1383 1626 denique
1397 1599 1448 1618 non
1465 1593 1513 1618 abs
1527 1599 1554 1618 re
1572 1592 1658 1618 visum
1674 1592 1824 1618 observare
1846 1591 1940 1618 Rom:-

1113 1614 1136 1645 (ἶ
1152 1634 1201 1653 nos
1214 1634 1306 1653 serere
1325 1614 1418 1653 solitos
1434 1627 1531 1661 stirpes
1544 1631 1571 1653 et
1589 1628 1668 1653 tiores
1684 1627 1709 1653 iu
1725 1627 1839 1653 tumulis
1851 1635 1939 1653 eorum

1151 1662 1196 1696 qui
1211 1662 1243 1688 de
1258 1669 1286 1689 se
1299 1662 1467 1688 benemeriti.
1494 1662 1695 1695 'l'heophrastus
1715 1661 1762 1688 lib.
1789 1669 1815 1687 vt
1843 1662 1939 1688 Ilistor.

1149 1696 1237 1723 Plant.
1249 1704 1307 1730 cap.
1318 1697 1349 1723 7:
1365 1706 1372 1722 l
1385 1697 1527 1730 Itemquod
1541 1697 1701 1723 desaltarimn
1717 1696 1818 1732 ἱπόθοςῖ
1832 1702 1938 1726 vorant:

1149 1732 1224 1766 cujus
1238 1739 1334 1766 genera
1347 1732 1400 1758 duo
1427 1736 1505 1764 sunt;
1538 1739 1618 1758 unum
1647 1731 1689 1758 cui
1717 1732 1766 1758 llus
1797 1731 1940 1766 hyacintho

1149 1767 1262 1798 similis;
1279 1767 1392 1793 alterum
1415 1766 1532 1798 decolor,
1552 1767 1651 1796 album.
1678 1774 1731 1800 quo
1759 1768 1786 1793 in
1813 1768 1940 1801 sepulcris

1149 1802 1186 1828 Illi
1200 1809 1258 1828 mos
1268 1807 1318 1833 est,
1332 1806 1359 1828 et
1377 1802 1529 1828 diuturnius
1551 1809 1616 1828 vero
1640 1802 1755 1836 idipsum
1781 1807 1834 1828 est.
1859 1812 1868 1827 ι
1890 1802 1939 1828 Pli-

1150 1837 1210 1863 nins
1225 1837 1287 1863 item
1307 1838 1352 1863 lib.
1370 1844 1415 1863 xxt
1432 1836 1492 1863 Nat.
1511 1836 1609 1863 Histor.
1635 1844 1695 1870 cap.
1712 1837 1739 1862 ll
1760 1846 1767 1862 :
1784 1846 1794 1862 1
1812 1836 1867 1863 Sed
1888 1844 1940 1863 ma-

1150 1872 1222 1898 xime
1238 1872 1392 1906 spectabilis
1406 1873 1510 1906 potitos.
1527 1872 1584 1898 Duo
1607 1879 1705 1906 genera
1731 1871 1834 1905 hujus:
1850 1879 1938 1901 unum.

1149 1908 1192 1933 cui
1206 1907 1254 1934 llos
1271 1908 1408 1942 hyacinthi
1419 1907 1602 1939 est;alterum
1631 1907 1782 1942 candidius.
1812 1908 1859 1941 qui
1888 1906 1939 1942 fere

1149 1943 1270 1968 nascitur
1292 1943 1318 1968 in
1345 1942 1462 1972 tumulis,
1491 1942 1617 1976 quoniam
1642 1941 1738 1968 fortius
1762 1942 1855 1968 durat.
1874 1952 1883 1967 ι
1904 1941 1938 1967 Ex

1149 1976 1335 2011 Theophrasto
1348 1977 1493 2003 Atlicnmus
1509 1977 1555 2003 lib.
1569 1984 1602 2003 xv
1623 1976 1893 2011 Dipnosophistarnm
1909 1984 1938 2002 1“

1148 2012 1239 2038 ultima
1255 2012 1372 2039 editione
1395 2011 1479 2038 lsaaci
1496 2011 1645 2038 Casauboni
1677 2011 1723 2037 fol.
1740 2011 1803 2038 679.
1827 2011 1940 2038 Iacobus

1149 2046 1354 2081 Dalecbauipius
1371 2047 1396 2073 in
1413 2047 1631 2073 adnotationibus
1644 2047 1855 2081 posterioribus,
1881 2053 1937 2073 cum

1148 2082 1229 2108 lsaaci
1243 2081 1361 2116 Caupani
1378 2081 1587 2108 Commentariis
1601 2089 1693 2116 nuper
1717 2081 1808 2112 editis,
1836 2083 1938 2116 path":

1147 2124 1207 2143 esse
1218 2115 1364 2151 jasminum
1377 2116 1487 2150 (jnzmi'n
1503 2117 1572 2151 apud
1587 2115 1730 2150 Hispanos)
1746 2117 1854 2151 aliquos
1867 2121 1939 2142 autn-

1147 2159 1222 2179 mare
1232 2152 1280 2178 ait.
1295 2151 1393 2178 Allusit
1409 2152 1461 2178 huc
1476 2151 1584 2179 Persius
1595 2157 1685 2186 satyra
1698 2152 1724 2182 l,
1740 2159 1820 2178 versu
1837 2151 1890 2178 55:

1209 2205 1278 2237 Nunc
1290 2212 1336 2229 non
1351 2212 1365 2230 e
1380 2205 1473 2231 tumulo
1485 2206 1654 2237 fortunataque
1664 2205 1742 2231 favilla

1208 2236 1344 2261 Nascentur
1357 2237 1425 2261 violae
1434 2237 1476 2261 Τ...

308 2297 381 2319 etuin
398 2300 411 2318 a
427 2290 535 2318 Cmcilio
548 2288 633 2317 refert
644 2291 685 2317 his
698 2291 787 2318 verbis
802 2299 808 2317 :
825 2299 835 2315 1
850 2291 895 2317 Sic
913 2290 1095 2318 reformidatis
1112 2290 1134 2319 Ι)
1182 2290 1222 2317 Ad
1235 2297 1314 2324 quem
1330 2290 1418 2317 locutu
1434 2288 1593 2316 Theodorus
1615 2289 1763 2316 Marcilius.

308 2328 382 2358 deos,
400 2334 467 2361 quos
488 2326 602 2360 negatis.
620 2333 670 2352 non
688 2325 797 2352 ﬂoribus
811 2330 892 2359 caput
906 2326 1022 2357 nectitis,
1043 2333 1095 2352 non

309 2370 407 2397 corpus
430 2362 559 2388 odoribus
588 2361 754 2391 honestatis;
774 2362 927 2397 reservatis
960 2366 1095 2397 unguenta

307 2398 459 2428 funeribus,
479 2403 593 2423 coronas
609 2396 689 2422 etiam
706 2396 836 2430 sepulcris
851 2396 1001 2430 denegatis.
1020 2396 1097 2430 palli-

307 2432 346 2463 di,
362 2432 467 2466 trepidi,
484 2431 669 2458 misericordia
689 2430 854 2466 digiii.rUl)i
867 2430 1097 2457 runiulatGeber-

314 2465 416 2494 bardus
442 2466 659 2493 Elmenhorstins
697 2473 758 2500 pag.
790 2465 835 2497 ‘20,
858 2466 951 2499 pungit
979 2466 1095 2492 strictim

312 2502 430 2529 Joannes
451 2510 463 2528 a
486 2501 618 2527 Wovercn
635 2508 694 2535 pag.
709 2500 769 2531 150,
781 2506 808 2526 et
832 2508 864 2526 ex
883 2500 1021 2535 Clemente
1036 2501 1096 2526 Alc-

312 2537 394 2563 xand.
419 2536 465 2563 lib.
479 2544 497 2563 u
517 2534 750 2571 P.cdagogi,icap.
768 2536 799 2567 8;
816 2535 927 2562 Carolus
941 2534 1097 2571 l’asclialius

312 2573 358 2599 lib.
373 2579 410 2603 Iv,
427 2572 464 2598 De
479 2571 586 2598 coronis
601 2569 665 2605 cap.
692 2571 718 2596 5.
740 2570 835 2597 Postea
857 2575 950 2605 autem
981 2569 1095 2603 ampleri

313 2611 370 2617 κημ.
390 2606 535 2617 nl...:,..:....:
553 2606 652 2618 ..μ-..ηιξ

745 2604 891 2618 Π..,υ.ιι.α1.ιο
909 2605 948 2618 Ιιζο
973 2605 1004 2619 ΑΛ
1022 2605 1081 2619 σημεῖ

1183 2330 1211 2352 Δ.
1228 2329 1263 2359 ξ.
1281 2330 1312 2351 Ω.
1332 2325 1394 2352 Haec
1407 2325 1482 2359 signa
1495 2332 1541 2351 seu
1556 2330 1626 2351 notio
1641 2325 1666 2351 in
1680 2324 1814 2359 sepulcris
1826 2325 1940 2359 antiqui-

1148 2365 1191 2387 tus
1202 2360 1415 2394 apponebantur,
1444 2360 1476 2385 ad
1502 2360 1651 2386 denotanda
1676 2367 1709 2386 ca
1735 2361 1941 2386 catholicorum.

1149 2403 1201 2421 non
1227 2396 1401 2426 Arianorum,
1420 2401 1489 2421 esse.
1507 2394 1569 2421 Fuit
1591 2401 1706 2428 namque
1729 2395 1837 2429 insigne
1861 2394 1941 2421 labari

1147 2430 1318 2457 Constantini
1333 2429 1434 2464 magni,
1450 2433 1478 2455 ut
1500 2429 1599 2463 passim
1622 2434 1663 2455 est
1680 2430 1804 2455 obvium.
1820 2429 1943 2456 Christus

1149 2472 1266 2499 namque
1280 2465 1408 2491 Dominus
1422 2469 1524 2495 noster,
1539 2464 1585 2498 qui
1600 2464 1759 2497 principium
1779 2470 1807 2490 et
1821 2464 1884 2498 ﬁnis
1894 2469 1942 2491 est.

1149 2499 1223 2526 hisce
1235 2500 1332 2526 litteris
1347 2500 1432 2533 prima
1456 2503 1482 2525 et
1499 2500 1570 2524 finali
1587 2499 1721 2532 alpliabeti
1749 2499 1850 2530 Graeci,
1869 2506 1942 2526 suam

1148 2535 1267 2562 ostendit
1297 2534 1465 2561 divinitatem
1490 2534 1619 2567 (aqualem
1644 2533 1733 2559 Patris
1755 2541 1818 2560 cum
1846 2534 1943 2560 divini-

1150 2574 1213 2596 tate.
1229 2568 1285 2604 Ego
1304 2577 1361 2595 sum
1384 2569 1476 2604 (Apoc.
1494 2569 1524 2602 1,)
1535 2568 1614 2602 alpha
1627 2573 1769 2604 etAornega,
1785 2569 1942 2603 principium

1381 2604 1393 2619 Δ
1403 2603 1468 2619 nui-nti
1482 2604 1612 2619 ιιοηηιιμι-ιι
1651 2603 1687 2619 ΠΛ
1702 2603 1753 2619 Ι..ηι
1782 2605 1787 2619 i

1148 2609 1171 2619 ΔΙ
1193 2602 1261 2619 Κκέξ
1276 2603 1362 2619 Λυσι-τε
1381 2602 1468 2619 Λνῗ...ιί
1482 2604 1612 2619 ιιοηιιιμιιιι
1651 2602 1687 2619 ΠΛ
1702 2603 1753 2619 Ι..ηι
1782 2605 1943 2619 ῖηιο--ι-..υμ
