4012 5334
494 145 636 220 1.650
1594 134 1939 190 APPENDIX
1978 134 2066 188 AD
2106 131 2623 188 LIUTPBANDUM.
3071 142 3077 148 '
3630 136 3781 191 1069

568 254 875 315 168.‘Gotbi
901 254 1181 307 destruunt
1209 248 1581 313 Lacobricam,
1612 263 1779 318 prope
1804 246 2096 303 Bursadam
2123 245 2243 318 [al.,
2274 247 2625 314 Bursaudam,
2653 258 2698 301 ct
2724 248 2819 311 aL,
2864 247 3163 304 l’frsaudam
3192 247 3254 302 Ρ.
3278 248 3393 321 IL],
3421 249 3525 305 hoc
3553 258 3634 306 est
3659 250 3789 305 Yo-

499 354 691 418 linam,
724 352 817 406 ubi
846 348 1118 404 Sertorius
1143 346 1273 402 vicit
1295 346 1587 413 Metellum,
1622 346 1923 401 Romanum
1952 344 2164 400 ducem.

710 443 1086 501 DCCXXXIX.
1838 492 1839 495 η
3377 442 3555 499 DCCL

568 543 691 599 169.
728 542 842 597 lloc
870 556 1010 597 anno
1042 541 1230 611 Egica,
1265 555 1364 597 rex
1392 541 1711 605 Gothorum,
1752 538 1983 594 moritur
2007 537 2199 602 Toleti,
2230 554 2261 590 v
2291 537 2413 591 ldus
2436 536 2746 600 Novembr.,
2792 544 2847 592 et
2889 537 3147 606 sepelitur
3169 537 3222 590 in
3255 537 3372 592 atde
3402 538 3464 593 S.
3499 537 3795 593 Leucadia:

503 639 850 695 Prmtoricusi
878 645 1033 692 extra
1067 653 1273 704 muros,
1303 653 1468 707 prope
1493 638 1719 708 Tagum,
1753 653 1875 691 cum
1898 636 2013 692 suis
2037 636 2353 707 majoribus.

567 734 688 789 170.
720 732 973 789 Succedit
996 734 1067 789 illi
1096 734 1147 788 in
1180 749 1347 804 regno
1375 734 1803 805 Wisigotharum
1829 732 2044 787 Flavius
2068 732 2288 797 Witiza,
2330 730 2469 786 ﬁlius
2516 730 2664 802 ejus;
2714 738 3087 796 consecratur,
3118 730 3429 800 iuungitur.
3474 739 3788 784 coronatur

498 831 581 901 (ut
605 829 960 898 imperatores
991 830 1238 887 solebant
1257 830 1862 900 Constantinopolitani,
1893 844 2054 883 manu
2093 828 2417 899 patriarcha:
2462 826 2702 896 ejusdem
2752 826 2926 895 urbis)
2958 827 3043 881 die
3093 825 3234 880 luna:
3270 826 3332 879 Π
3376 824 3611 880 Kalend.
3646 823 3789 892 Sep-

498 924 695 993 1embr.
723 924 1103 992 aGunderico,
1146 925 1409 982 Toletano
1437 928 1710 997 pontifice,
1760 936 1815 980 et
1855 926 2209 995 prmsentibus
2242 924 2507 994 episcopis
2555 920 2983 992 metropolitanis
3036 930 3094 976 et
3134 919 3406 992 palatinis,
3454 919 3511 973 in
3558 919 3674 974 ade
3719 916 3788 971 S.

497 1018 703 1076 Mariae.
733 1038 853 1091 qua:
883 1022 949 1076 de
971 1022 1175 1077 Alﬂccn
1205 1024 1364 1077 modo
1390 1023 1606 1078 dicitur.

569 1116 694 1169 l7l.
727 1116 1085 1183 Gunderieus,
1114 1118 1409 1174 Toletanus
1431 1120 1890 1187 archiepiscopus.
1920 1132 2043 1172 cum
2075 1116 2187 1172 suis
2217 1114 2569 1186 suffraganeis
2595 1121 2775 1169 sacrat
2802 1094 3088 1170 ecclesiam
3130 1113 3187 1167 S.
3215 1110 3502 1181 Torquati,
3533 1106 3789 1176 discipuli

499 1210 559 1265 S.
582 1210 787 1278 Jacobi,
812 1220 971 1283 quem
998 1229 1117 1268 cum
1150 1215 1272 1268 aliis
1302 1214 1553 1269 undecim
1593 1214 1722 1268 fecit
1750 1215 1800 1267 iu
1825 1214 2082 1268 Hibernia
2110 1228 2175 1267 ex
2203 1213 2489 1267 comitibus
2538 1211 2848 1282 discipulos,
2876 1210 3029 1280 quasi
3056 1209 3348 1280 apostolos.
3372 1207 3505 1263 llaec
3539 1221 3650 1260 una
3681 1203 3789 1258 fuit

495 1318 562 1358 ex
586 1313 789 1374 septem
823 1320 940 1373 qnze
969 1302 1141 1358 Τοιοιί
1176 1316 1574 1371 remanserunt,
1606 1320 1669 1360 ex
1704 1305 1877 1375 pactis
1906 1305 2185 1360 conventis
2211 1319 2333 1359 cum
2360 1301 2578 1368 Mauris,
2603 1304 2841 1359 etmodo
2865 1310 3070 1358 manet.

711 1398 888 1454 DCCX
899 1400 1003 1455 LII.

3339 1394 3569 1452 DCCIV.

570 1492 690 1546 ΗΞ.
720 1492 1045 1561 Gunderico,
1070 1496 1334 1552 Toletano
1357 1498 1634 1569 pontifice.
1675 1506 1729 1551 et
1756 1497 2139 1568 Hispaniarum
2167 1515 2231 1556 ac
2258 1500 2443 1558 Galliae
2469 1498 2714 1556 Gothicae
2745 1496 3056 1568 patriarcha
3080 1493 3322 1565 prteside,
3354 1493 3623 1548 Faustino
3664 1489 3793 1545 [lis-

496 1587 726 1656 palensi,
758 1604 879 1643 cum
920 1589 1040 1645 aliis
1077 1601 1310 1660 quatuor
1334 1592 1764 1663 metropolitanis
1798 1602 1852 1649 et
1896 1594 2080 1651 multis
2120 1597 2387 1667 episcopis
2433 1611 2497 1650 ac
2523 1594 2797 1666 palatinis,
2846 1594 2898 1648 in
2945 1591 3166 1648 basilica
3196 1589 3545 1645 Praetoriensi
3579 1587 3786 1641 urbana

496 1695 807 1739 sanctorum
830 1683 977 1739 Petri
1003 1695 1058 1740 et
1082 1686 1256 1752 Pauli,
1280 1703 1422 1743 anno
1448 1689 1481 1743 4
1506 1691 1647 1760 regis
1673 1689 1845 1744 Flavii
1873 1690 2183 1756 Witicanis,
2208 1708 2304 1747 vm
2328 1674 2553 1746 Kalend.
2578 1689 2870 1745 Novembr.
2902 1685 3190 1742 concilium
3219 1683 3395 1740 Tolcti
3420 1682 3735 1738 celebratur
3760 1695 3778 1733 :

1429 1802 1491 1857 P.
1534 1804 1860 1860 lllGUERIE
1896 1804 1984 1860 ET
2022 1805 2082 1860 D.
2125 1805 2493 1863 LAURENTII
2534 1803 2767 1860 ΝΟΤᾸΞ.

496 1936 527 1976 e
553 1935 651 1988 por
676 1918 837 1986 quien
867 1918 1049 1994 flciera
1083 1919 1311 1994 mnchas
1332 1918 1634 1994 virtudcse
1667 1923 1893 1994 muchos
1926 1922 2082 1994 mila-
2110 1929 2159 1985 Λ
2188 1924 2425 1988 Annum,
2453 1935 2546 1978 aut
2589 1922 2748 1994 paulo
2789 1921 3063 1994 amplius._
3086 1918 3424 1994 Gunderieus
3464 1918 3614 1974 inter
3637 1918 3788 1972 vivos

493 2006 621 2061 gres
648 1998 868 2061 Ituestro
893 1989 1065 2061 Seﬁor
1092 1989 1315 2042 Diosital
1335 1990 1634 2061 serviciole
1662 1992 1778 2044 avia
1803 1992 1850 2045 el
1870 1992 2043 2045 fecbo.
2060 2012 2077 2044 δ

494 2058 640 2114 Idem
668 2058 967 2129 Garivayus
995 2058 1223 2129 lib.vm,
1248 2074 1367 2128 cap.
1400 2059 1500 2129 oti;
1533 2060 1602 2113 Μ.
1634 2061 1862 2115 Alvarus
1888 2061 2086 2116 Geme-

496 2131 614 2183 zius
645 2130 704 2199 in
742 2127 1017 2199 Yita'ejns
1047 2128 1142 2199 sic
1185 2129 1261 2181 ait
1290 2127 1375 2199 ἐς
1400 2128 1650 2199 Magnum
1696 2131 2084 2185 detrimentum

495 2214 646 2253 mors
666 2197 860 2252 Felicis
891 2197 1199 2266 reipubliea:
1227 2197 1436 2262 attulit;
1470 2197 1592 2252 nam
1620 2201 1863 2267 protinus
1886 2200 2082 2263 Vitiza,

495 2270 644 2323 velut
672 2269 897 2323 custode
925 2277 980 2321 et
1004 2267 1468 2339 rectoreamisso,
1498 2270 1663 2339 coepit
1700 2271 1949 2339 pessima:
1976 2286 2087 2325 sua:

496 2348 705 2392 natura:
733 2340 1053 2392 documenta
1077 2344 1129 2391 et
1150 2337 1344 2391 indicia
1372 2338 1519 2393 dare.
1545 2337 1882 2394 Gunderieus
1906 2350 2085 2394 tamen

496 2407 660 2463 Felici
694 2410 1012 2479 succedens,
1052 2407 1147 2479 vir
1164 2423 1371 2479 morum
1405 2408 1568 2462 etiam
1613 2411 1879 2479 probitate
1909 2409 2089 2464 clarus

497 2478 582 2546 (ut
608 2493 767 2549 quem
796 2476 865 2531 ob
892 2475 1008 2543 ejus
1048 2477 1287 2549 insignes
1314 2478 1562 2543 virtutes,
1597 2475 1652 2533 et
1694 2479 1954 2535 miracula
1985 2479 2084 2532 ad-

490 2547 701 2620 juncta,
733 2555 986 2602 auctores
1005 2547 1092 2620 sui
1127 2549 1389 2620 temporis
1430 2549 1593 2620 fuisse
1619 2550 1771 2620 aiunt
1804 2550 1858 2604 iu
1902 2564 2090 2603 nume-

496 2616 619 2673 rum
648 2619 894 2672 divorum
940 2616 1195 2688 relatum)
1240 2616 1598 2688 petulantiam
1640 2619 1873 2674 hominis
1912 2635 2089 2673 erum-

494 2697 713 2759 pentem
735 2687 985 2759 coercuit
1019 2704 1032 2740 :
1061 2695 1116 2741 et
1146 2687 1396 2757 quamvis
1423 2687 1799 2743 adolescentizc
1826 2689 2090 2759 protervi-

501 2757 612 2829 tate
650 2758 700 2829 in
734 2757 1024 2829 licentiam
1055 2771 1269 2829 omnem
1323 2766 1637 2829 raperetur;
1683 2757 1861 2814 tamen
1910 2759 2088 2814 aetatis

492 2827 731 2899 junioris
750 2842 909 2881 causa
942 2827 1119 2899 adhuc
1148 2826 1367 2899 pudoris
1390 2826 1653 2899 'claustris
1680 2845 1787 2882 non
1819 2829 2088 2899 abruptis,

497 2895 807 2955 Gunderico
850 2895 1212 2968 reverentiam
1263 2897 1560 2968 deferebat,
1605 2895 2090 2968 eiusquegtno'nitis

498 2978 551 3023 et
596 2983 759 3022 suasu
816 2966 1022 3035 aliquot
1070 2965 1314 3035 exempla
1365 2966 1504 3022 bona
1566 2965 1779 3024 edebat.
1835 2966 1969 3022 Nam
2025 2982 2090 3023 eo

497 3048 743 3108 tempore
782 3034 1378 3108 quidamprodiderunt
1409 3038 1801 3093 monasterium
1838 3038 2007 3108 abeo
2035 3037 2088 3091 in

501 3106 760 3162 Toletano
809 3106 1067 3161 suburbio
1130 3114 1528 3171 constructum,
1592 3109 1802 3162 duobus
1852 3107 2090 3163 millibus

498 3192 759 3249 passuum
791 3176 843 3249 in
868 3176 1198 3249 occidentem
1230 3176 1295 3249 ab
1325 3177 1459 3249 urbe
1510 3177 1736 3249 distans,
1771 3193 1875 3247 qua
1906 3177 2090 3249 videli-

499 3245 589 3303 cet
615 3245 953 3318 Talabricam
982 3246 1119 3312 itur;
1152 3246 1347 3318 quibus
1372 3246 1439 3301 ad
1472 3262 1666 3318 aquam
1696 3248 1750 3302 in
1780 3245 2088 3318 emnobium

501 3316 847 3388 deferendam
894 3330 1052 3371 arcus
1102 3331 1266 3386 opere
1319 3315 1599 3388 fornicata
1632 3328 1791 3373 erant
1831 3317 2088 3388 impositi.

499 3387 921 3457 Algondorinum
972 3400 1103 3440 voce
1159 3401 1300 3441 nunc
1328 3387 1557 3442 Arabica
1589 3387 1739 3444 locus
1772 3387 2089 3457 appellatur,

505 3456 595 3511 ubi
631 3456 829 3526 praedia
883 3465 939 3510 et
981 3457 1175 3527 oliveta
1210 3465 1356 3519 sunt,
1384 3465 1545 3527 atque
1573 3458 1691 3513 alia:
1722 3456 1945 3513 arbdres
1969 3471 2092 3512 cum

500 3528 702 3582 vitibus
755 3528 996 3581 c0nsitae.
1046 3526 1104 3579 S.
1156 3526 1318 3579 Petro
1371 3526 1758 3582 monasterium
1804 3528 2090 3592 dedicavit,

501 3606 667 3667 atque
713 3596 765 3651 in
820 3612 886 3652 eo
939 3595 1164 3651 feminas
1192 3598 1499 3651 conversari
1538 3597 1720 3666 jussit,
1760 3614 1902 3666 qum,
1941 3599 2091 3665 juxta

504 3666 779 3723 Benedicti
830 3666 1090 3739 regulam,
1143 3667 1291 3739 atris
1323 3667 1456 3719 velis
1505 3668 1985 3739 caputﬂvelarent.
2035 3667 2093 3721 lu

502 3740 669 3806 quod,
710 3736 965 3807 quoniam
1017 3736 1882 3807 maturiorismtatis'ruulieres,
1931 3753 2092 3807 quam

503 3804 685 3861 rerum
718 3804 1071 3878 humanarum
1097 3805 1309 3866 taedium
1334 3804 1447 3873 jam
1471 3818 1711 3878 ceperat,
1736 3804 2095 3862 admitteban-

503 3887 615 3942 tur,
644 3877 947 3930 coanobium
984 3883 1372 3939 matronarum,
1404 3877 1545 3943 quas
1577 3878 1659 3931 illa
1686 3889 1817 3931 astas
1847 3878 2094 3932 dominas

506 3945 831 4026 appella-bat,
865 3959 1161 4026 cognomen
1196 3946 1385 4026 tenuit.
1425 3944 1690 4026 (laterum
1730 3947 1854 4000 mali
1889 3948 2097 4015 genito-

505 4013 759 4083 ris—prole
784 4016 836 4067 iu
864 4013 1110 4085 vitiosam
1148 4021 1396 4066 naturam
1433 4015 1811 4085 degenerante,
1848 4013 1943 4069 aut
1972 4030 2094 4085 rege

506 4087 625 4156 ipso
664 4086 716 4138 in
759 4084 939 4156 omnia
971 4083 1175 4156 scelera
1206 4091 1386 4156 postea
1415 4083 1606 4149 effuso,
1647 4102 1738 4139 cas
1775 4083 2094 4149 incestantc,

507 4151 603 4210 aut
631 4155 684 4209 in
723 4152 1011 4208 solitudine
1038 4151 1310 4224 licentiam
1340 4164 1681 4224 suggerente,
1714 4171 1835 4208 cum
1865 4156 2096 4209 inconti-

507 4234 700 4280 nenter
765 4224 946 4294 vivere
994 4222 1467 4294 prohiberentur,
1520 4224 1779 4280 Toletano
1844 4225 2097 4294 pontifice

507 4304 757 4357 curante,
789 4293 856 4347 ad
871 4292 1148 4361 Aguilanis
1174 4301 1382 4363 portam
1398 4296 1742 4416 postmodum
1767 4292 1895 4350 sunt
1922 4305 2098 4348 trans-

509 4366 651 4416 Ialm.
708 4365 839 4416 Eam
888 4378 1017 4416 vero
1081 4375 1329 4416 auctores
1380 4364 1450 4416 ili
1507 4364 1671 4416 fuisse
1715 4366 1922 4416 dicunt.
1977 4380 2095 4416 oua:

509 4366 651 4420 latzc.
708 4365 839 4418 Eam
888 4378 1017 4417 vero
1081 4375 1329 4434 auctores
1380 4364 1450 4420 illi
1507 4364 1671 4421 fuisse
1715 4366 1922 4428 dicunt,
1977 4380 2095 4434 qua:

511 4451 657 4490 nunc
682 4434 939 4505 Galliange
969 4448 1031 4487 ac
1071 4432 1334 4505 virginem
1364 4436 1731 4505 conceptionis
1772 4432 2092 4505 appellatur.

509 4503 1174 4577 Aguilavero_Gotbo_ruiu
1206 4518 1298 4556 rex
1323 4502 1375 4556 in
1404 4502 1658 4574 Hispania
1688 4502 2096 4577 regna'vitrauuo

510 4572 724 4630 Domini
780 4574 904 4629 54⁸2.
968 4572 1081 4628 Sub
1138 4588 1244 4640 quo
1293 4572 1657 4630 matronarum
1711 4572 1990 4630 translatio
2040 4576 2091 4629 iu

510 4647 700 4700 urbem
720 4648 858 4699 facta
881 4645 951 4697 sit
972 4659 1132 4706 anno,
1158 4630 1499 4699 Gunderieus
1519 4661 1586 4699 an
1609 4646 1937 4700 Siuderedus
1969 4660 2096 4699 suc-
2126 4630 2170 4690 (ἶ

512 4731 698 4771 cessor
720 4715 880 4769 fuerit
913 4724 1122 4779 auctor,
1149 4714 1216 4786 ab
1238 4715 1550 4786 auctoribus
1576 4730 1681 4769 non
1706 4716 1958 4772 traditur.
1986 4716 2097 4786 Ego

467 4852 471 4857 θ
511 4801 681 4857 parvo
725 4797 1110 4859 temporaque
1144 4783 1501 4859 Gunderieus
1525 4786 1947 4859 vixi_t,_nondum
1980 4783 2099 4840 illas

514 4854 756 4910 sanctam
783 4854 1143 4925 disciplinam,
1174 4870 1293 4921 quzze
1328 4855 1464 4925 solet
1490 4854 1542 4910 in
1574 4855 1742 4909 initiis
1780 4854 2094 4925 religionum

514 4926 741 4985 fervere,
791 4924 1080 4994 projecisse
1137 4934 1242 4977 tam
1297 4924 1404 4979 cito
1448 4926 1767 4979 crediderim
1804 4942 1816 4977 :
1851 4926 1943 4979 sed
1975 4934 2095 4992 post

514 4993 805 5050 Gttnderici
848 4997 1237 5063 pontificatum,
1278 4995 1494 5062 quando
1530 4995 1701 5049 Vitiza
1743 4993 2013 5063 religionis
2041 5007 2097 5048 et

513 5066 734 5134 pudoris
759 5065 976 5129 oblitus,
1006 5064 1151 5118 vitiis
1175 5066 1426 5119 omnibus
1458 5065 1697 5120 habenas
1733 5064 1951 5118 laxavit.
1981 5063 2096 5117 Ali-

516 5144 649 5204 quot
691 5134 828 5187 ultra
879 5149 1086 5204 passus,
1121 5149 1225 5202 qua
1266 5135 1483 5191 Daciani
1525 5136 1663 5190 horti
1694 5150 1834 5189 nunc
1862 5141 2008 5196 sunt,
2042 5135 2095 5187 in

518 5203 679 5270 hujus
711 5203 1019 5257 monasterii
1052 5207 1433 5267 rnomuuentis,
1476 5207 1791 5260 memoriam
1821 5204 1888 5257 ad
1918 5211 2101 5258 extre-

519 5288 665 5325 mam
718 5273 991 5334 planitiem
1031 5289 1151 5334 qme
1199 5282 1282 5328 est
1342 5278 1459 5330 urbi
1499 5276 1769 5334 subiecta,
1819 5272 2097 5327 :ediculam

2189 1994 2343 2064 egit:
2380 2010 2504 2048 nam
2541 1990 2603 2048 et
2641 1994 2726 2048 ille
2775 1990 2987 2062 quoque
3034 1991 3144 2045 Deo
3192 1990 3444 2064 dilectus,
3470 1999 3786 2064 antequam

2192 2058 2317 2118 ntali
2376 2065 2723 2118 imminentes
2774 2058 3100 2131 ingruereut,
3151 2062 3333 2131 exiis
3371 2059 3690 2131 regionibus
3721 2058 3787 2131 ad

2188 2132 2383 2187 ccelum
2434 2133 2666 2188 evolavit
2713 2127 2857 2186 anno
2906 2131 3114 2186 Domini
3156 2129 3278 2183 704.
3309 2130 3440 2195 Quis
3462 2128 3555 2183 hic
3597 2127 3785 2186 fuerit.

2188 2219 2363 2271 quove
2411 2204 2530 2257 loco
2570 2212 2755 2266 natus,
2796 2201 2981 2271 inopia
3024 2201 3787 2271 antiquorum;monumento-

2188 2268 2307 2326 rum
2350 2275 2611 2328 nescitur.
2664 2271 2735 2326 At
2781 2268 2995 2340 Gothici
3043 2270 3323 2340 sanguinis
3365 2268 3552 2331 fuisse,
3588 2282 3785 2340 norum

2189 2343 2446 2397 declarat.
2500 2342 2839 2397 Gunderieus
2902 2338 3171 2410 Segontiae
3219 2341 3537 2410 episcopus,_
3587 2338 3648 2410 in
3697 2352 3786 2410 xvi

2190 2412 2449 2468 Toletano
2498 2410 2809 2473 subscribit,
2854 2407 3006 2477 cujus
3035 2410 3373 2478 episcopatus
3403 2409 3479 2462 ad
3498 2407 3790 2478 Carthagif

2191 2497 2415 2536 uensem
2470 2481 2804 2551 provinciam
2835 2476 3126 2551 pertinet;
3179 2476 3334 2533 facile
3374 2493 3405 2531 a
3438 2476 3789 2551 _provim_-iali

2190 2551 2433 2607 Ecclesia
2461 2546 2527 2605 ad
2553 2546 2937 2620 provincialem
2969 2551 3141 2620 potuit
3170 2551 3411 2620 gradum
3432 2546 3640 2620 facere.
3668 2546 3789 2620 lloc

2189 2621 2405 2691 quidem
2454 2616 2771 2691 compendio
2821 2616 3032 2691 utentes
3085 2616 3193 2691 allii
3225 2617 3565 2691 (_}u_ter_icum_
3592 2616 3789 2691 deinde

2190 2686 2476 2754 vocarunt,
2530 2686 2618 2743 alii
2673 2688 2855 2751 Goter,
2913 2690 3035 2743 inde
3082 2688 3247 2743 Godel
3300 2686 3786 2759 [rulgo,Gudite_:

2189 2759 2513 2815 Godelorum
2560 2759 2777 2815 familia:
2832 2773 3025 2812 nomen
3079 2759 3242 2818 dedit,
3286 2757 3407 2826 qua:
3449 2772 3519 2811 ex
3558 2757 3791 2809 vetustis

2190 2830 2431 2885 civitatis
2468 2838 2668 2884 nostra:
2705 2838 2809 2892 est,
2837 2838 2893 2883 ct
2918 2829 2971 2899 in
3010 2842 3114 2899 qua
3155 2827 3361 2896 aliquot
3386 2826 3791 2899 archiepiscopi

2192 2900 2360 2955 fuere.
2404 2899 2511 2955 Sed
2550 2901 2809 2970 temporis
2834 2898 3431 2970 longinquitateomuia
3458 2911 3791 2949 consumen-

2192 2971 2260 3025 tis
2290 2972 2459 3025 ferme
2492 2972 2544 3023 in
2578 2967 3106 3039 paucissimis—durat
3138 2967 3364 3039 civibus.
3398 2984 3416 3016 ι

2262 3039 2457 3095 Noster
2486 3034 2852 3108 Luitprandus
2883 3038 2959 3092 ait
2985 3037 3147 3091 inisse
3172 3036 3550 3108 pontificatum
3579 3035 3670 3089 die
3717 3034 3786 3088 24

2192 3108 2361 3173 Junii,
2412 3110 2498 3164 die
2556 3106 2629 3163 S.‘
2666 3108 2889 3164 Joannis
2934 3107 3205 3175 Baptistae.
3255 3106 3345 3173 qui
3388 3106 3495 3175 fuit
3547 3121 3617 3158 co
3649 3121 3792 3157 sum

2195 3179 2351 3234 Feria
2381 3195 2414 3229 v
2438 3179 2644 3234 scilicet
2673 3178 2796 3232 700.
2823 3174 3019 3232 Primo
3043 3177 3142 3230 fuit
3177 3174 3489 3245 discipulus,
3525 3175 3789 3229 diaconus

2123 3272 2168 3332 Β
2195 3260 2248 3306 et
2272 3250 2708 3374 arcliipreshvter
2728 3264 2850 3330 eum
2881 3247 3077 3329 Felice,
3108 3258 3165 3299 ut
3188 3255 3316 3327 puto
3346 3247 3460 3316 (qui
3493 3248 3605 3326 duo
3628 3245 3793 3297 (“Stt-

2194 3319 2386 3374 nuliS.
2454 3319 2641 3374 ubam)
2675 3325 2730 3373 et
2775 3319 2892 3372 ideo
2935 3325 3170 3372 nutritus
3216 3332 3266 3369 Ill
3315 3315 3545 3369 ecclesm
3598 3324 3785 3368 sancta

2232 3319 2303 3373 uli
2329 3322 2386 3374 ὃ.
2419 3307 2641 3389 Iuliani)
2675 3325 2730 3373 et
2774 3318 2892 3372 ideo
2935 3307 3266 3389 nutritus'iu
3315 3307 3545 3369 ecclesia
3598 3324 3785 3389 sancta

2232 3336 2303 3373 llll
2329 3336 2386 3374 ὖ.
2419 3336 2641 3389 δυιιειιιι)
2675 3336 2730 3373 ει
2775 3336 2892 3372 ιιιθο
2935 3336 3170 3372 ιιιιιηιυδ
3216 3336 3266 3369 Ill
3315 3336 3545 3369 CC-ClCSlﬂ
3598 3336 3785 3368 saneta

2194 3336 2477 3452 El'oletana,
2528 3405 2591 3443 ac
2634 3402 2728 3457 per
2773 3403 2959 3457 omnes
2998 3386 3194 3456 gradus
3235 3395 3481 3457 versatus
3516 3399 3696 3454 usque
3723 3384 3789 3436 ad

2193 3460 2575 3529 episcopatum
2595 3454 3210 3529 Ecclesia:Saguntinum.
3243 3454 3368 3510 inde
3410 3469 3539 3509 vero
3568 3464 3792 3525 propter

2194 3525 2395 3585 nierita'
2415 3528 2707 3583 translatus
2736 3528 2804 3581 ad
2831 3525 3168 3580 Toletauam.
3197 3526 3273 3578 lo.

2265 3600 2386 3655 169.
2418 3600 2494 3653 De
2520 3613 2682 3661 anno,
2710 3611 2816 3667 quo
2848 3605 3101 3667 mortuus
3128 3604 3211 3649 est
3236 3611 3331 3649 rex
3361 3594 3551 3666 Egica,
3572 3594 3791 3667 var-jam

2194 3680 2442 3726 auctores
2472 3687 2484 3722 :
2519 3685 2639 3722 nam
2662 3664 2957 3722 Gedericus
2980 3665 3058 3720 ait
3082 3674 3351 3719 mortuum
3378 3664 3501 3721 eSse
3522 3680 3633 3718 tera
3663 3664 3789 3725 740,

2193 3741 2297 3795 hoc
2317 3748 2421 3803 est,
2454 3754 2594 3793 anno
2626 3736 2823 3792 Christi
2867 3736 2992 3799 702,
3027 3744 3078 3790 at
3120 3735 3182 3789 D.
3218 3736 3434 3789 (larsias
3468 3735 3709 3803 Loaysa,
3737 3742 3791 3786 ct

2195 3811 2282 3863 alii
2311 3825 2452 3863 anno
2481 3809 2603 3872 701,
2635 3822 2791 3877 quem
2825 3809 3069 3877 sequitur
3101 3805 3420 3877 Garivayus,
3451 3805 3515 3859 P.
3546 3804 3787 3859 Joannes

2197 3880 2460 3943 Mariana,
2500 3887 2554 3932 et
2579 3877 2668 3931 alii
2691 3876 3006 3946 scriptorcs.
3038 3876 3097 3929 P.
3128 3875 3192 3928 ll.

2268 3949 2389 4005 ΠΟ.
2422 3948 2619 4002 Eodem
2649 3962 2790 4000 anno
2803 3943 2935 4000 iniit
2957 3945 3103 4017 regni
3134 3943 3562 4017 coronam‘solus
3584 3944 3785 4017 Vitiza,

2200 4019 2449 4090 quamvis
2478 4034 2599 4090 cum
2631 4025 2784 4090 patre
2811 4014 3131 4090 regnaverit
3161 4014 3789 4090 annos_ali_quo_t.ﬁCoro-

2199 4084 2362 4143 tiatur
2392 4098 2442 4145 et
2493 4084 2773 4157 iniungitur
2803 4084 2931 4157 (non
2978 4087 3030 4140 in
3062 4086 3292 4157 ecclesia
3321 4084 3379 4138 S.
3410 4085 3567 4157 Petri
3587 4084 3788 4157 Praetuf

2200 4158 2410 4227 riensi)
2459 4157 2547 4211 die
2582 4154 2829 4227 Intueri/5
2879 4154 3170 4227 Novembr.
3228 4156 3282 4227 in
3330 4154 3612 4227 pervigilio
3652 4154 3789 4227 festi

2202 4228 2259 4283 S.
2311 4223 2561 4296 Eugenii,
2596 4226 2986 4296 archiepiscopi
3013 4224 3258 4296 Toletani
3295 4223 3788 4296 martyris;_facta

2198 4315 2328 4354 vero
2362 4292 2445 4353 est
2468 4292 2805 4351 consecratio
2828 4296 2880 4349 in
2908 4292 3022 4349 aéde
3049 4294 3106 4348 S.
3131 4293 3312 4348 Marize
3341 4292 3568 4348 Minoris
3590 4292 3787 4357 Toleti,

2198 4378 2257 4423 ut
2286 4368 2435 4422 credi
2482 4382 2580 4436 par
2608 4374 2712 4436 est,
2750 4379 3123 4436 cumusuuuua
3153 4362 3789 4436 alacritate.AGarivayus

2199 4438 2448 4500 allirmat,
2482 4433 2607 4491 tunc
2653 4435 2820 4490 fuisse
2846 4433 3099 4488 Witizam
3128 4450 3393 4487 annorum
3427 4433 3514 4488 19.
3565 4434 3786 4488 Constat

2200 4511 2304 4564 hoc
2338 4522 2480 4562 anno
2509 4515 2777 4561 sacratam
2808 4521 2837 4558 a
2868 4505 3173 4560 Gunderico
3203 4504 3262 4558 S.
3293 4501 3552 4571 Torquati
3581 4516 3786 4574 marty-

2203 4580 2280 4631 ris
2308 4576 2615 4639 ecclesiam,
2648 4591 2712 4629 ex
2745 4574 2919 4646 sigillo
2947 4574 3176 4644 quodam
3203 4574 3282 4646 ibi
3309 4584 3559 4646 reperto,
3601 4583 3663 4646 ut
3687 4590 3787 4646 cro

2204 4649 2365 4701 latius
2397 4647 2572 4701 refero
2603 4647 2656 4700 iu
2691 4665 2707 4699 ι
2746 4643 2979 4700 Historia
3011 4644 3385 4699 Ecclesiastica
3423 4644 3662 4697 civitatis
3685 4643 3787 4696 'l‘o—

2206 4718 2317 4772 leti.
2356 4736 2374 4767 ι
2422 4717 2498 4770 lu.
2526 4748 2593 4757 —
2624 4717 2696 4771 De
2729 4716 3077 4770 coronatione
3130 4725 3189 4769 et
3239 4714 3492 4768 unctione
3555 4714 3781 4767 diximus

2206 4802 2370 4857 supra
2417 4788 2483 4840 ad
2531 4803 2679 4841 num.
2713 4787 2746 4839 8
2781 4797 2833 4857 et
2865 4786 2965 4857 8'1;
3003 4786 3080 4840 De
3127 4783 3354 4839 ecclesia
3397 4784 3456 4838 S.
3505 4782 3688 4838 Maria:
3722 4784 3786 4836 de

2206 4854 2410 4911 Alticen
2440 4857 2505 4910 ad
2539 4874 2664 4911 num
2698 4857 2787 4912 87.
2824 4856 2881 4909 D.
2914 4854 2975 4909 L.

2278 4926 2399 4981 ΗΞ.
2433 4926 2508 4980 De
2540 4925 2768 4979 concilio
2806 4924 2974 4979 'l‘oleti
3001 4936 3210 4988 coacto,
3238 4924 3379 4993 quod
3414 4923 3516 4978 fuit
3545 4937 3679 4978 xvm
3705 4921 3780 4977 sic

2204 4997 2278 5050 ait
2308 4996 2606 5050 ltodericus
2640 4996 2731 5048 lib.
2763 5011 2817 5059 κ,
2849 5010 2897 5048 c.
2927 4994 2993 5048 Η
3021 5010 3035 5048 :
3073 5015 3090 5045 ι
3125 4994 3224 5048 llic
3251 4997 3301 5048 in
3317 4994 3569 5056 ecclesia,
3594 4994 3781 5061 inquit,

2205 5069 2263 5121 δ.
2301 5065 2466 5123 Petri.
2495 5080 2614 5133 qum
2655 5075 2738 5119 est
2777 5074 2930 5118 extra
2960 5064 3231 5128 Toletum,
3260 5080 3379 5116 cum
3414 5064 3681 5133 episcopis
3710 5072 3785 5133 _et

2205 5131 2544 5204 magnatibus
2572 5148 2734 5203 super
2767 5135 3106 5188 ordinatione
3149 5134 3295 5203 regni
3324 5131 3783 5204 couciliunicﬂe—

2207 5202 2405 5267 bra'vit,
2433 5204 2574 5273 quod
2604 5202 2781 5258 tamen
2820 5204 2872 5256 in
2899 5215 3126 5272 corpore
3165 5217 3428 5257 canonum
3479 5219 3587 5256 non
3624 5202 3785 5273 habe:

2211 5283 2315 5328 tur.
2350 5293 2368 5325 ι
2399 5268 2603 5334 corpus
2648 5288 2910 5328 canonum
2955 5268 3075 5328 reor
3122 5272 3301 5327 vocari
3342 5273 3676 5334 diptycham,
3703 5268 3780 5324 vel
