  <div class='ocr_page' id='page_1' title='image "/cluster/home/n/w/nwhite01/storage/ocr_20150623/136/hvd.32044015471766/531.png"; bbox 0 0 4012 5334; ppageno 0'>
   <div class='ocr_carea' id='block_1_1' title="bbox 500 273 640 330">
    <p class='ocr_par' dir='ltr' id='par_1_1' title="bbox 500 273 640 330">
     <span class='ocr_line' id='line_1_1' title="bbox 500 273 640 330; baseline -0.014 -1"><span class='ocrx_word' id='word_1_1' title='bbox 500 273 640 330; x_wconf 74' lang='grc'><strong>1065</strong></span> 
     </span>
    </p>
   </div>
   <div class='ocr_carea' id='block_1_2' title="bbox 1617 247 2634 311">
    <p class='ocr_par' dir='ltr' id='par_1_2' title="bbox 1617 247 2634 311">
     <span class='ocr_line' id='line_1_2' title="bbox 1617 247 2634 311; baseline -0.012 0"><span class='ocrx_word' id='word_1_2' title='bbox 1617 252 1955 311; x_wconf 74' lang='lat' dir='ltr'><strong>APPENDIX</strong></span> <span class='ocrx_word' id='word_1_3' title='bbox 1995 251 2084 303; x_wconf 79' lang='lat' dir='ltr'><strong>AD</strong></span> <span class='ocrx_word' id='word_1_4' title='bbox 2122 247 2634 305; x_wconf 61' lang='lat' dir='ltr'><strong>LiL&#39;Ti&#39;llANDllM.</strong></span> 
     </span>
    </p>
   </div>
   <div class='ocr_carea' id='block_1_3' title="bbox 3629 238 3753 292">
    <p class='ocr_par' dir='ltr' id='par_1_3' title="bbox 3629 238 3753 292">
     <span class='ocr_line' id='line_1_3' title="bbox 3629 238 3753 292; baseline -0.032 -1"><span class='ocrx_word' id='word_1_5' title='bbox 3629 238 3753 292; x_wconf 66' lang='lat' dir='ltr'><strong>MM</strong></span> 
     </span>
    </p>
   </div>
   <div class='ocr_carea' id='block_1_4' title="bbox 499 350 3757 452">
    <p class='ocr_par' dir='ltr' id='par_1_4' title="bbox 499 350 3757 452">
     <span class='ocr_line' id='line_1_4' title="bbox 499 350 3757 452; baseline -0.014 -13"><span class='ocrx_word' id='word_1_6' title='bbox 499 401 625 439; x_wconf 72' lang='lat' dir='ltr'><strong>eum</strong></span> <span class='ocrx_word' id='word_1_7' title='bbox 664 397 830 452; x_wconf 86' lang='lat' dir='ltr'><strong>regno</strong></span> <span class='ocrx_word' id='word_1_8' title='bbox 855 379 1095 449; x_wconf 85' lang='lat' dir='ltr'><strong>privatus</strong></span> <span class='ocrx_word' id='word_1_9' title='bbox 1120 393 1132 428; x_wconf 87' lang='lat'><strong>:</strong></span> <span class='ocrx_word' id='word_1_10' title='bbox 1162 374 1248 428; x_wconf 88' lang='lat' dir='ltr'><strong>ille</strong></span> <span class='ocrx_word' id='word_1_11' title='bbox 1273 385 1400 427; x_wconf 86' lang='lat' dir='ltr'><strong>vero</strong></span> <span class='ocrx_word' id='word_1_12' title='bbox 1428 370 1714 440; x_wconf 80' lang='lat' dir='ltr'><strong>impatiens</strong></span> <span class='ocrx_word' id='word_1_13' title='bbox 1744 367 1859 427; x_wconf 70' lang='lat' dir='ltr'><strong>iraa,</strong></span> <span class='ocrx_word' id='word_1_14' title='bbox 1893 361 2168 431; x_wconf 80' lang='lat' dir='ltr'><strong>nihiloque</strong></span> <span class='ocrx_word' id='word_1_15' title='bbox 2199 360 2388 412; x_wconf 83' lang='lat' dir='ltr'><strong>melior</strong></span> <span class='ocrx_word' id='word_1_16' title='bbox 2412 357 2604 417; x_wconf 79' lang='lat' dir='ltr'><strong>faetus,</strong></span> <span class='ocrx_word' id='word_1_17' title='bbox 2637 356 2876 406; x_wconf 84' lang='lat' dir='ltr'><strong>minatur</strong></span> <span class='ocrx_word' id='word_1_18' title='bbox 2917 350 3255 442; x_wconf 58' lang='lat' dir='ltr'><strong>sanctissimo</strong></span> <span class='ocrx_word' id='word_1_19' title='bbox 3281 363 3453 421; x_wconf 69' lang='lat' dir='ltr'><strong>papze,</strong></span> <span class='ocrx_word' id='word_1_20' title='bbox 3487 361 3548 400; x_wconf 78' lang='lat' dir='ltr'><strong>se</strong></span> <span class='ocrx_word' id='word_1_21' title='bbox 3575 361 3757 416; x_wconf 67' lang='lat' dir='ltr'><strong>prope-</strong></span> 
     </span>
    </p>
   </div>
   <div class='ocr_carea' id='block_1_5' title="bbox 505 443 3758 534">
    <p class='ocr_par' dir='ltr' id='par_1_5' title="bbox 505 443 3758 534">
     <span class='ocr_line' id='line_1_5' title="bbox 505 443 3758 534; baseline -0.012 -2"><span class='ocrx_word' id='word_1_22' title='bbox 505 480 648 534; x_wconf 90' lang='lat' dir='ltr'><strong>diem</strong></span> <span class='ocrx_word' id='word_1_23' title='bbox 694 443 920 531; x_wconf 61' lang='lat' dir='ltr'><strong>Romam</strong></span> <span class='ocrx_word' id='word_1_24' title='bbox 964 486 1087 525; x_wconf 92' lang='lat' dir='ltr'><strong>cum</strong></span> <span class='ocrx_word' id='word_1_25' title='bbox 1132 466 1458 524; x_wconf 71' lang='lat' dir='ltr'><strong>exercitibus</strong></span> <span class='ocrx_word' id='word_1_26' title='bbox 1497 464 1789 522; x_wconf 73' lang='lat' dir='ltr'><strong>aditurum,</strong></span> <span class='ocrx_word' id='word_1_27' title='bbox 1817 473 2044 527; x_wconf 87' lang='lat' dir='ltr'><strong>eamque</strong></span> <span class='ocrx_word' id='word_1_28' title='bbox 2081 465 2292 525; x_wconf 86' lang='lat' dir='ltr'><strong>captam</strong></span> <span class='ocrx_word' id='word_1_29' title='bbox 2330 451 2752 522; x_wconf 76' lang='lat' dir='ltr'><strong>cxspoliatnrutn</strong></span> <span class='ocrx_word' id='word_1_30' title='bbox 2792 447 2996 502; x_wconf 89' lang='lat' dir='ltr'><strong>sanctis</strong></span> <span class='ocrx_word' id='word_1_31' title='bbox 3028 446 3138 501; x_wconf 85' lang='lat' dir='ltr'><strong>suis</strong></span> <span class='ocrx_word' id='word_1_32' title='bbox 3163 443 3523 505; x_wconf 79' lang='lat' dir='ltr'><strong>ornamentis,</strong></span> <span class='ocrx_word' id='word_1_33' title='bbox 3553 451 3613 494; x_wconf 90' lang='lat' dir='ltr'><strong>ut</strong></span> <span class='ocrx_word' id='word_1_34' title='bbox 3637 444 3758 493; x_wconf 81' lang='lat' dir='ltr'><strong>olun</strong></span> 
     </span>
    </p>
   </div>
   <div class='ocr_carea' id='block_1_6' title="bbox 500 558 1916 639">
    <p class='ocr_par' dir='ltr' id='par_1_6' title="bbox 500 558 1916 639">
     <span class='ocr_line' id='line_1_6' title="bbox 500 558 1916 639; baseline -0.011 -15"><span class='ocrx_word' id='word_1_35' title='bbox 500 575 744 628; x_wconf 78' lang='lat' dir='ltr'><strong>fecerant</strong></span> <span class='ocrx_word' id='word_1_36' title='bbox 763 567 1002 639; x_wconf 85' lang='lat' dir='ltr'><strong>majores</strong></span> <span class='ocrx_word' id='word_1_37' title='bbox 1029 565 1132 632; x_wconf 88' lang='lat' dir='ltr'><strong>sui,</strong></span> <span class='ocrx_word' id='word_1_38' title='bbox 1160 564 1242 620; x_wconf 90' lang='lat' dir='ltr'><strong>vel</strong></span> <span class='ocrx_word' id='word_1_39' title='bbox 1268 564 1502 617; x_wconf 81' lang='lat' dir='ltr'><strong>dirutam</strong></span> <span class='ocrx_word' id='word_1_40' title='bbox 1525 558 1916 614; x_wconf 87' lang='lat' dir='ltr'><strong>desolaturum.</strong></span> 
     </span>
    </p>
   </div>
   <div class='ocr_carea' id='block_1_7' title="bbox 575 633 3760 726">
    <p class='ocr_par' dir='ltr' id='par_1_7' title="bbox 575 633 3760 726">
     <span class='ocr_line' id='line_1_7' title="bbox 575 633 3760 726; baseline -0.01 -6"><span class='ocrx_word' id='word_1_41' title='bbox 575 667 697 722; x_wconf 71' lang='grc'>182.</span> <span class='ocrx_word' id='word_1_42' title='bbox 727 633 1079 726; x_wconf 80' lang='lat' dir='ltr'><strong>Concordius,</strong></span> <span class='ocrx_word' id='word_1_43' title='bbox 1112 659 1403 714; x_wconf 88' lang='lat' dir='ltr'><strong>Toletanus</strong></span> <span class='ocrx_word' id='word_1_44' title='bbox 1435 656 1729 718; x_wconf 86' lang='lat' dir='ltr'><strong>diaconus,</strong></span> <span class='ocrx_word' id='word_1_45' title='bbox 1757 651 2061 722; x_wconf 87' lang='lat' dir='ltr'><strong>composuit</strong></span> <span class='ocrx_word' id='word_1_46' title='bbox 2108 649 2379 705; x_wconf 85' lang='lat' dir='ltr'><strong>homiliam</strong></span> <span class='ocrx_word' id='word_1_47' title='bbox 2419 647 2471 701; x_wconf 88' lang='lat' dir='ltr'><strong>in</strong></span> <span class='ocrx_word' id='word_1_48' title='bbox 2505 646 2714 700; x_wconf 84' lang='lat' dir='ltr'><strong>laudem</strong></span> <span class='ocrx_word' id='word_1_49' title='bbox 2766 643 2824 698; x_wconf 89' lang='lat' dir='ltr'><strong>S.</strong></span> <span class='ocrx_word' id='word_1_50' title='bbox 2857 643 3094 706; x_wconf 85' lang='lat' dir='ltr'><strong>Turibii,</strong></span> <span class='ocrx_word' id='word_1_51' title='bbox 3131 658 3196 695; x_wconf 83' lang='lat' dir='ltr'><strong>ex</strong></span> <span class='ocrx_word' id='word_1_52' title='bbox 3241 639 3510 693; x_wconf 86' lang='lat' dir='ltr'><strong>monacho</strong></span> <span class='ocrx_word' id='word_1_53' title='bbox 3545 633 3760 689; x_wconf 83' lang='lat' dir='ltr'><strong>Benedi-</strong></span> 
     </span>
    </p>
   </div>
   <div class='ocr_carea' id='block_1_8' title="bbox 500 741 2183 826">
    <p class='ocr_par' dir='ltr' id='par_1_8' title="bbox 500 741 2183 826">
     <span class='ocr_line' id='line_1_8' title="bbox 500 741 2183 826; baseline -0.011 -16"><span class='ocrx_word' id='word_1_54' title='bbox 500 759 646 810; x_wconf 80' lang='lat' dir='ltr'><strong>ctino</strong></span> <span class='ocrx_word' id='word_1_55' title='bbox 672 754 940 826; x_wconf 75' lang='lat' dir='ltr'><strong>pontiﬁcis</strong></span> <span class='ocrx_word' id='word_1_56' title='bbox 963 749 1264 812; x_wconf 80' lang='lat' dir='ltr'><strong>l’alentini;</strong></span> <span class='ocrx_word' id='word_1_57' title='bbox 1298 762 1417 816; x_wconf 65' lang='lat' dir='ltr'><strong>qua:</strong></span> <span class='ocrx_word' id='word_1_58' title='bbox 1447 747 1525 799; x_wconf 87' lang='lat' dir='ltr'><strong>sic</strong></span> <span class='ocrx_word' id='word_1_59' title='bbox 1556 743 1745 813; x_wconf 87' lang='lat' dir='ltr'><strong>incipit</strong></span> <span class='ocrx_word' id='word_1_60' title='bbox 1774 759 1788 796; x_wconf 91' lang='lat'><strong>:</strong></span> <span class='ocrx_word' id='word_1_61' title='bbox 1829 741 1893 794; x_wconf 84' lang='lat' dir='ltr'><strong>In</strong></span> <span class='ocrx_word' id='word_1_62' title='bbox 1925 753 2183 793; x_wconf 80' lang='lat' dir='ltr'><strong>nostrum.</strong></span> 
     </span>
    </p>
   </div>
   <div class='ocr_carea' id='block_1_9' title="bbox 578 819 3766 915">
    <p class='ocr_par' dir='ltr' id='par_1_9' title="bbox 578 819 3766 915">
     <span class='ocr_line' id='line_1_9' title="bbox 578 819 3766 915; baseline -0.008 -15"><span class='ocrx_word' id='word_1_63' title='bbox 578 819 692 900; x_wconf 49' lang='lat'><strong>185:</strong></span> <span class='ocrx_word' id='word_1_64' title='bbox 728 843 1092 915; x_wconf 81' lang='lat' dir='ltr'><strong>Synderedus,</strong></span> <span class='ocrx_word' id='word_1_65' title='bbox 1125 842 1408 912; x_wconf 88' lang='lat' dir='ltr'><strong>episcopus</strong></span> <span class='ocrx_word' id='word_1_66' title='bbox 1431 838 1742 899; x_wconf 83' lang='lat' dir='ltr'><strong>Toletanus,</strong></span> <span class='ocrx_word' id='word_1_67' title='bbox 1773 835 1995 905; x_wconf 85' lang='lat' dir='ltr'><strong>jubeute</strong></span> <span class='ocrx_word' id='word_1_68' title='bbox 2029 849 2152 903; x_wconf 88' lang='lat' dir='ltr'><strong>rege</strong></span> <span class='ocrx_word' id='word_1_69' title='bbox 2181 832 2474 896; x_wconf 82' lang='lat' dir='ltr'><strong>Witizanc,</strong></span> <span class='ocrx_word' id='word_1_70' title='bbox 2507 830 2647 885; x_wconf 90' lang='lat' dir='ltr'><strong>male</strong></span> <span class='ocrx_word' id='word_1_71' title='bbox 2684 839 2880 884; x_wconf 82' lang='lat' dir='ltr'><strong>tractat</strong></span> <span class='ocrx_word' id='word_1_72' title='bbox 2922 827 3267 899; x_wconf 78' lang='lat' dir='ltr'><strong>presbyteros</strong></span> <span class='ocrx_word' id='word_1_73' title='bbox 3296 833 3505 879; x_wconf 64' lang='lat' dir='ltr'><strong>sancte</strong></span> <span class='ocrx_word' id='word_1_74' title='bbox 3527 819 3766 876; x_wconf 62' lang='lat' dir='ltr'><strong>ecclesia</strong></span> 
     </span>
    </p>
   </div>
   <div class='ocr_carea' id='block_1_10' title="bbox 505 914 3771 1006">
    <p class='ocr_par' dir='ltr' id='par_1_10' title="bbox 505 914 3771 1006">
     <span class='ocr_line' id='line_1_10' title="bbox 505 914 3771 1006; baseline -0.008 -16"><span class='ocrx_word' id='word_1_75' title='bbox 505 914 803 1002; x_wconf 79' lang='lat' dir='ltr'><strong>Toletatue,</strong></span> <span class='ocrx_word' id='word_1_76' title='bbox 831 937 922 1006; x_wconf 91' lang='lat' dir='ltr'><strong>qui</strong></span> <span class='ocrx_word' id='word_1_77' title='bbox 976 949 1032 990; x_wconf 89' lang='lat' dir='ltr'><strong>se</strong></span> <span class='ocrx_word' id='word_1_78' title='bbox 1076 931 1354 1003; x_wconf 85' lang='lat' dir='ltr'><strong>ﬂagitiosis</strong></span> <span class='ocrx_word' id='word_1_79' title='bbox 1395 931 1538 1000; x_wconf 86' lang='lat' dir='ltr'><strong>regis</strong></span> <span class='ocrx_word' id='word_1_80' title='bbox 1577 927 1862 983; x_wconf 77' lang='lat' dir='ltr'><strong>conatibus</strong></span> <span class='ocrx_word' id='word_1_81' title='bbox 1912 926 2140 980; x_wconf 84' lang='lat' dir='ltr'><strong>viriliter</strong></span> <span class='ocrx_word' id='word_1_82' title='bbox 2184 925 2526 996; x_wconf 89' lang='lat' dir='ltr'><strong>opponebaut</strong></span> <span class='ocrx_word' id='word_1_83' title='bbox 2572 923 2694 995; x_wconf 83' lang='lat' dir='ltr'><strong>[al.,</strong></span> <span class='ocrx_word' id='word_1_84' title='bbox 2727 923 2850 992; x_wconf 89' lang='lat' dir='ltr'><strong>quia</strong></span> <span class='ocrx_word' id='word_1_85' title='bbox 2895 937 2953 976; x_wconf 91' lang='lat' dir='ltr'><strong>se</strong></span> <span class='ocrx_word' id='word_1_86' title='bbox 3001 919 3277 988; x_wconf 81' lang='lat' dir='ltr'><strong>ﬂagitiosis</strong></span> <span class='ocrx_word' id='word_1_87' title='bbox 3304 917 3447 988; x_wconf 84' lang='lat' dir='ltr'><strong>regis</strong></span> <span class='ocrx_word' id='word_1_88' title='bbox 3491 914 3771 969; x_wconf 71' lang='lat' dir='ltr'><strong>muralibus</strong></span> 
     </span>
    </p>
   </div>
   <div class='ocr_carea' id='block_1_11' title="bbox 501 1023 1109 1096">
    <p class='ocr_par' dir='ltr' id='par_1_11' title="bbox 501 1023 1109 1096">
     <span class='ocr_line' id='line_1_11' title="bbox 501 1023 1109 1096; baseline -0.003 -18"><span class='ocrx_word' id='word_1_89' title='bbox 501 1027 733 1081; x_wconf 88' lang='lat' dir='ltr'><strong>viriliter</strong></span> <span class='ocrx_word' id='word_1_90' title='bbox 763 1023 1109 1096; x_wconf 82' lang='lat' dir='ltr'><strong>Opponebat].</strong></span> 
     </span>
    </p>
   </div>
   <div class='ocr_carea' id='block_1_12' title="bbox 576 1089 3771 1178">
    <p class='ocr_par' dir='ltr' id='par_1_12' title="bbox 576 1089 3771 1178">
     <span class='ocr_line' id='line_1_12' title="bbox 576 1089 3771 1178; baseline -0.008 -10"><span class='ocrx_word' id='word_1_91' title='bbox 576 1115 704 1168; x_wconf 70' lang='grc'>184..</span> <span class='ocrx_word' id='word_1_92' title='bbox 733 1089 946 1169; x_wconf 77' lang='lat' dir='ltr'><strong>Witizce</strong></span> <span class='ocrx_word' id='word_1_93' title='bbox 979 1089 1206 1169; x_wconf 67' lang='lat' dir='ltr'><strong>coasilio</strong></span> <span class='ocrx_word' id='word_1_94' title='bbox 1245 1107 1586 1178; x_wconf 90' lang='lat' dir='ltr'><strong>impulsuque</strong></span> <span class='ocrx_word' id='word_1_95' title='bbox 1637 1104 1986 1176; x_wconf 86' lang='lat' dir='ltr'><strong>Syuderedus</strong></span> <span class='ocrx_word' id='word_1_96' title='bbox 2029 1102 2320 1157; x_wconf 89' lang='lat' dir='ltr'><strong>Toletanus</strong></span> <span class='ocrx_word' id='word_1_97' title='bbox 2346 1101 2616 1172; x_wconf 91' lang='lat' dir='ltr'><strong>patiturus</strong></span> <span class='ocrx_word' id='word_1_98' title='bbox 2653 1109 2712 1154; x_wconf 90' lang='lat' dir='ltr'><strong>ut</strong></span> <span class='ocrx_word' id='word_1_99' title='bbox 2738 1099 2917 1170; x_wconf 86' lang='lat' dir='ltr'><strong>Oppas</strong></span> <span class='ocrx_word' id='word_1_100' title='bbox 2950 1097 3371 1171; x_wconf 83' lang='lat' dir='ltr'><strong>[archiepiscop.</strong></span> <span class='ocrx_word' id='word_1_101' title='bbox 3401 1089 3771 1164; x_wconf 81' lang='lat' dir='ltr'><strong>llispalensis]</strong></span> 
     </span>
    </p>
   </div>
   <div class='ocr_carea' id='block_1_13' title="bbox 506 1187 3775 1274">
    <p class='ocr_par' dir='ltr' id='par_1_13' title="bbox 506 1187 3775 1274">
     <span class='ocr_line' id='line_1_13' title="bbox 506 1187 3775 1274; baseline -0.006 -20"><span class='ocrx_word' id='word_1_102' title='bbox 506 1212 677 1268; x_wconf 70' lang='lat' dir='ltr'><strong>frater</strong></span> <span class='ocrx_word' id='word_1_103' title='bbox 704 1203 992 1259; x_wconf 82' lang='lat' dir='ltr'><strong>Witizanis</strong></span> <span class='ocrx_word' id='word_1_104' title='bbox 1027 1202 1167 1274; x_wconf 90' lang='lat' dir='ltr'><strong>(aliis</strong></span> <span class='ocrx_word' id='word_1_105' title='bbox 1196 1211 1279 1256; x_wconf 89' lang='lat' dir='ltr'><strong>est</strong></span> <span class='ocrx_word' id='word_1_106' title='bbox 1307 1200 1470 1269; x_wconf 85' lang='lat' dir='ltr'><strong>filius)</strong></span> <span class='ocrx_word' id='word_1_107' title='bbox 1503 1198 1743 1254; x_wconf 89' lang='lat' dir='ltr'><strong>moribus</strong></span> <span class='ocrx_word' id='word_1_108' title='bbox 1778 1197 1944 1250; x_wconf 86' lang='lat' dir='ltr'><strong>nihilo</strong></span> <span class='ocrx_word' id='word_1_109' title='bbox 1975 1195 2246 1249; x_wconf 84' lang='lat' dir='ltr'><strong>Witizane</strong></span> <span class='ocrx_word' id='word_1_110' title='bbox 2296 1195 2504 1258; x_wconf 88' lang='lat' dir='ltr'><strong>melior,</strong></span> <span class='ocrx_word' id='word_1_111' title='bbox 2543 1193 2762 1247; x_wconf 82' lang='lat' dir='ltr'><strong>invadat</strong></span> <span class='ocrx_word' id='word_1_112' title='bbox 2793 1201 3217 1259; x_wconf 88' lang='lat' dir='ltr'><strong>constupretque</strong></span> <span class='ocrx_word' id='word_1_113' title='bbox 3251 1187 3620 1241; x_wconf 79' lang='lat' dir='ltr'><strong>castissimam</strong></span> <span class='ocrx_word' id='word_1_114' title='bbox 3657 1198 3775 1236; x_wconf 78' lang='lat' dir='ltr'><strong>san-</strong></span> 
     </span>
    </p>
   </div>
   <div class='ocr_carea' id='block_1_14' title="bbox 505 1276 3774 1362">
    <p class='ocr_par' dir='ltr' id='par_1_14' title="bbox 505 1276 3774 1362">
     <span class='ocr_line' id='line_1_14' title="bbox 505 1276 3774 1362; baseline -0.006 -16"><span class='ocrx_word' id='word_1_115' title='bbox 505 1293 934 1362; x_wconf 83' lang='lat' dir='ltr'><strong>ctissimamque,</strong></span> <span class='ocrx_word' id='word_1_116' title='bbox 961 1301 1015 1347; x_wconf 92' lang='lat' dir='ltr'><strong>et</strong></span> <span class='ocrx_word' id='word_1_117' title='bbox 1049 1290 1446 1346; x_wconf 88' lang='lat' dir='ltr'><strong>immaculatatn</strong></span> <span class='ocrx_word' id='word_1_118' title='bbox 1479 1291 1657 1342; x_wconf 88' lang='lat' dir='ltr'><strong>sedem</strong></span> <span class='ocrx_word' id='word_1_119' title='bbox 1690 1285 2031 1350; x_wconf 86' lang='lat' dir='ltr'><strong>Toletanam,</strong></span> <span class='ocrx_word' id='word_1_120' title='bbox 2073 1301 2192 1354; x_wconf 63' lang='lat' dir='ltr'><strong>quae</strong></span> <span class='ocrx_word' id='word_1_121' title='bbox 2235 1299 2300 1339; x_wconf 91' lang='lat' dir='ltr'><strong>eo</strong></span> <span class='ocrx_word' id='word_1_122' title='bbox 2330 1299 2502 1353; x_wconf 88' lang='lat' dir='ltr'><strong>usque</strong></span> <span class='ocrx_word' id='word_1_123' title='bbox 2536 1299 2644 1338; x_wconf 92' lang='lat' dir='ltr'><strong>uno</strong></span> <span class='ocrx_word' id='word_1_124' title='bbox 2689 1282 2928 1344; x_wconf 64' lang='lat' dir='ltr'><strong>legitimo</strong></span> <span class='ocrx_word' id='word_1_125' title='bbox 2953 1282 3258 1335; x_wconf 85' lang='lat' dir='ltr'><strong>consociata</strong></span> <span class='ocrx_word' id='word_1_126' title='bbox 3290 1294 3514 1348; x_wconf 87' lang='lat' dir='ltr'><strong>sponso,</strong></span> <span class='ocrx_word' id='word_1_127' title='bbox 3547 1276 3774 1330; x_wconf 80' lang='lat' dir='ltr'><strong>sanctis-</strong></span> 
     </span>
    </p>
   </div>
   <div class='ocr_carea' id='block_1_15' title="bbox 508 1377 2592 1454">
    <p class='ocr_par' dir='ltr' id='par_1_15' title="bbox 508 1377 2592 1454">
     <span class='ocr_line' id='line_1_15' title="bbox 508 1377 2592 1454; baseline -0.005 -15"><span class='ocrx_word' id='word_1_128' title='bbox 508 1388 644 1440; x_wconf 85' lang='lat' dir='ltr'><strong>sime</strong></span> <span class='ocrx_word' id='word_1_129' title='bbox 673 1383 1090 1454; x_wconf 83' lang='lat' dir='ltr'><strong>felicissimeque</strong></span> <span class='ocrx_word' id='word_1_130' title='bbox 1121 1383 1358 1446; x_wconf 79' lang='lat' dir='ltr'><strong>vixerat;</strong></span> <span class='ocrx_word' id='word_1_131' title='bbox 1392 1395 1534 1435; x_wconf 92' lang='lat' dir='ltr'><strong>nunc</strong></span> <span class='ocrx_word' id='word_1_132' title='bbox 1564 1379 1875 1442; x_wconf 81' lang='lat' dir='ltr'><strong>infeliciter,</strong></span> <span class='ocrx_word' id='word_1_133' title='bbox 1905 1377 2128 1448; x_wconf 89' lang='lat' dir='ltr'><strong>Oppaue</strong></span> <span class='ocrx_word' id='word_1_134' title='bbox 2157 1385 2592 1445; x_wconf 88' lang='lat' dir='ltr'><strong>constupratore.</strong></span> 
     </span>
    </p>
   </div>
   <div class='ocr_carea' id='block_1_16' title="bbox 866 1474 1185 1532">
    <p class='ocr_par' dir='ltr' id='par_1_16' title="bbox 866 1474 1185 1532">
     <span class='ocr_line' id='line_1_16' title="bbox 866 1474 1185 1532; baseline 0.003 -1"><span class='ocrx_word' id='word_1_135' title='bbox 866 1474 1185 1532; x_wconf 75' lang='lat' dir='ltr'><strong>DCCXLIX.</strong></span> 
     </span>
    </p>
   </div>
   <div class='ocr_carea' id='block_1_17' title="bbox 3187 1458 3416 1518">
    <p class='ocr_par' dir='ltr' id='par_1_17' title="bbox 3187 1458 3416 1518">
     <span class='ocr_line' id='line_1_17' title="bbox 3187 1458 3416 1518; baseline -0.026 0"><span class='ocrx_word' id='word_1_136' title='bbox 3187 1458 3416 1518; x_wconf 75' lang='lat' dir='ltr'><strong>DCCXL</strong></span> 
     </span>
    </p>
   </div>
   <div class='ocr_carea' id='block_1_18' title="bbox 583 1545 3778 1640">
    <p class='ocr_par' dir='ltr' id='par_1_18' title="bbox 583 1545 3778 1640">
     <span class='ocr_line' id='line_1_18' title="bbox 583 1545 3778 1640; baseline -0.007 -19"><span class='ocrx_word' id='word_1_137' title='bbox 583 1568 704 1623; x_wconf 72' lang='grc'>185.</span> <span class='ocrx_word' id='word_1_138' title='bbox 738 1568 1038 1623; x_wconf 88' lang='lat' dir='ltr'><strong>Rodericus</strong></span> <span class='ocrx_word' id='word_1_139' title='bbox 1083 1568 1392 1634; x_wconf 78' lang='lat' dir='ltr'><strong>Palatinus,</strong></span> <span class='ocrx_word' id='word_1_140' title='bbox 1444 1569 1509 1625; x_wconf 92' lang='lat' dir='ltr'><strong>de</strong></span> <span class='ocrx_word' id='word_1_141' title='bbox 1540 1569 1689 1640; x_wconf 77' lang='lat' dir='ltr'><strong>regio</strong></span> <span class='ocrx_word' id='word_1_142' title='bbox 1732 1568 1989 1638; x_wconf 83' lang='lat' dir='ltr'><strong>sanguine</strong></span> <span class='ocrx_word' id='word_1_143' title='bbox 2034 1565 2366 1629; x_wconf 82' lang='lat' dir='ltr'><strong>Gothorum,</strong></span> <span class='ocrx_word' id='word_1_144' title='bbox 2413 1562 2718 1618; x_wconf 85' lang='lat' dir='ltr'><strong>faventibus</strong></span> <span class='ocrx_word' id='word_1_145' title='bbox 2759 1557 3027 1615; x_wconf 89' lang='lat' dir='ltr'><strong>nonnullis</strong></span> <span class='ocrx_word' id='word_1_146' title='bbox 3075 1555 3249 1626; x_wconf 80' lang='lat' dir='ltr'><strong>gentis</strong></span> <span class='ocrx_word' id='word_1_147' title='bbox 3292 1567 3402 1605; x_wconf 78' lang='lat' dir='ltr'><strong>stne</strong></span> <span class='ocrx_word' id='word_1_148' title='bbox 3437 1557 3496 1604; x_wconf 89' lang='lat' dir='ltr'><strong>et</strong></span> <span class='ocrx_word' id='word_1_149' title='bbox 3543 1545 3778 1616; x_wconf 71' lang='lat' dir='ltr'><strong>generis,</strong></span> 
     </span>
    </p>
   </div>
   <div class='ocr_carea' id='block_1_19' title="bbox 495 1643 3781 1733">
    <p class='ocr_par' dir='ltr' id='par_1_19' title="bbox 495 1643 3781 1733">
     <span class='ocr_line' id='line_1_19' title="bbox 495 1643 3781 1733; baseline -0.007 -16"><span class='ocrx_word' id='word_1_150' title='bbox 495 1655 716 1717; x_wconf 73' lang='lat' dir='ltr'><strong>&#39;invadit</strong></span> <span class='ocrx_word' id='word_1_151' title='bbox 748 1663 986 1733; x_wconf 87' lang='lat' dir='ltr'><strong>regimen</strong></span> <span class='ocrx_word' id='word_1_152' title='bbox 1037 1673 1224 1718; x_wconf 88' lang='lat' dir='ltr'><strong>contra</strong></span> <span class='ocrx_word' id='word_1_153' title='bbox 1261 1663 1621 1728; x_wconf 82' lang='lat' dir='ltr'><strong>Witizanem;</strong></span> <span class='ocrx_word' id='word_1_154' title='bbox 1655 1664 1763 1733; x_wconf 30' lang='lat' dir='ltr'><strong>“ille</strong></span> <span class='ocrx_word' id='word_1_155' title='bbox 1798 1679 1927 1717; x_wconf 85' lang='lat' dir='ltr'><strong>vero</strong></span> <span class='ocrx_word' id='word_1_156' title='bbox 1974 1663 2056 1716; x_wconf 92' lang='lat' dir='ltr'><strong>vel</strong></span> <span class='ocrx_word' id='word_1_157' title='bbox 2111 1662 2319 1721; x_wconf 90' lang='lat' dir='ltr'><strong>morbo,</strong></span> <span class='ocrx_word' id='word_1_158' title='bbox 2368 1661 2451 1714; x_wconf 91' lang='lat' dir='ltr'><strong>vel</strong></span> <span class='ocrx_word' id='word_1_159' title='bbox 2498 1660 2661 1719; x_wconf 65' lang='lat' dir='ltr'><strong>caede,</strong></span> <span class='ocrx_word' id='word_1_160' title='bbox 2709 1656 2880 1710; x_wconf 87' lang='lat' dir='ltr'><strong>Toleti</strong></span> <span class='ocrx_word' id='word_1_161' title='bbox 2931 1652 3177 1714; x_wconf 86' lang='lat' dir='ltr'><strong>decedit,</strong></span> <span class='ocrx_word' id='word_1_162' title='bbox 3209 1663 3352 1703; x_wconf 90' lang='lat' dir='ltr'><strong>anno</strong></span> <span class='ocrx_word' id='word_1_163' title='bbox 3385 1649 3451 1700; x_wconf 89' lang='lat' dir='ltr'><strong>l0</strong></span> <span class='ocrx_word' id='word_1_164' title='bbox 3502 1643 3658 1714; x_wconf 90' lang='lat' dir='ltr'><strong>regni</strong></span> <span class='ocrx_word' id='word_1_165' title='bbox 3706 1643 3781 1696; x_wconf 85' lang='lat' dir='ltr'><strong>sai</strong></span> 
     </span>
    </p>
   </div>
   <div class='ocr_carea' id='block_1_20' title="bbox 511 1737 3784 1823">
    <p class='ocr_par' dir='ltr' id='par_1_20' title="bbox 511 1737 3784 1823">
     <span class='ocr_line' id='line_1_20' title="bbox 511 1737 3784 1823; baseline -0.005 -20"><span class='ocrx_word' id='word_1_166' title='bbox 511 1753 768 1807; x_wconf 87' lang='lat' dir='ltr'><strong>vicesima</strong></span> <span class='ocrx_word' id='word_1_167' title='bbox 795 1754 882 1808; x_wconf 91' lang='lat' dir='ltr'><strong>die</strong></span> <span class='ocrx_word' id='word_1_168' title='bbox 913 1754 1116 1808; x_wconf 91' lang='lat' dir='ltr'><strong>mensis</strong></span> <span class='ocrx_word' id='word_1_169' title='bbox 1150 1755 1453 1820; x_wconf 88' lang='lat' dir='ltr'><strong>Deccmbr.,</strong></span> <span class='ocrx_word' id='word_1_170' title='bbox 1485 1771 1684 1810; x_wconf 82' lang='lat' dir='ltr'><strong>exosus</strong></span> <span class='ocrx_word' id='word_1_171' title='bbox 1732 1757 1838 1808; x_wconf 83' lang='lat' dir='ltr'><strong>Deo</strong></span> <span class='ocrx_word' id='word_1_172' title='bbox 1884 1753 2300 1823; x_wconf 90' lang='lat' dir='ltr'><strong>hominibusque</strong></span> <span class='ocrx_word' id='word_1_173' title='bbox 2351 1761 2644 1822; x_wconf 75' lang='lat' dir='ltr'><strong>tyrannus;</strong></span> <span class='ocrx_word' id='word_1_174' title='bbox 2687 1757 2740 1803; x_wconf 90' lang='lat' dir='ltr'><strong>et</strong></span> <span class='ocrx_word' id='word_1_175' title='bbox 2783 1746 3062 1815; x_wconf 87' lang='lat' dir='ltr'><strong>sepelitur,</strong></span> <span class='ocrx_word' id='word_1_176' title='bbox 3114 1745 3232 1798; x_wconf 89' lang='lat' dir='ltr'><strong>sine</strong></span> <span class='ocrx_word' id='word_1_177' title='bbox 3263 1738 3544 1811; x_wconf 77' lang='lat' dir='ltr'><strong>lacrymis,</strong></span> <span class='ocrx_word' id='word_1_178' title='bbox 3581 1738 3636 1790; x_wconf 91' lang='lat' dir='ltr'><strong>in</strong></span> <span class='ocrx_word' id='word_1_179' title='bbox 3676 1737 3784 1788; x_wconf 71' lang='lat' dir='ltr'><strong>aede</strong></span> 
     </span>
    </p>
   </div>
   <div class='ocr_carea' id='block_1_21' title="bbox 517 1845 1535 1905">
    <p class='ocr_par' dir='ltr' id='par_1_21' title="bbox 517 1845 1535 1905">
     <span class='ocr_line' id='line_1_21' title="bbox 517 1845 1535 1905; baseline 0.005 -7"><span class='ocrx_word' id='word_1_180' title='bbox 517 1846 576 1899; x_wconf 90' lang='lat' dir='ltr'><strong>S.</strong></span> <span class='ocrx_word' id='word_1_181' title='bbox 614 1845 896 1900; x_wconf 67' lang='lat' dir='ltr'><strong>Leucadiae</strong></span> <span class='ocrx_word' id='word_1_182' title='bbox 933 1846 1273 1902; x_wconf 71' lang='lat' dir='ltr'><strong>Prmtoricnsi</strong></span> <span class='ocrx_word' id='word_1_183' title='bbox 1307 1849 1358 1902; x_wconf 89' lang='lat' dir='ltr'><strong>in</strong></span> <span class='ocrx_word' id='word_1_184' title='bbox 1385 1852 1535 1905; x_wconf 80' lang='lat' dir='ltr'><strong>urbe.</strong></span> 
     </span>
    </p>
   </div>
   <div class='ocr_carea' id='block_1_22' title="bbox 589 1921 3782 2014">
    <p class='ocr_par' dir='ltr' id='par_1_22' title="bbox 589 1921 3782 2014">
     <span class='ocr_line' id='line_1_22' title="bbox 589 1921 3782 2014; baseline -0.006 -23"><span class='ocrx_word' id='word_1_185' title='bbox 589 1937 711 1992; x_wconf 72' lang='lat'><strong>186.</strong></span> <span class='ocrx_word' id='word_1_186' title='bbox 749 1939 1060 2010; x_wconf 81' lang='lat' dir='ltr'><strong>Synderedo</strong></span> <span class='ocrx_word' id='word_1_187' title='bbox 1088 1942 1312 1997; x_wconf 83' lang='lat' dir='ltr'><strong>Romam</strong></span> <span class='ocrx_word' id='word_1_188' title='bbox 1351 1944 1613 2012; x_wconf 86' lang='lat' dir='ltr'><strong>profecto,</strong></span> <span class='ocrx_word' id='word_1_189' title='bbox 1661 1943 1981 2014; x_wconf 88' lang='lat' dir='ltr'><strong>nolenteque</strong></span> <span class='ocrx_word' id='word_1_190' title='bbox 2021 1921 2160 1997; x_wconf 88' lang='lat' dir='ltr'><strong>ferre</strong></span> <span class='ocrx_word' id='word_1_191' title='bbox 2201 1942 2308 1996; x_wconf 85' lang='lat' dir='ltr'><strong>vim</strong></span> <span class='ocrx_word' id='word_1_192' title='bbox 2349 1939 2792 2012; x_wconf 82' lang='lat' dir='ltr'><strong>tyrannicamque</strong></span> <span class='ocrx_word' id='word_1_193' title='bbox 2839 1931 3246 2004; x_wconf 86' lang='lat' dir='ltr'><strong>oppressionem</strong></span> <span class='ocrx_word' id='word_1_194' title='bbox 3277 1924 3518 1996; x_wconf 88' lang='lat' dir='ltr'><strong>Oppanis</strong></span> <span class='ocrx_word' id='word_1_195' title='bbox 3567 1921 3782 1981; x_wconf 81' lang='lat' dir='ltr'><strong>intrusi,</strong></span> 
     </span>
    </p>
   </div>
   <div class='ocr_carea' id='block_1_23' title="bbox 523 2031 2741 2102">
    <p class='ocr_par' dir='ltr' id='par_1_23' title="bbox 523 2031 2741 2102">
     <span class='ocr_line' id='line_1_23' title="bbox 523 2031 2741 2102; baseline 0 -20"><span class='ocrx_word' id='word_1_196' title='bbox 523 2039 776 2100; x_wconf 89' lang='lat' dir='ltr'><strong>metuque</strong></span> <span class='ocrx_word' id='word_1_197' title='bbox 812 2031 1210 2088; x_wconf 87' lang='lat' dir='ltr'><strong>Saracenorum</strong></span> <span class='ocrx_word' id='word_1_198' title='bbox 1235 2035 1584 2101; x_wconf 86' lang='lat' dir='ltr'><strong>irruentium,</strong></span> <span class='ocrx_word' id='word_1_199' title='bbox 1626 2036 1812 2090; x_wconf 87' lang='lat' dir='ltr'><strong>relicta</strong></span> <span class='ocrx_word' id='word_1_200' title='bbox 1853 2037 1978 2091; x_wconf 89' lang='lat' dir='ltr'><strong>sede</strong></span> <span class='ocrx_word' id='word_1_201' title='bbox 2018 2035 2302 2100; x_wconf 89' lang='lat' dir='ltr'><strong>Toletana,</strong></span> <span class='ocrx_word' id='word_1_202' title='bbox 2331 2034 2559 2089; x_wconf 81' lang='lat' dir='ltr'><strong>Romam</strong></span> <span class='ocrx_word' id='word_1_203' title='bbox 2591 2032 2741 2102; x_wconf 88' lang='lat' dir='ltr'><strong>petit.</strong></span> 
     </span>
    </p>
   </div>
   <div class='ocr_carea' id='block_1_24' title="bbox 592 2109 3786 2199">
    <p class='ocr_par' dir='ltr' id='par_1_24' title="bbox 592 2109 3786 2199">
     <span class='ocr_line' id='line_1_24' title="bbox 592 2109 3786 2199; baseline -0.003 -27"><span class='ocrx_word' id='word_1_204' title='bbox 592 2120 712 2173; x_wconf 82' lang='grc'>187.</span> <span class='ocrx_word' id='word_1_205' title='bbox 746 2121 997 2176; x_wconf 89' lang='lat' dir='ltr'><strong>Succedit</strong></span> <span class='ocrx_word' id='word_1_206' title='bbox 1037 2123 1089 2176; x_wconf 89' lang='lat' dir='ltr'><strong>iu</strong></span> <span class='ocrx_word' id='word_1_207' title='bbox 1119 2126 1244 2178; x_wconf 86' lang='lat' dir='ltr'><strong>sede</strong></span> <span class='ocrx_word' id='word_1_208' title='bbox 1294 2125 1574 2192; x_wconf 89' lang='lat' dir='ltr'><strong>Toletana,</strong></span> <span class='ocrx_word' id='word_1_209' title='bbox 1622 2127 1936 2199; x_wconf 84' lang='lat' dir='ltr'><strong>Synderedo</strong></span> <span class='ocrx_word' id='word_1_210' title='bbox 1963 2127 2188 2182; x_wconf 83' lang='lat' dir='ltr'><strong>Romam</strong></span> <span class='ocrx_word' id='word_1_211' title='bbox 2223 2128 2303 2198; x_wconf 93' lang='lat' dir='ltr'><strong>(ut</strong></span> <span class='ocrx_word' id='word_1_212' title='bbox 2343 2125 2599 2194; x_wconf 80' lang='lat' dir='ltr'><strong>diximus)</strong></span> <span class='ocrx_word' id='word_1_213' title='bbox 2630 2122 2892 2194; x_wconf 88' lang='lat' dir='ltr'><strong>profecto,</strong></span> <span class='ocrx_word' id='word_1_214' title='bbox 2943 2115 3347 2186; x_wconf 80' lang='lat' dir='ltr'><strong>archiepiscopo</strong></span> <span class='ocrx_word' id='word_1_215' title='bbox 3378 2111 3555 2167; x_wconf 77' lang='lat' dir='ltr'><strong>Tolet.</strong></span> <span class='ocrx_word' id='word_1_216' title='bbox 3590 2110 3680 2163; x_wconf 87' lang='lat' dir='ltr'><strong>die</strong></span> <span class='ocrx_word' id='word_1_217' title='bbox 3718 2109 3786 2163; x_wconf 61' lang='grc' dir='ltr'><strong>ἓ.</strong></span> 
     </span>
    </p>
   </div>
   <div class='ocr_carea' id='block_1_25' title="bbox 519 2201 3785 2289">
    <p class='ocr_par' dir='ltr' id='par_1_25' title="bbox 519 2201 3785 2289">
     <span class='ocr_line' id='line_1_25' title="bbox 519 2201 3785 2289; baseline -0.004 -26"><span class='ocrx_word' id='word_1_218' title='bbox 519 2210 758 2280; x_wconf 78' lang='lat' dir='ltr'><strong>ejusdem</strong></span> <span class='ocrx_word' id='word_1_219' title='bbox 784 2212 983 2267; x_wconf 88' lang='lat' dir='ltr'><strong>mensis</strong></span> <span class='ocrx_word' id='word_1_220' title='bbox 1007 2214 1159 2285; x_wconf 73' lang='lat' dir='ltr'><strong>(qum</strong></span> <span class='ocrx_word' id='word_1_221' title='bbox 1187 2217 1287 2270; x_wconf 90' lang='lat' dir='ltr'><strong>fuit</strong></span> <span class='ocrx_word' id='word_1_222' title='bbox 1309 2217 1623 2289; x_wconf 90' lang='lat' dir='ltr'><strong>Dominica)</strong></span> <span class='ocrx_word' id='word_1_223' title='bbox 1650 2219 2001 2282; x_wconf 87' lang='lat' dir='ltr'><strong>Suiueredus,</strong></span> <span class='ocrx_word' id='word_1_224' title='bbox 2029 2228 2293 2288; x_wconf 60' lang='lat' dir='ltr'><strong>praesente</strong></span> <span class='ocrx_word' id='word_1_225' title='bbox 2313 2217 2556 2288; x_wconf 88' lang='lat' dir='ltr'><strong>Oppane,</strong></span> <span class='ocrx_word' id='word_1_226' title='bbox 2583 2231 2708 2286; x_wconf 83' lang='lat' dir='ltr'><strong>rege</strong></span> <span class='ocrx_word' id='word_1_227' title='bbox 2735 2213 3031 2275; x_wconf 83' lang='lat' dir='ltr'><strong>Rooetico,</strong></span> <span class='ocrx_word' id='word_1_228' title='bbox 3057 2218 3109 2263; x_wconf 87' lang='lat' dir='ltr'><strong>et</strong></span> <span class='ocrx_word' id='word_1_229' title='bbox 3138 2205 3404 2277; x_wconf 82' lang='lat' dir='ltr'><strong>episcOpis</strong></span> <span class='ocrx_word' id='word_1_230' title='bbox 3432 2214 3487 2256; x_wconf 88' lang='lat' dir='ltr'><strong>et</strong></span> <span class='ocrx_word' id='word_1_231' title='bbox 3514 2201 3785 2270; x_wconf 79' lang='lat' dir='ltr'><strong>palatinis.</strong></span> 
     </span>
    </p>
   </div>
   <div class='ocr_carea' id='block_1_26' title="bbox 593 2290 3789 2378">
    <p class='ocr_par' dir='ltr' id='par_1_26' title="bbox 593 2290 3789 2378">
     <span class='ocr_line' id='line_1_26' title="bbox 593 2290 3789 2378; baseline -0.004 -23"><span class='ocrx_word' id='word_1_232' title='bbox 593 2302 715 2356; x_wconf 79' lang='grc'>188.</span> <span class='ocrx_word' id='word_1_233' title='bbox 749 2301 861 2356; x_wconf 84' lang='lat' dir='ltr'><strong>Rex</strong></span> <span class='ocrx_word' id='word_1_234' title='bbox 902 2303 1220 2371; x_wconf 86' lang='lat' dir='ltr'><strong>Rodericus,</strong></span> <span class='ocrx_word' id='word_1_235' title='bbox 1252 2307 1304 2360; x_wconf 86' lang='lat' dir='ltr'><strong>in</strong></span> <span class='ocrx_word' id='word_1_236' title='bbox 1331 2307 1596 2376; x_wconf 88' lang='lat' dir='ltr'><strong>principio</strong></span> <span class='ocrx_word' id='word_1_237' title='bbox 1627 2308 1778 2378; x_wconf 82' lang='lat' dir='ltr'><strong>regni</strong></span> <span class='ocrx_word' id='word_1_238' title='bbox 1816 2307 1922 2371; x_wconf 88' lang='lat' dir='ltr'><strong>sui,</strong></span> <span class='ocrx_word' id='word_1_239' title='bbox 1951 2307 2065 2376; x_wconf 85' lang='lat' dir='ltr'><strong>lege</strong></span> <span class='ocrx_word' id='word_1_240' title='bbox 2111 2308 2217 2359; x_wconf 88' lang='lat' dir='ltr'><strong>lata</strong></span> <span class='ocrx_word' id='word_1_241' title='bbox 2252 2307 2421 2376; x_wconf 88' lang='lat' dir='ltr'><strong>legem</strong></span> <span class='ocrx_word' id='word_1_242' title='bbox 2458 2303 2743 2357; x_wconf 82' lang='lat' dir='ltr'><strong>Witizanis</strong></span> <span class='ocrx_word' id='word_1_243' title='bbox 2775 2302 2841 2356; x_wconf 91' lang='lat' dir='ltr'><strong>de</strong></span> <span class='ocrx_word' id='word_1_244' title='bbox 2890 2299 3104 2353; x_wconf 73' lang='lat' dir='ltr'><strong>clericis</strong></span> <span class='ocrx_word' id='word_1_245' title='bbox 3133 2295 3427 2351; x_wconf 82' lang='lat' dir='ltr'><strong>uxoraudis</strong></span> <span class='ocrx_word' id='word_1_246' title='bbox 3447 2335 3461 2356; x_wconf 92' lang='lat'><strong>,</strong></span> <span class='ocrx_word' id='word_1_247' title='bbox 3498 2303 3554 2346; x_wconf 90' lang='lat' dir='ltr'><strong>et</strong></span> <span class='ocrx_word' id='word_1_248' title='bbox 3583 2290 3789 2345; x_wconf 80' lang='lat' dir='ltr'><strong>alendis</strong></span> 
     </span>
    </p>
   </div>
   <div class='ocr_carea' id='block_1_27' title="bbox 525 2380 3788 2469">
    <p class='ocr_par' dir='ltr' id='par_1_27' title="bbox 525 2380 3788 2469">
     <span class='ocr_line' id='line_1_27' title="bbox 525 2380 3788 2469; baseline -0.003 -26"><span class='ocrx_word' id='word_1_249' title='bbox 525 2391 683 2444; x_wconf 88' lang='lat' dir='ltr'><strong>simul</strong></span> <span class='ocrx_word' id='word_1_250' title='bbox 716 2390 838 2461; x_wconf 83' lang='lat' dir='ltr'><strong>[al.,</strong></span> <span class='ocrx_word' id='word_1_251' title='bbox 864 2393 1071 2466; x_wconf 81' lang='lat' dir='ltr'><strong>secum]</strong></span> <span class='ocrx_word' id='word_1_252' title='bbox 1099 2397 1466 2464; x_wconf 86' lang='lat' dir='ltr'><strong>compluribus</strong></span> <span class='ocrx_word' id='word_1_253' title='bbox 1495 2399 1778 2458; x_wconf 74' lang='lat' dir='ltr'><strong>uxoribus.</strong></span> <span class='ocrx_word' id='word_1_254' title='bbox 1811 2399 2112 2469; x_wconf 80' lang='lat' dir='ltr'><strong>abrogavit,</strong></span> <span class='ocrx_word' id='word_1_255' title='bbox 2143 2407 2197 2452; x_wconf 92' lang='lat' dir='ltr'><strong>ct</strong></span> <span class='ocrx_word' id='word_1_256' title='bbox 2222 2396 2498 2466; x_wconf 88' lang='lat' dir='ltr'><strong>Oppanem</strong></span> <span class='ocrx_word' id='word_1_257' title='bbox 2523 2393 2760 2448; x_wconf 82' lang='lat' dir='ltr'><strong>Ecclesia</strong></span> <span class='ocrx_word' id='word_1_258' title='bbox 2794 2389 3051 2444; x_wconf 88' lang='lat' dir='ltr'><strong>&#39;Iolctana</strong></span> <span class='ocrx_word' id='word_1_259' title='bbox 3082 2386 3315 2458; x_wconf 86' lang='lat' dir='ltr'><strong>depulit;</strong></span> <span class='ocrx_word' id='word_1_260' title='bbox 3344 2386 3546 2440; x_wconf 86' lang='lat' dir='ltr'><strong>Cabam</strong></span> <span class='ocrx_word' id='word_1_261' title='bbox 3576 2380 3788 2436; x_wconf 59' lang='lat' dir='ltr'><strong>Floria-</strong></span> 
     </span>
    </p>
   </div>
   <div class='ocr_carea' id='block_1_28' title="bbox 522 2469 2909 2557">
    <p class='ocr_par' dir='ltr' id='par_1_28' title="bbox 522 2469 2909 2557">
     <span class='ocr_line' id='line_1_28' title="bbox 522 2469 2909 2557; baseline 0 -21"><span class='ocrx_word' id='word_1_262' title='bbox 522 2484 666 2548; x_wconf 87' lang='lat' dir='ltr'><strong>dam,</strong></span> <span class='ocrx_word' id='word_1_263' title='bbox 700 2484 858 2537; x_wconf 88' lang='lat' dir='ltr'><strong>ftliam</strong></span> <span class='ocrx_word' id='word_1_264' title='bbox 892 2469 1104 2539; x_wconf 70' lang='lat' dir='ltr'><strong>comitis</strong></span> <span class='ocrx_word' id='word_1_265' title='bbox 1131 2485 1327 2542; x_wconf 78' lang='lat' dir='ltr'><strong>Africae</strong></span> <span class='ocrx_word' id='word_1_266' title='bbox 1354 2488 1611 2544; x_wconf 87' lang='lat' dir='ltr'><strong>limitanei</strong></span> <span class='ocrx_word' id='word_1_267' title='bbox 1641 2488 1860 2554; x_wconf 87' lang='lat' dir='ltr'><strong>Juliaui,</strong></span> <span class='ocrx_word' id='word_1_268' title='bbox 1888 2490 2072 2543; x_wconf 85' lang='lat' dir='ltr'><strong>violat.</strong></span> <span class='ocrx_word' id='word_1_269' title='bbox 2108 2490 2316 2544; x_wconf 81' lang='lat' dir='ltr'><strong>Arabes</strong></span> <span class='ocrx_word' id='word_1_270' title='bbox 2345 2486 2657 2557; x_wconf 84' lang='lat' dir='ltr'><strong>Hispaniam</strong></span> <span class='ocrx_word' id='word_1_271' title='bbox 2689 2484 2909 2538; x_wconf 87' lang='lat' dir='ltr'><strong>adeunt.</strong></span> 
     </span>
    </p>
   </div>
   <div class='ocr_carea' id='block_1_29' title="bbox 1481 2573 2832 2635">
    <p class='ocr_par' dir='ltr' id='par_1_29' title="bbox 1481 2573 2832 2635">
     <span class='ocr_line' id='line_1_29' title="bbox 1481 2573 2832 2635; baseline -0.004 -2"><span class='ocrx_word' id='word_1_272' title='bbox 1481 2581 1541 2634; x_wconf 80' lang='grc' dir='ltr'>Ρ.</span> <span class='ocrx_word' id='word_1_273' title='bbox 1583 2579 1914 2635; x_wconf 70' lang='lat' dir='ltr'><strong>HIGUERAS</strong></span> <span class='ocrx_word' id='word_1_274' title='bbox 1955 2579 2044 2633; x_wconf 79' lang='grc' dir='ltr'><strong>ΕΤ</strong></span> <span class='ocrx_word' id='word_1_275' title='bbox 2088 2582 2148 2635; x_wconf 85' lang='grc' dir='ltr'>υ.</span> <span class='ocrx_word' id='word_1_276' title='bbox 2191 2576 2569 2634; x_wconf 66' lang='grc' dir='ltr'><strong>ΙΑΕΒΕΝἸῚΙ</strong></span> <span class='ocrx_word' id='word_1_277' title='bbox 2604 2573 2832 2631; x_wconf 63' lang='lat' dir='ltr'><strong>NOTAE.</strong></span> 
     </span>
    </p>
   </div>
   <div class='ocr_carea' id='block_1_30' title="bbox 525 2664 3791 2742">
    <p class='ocr_par' dir='ltr' id='par_1_30' title="bbox 525 2664 3791 2742">
     <span class='ocr_line' id='line_1_30' title="bbox 525 2664 3791 2742; baseline -0.002 -19"><span class='ocrx_word' id='word_1_278' title='bbox 525 2679 662 2732; x_wconf 89' lang='lat' dir='ltr'><strong>tum,</strong></span> <span class='ocrx_word' id='word_1_279' title='bbox 695 2678 750 2720; x_wconf 89' lang='lat' dir='ltr'><strong>ut</strong></span> <span class='ocrx_word' id='word_1_280' title='bbox 775 2667 948 2742; x_wconf 75' lang='lat' dir='ltr'><strong>legem</strong></span> <span class='ocrx_word' id='word_1_281' title='bbox 975 2667 1190 2737; x_wconf 87' lang='lat' dir='ltr'><strong>impiam</strong></span> <span class='ocrx_word' id='word_1_282' title='bbox 1227 2679 1280 2725; x_wconf 89' lang='lat' dir='ltr'><strong>et</strong></span> <span class='ocrx_word' id='word_1_283' title='bbox 1323 2670 1663 2740; x_wconf 85' lang='lat' dir='ltr'><strong>sacrilegam,</strong></span> <span class='ocrx_word' id='word_1_284' title='bbox 1693 2680 1748 2726; x_wconf 91' lang='lat' dir='ltr'><strong>et</strong></span> <span class='ocrx_word' id='word_1_285' title='bbox 1775 2679 1963 2725; x_wconf 88' lang='lat' dir='ltr'><strong>contra</strong></span> <span class='ocrx_word' id='word_1_286' title='bbox 1993 2685 2108 2724; x_wconf 89' lang='lat' dir='ltr'><strong>om-</strong></span> <span class='ocrx_word' id='word_1_287' title='bbox 2136 2683 2181 2742; x_wconf 69' lang='grc' dir='ltr'><strong>Α</strong></span> <span class='ocrx_word' id='word_1_288' title='bbox 2211 2673 2451 2742; x_wconf 87' lang='lat' dir='ltr'><strong>legitimo</strong></span> <span class='ocrx_word' id='word_1_289' title='bbox 2502 2671 2754 2742; x_wconf 84' lang='lat' dir='ltr'><strong>poutilice</strong></span> <span class='ocrx_word' id='word_1_290' title='bbox 2778 2668 3084 2742; x_wconf 25' lang='lat' dir='ltr'><strong>‘Toletano,</strong></span> <span class='ocrx_word' id='word_1_291' title='bbox 3139 2675 3402 2736; x_wconf 72' lang='lat' dir='ltr'><strong>przeseute</strong></span> <span class='ocrx_word' id='word_1_292' title='bbox 3455 2664 3679 2742; x_wconf 81' lang='lat' dir='ltr'><strong>Oppanc</strong></span> <span class='ocrx_word' id='word_1_293' title='bbox 3709 2665 3791 2717; x_wconf 81' lang='lat' dir='ltr'><strong>in-</strong></span> 
     </span>
    </p>
   </div>
   <div class='ocr_carea' id='block_1_31' title="bbox 525 2739 2102 2807">
    <p class='ocr_par' dir='ltr' id='par_1_31' title="bbox 525 2739 2102 2807">
     <span class='ocr_line' id='line_1_31' title="bbox 525 2739 2102 2807; baseline 0.001 -15"><span class='ocrx_word' id='word_1_294' title='bbox 525 2755 648 2793; x_wconf 88' lang='lat' dir='ltr'><strong>nem</strong></span> <span class='ocrx_word' id='word_1_295' title='bbox 681 2739 977 2792; x_wconf 85' lang='lat' dir='ltr'><strong>honestatis</strong></span> <span class='ocrx_word' id='word_1_296' title='bbox 997 2750 1050 2790; x_wconf 90' lang='lat' dir='ltr'><strong>et</strong></span> <span class='ocrx_word' id='word_1_297' title='bbox 1077 2742 1290 2807; x_wconf 86' lang='lat' dir='ltr'><strong>pietatis</strong></span> <span class='ocrx_word' id='word_1_298' title='bbox 1317 2744 1582 2796; x_wconf 89' lang='lat' dir='ltr'><strong>rationem</strong></span> <span class='ocrx_word' id='word_1_299' title='bbox 1607 2742 1767 2796; x_wconf 90' lang='lat' dir='ltr'><strong>latam</strong></span> <span class='ocrx_word' id='word_1_300' title='bbox 1803 2749 2102 2795; x_wconf 86' lang='lat' dir='ltr'><strong>revocaret.</strong></span> 
     </span>
    </p>
   </div>
   <div class='ocr_carea' id='block_1_32' title="bbox 524 2809 2104 2888">
    <p class='ocr_par' dir='ltr' id='par_1_32' title="bbox 524 2809 2104 2888">
     <span class='ocr_line' id='line_1_32' title="bbox 524 2809 2104 2888; baseline 0 -26"><span class='ocrx_word' id='word_1_301' title='bbox 524 2810 732 2863; x_wconf 80' lang='lat' dir='ltr'><strong>Acerbe</strong></span> <span class='ocrx_word' id='word_1_302' title='bbox 759 2818 815 2888; x_wconf 73' lang='lat' dir='ltr'><strong>et</strong></span> <span class='ocrx_word' id='word_1_303' title='bbox 843 2809 1195 2888; x_wconf 70' lang='lat' dir='ltr'><strong>impatienter</strong></span> <span class='ocrx_word' id='word_1_304' title='bbox 1227 2812 1349 2866; x_wconf 92' lang='lat' dir='ltr'><strong>tulit</strong></span> <span class='ocrx_word' id='word_1_305' title='bbox 1378 2815 1516 2888; x_wconf 82' lang='lat' dir='ltr'><strong>hanc</strong></span> <span class='ocrx_word' id='word_1_306' title='bbox 1555 2813 1875 2888; x_wconf 80' lang='lat' dir='ltr'><strong>legationem</strong></span> <span class='ocrx_word' id='word_1_307' title='bbox 1905 2809 2104 2888; x_wconf 60' lang='lat' dir='ltr'><strong>Witiza</strong></span> 
     </span>
    </p>
   </div>
   <div class='ocr_carea' id='block_1_33' title="bbox 528 2879 2105 2950">
    <p class='ocr_par' dir='ltr' id='par_1_33' title="bbox 528 2879 2105 2950">
     <span class='ocr_line' id='line_1_33' title="bbox 528 2879 2105 2950; baseline -0.007 -7"><span class='ocrx_word' id='word_1_308' title='bbox 528 2895 659 2943; x_wconf 69' lang='lat' dir='ltr'><strong>rex;</strong></span> <span class='ocrx_word' id='word_1_309' title='bbox 690 2889 745 2950; x_wconf 58' lang='grc' dir='ltr'><strong>ξι</strong></span> <span class='ocrx_word' id='word_1_310' title='bbox 784 2879 966 2946; x_wconf 87' lang='lat' dir='ltr'><strong>iniquo</strong></span> <span class='ocrx_word' id='word_1_311' title='bbox 1006 2883 1282 2948; x_wconf 74' lang='lat' dir='ltr'><strong>perferens</strong></span> <span class='ocrx_word' id='word_1_312' title='bbox 1324 2883 1504 2936; x_wconf 92' lang='lat' dir='ltr'><strong>animo</strong></span> <span class='ocrx_word' id='word_1_313' title='bbox 1540 2879 1984 2950; x_wconf 57' lang='lat' dir='ltr'><strong>se&#39;rcprehendi,</strong></span> <span class='ocrx_word' id='word_1_314' title='bbox 2019 2897 2105 2932; x_wconf 88' lang='lat' dir='ltr'><strong>re-</strong></span> 
     </span>
    </p>
   </div>
   <div class='ocr_carea' id='block_1_34' title="bbox 530 2947 2109 3019">
    <p class='ocr_par' dir='ltr' id='par_1_34' title="bbox 530 2947 2109 3019">
     <span class='ocr_line' id='line_1_34' title="bbox 530 2947 2109 3019; baseline 0 -15"><span class='ocrx_word' id='word_1_315' title='bbox 530 2949 748 3019; x_wconf 88' lang='lat' dir='ltr'><strong>spondit</strong></span> <span class='ocrx_word' id='word_1_316' title='bbox 772 2963 830 3001; x_wconf 90' lang='lat' dir='ltr'><strong>se</strong></span> <span class='ocrx_word' id='word_1_317' title='bbox 858 2947 1022 3017; x_wconf 83' lang='lat' dir='ltr'><strong>prope</strong></span> <span class='ocrx_word' id='word_1_318' title='bbox 1055 2950 1192 3003; x_wconf 89' lang='lat' dir='ltr'><strong>diem</strong></span> <span class='ocrx_word' id='word_1_319' title='bbox 1220 2952 1444 3006; x_wconf 88' lang='lat' dir='ltr'><strong>Romam</strong></span> <span class='ocrx_word' id='word_1_320' title='bbox 1470 2947 1774 3014; x_wconf 47' lang='lat' dir='ltr'><strong>iturumjet</strong></span> <span class='ocrx_word' id='word_1_321' title='bbox 1795 2947 1943 3004; x_wconf 83' lang='lat' dir='ltr'><strong>more</strong></span> <span class='ocrx_word' id='word_1_322' title='bbox 1968 2951 2109 3018; x_wconf 82' lang='lat' dir='ltr'><strong>regis</strong></span> 
     </span>
    </p>
   </div>
   <div class='ocr_carea' id='block_1_35' title="bbox 531 3019 2106 3087">
    <p class='ocr_par' dir='ltr' id='par_1_35' title="bbox 531 3019 2106 3087">
     <span class='ocr_line' id='line_1_35' title="bbox 531 3019 2106 3087; baseline -0.001 -13"><span class='ocrx_word' id='word_1_323' title='bbox 531 3019 731 3074; x_wconf 85' lang='lat' dir='ltr'><strong>Alarici</strong></span> <span class='ocrx_word' id='word_1_324' title='bbox 764 3019 1174 3087; x_wconf 70' lang='lat' dir='ltr'><strong>praadecessoris</strong></span> <span class='ocrx_word' id='word_1_325' title='bbox 1193 3023 1272 3075; x_wconf 89' lang='lat' dir='ltr'><strong>sui</strong></span> <span class='ocrx_word' id='word_1_326' title='bbox 1289 3021 1515 3076; x_wconf 90' lang='lat' dir='ltr'><strong>Romam</strong></span> <span class='ocrx_word' id='word_1_327' title='bbox 1539 3022 1936 3075; x_wconf 83' lang='lat' dir='ltr'><strong>tlemoliturum.</strong></span> <span class='ocrx_word' id='word_1_328' title='bbox 1955 3021 2106 3086; x_wconf 80' lang='lat' dir='ltr'><strong>Quod</strong></span> 
     </span>
    </p>
   </div>
   <div class='ocr_carea' id='block_1_36' title="bbox 533 3089 2107 3161">
    <p class='ocr_par' dir='ltr' id='par_1_36' title="bbox 533 3089 2107 3161">
     <span class='ocr_line' id='line_1_36' title="bbox 533 3089 2107 3161; baseline -0.003 -16"><span class='ocrx_word' id='word_1_329' title='bbox 533 3093 588 3145; x_wconf 89' lang='lat' dir='ltr'><strong>in</strong></span> <span class='ocrx_word' id='word_1_330' title='bbox 612 3089 756 3161; x_wconf 88' lang='lat' dir='ltr'><strong>nullo</strong></span> <span class='ocrx_word' id='word_1_331' title='bbox 767 3089 875 3161; x_wconf 82' lang='lat' dir='ltr'><strong>alio</strong></span> <span class='ocrx_word' id='word_1_332' title='bbox 888 3090 1048 3161; x_wconf 82' lang='lat' dir='ltr'><strong>(quod</strong></span> <span class='ocrx_word' id='word_1_333' title='bbox 1067 3092 1340 3161; x_wconf 79' lang='lat' dir='ltr'><strong>recorder)</strong></span> <span class='ocrx_word' id='word_1_334' title='bbox 1358 3101 1578 3145; x_wconf 89' lang='lat' dir='ltr'><strong>auctore</strong></span> <span class='ocrx_word' id='word_1_335' title='bbox 1593 3094 1828 3161; x_wconf 89' lang='lat' dir='ltr'><strong>reperire</strong></span> <span class='ocrx_word' id='word_1_336' title='bbox 1846 3099 2013 3161; x_wconf 77' lang='lat' dir='ltr'><strong>potui.</strong></span> <span class='ocrx_word' id='word_1_337' title='bbox 2031 3090 2107 3142; x_wconf 84' lang='lat' dir='ltr'><strong>lo.</strong></span> 
     </span>
    </p>
   </div>
   <div class='ocr_carea' id='block_1_37' title="bbox 606 3158 2113 3230">
    <p class='ocr_par' dir='ltr' id='par_1_37' title="bbox 606 3158 2113 3230">
     <span class='ocr_line' id='line_1_37' title="bbox 606 3158 2113 3230; baseline -0.001 -17"><span class='ocrx_word' id='word_1_338' title='bbox 606 3159 737 3230; x_wconf 56' lang='grc'>184.</span> <span class='ocrx_word' id='word_1_339' title='bbox 747 3159 843 3230; x_wconf 13' lang='lat' dir='ltr'><strong>per</strong></span> <span class='ocrx_word' id='word_1_340' title='bbox 865 3158 1136 3230; x_wconf 80' lang='lat' dir='ltr'><strong>invasione</strong></span> <span class='ocrx_word' id='word_1_341' title='bbox 1161 3158 1398 3229; x_wconf 90' lang='lat' dir='ltr'><strong>Oppauis</strong></span> <span class='ocrx_word' id='word_1_342' title='bbox 1431 3162 1567 3230; x_wconf 85' lang='lat' dir='ltr'><strong>(sive</strong></span> <span class='ocrx_word' id='word_1_343' title='bbox 1588 3158 1758 3230; x_wconf 13' lang='lat' dir='ltr'><strong>rlilius,</strong></span> <span class='ocrx_word' id='word_1_344' title='bbox 1792 3158 1904 3214; x_wconf 77' lang='lat' dir='ltr'><strong>sive</strong></span> <span class='ocrx_word' id='word_1_345' title='bbox 1943 3160 2113 3214; x_wconf 87' lang='lat' dir='ltr'><strong>frater</strong></span> 
     </span>
    </p>
   </div>
   <div class='ocr_carea' id='block_1_38' title="bbox 533 3227 2108 3296">
    <p class='ocr_par' dir='ltr' id='par_1_38' title="bbox 533 3227 2108 3296">
     <span class='ocr_line' id='line_1_38' title="bbox 533 3227 2108 3296; baseline -0.001 -13"><span class='ocrx_word' id='word_1_346' title='bbox 533 3227 1036 3296; x_wconf 65' lang='lat' dir='ltr'><strong>fucritWiticanis)</strong></span> <span class='ocrx_word' id='word_1_347' title='bbox 1089 3229 1167 3283; x_wconf 89' lang='lat' dir='ltr'><strong>sic</strong></span> <span class='ocrx_word' id='word_1_348' title='bbox 1210 3227 1520 3285; x_wconf 73' lang='lat' dir='ltr'><strong>Rodericus</strong></span> <span class='ocrx_word' id='word_1_349' title='bbox 1557 3229 1844 3285; x_wconf 89' lang='lat' dir='ltr'><strong>Toletauus</strong></span> <span class='ocrx_word' id='word_1_350' title='bbox 1891 3230 1984 3286; x_wconf 92' lang='lat' dir='ltr'><strong>lib.</strong></span> <span class='ocrx_word' id='word_1_351' title='bbox 2039 3245 2108 3289; x_wconf 86' lang='lat' dir='ltr'><strong>tv,</strong></span> 
     </span>
    </p>
   </div>
   <div class='ocr_carea' id='block_1_39' title="bbox 533 3298 2112 3362">
    <p class='ocr_par' dir='ltr' id='par_1_39' title="bbox 533 3298 2112 3362">
     <span class='ocr_line' id='line_1_39' title="bbox 533 3298 2112 3362; baseline -0.001 -10"><span class='ocrx_word' id='word_1_352' title='bbox 533 3318 583 3353; x_wconf 70' lang='grc' dir='ltr'><strong>«ε.</strong></span> <span class='ocrx_word' id='word_1_353' title='bbox 620 3299 722 3353; x_wconf 73' lang='grc' dir='ltr'><strong>16ε</strong></span> <span class='ocrx_word' id='word_1_354' title='bbox 759 3317 776 3350; x_wconf 80' lang='lat' dir='ltr'><strong>t</strong></span> <span class='ocrx_word' id='word_1_355' title='bbox 801 3298 998 3352; x_wconf 82' lang='lat' dir='ltr'><strong>Witiza</strong></span> <span class='ocrx_word' id='word_1_356' title='bbox 1022 3309 1199 3352; x_wconf 88' lang='lat' dir='ltr'><strong>autem</strong></span> <span class='ocrx_word' id='word_1_357' title='bbox 1230 3315 1507 3354; x_wconf 88' lang='lat' dir='ltr'><strong>sacrorum</strong></span> <span class='ocrx_word' id='word_1_358' title='bbox 1533 3315 1804 3354; x_wconf 91' lang='lat' dir='ltr'><strong>canonum</strong></span> <span class='ocrx_word' id='word_1_359' title='bbox 1839 3301 2112 3362; x_wconf 86' lang='lat' dir='ltr'><strong>inimicus,</strong></span> 
     </span>
    </p>
   </div>
   <div class='ocr_carea' id='block_1_40' title="bbox 533 3368 2117 3440">
    <p class='ocr_par' dir='ltr' id='par_1_40' title="bbox 533 3368 2117 3440">
     <span class='ocr_line' id='line_1_40' title="bbox 533 3368 2117 3440; baseline -0.001 -17"><span class='ocrx_word' id='word_1_360' title='bbox 533 3374 697 3440; x_wconf 74' lang='lat' dir='ltr'><strong>()ppa:</strong></span> <span class='ocrx_word' id='word_1_361' title='bbox 745 3368 899 3440; x_wconf 81' lang='lat' dir='ltr'><strong>fratri</strong></span> <span class='ocrx_word' id='word_1_362' title='bbox 940 3383 1061 3440; x_wconf 85' lang='lat' dir='ltr'><strong>suo,</strong></span> <span class='ocrx_word' id='word_1_363' title='bbox 1093 3370 1500 3440; x_wconf 87' lang='lat' dir='ltr'><strong>archiepisc0po</strong></span> <span class='ocrx_word' id='word_1_364' title='bbox 1536 3370 1862 3440; x_wconf 84' lang='lat' dir='ltr'><strong>llispaleusi,</strong></span> <span class='ocrx_word' id='word_1_365' title='bbox 1897 3380 2117 3424; x_wconf 83' lang='lat' dir='ltr'><strong>contra-</strong></span> 
     </span>
    </p>
   </div>
   <div class='ocr_carea' id='block_1_41' title="bbox 534 3439 2114 3510">
    <p class='ocr_par' dir='ltr' id='par_1_41' title="bbox 534 3439 2114 3510">
     <span class='ocr_line' id='line_1_41' title="bbox 534 3439 2114 3510; baseline -0.001 -17"><span class='ocrx_word' id='word_1_366' title='bbox 534 3439 672 3494; x_wconf 78' lang='lat' dir='ltr'><strong>didit</strong></span> <span class='ocrx_word' id='word_1_367' title='bbox 699 3439 991 3493; x_wconf 79' lang='lat' dir='ltr'><strong>Ecclesium</strong></span> <span class='ocrx_word' id='word_1_368' title='bbox 1020 3439 1356 3502; x_wconf 85' lang='lat' dir='ltr'><strong>&#39;l‘oletanatn,</strong></span> <span class='ocrx_word' id='word_1_369' title='bbox 1391 3439 1646 3493; x_wconf 82' lang='lat' dir='ltr'><strong>renuente</strong></span> <span class='ocrx_word' id='word_1_370' title='bbox 1685 3442 1934 3510; x_wconf 84' lang='lat' dir='ltr'><strong>pontilicc</strong></span> <span class='ocrx_word' id='word_1_371' title='bbox 1971 3442 2114 3509; x_wconf 75' lang='lat' dir='ltr'><strong>Syn-</strong></span> 
     </span>
    </p>
   </div>
   <div class='ocr_carea' id='block_1_42' title="bbox 535 3509 2116 3578">
    <p class='ocr_par' dir='ltr' id='par_1_42' title="bbox 535 3509 2116 3578">
     <span class='ocr_line' id='line_1_42' title="bbox 535 3509 2116 3578; baseline -0.001 -15"><span class='ocrx_word' id='word_1_372' title='bbox 535 3510 768 3574; x_wconf 90' lang='lat' dir='ltr'><strong>deredo;</strong></span> <span class='ocrx_word' id='word_1_373' title='bbox 796 3518 875 3572; x_wconf 91' lang='lat' dir='ltr'><strong>ut,</strong></span> <span class='ocrx_word' id='word_1_374' title='bbox 933 3510 1071 3562; x_wconf 89' lang='lat' dir='ltr'><strong>sicut</strong></span> <span class='ocrx_word' id='word_1_375' title='bbox 1117 3509 1229 3578; x_wconf 89' lang='lat' dir='ltr'><strong>ipse</strong></span> <span class='ocrx_word' id='word_1_376' title='bbox 1277 3525 1335 3563; x_wconf 89' lang='lat' dir='ltr'><strong>se</strong></span> <span class='ocrx_word' id='word_1_377' title='bbox 1381 3511 1604 3570; x_wconf 89' lang='lat' dir='ltr'><strong>carnali,</strong></span> <span class='ocrx_word' id='word_1_378' title='bbox 1647 3509 1720 3562; x_wconf 89' lang='lat' dir='ltr'><strong>ita</strong></span> <span class='ocrx_word' id='word_1_379' title='bbox 1763 3509 1931 3563; x_wconf 82' lang='lat' dir='ltr'><strong>frater</strong></span> <span class='ocrx_word' id='word_1_380' title='bbox 1956 3511 2116 3578; x_wconf 86' lang='lat' dir='ltr'><strong>spiri-</strong></span> 
     </span>
    </p>
   </div>
   <div class='ocr_carea' id='block_1_43' title="bbox 539 3578 2116 3649">
    <p class='ocr_par' dir='ltr' id='par_1_43' title="bbox 539 3578 2116 3649">
     <span class='ocr_line' id='line_1_43' title="bbox 539 3578 2116 3649; baseline -0.001 -15"><span class='ocrx_word' id='word_1_381' title='bbox 539 3580 668 3634; x_wconf 91' lang='lat' dir='ltr'><strong>tuali</strong></span> <span class='ocrx_word' id='word_1_382' title='bbox 709 3578 971 3634; x_wconf 85' lang='lat' dir='ltr'><strong>adulterio</strong></span> <span class='ocrx_word' id='word_1_383' title='bbox 1001 3578 1250 3633; x_wconf 67' lang='lat' dir='ltr'><strong>foedaret.</strong></span> <span class='ocrx_word' id='word_1_384' title='bbox 1280 3599 1298 3631; x_wconf 76' lang='grc' dir='ltr'><strong><em>ι</em></strong></span> <span class='ocrx_word' id='word_1_385' title='bbox 1333 3579 1446 3634; x_wconf 84' lang='lat' dir='ltr'><strong>Hoc</strong></span> <span class='ocrx_word' id='word_1_386' title='bbox 1496 3579 1614 3635; x_wconf 89' lang='lat' dir='ltr'><strong>loco</strong></span> <span class='ocrx_word' id='word_1_387' title='bbox 1654 3584 1857 3649; x_wconf 86' lang='lat' dir='ltr'><strong>Uppam</strong></span> <span class='ocrx_word' id='word_1_388' title='bbox 1892 3579 2116 3634; x_wconf 87' lang='lat' dir='ltr'><strong>fratrem</strong></span> 
     </span>
    </p>
   </div>
   <div class='ocr_carea' id='block_1_44' title="bbox 538 3651 2014 3719">
    <p class='ocr_par' dir='ltr' id='par_1_44' title="bbox 538 3651 2014 3719">
     <span class='ocr_line' id='line_1_44' title="bbox 538 3651 2014 3719; baseline -0.01 -15"><span class='ocrx_word' id='word_1_389' title='bbox 538 3651 682 3719; x_wconf 86' lang='lat' dir='ltr'><strong>regis</strong></span> <span class='ocrx_word' id='word_1_390' title='bbox 701 3656 873 3719; x_wconf 72' lang='lat' dir='ltr'><strong>vocat.</strong></span> <span class='ocrx_word' id='word_1_391' title='bbox 904 3651 977 3700; x_wconf 87' lang='lat' dir='ltr'><strong>lo.</strong></span> <span class='ocrx_word' id='word_1_392' title='bbox 1746 3718 1752 3719; x_wconf 11' lang='grc' dir='ltr'><em>γ</em></span> <span class='ocrx_word' id='word_1_393' title='bbox 2004 3671 2014 3678; x_wconf 87' lang='grc'><strong>-</strong></span> 
     </span>
    </p>
   </div>
   <div class='ocr_carea' id='block_1_45' title="bbox 615 3717 2118 3788">
    <p class='ocr_par' dir='ltr' id='par_1_45' title="bbox 615 3717 2118 3788">
     <span class='ocr_line' id='line_1_45' title="bbox 615 3717 2118 3788; baseline -0.001 -16"><span class='ocrx_word' id='word_1_394' title='bbox 615 3717 735 3775; x_wconf 71' lang='lat'><strong>185.</strong></span> <span class='ocrx_word' id='word_1_395' title='bbox 767 3717 890 3770; x_wconf 89' lang='lat' dir='ltr'><strong>Tria</strong></span> <span class='ocrx_word' id='word_1_396' title='bbox 924 3720 1011 3772; x_wconf 89' lang='lat' dir='ltr'><strong>hic</strong></span> <span class='ocrx_word' id='word_1_397' title='bbox 1035 3719 1343 3788; x_wconf 73' lang='lat' dir='ltr'><strong>qttterenda.</strong></span> <span class='ocrx_word' id='word_1_398' title='bbox 1373 3719 1611 3774; x_wconf 89' lang='lat' dir='ltr'><strong>Primum</strong></span> <span class='ocrx_word' id='word_1_399' title='bbox 1645 3719 1710 3774; x_wconf 90' lang='lat' dir='ltr'><strong>de</strong></span> <span class='ocrx_word' id='word_1_400' title='bbox 1741 3718 2028 3782; x_wconf 82' lang='lat' dir='ltr'><strong>Roderico,</strong></span> <span class='ocrx_word' id='word_1_401' title='bbox 2052 3734 2118 3771; x_wconf 90' lang='lat' dir='ltr'><strong>an</strong></span> 
     </span>
    </p>
   </div>
   <div class='ocr_carea' id='block_1_46' title="bbox 539 3789 2123 3860">
    <p class='ocr_par' dir='ltr' id='par_1_46' title="bbox 539 3789 2123 3860">
     <span class='ocr_line' id='line_1_46' title="bbox 539 3789 2123 3860; baseline -0.003 -16"><span class='ocrx_word' id='word_1_402' title='bbox 539 3789 995 3860; x_wconf 76' lang='lat' dir='ltr'><strong>pertyranuidem</strong></span> <span class='ocrx_word' id='word_1_403' title='bbox 1047 3791 1270 3860; x_wconf 9' lang='lat' dir='ltr'><strong>etrvitn,</strong></span> <span class='ocrx_word' id='word_1_404' title='bbox 1318 3806 1384 3843; x_wconf 91' lang='lat' dir='ltr'><strong>an</strong></span> <span class='ocrx_word' id='word_1_405' title='bbox 1438 3806 1534 3859; x_wconf 88' lang='lat' dir='ltr'><strong>per</strong></span> <span class='ocrx_word' id='word_1_406' title='bbox 1583 3789 1900 3844; x_wconf 87' lang='lat' dir='ltr'><strong>electionem</strong></span> <span class='ocrx_word' id='word_1_407' title='bbox 1940 3791 2123 3843; x_wconf 91' lang='lat' dir='ltr'><strong>inierit</strong></span> 
     </span>
    </p>
   </div>
   <div class='ocr_carea' id='block_1_47' title="bbox 542 3858 2120 3929">
    <p class='ocr_par' dir='ltr' id='par_1_47' title="bbox 542 3858 2120 3929">
     <span class='ocr_line' id='line_1_47' title="bbox 542 3858 2120 3929; baseline -0.001 -16"><span class='ocrx_word' id='word_1_408' title='bbox 542 3858 764 3929; x_wconf 80' lang='lat' dir='ltr'><strong>regnum</strong></span> <span class='ocrx_word' id='word_1_409' title='bbox 801 3858 1141 3929; x_wconf 62' lang='lat' dir='ltr'><strong>Quthorum?</strong></span> <span class='ocrx_word' id='word_1_410' title='bbox 1171 3858 1496 3925; x_wconf 77' lang='lat' dir='ltr'><strong>Secundum,</strong></span> <span class='ocrx_word' id='word_1_411' title='bbox 1543 3862 1632 3914; x_wconf 78' lang='grc' dir='ltr'>ιιὺί</span> <span class='ocrx_word' id='word_1_412' title='bbox 1671 3860 1865 3913; x_wconf 84' lang='lat' dir='ltr'><strong>Witiza</strong></span> <span class='ocrx_word' id='word_1_413' title='bbox 1893 3871 2120 3913; x_wconf 89' lang='lat' dir='ltr'><strong>mortem</strong></span> 
     </span>
    </p>
   </div>
   <div class='ocr_carea' id='block_1_48' title="bbox 541 3927 2124 4001">
    <p class='ocr_par' dir='ltr' id='par_1_48' title="bbox 541 3927 2124 4001">
     <span class='ocr_line' id='line_1_48' title="bbox 541 3927 2124 4001; baseline 0.004 -23"><span class='ocrx_word' id='word_1_414' title='bbox 541 3927 770 4001; x_wconf 64' lang='lat' dir='ltr'><strong>«inierit?</strong></span> <span class='ocrx_word' id='word_1_415' title='bbox 797 3927 1058 4001; x_wconf 67' lang='lat' dir='ltr'><strong>Tertium,</strong></span> <span class='ocrx_word' id='word_1_416' title='bbox 1104 3941 1439 4001; x_wconf 85' lang='lat' dir='ltr'><strong>quotonatn</strong></span> <span class='ocrx_word' id='word_1_417' title='bbox 1482 3946 1625 3983; x_wconf 91' lang='lat' dir='ltr'><strong>anno</strong></span> <span class='ocrx_word' id='word_1_418' title='bbox 1664 3931 1926 4001; x_wconf 75' lang='lat' dir='ltr'><strong>cteperit?</strong></span> <span class='ocrx_word' id='word_1_419' title='bbox 1957 3932 2124 4001; x_wconf 69' lang='lat' dir='ltr'><strong>Seba-</strong></span> 
     </span>
    </p>
   </div>
   <div class='ocr_carea' id='block_1_49' title="bbox 544 3998 2125 4069">
    <p class='ocr_par' dir='ltr' id='par_1_49' title="bbox 544 3998 2125 4069">
     <span class='ocr_line' id='line_1_49' title="bbox 544 3998 2125 4069; baseline 0.001 -17"><span class='ocrx_word' id='word_1_420' title='bbox 544 4000 761 4069; x_wconf 68' lang='lat' dir='ltr'><strong>stianus</strong></span> <span class='ocrx_word' id='word_1_421' title='bbox 785 3998 1226 4054; x_wconf 81' lang='lat' dir='ltr'><strong>Saltuanticeusis</strong></span> <span class='ocrx_word' id='word_1_422' title='bbox 1254 4000 1329 4052; x_wconf 93' lang='lat' dir='ltr'><strong>ait</strong></span> <span class='ocrx_word' id='word_1_423' title='bbox 1367 4017 1459 4069; x_wconf 88' lang='lat' dir='ltr'><strong>per</strong></span> <span class='ocrx_word' id='word_1_424' title='bbox 1484 3998 1830 4066; x_wconf 82' lang='lat' dir='ltr'><strong>electionem;</strong></span> <span class='ocrx_word' id='word_1_425' title='bbox 1864 4010 1919 4054; x_wconf 88' lang='lat' dir='ltr'><strong>at</strong></span> <span class='ocrx_word' id='word_1_426' title='bbox 1951 4000 2125 4054; x_wconf 82' lang='lat' dir='ltr'><strong>Rode-</strong></span> 
     </span>
    </p>
   </div>
   <div class='ocr_carea' id='block_1_50' title="bbox 2215 2738 3794 2810">
    <p class='ocr_par' dir='ltr' id='par_1_50' title="bbox 2215 2738 3794 2810">
     <span class='ocr_line' id='line_1_50' title="bbox 2215 2738 3794 2810; baseline -0.008 -13"><span class='ocrx_word' id='word_1_427' title='bbox 2215 2738 2393 2808; x_wconf 78' lang='lat' dir='ltr'><strong>truso;</strong></span> <span class='ocrx_word' id='word_1_428' title='bbox 2427 2757 2457 2795; x_wconf 88' lang='lat' dir='ltr'><strong>a</strong></span> <span class='ocrx_word' id='word_1_429' title='bbox 2499 2738 2605 2810; x_wconf 80' lang='lat' dir='ltr'><strong>quo</strong></span> <span class='ocrx_word' id='word_1_430' title='bbox 2645 2739 2817 2794; x_wconf 91' lang='lat' dir='ltr'><strong>noluit</strong></span> <span class='ocrx_word' id='word_1_431' title='bbox 2852 2738 3152 2793; x_wconf 89' lang='lat' dir='ltr'><strong>Rodericus</strong></span> <span class='ocrx_word' id='word_1_432' title='bbox 3177 2740 3505 2810; x_wconf 80' lang='lat' dir='ltr'><strong>consecrari.</strong></span> <span class='ocrx_word' id='word_1_433' title='bbox 3531 2738 3794 2810; x_wconf 66' lang='lat' dir='ltr'><strong>Intererat</strong></span> 
     </span>
    </p>
   </div>
   <div class='ocr_carea' id='block_1_51' title="bbox 2216 2808 3791 2883">
    <p class='ocr_par' dir='ltr' id='par_1_51' title="bbox 2216 2808 3791 2883">
     <span class='ocr_line' id='line_1_51' title="bbox 2216 2808 3791 2883; baseline -0.008 -17"><span class='ocrx_word' id='word_1_434' title='bbox 2216 2827 2442 2883; x_wconf 91' lang='lat' dir='ltr'><strong>magnus</strong></span> <span class='ocrx_word' id='word_1_435' title='bbox 2468 2808 3060 2883; x_wconf 25' lang='lat' dir='ltr'><strong>nutuerus‘pontilicum</strong></span> <span class='ocrx_word' id='word_1_436' title='bbox 3087 2817 3141 2862; x_wconf 91' lang='lat' dir='ltr'><strong>et</strong></span> <span class='ocrx_word' id='word_1_437' title='bbox 3168 2808 3528 2877; x_wconf 87' lang='lat' dir='ltr'><strong>palatinorum</strong></span> <span class='ocrx_word' id='word_1_438' title='bbox 3562 2808 3614 2858; x_wconf 94' lang='lat' dir='ltr'><strong>in</strong></span> <span class='ocrx_word' id='word_1_439' title='bbox 3651 2809 3791 2874; x_wconf 77' lang='lat' dir='ltr'><strong>regia</strong></span> 
     </span>
    </p>
   </div>
   <div class='ocr_carea' id='block_1_52' title="bbox 2213 2880 2768 2937">
    <p class='ocr_par' dir='ltr' id='par_1_52' title="bbox 2213 2880 2768 2937">
     <span class='ocr_line' id='line_1_52' title="bbox 2213 2880 2768 2937; baseline -0.009 0"><span class='ocrx_word' id='word_1_440' title='bbox 2213 2880 2585 2937; x_wconf 70' lang='lat' dir='ltr'><strong>eorunatione.</strong></span> <span class='ocrx_word' id='word_1_441' title='bbox 2613 2883 2670 2936; x_wconf 79' lang='grc' dir='ltr'>Ρ.</span> <span class='ocrx_word' id='word_1_442' title='bbox 2702 2880 2768 2934; x_wconf 83' lang='lat' dir='ltr'><strong>ll.</strong></span> 
     </span>
    </p>
   </div>
   <div class='ocr_carea' id='block_1_53' title="bbox 2287 2943 3794 3020">
    <p class='ocr_par' dir='ltr' id='par_1_53' title="bbox 2287 2943 3794 3020">
     <span class='ocr_line' id='line_1_53' title="bbox 2287 2943 3794 3020; baseline -0.007 -14"><span class='ocrx_word' id='word_1_443' title='bbox 2287 2955 2406 3007; x_wconf 80' lang='grc'>188.</span> <span class='ocrx_word' id='word_1_444' title='bbox 2437 2953 2512 3006; x_wconf 85' lang='lat' dir='ltr'><strong>De</strong></span> <span class='ocrx_word' id='word_1_445' title='bbox 2540 2953 2642 3005; x_wconf 90' lang='lat' dir='ltr'><strong>hac</strong></span> <span class='ocrx_word' id='word_1_446' title='bbox 2671 2951 2785 3020; x_wconf 85' lang='lat' dir='ltr'><strong>lege</strong></span> <span class='ocrx_word' id='word_1_447' title='bbox 2815 2949 2893 3004; x_wconf 89' lang='lat' dir='ltr'><strong>sic</strong></span> <span class='ocrx_word' id='word_1_448' title='bbox 2924 2947 3000 3002; x_wconf 87' lang='lat' dir='ltr'><strong>ait</strong></span> <span class='ocrx_word' id='word_1_449' title='bbox 3025 2947 3252 3002; x_wconf 82' lang='lat' dir='ltr'><strong>Alvarus</strong></span> <span class='ocrx_word' id='word_1_450' title='bbox 3274 2943 3794 3020; x_wconf 80' lang='lat' dir='ltr'><strong>Gomezius_in__&quot;ita</strong></span> 
     </span>
    </p>
   </div>
   <div class='ocr_carea' id='block_1_54' title="bbox 2217 3013 3796 3092">
    <p class='ocr_par' dir='ltr' id='par_1_54' title="bbox 2217 3013 3796 3092">
     <span class='ocr_line' id='line_1_54' title="bbox 2217 3013 3796 3092; baseline -0.006 -16"><span class='ocrx_word' id='word_1_451' title='bbox 2217 3021 2512 3092; x_wconf 78' lang='lat' dir='ltr'><strong>Synderedi</strong></span> <span class='ocrx_word' id='word_1_452' title='bbox 2544 3038 2560 3092; x_wconf 69' lang='grc' dir='ltr'>ξ</span> <span class='ocrx_word' id='word_1_453' title='bbox 2598 3039 2615 3071; x_wconf 75' lang='grc' dir='ltr'>ι</span> <span class='ocrx_word' id='word_1_454' title='bbox 2652 3013 2760 3092; x_wconf 69' lang='lat' dir='ltr'><strong>Ein</strong></span> <span class='ocrx_word' id='word_1_455' title='bbox 2789 3029 2964 3092; x_wconf 84' lang='lat' dir='ltr'><strong>tamen</strong></span> <span class='ocrx_word' id='word_1_456' title='bbox 3007 3019 3359 3092; x_wconf 69' lang='lat' dir='ltr'><strong>vetustumin</strong></span> <span class='ocrx_word' id='word_1_457' title='bbox 3386 3013 3796 3092; x_wconf 37' lang='lat' dir='ltr'><strong>ecclesiarum</strong></span> 
     </span>
    </p>
   </div>
   <div class='ocr_carea' id='block_1_55' title="bbox 2219 3085 3794 3153">
    <p class='ocr_par' dir='ltr' id='par_1_55' title="bbox 2219 3085 3794 3153">
     <span class='ocr_line' id='line_1_55' title="bbox 2219 3085 3794 3153; baseline -0.006 -7"><span class='ocrx_word' id='word_1_458' title='bbox 2219 3085 2341 3146; x_wconf 69' lang='lat' dir='ltr'><strong>lana</strong></span> <span class='ocrx_word' id='word_1_459' title='bbox 2394 3093 2494 3146; x_wconf 88' lang='lat' dir='ltr'><strong>fori</strong></span> <span class='ocrx_word' id='word_1_460' title='bbox 2541 3085 2755 3145; x_wconf 52' lang='lat' dir='ltr'><strong>Gotbi&#39;ci</strong></span> <span class='ocrx_word' id='word_1_461' title='bbox 2809 3090 3047 3143; x_wconf 83' lang='lat' dir='ltr'><strong>codicem</strong></span> <span class='ocrx_word' id='word_1_462' title='bbox 3097 3089 3202 3141; x_wconf 89' lang='lat' dir='ltr'><strong>vidi</strong></span> <span class='ocrx_word' id='word_1_463' title='bbox 3239 3105 3251 3139; x_wconf 77' lang='grc' dir='ltr'>ε</span> <span class='ocrx_word' id='word_1_464' title='bbox 3287 3088 3338 3140; x_wconf 89' lang='lat' dir='ltr'><strong>in</strong></span> <span class='ocrx_word' id='word_1_465' title='bbox 3392 3085 3547 3153; x_wconf 86' lang='lat' dir='ltr'><strong>cujus</strong></span> <span class='ocrx_word' id='word_1_466' title='bbox 3593 3085 3686 3137; x_wconf 91' lang='lat' dir='ltr'><strong>lib.</strong></span> <span class='ocrx_word' id='word_1_467' title='bbox 3715 3100 3794 3144; x_wconf 88' lang='lat' dir='ltr'><strong>nt.</strong></span> 
     </span>
    </p>
   </div>
   <div class='ocr_carea' id='block_1_56' title="bbox 2218 3156 3795 3231">
    <p class='ocr_par' dir='ltr' id='par_1_56' title="bbox 2218 3156 3795 3231">
     <span class='ocr_line' id='line_1_56' title="bbox 2218 3156 3795 3231; baseline -0.006 -15"><span class='ocrx_word' id='word_1_468' title='bbox 2218 3172 2305 3217; x_wconf 59' lang='lat' dir='ltr'><strong>tit.</strong></span> <span class='ocrx_word' id='word_1_469' title='bbox 2343 3163 2397 3226; x_wconf 84' lang='lat'><strong>9,</strong></span> <span class='ocrx_word' id='word_1_470' title='bbox 2439 3163 2553 3231; x_wconf 87' lang='lat' dir='ltr'><strong>lege</strong></span> <span class='ocrx_word' id='word_1_471' title='bbox 2611 3159 2972 3231; x_wconf 23' lang='lat' dir='ltr'><strong>l8hadversus</strong></span> <span class='ocrx_word' id='word_1_472' title='bbox 3028 3159 3366 3231; x_wconf 81' lang='lat' dir='ltr'><strong>sacerdotum</strong></span> <span class='ocrx_word' id='word_1_473' title='bbox 3418 3156 3795 3231; x_wconf 68' lang='lat' dir='ltr'><strong>impuritateni</strong></span> 
     </span>
    </p>
   </div>
   <div class='ocr_carea' id='block_1_57' title="bbox 2219 3226 3796 3301">
    <p class='ocr_par' dir='ltr' id='par_1_57' title="bbox 2219 3226 3796 3301">
     <span class='ocr_line' id='line_1_57' title="bbox 2219 3226 3796 3301; baseline -0.006 -17"><span class='ocrx_word' id='word_1_474' title='bbox 2219 3233 2301 3286; x_wconf 84' lang='lat' dir='ltr'><strong>lex</strong></span> <span class='ocrx_word' id='word_1_475' title='bbox 2333 3226 2652 3301; x_wconf 60' lang='lat' dir='ltr'><strong>gravissima</strong></span> <span class='ocrx_word' id='word_1_476' title='bbox 2685 3229 2942 3301; x_wconf 80' lang='lat' dir='ltr'><strong>Roderici</strong></span> <span class='ocrx_word' id='word_1_477' title='bbox 2978 3229 3121 3301; x_wconf 82' lang='lat' dir='ltr'><strong>regis</strong></span> <span class='ocrx_word' id='word_1_478' title='bbox 3163 3228 3378 3301; x_wconf 82' lang='lat' dir='ltr'><strong>nomine</strong></span> <span class='ocrx_word' id='word_1_479' title='bbox 3418 3227 3669 3301; x_wconf 61' lang='lat' dir='ltr'><strong>habetur,</strong></span> <span class='ocrx_word' id='word_1_480' title='bbox 3710 3226 3796 3301; x_wconf 84' lang='lat' dir='ltr'><strong>ubi</strong></span> 
     </span>
    </p>
   </div>
   <div class='ocr_carea' id='block_1_58' title="bbox 2219 3295 3800 3370">
    <p class='ocr_par' dir='ltr' id='par_1_58' title="bbox 2219 3295 3800 3370">
     <span class='ocr_line' id='line_1_58' title="bbox 2219 3295 3800 3370; baseline -0.006 -16"><span class='ocrx_word' id='word_1_481' title='bbox 2219 3295 2415 3356; x_wconf 64' lang='lat' dir='ltr'><strong>uxores</strong></span> <span class='ocrx_word' id='word_1_482' title='bbox 2445 3300 2775 3370; x_wconf 82' lang='lat' dir='ltr'><strong>gravissimis</strong></span> <span class='ocrx_word' id='word_1_483' title='bbox 2804 3299 2977 3370; x_wconf 64' lang='lat' dir='ltr'><strong>poenis</strong></span> <span class='ocrx_word' id='word_1_484' title='bbox 3009 3295 3422 3370; x_wconf 70' lang='lat' dir='ltr'><strong>initerdicumur.</strong></span> <span class='ocrx_word' id='word_1_485' title='bbox 3461 3315 3480 3347; x_wconf 71' lang='grc' dir='ltr'>ι</span> <span class='ocrx_word' id='word_1_486' title='bbox 3515 3295 3800 3370; x_wconf 83' lang='lat' dir='ltr'><strong>Recentio-</strong></span> 
     </span>
    </p>
   </div>
   <div class='ocr_carea' id='block_1_59' title="bbox 2221 3368 3799 3439">
    <p class='ocr_par' dir='ltr' id='par_1_59' title="bbox 2221 3368 3799 3439">
     <span class='ocr_line' id='line_1_59' title="bbox 2221 3368 3799 3439; baseline -0.008 -12"><span class='ocrx_word' id='word_1_487' title='bbox 2221 3389 2306 3427; x_wconf 83' lang='lat' dir='ltr'><strong>res</strong></span> <span class='ocrx_word' id='word_1_488' title='bbox 2349 3368 2564 3425; x_wconf 83' lang='lat' dir='ltr'><strong>codices</strong></span> <span class='ocrx_word' id='word_1_489' title='bbox 2609 3385 2706 3439; x_wconf 88' lang='lat' dir='ltr'><strong>pro</strong></span> <span class='ocrx_word' id='word_1_490' title='bbox 2773 3368 3036 3423; x_wconf 87' lang='lat' dir='ltr'><strong>ltoderico</strong></span> <span class='ocrx_word' id='word_1_491' title='bbox 3084 3368 3502 3422; x_wconf 84' lang='lat' dir='ltr'><strong>Recesuiutluuu</strong></span> <span class='ocrx_word' id='word_1_492' title='bbox 3568 3368 3799 3427; x_wconf 82' lang='lat' dir='ltr'><strong>habent;</strong></span> 
     </span>
    </p>
   </div>
   <div class='ocr_carea' id='block_1_60' title="bbox 2219 3441 3804 3510">
    <p class='ocr_par' dir='ltr' id='par_1_60' title="bbox 2219 3441 3804 3510">
     <span class='ocr_line' id='line_1_60' title="bbox 2219 3441 3804 3510; baseline -0.006 -15"><span class='ocrx_word' id='word_1_493' title='bbox 2219 3444 2311 3496; x_wconf 82' lang='lat' dir='ltr'><strong>sed</strong></span> <span class='ocrx_word' id='word_1_494' title='bbox 2344 3443 2395 3495; x_wconf 92' lang='lat' dir='ltr'><strong>id</strong></span> <span class='ocrx_word' id='word_1_495' title='bbox 2422 3442 2611 3495; x_wconf 84' lang='lat' dir='ltr'><strong>vitiose</strong></span> <span class='ocrx_word' id='word_1_496' title='bbox 2636 3441 2893 3510; x_wconf 68' lang='lat' dir='ltr'><strong>positum,</strong></span> <span class='ocrx_word' id='word_1_497' title='bbox 2916 3441 3086 3510; x_wconf 89' lang='lat' dir='ltr'><strong>series</strong></span> <span class='ocrx_word' id='word_1_498' title='bbox 3113 3448 3593 3510; x_wconf 69' lang='lat' dir='ltr'><strong>rerumgestarutn</strong></span> <span class='ocrx_word' id='word_1_499' title='bbox 3621 3445 3804 3510; x_wconf 78' lang='lat' dir='ltr'><strong>osten-</strong></span> 
     </span>
    </p>
   </div>
   <div class='ocr_carea' id='block_1_61' title="bbox 2220 3506 3798 3581">
    <p class='ocr_par' dir='ltr' id='par_1_61' title="bbox 2220 3506 3798 3581">
     <span class='ocr_line' id='line_1_61' title="bbox 2220 3506 3798 3581; baseline -0.006 -15"><span class='ocrx_word' id='word_1_500' title='bbox 2220 3515 2329 3575; x_wconf 88' lang='lat' dir='ltr'><strong>tlit;</strong></span> <span class='ocrx_word' id='word_1_501' title='bbox 2366 3506 2650 3581; x_wconf 57' lang='lat' dir='ltr'><strong>siquidem&#39;</strong></span> <span class='ocrx_word' id='word_1_502' title='bbox 2675 3523 2800 3581; x_wconf 84' lang='lat' dir='ltr'><strong>ante</strong></span> <span class='ocrx_word' id='word_1_503' title='bbox 2831 3508 3153 3581; x_wconf 82' lang='lat' dir='ltr'><strong>Wilizauem</strong></span> <span class='ocrx_word' id='word_1_504' title='bbox 3189 3523 3250 3581; x_wconf 78' lang='lat' dir='ltr'><strong>ea</strong></span> <span class='ocrx_word' id='word_1_505' title='bbox 3294 3509 3442 3560; x_wconf 87' lang='lat' dir='ltr'><strong>labes</strong></span> <span class='ocrx_word' id='word_1_506' title='bbox 3487 3506 3798 3581; x_wconf 77' lang='lat' dir='ltr'><strong>Hispaniam</strong></span> 
     </span>
    </p>
   </div>
   <div class='ocr_carea' id='block_1_62' title="bbox 2222 3577 3803 3646">
    <p class='ocr_par' dir='ltr' id='par_1_62' title="bbox 2222 3577 3803 3646">
     <span class='ocr_line' id='line_1_62' title="bbox 2222 3577 3803 3646; baseline -0.006 -10"><span class='ocrx_word' id='word_1_507' title='bbox 2222 3599 2327 3636; x_wconf 90' lang='lat' dir='ltr'><strong>non</strong></span> <span class='ocrx_word' id='word_1_508' title='bbox 2359 3577 2654 3642; x_wconf 79' lang='lat' dir='ltr'><strong>infecerat;</strong></span> <span class='ocrx_word' id='word_1_509' title='bbox 2676 3580 2846 3646; x_wconf 83' lang='lat' dir='ltr'><strong>legem</strong></span> <span class='ocrx_word' id='word_1_510' title='bbox 2875 3587 3052 3634; x_wconf 86' lang='lat' dir='ltr'><strong>tamen</strong></span> <span class='ocrx_word' id='word_1_511' title='bbox 3082 3580 3127 3631; x_wconf 91' lang='lat' dir='ltr'><strong>si</strong></span> <span class='ocrx_word' id='word_1_512' title='bbox 3150 3577 3272 3646; x_wconf 90' lang='lat' dir='ltr'><strong>quis</strong></span> <span class='ocrx_word' id='word_1_513' title='bbox 3297 3580 3548 3646; x_wconf 78' lang='lat' dir='ltr'><strong>requirit,</strong></span> <span class='ocrx_word' id='word_1_514' title='bbox 3570 3578 3803 3646; x_wconf 81' lang='lat' dir='ltr'><strong>reperie-</strong></span> 
     </span>
    </p>
   </div>
   <div class='ocr_carea' id='block_1_63' title="bbox 2225 3647 3805 3720">
    <p class='ocr_par' dir='ltr' id='par_1_63' title="bbox 2225 3647 3805 3720">
     <span class='ocr_line' id='line_1_63' title="bbox 2225 3647 3805 3720; baseline -0.004 -14"><span class='ocrx_word' id='word_1_515' title='bbox 2225 3664 2312 3706; x_wconf 92' lang='lat' dir='ltr'><strong>tur</strong></span> <span class='ocrx_word' id='word_1_516' title='bbox 2367 3651 2504 3720; x_wconf 89' lang='lat' dir='ltr'><strong>apud</strong></span> <span class='ocrx_word' id='word_1_517' title='bbox 2557 3665 2642 3704; x_wconf 91' lang='lat' dir='ltr'><strong>me</strong></span> <span class='ocrx_word' id='word_1_518' title='bbox 2695 3653 2748 3703; x_wconf 89' lang='lat' dir='ltr'><strong>iu</strong></span> <span class='ocrx_word' id='word_1_519' title='bbox 2797 3649 2978 3702; x_wconf 89' lang='lat' dir='ltr'><strong>codice</strong></span> <span class='ocrx_word' id='word_1_520' title='bbox 3022 3666 3122 3702; x_wconf 79' lang='lat' dir='ltr'><strong>ms.</strong></span> <span class='ocrx_word' id='word_1_521' title='bbox 3185 3656 3394 3701; x_wconf 88' lang='lat' dir='ltr'><strong>vetusto</strong></span> <span class='ocrx_word' id='word_1_522' title='bbox 3426 3648 3541 3720; x_wconf 83' lang='lat' dir='ltr'><strong>sub</strong></span> <span class='ocrx_word' id='word_1_523' title='bbox 3591 3647 3805 3720; x_wconf 77' lang='lat' dir='ltr'><strong>nomine</strong></span> 
     </span>
    </p>
   </div>
   <div class='ocr_carea' id='block_1_64' title="bbox 2229 3719 3806 3789">
    <p class='ocr_par' dir='ltr' id='par_1_64' title="bbox 2229 3719 3806 3789">
     <span class='ocr_line' id='line_1_64' title="bbox 2229 3719 3806 3789; baseline -0.006 -13"><span class='ocrx_word' id='word_1_524' title='bbox 2229 3719 2514 3777; x_wconf 80' lang='lat' dir='ltr'><strong>Reccaredi</strong></span> <span class='ocrx_word' id='word_1_525' title='bbox 2561 3721 2745 3789; x_wconf 84' lang='lat' dir='ltr'><strong>regis:</strong></span> <span class='ocrx_word' id='word_1_526' title='bbox 2783 3739 2801 3770; x_wconf 85' lang='grc'><em>‹</em></span> <span class='ocrx_word' id='word_1_527' title='bbox 2837 3720 2969 3784; x_wconf 76' lang='lat' dir='ltr'><strong>Quia</strong></span> <span class='ocrx_word' id='word_1_528' title='bbox 3009 3729 3222 3789; x_wconf 10' lang='lat' dir='ltr'><strong>quanto,</strong></span> <span class='ocrx_word' id='word_1_529' title='bbox 3251 3719 3574 3770; x_wconf 88' lang='lat' dir='ltr'><strong>munditiam</strong></span> <span class='ocrx_word' id='word_1_530' title='bbox 3629 3719 3806 3768; x_wconf 71' lang='lat' dir='ltr'><strong>carnis</strong></span> 
     </span>
    </p>
   </div>
   <div class='ocr_carea' id='block_1_65' title="bbox 2226 3788 3808 3858">
    <p class='ocr_par' dir='ltr' id='par_1_65' title="bbox 2226 3788 3808 3858">
     <span class='ocr_line' id='line_1_65' title="bbox 2226 3788 3808 3858; baseline -0.007 -11"><span class='ocrx_word' id='word_1_531' title='bbox 2226 3809 2379 3847; x_wconf 88' lang='lat' dir='ltr'><strong>sacra</strong></span> <span class='ocrx_word' id='word_1_532' title='bbox 2412 3788 2706 3845; x_wconf 78' lang='lat' dir='ltr'><strong>auctoritas</strong></span> <span class='ocrx_word' id='word_1_533' title='bbox 2743 3791 2990 3858; x_wconf 86' lang='lat' dir='ltr'><strong>imperat,</strong></span> <span class='ocrx_word' id='word_1_534' title='bbox 3023 3799 3172 3858; x_wconf 84' lang='lat' dir='ltr'><strong>tanto</strong></span> <span class='ocrx_word' id='word_1_535' title='bbox 3213 3788 3652 3858; x_wconf 85' lang='lat' dir='ltr'><strong>haucappetere</strong></span> <span class='ocrx_word' id='word_1_536' title='bbox 3695 3803 3808 3838; x_wconf 82' lang='lat' dir='ltr'><strong>om-</strong></span> 
     </span>
    </p>
   </div>
   <div class='ocr_carea' id='block_1_66' title="bbox 2227 3856 3808 3930">
    <p class='ocr_par' dir='ltr' id='par_1_66' title="bbox 2227 3856 3808 3930">
     <span class='ocr_line' id='line_1_66' title="bbox 2227 3856 3808 3930; baseline -0.005 -13"><span class='ocrx_word' id='word_1_537' title='bbox 2227 3880 2322 3917; x_wconf 89' lang='lat' dir='ltr'><strong>nes</strong></span> <span class='ocrx_word' id='word_1_538' title='bbox 2348 3864 2622 3914; x_wconf 89' lang='lat' dir='ltr'><strong>tninistros</strong></span> <span class='ocrx_word' id='word_1_539' title='bbox 2652 3862 2769 3930; x_wconf 84' lang='lat' dir='ltr'><strong>ejus</strong></span> <span class='ocrx_word' id='word_1_540' title='bbox 2798 3856 3002 3930; x_wconf 80' lang='lat' dir='ltr'><strong>clamor</strong></span> <span class='ocrx_word' id='word_1_541' title='bbox 3025 3856 3451 3930; x_wconf 34' lang='lat' dir='ltr'><strong>informalaldeo</strong></span> <span class='ocrx_word' id='word_1_542' title='bbox 3476 3872 3576 3910; x_wconf 92' lang='lat' dir='ltr'><strong>nos</strong></span> <span class='ocrx_word' id='word_1_543' title='bbox 3609 3873 3808 3930; x_wconf 76' lang='lat' dir='ltr'><strong>ponere</strong></span> 
     </span>
    </p>
   </div>
   <div class='ocr_carea' id='block_1_67' title="bbox 2227 3927 3808 3996">
    <p class='ocr_par' dir='ltr' id='par_1_67' title="bbox 2227 3927 3808 3996">
     <span class='ocr_line' id='line_1_67' title="bbox 2227 3927 3808 3996; baseline -0.007 -10"><span class='ocrx_word' id='word_1_544' title='bbox 2227 3935 2388 3987; x_wconf 86' lang='lat' dir='ltr'><strong>finem</strong></span> <span class='ocrx_word' id='word_1_545' title='bbox 2439 3931 2642 3985; x_wconf 89' lang='lat' dir='ltr'><strong>illicitis</strong></span> <span class='ocrx_word' id='word_1_546' title='bbox 2682 3927 2908 3984; x_wconf 76' lang='lat' dir='ltr'><strong>ausibus</strong></span> <span class='ocrx_word' id='word_1_547' title='bbox 2955 3928 3058 3982; x_wconf 88' lang='lat' dir='ltr'><strong>rite</strong></span> <span class='ocrx_word' id='word_1_548' title='bbox 3100 3927 3501 3996; x_wconf 86' lang='lat' dir='ltr'><strong>compellimur,</strong></span> <span class='ocrx_word' id='word_1_549' title='bbox 3550 3927 3808 3996; x_wconf 83' lang='lat' dir='ltr'><strong>quoniam</strong></span> 
     </span>
    </p>
   </div>
   <div class='ocr_carea' id='block_1_68' title="bbox 2229 3996 3809 4072">
    <p class='ocr_par' dir='ltr' id='par_1_68' title="bbox 2229 3996 3809 4072">
     <span class='ocr_line' id='line_1_68' title="bbox 2229 3996 3809 4072; baseline -0.006 -16"><span class='ocrx_word' id='word_1_550' title='bbox 2229 4014 2283 4056; x_wconf 94' lang='lat' dir='ltr'><strong>et</strong></span> <span class='ocrx_word' id='word_1_551' title='bbox 2314 4003 2444 4072; x_wconf 91' lang='lat' dir='ltr'><strong>ipsis</strong></span> <span class='ocrx_word' id='word_1_552' title='bbox 2489 4001 2685 4055; x_wconf 88' lang='lat' dir='ltr'><strong>divinis</strong></span> <span class='ocrx_word' id='word_1_553' title='bbox 2722 4001 2946 4054; x_wconf 91' lang='lat' dir='ltr'><strong>nutibus</strong></span> <span class='ocrx_word' id='word_1_554' title='bbox 2994 3999 3336 4072; x_wconf 84' lang='lat' dir='ltr'><strong>devotissime</strong></span> <span class='ocrx_word' id='word_1_555' title='bbox 3377 3996 3596 4072; x_wconf 80' lang='lat' dir='ltr'><strong>placere</strong></span> <span class='ocrx_word' id='word_1_556' title='bbox 3647 4011 3809 4072; x_wconf 71' lang='lat' dir='ltr'><strong>cona-</strong></span> 
     </span>
    </p>
   </div>
   <div class='ocr_carea' id='block_1_69' title="bbox 548 4063 3808 4189">
    <p class='ocr_par' dir='ltr' id='par_1_69' title="bbox 548 4063 3808 4189">
     <span class='ocr_line' id='line_1_69' title="bbox 548 4063 3808 4189; baseline -0 -69"><span class='ocrx_word' id='word_1_557' title='bbox 548 4069 694 4121; x_wconf 89' lang='lat' dir='ltr'><strong>ricus</strong></span> <span class='ocrx_word' id='word_1_558' title='bbox 722 4067 1033 4131; x_wconf 84' lang='lat' dir='ltr'><strong>Toletanus,</strong></span> <span class='ocrx_word' id='word_1_559' title='bbox 1052 4083 1158 4189; x_wconf 55' lang='lat' dir='ltr'><strong>per</strong></span> <span class='ocrx_word' id='word_1_560' title='bbox 1207 4063 1564 4139; x_wconf 78' lang='lat' dir='ltr'><strong>tyrannidem.</strong></span> <span class='ocrx_word' id='word_1_561' title='bbox 1595 4071 1686 4125; x_wconf 85' lang='lat' dir='ltr'><strong>Sic</strong></span> <span class='ocrx_word' id='word_1_562' title='bbox 1724 4063 1858 4125; x_wconf 83' lang='lat' dir='ltr'><strong>ille:</strong></span> <span class='ocrx_word' id='word_1_563' title='bbox 1899 4087 1917 4120; x_wconf 86' lang='grc'><strong>‹</strong></span> <span class='ocrx_word' id='word_1_564' title='bbox 1954 4071 2122 4139; x_wconf 86' lang='lat' dir='ltr'><strong>Igitur</strong></span> <span class='ocrx_word' id='word_1_565' title='bbox 2159 4063 2200 4120; x_wconf 86' lang='grc' dir='ltr'><strong><em>Β</em></strong></span> <span class='ocrx_word' id='word_1_566' title='bbox 2233 4063 2371 4126; x_wconf 77' lang='grc' dir='ltr'><strong>ειιιιὶ·.</strong></span> <span class='ocrx_word' id='word_1_567' title='bbox 2408 4072 2575 4142; x_wconf 87' lang='lat' dir='ltr'><strong>Igitur</strong></span> <span class='ocrx_word' id='word_1_568' title='bbox 2616 4083 2992 4140; x_wconf 85' lang='lat' dir='ltr'><strong>quemcunque</strong></span> <span class='ocrx_word' id='word_1_569' title='bbox 3040 4063 3450 4138; x_wconf 78' lang='lat' dir='ltr'><strong>presbyterum,</strong></span> <span class='ocrx_word' id='word_1_570' title='bbox 3490 4066 3578 4120; x_wconf 86' lang='lat' dir='ltr'><strong>vel</strong></span> <span class='ocrx_word' id='word_1_571' title='bbox 3627 4067 3808 4120; x_wconf 64' lang='lat' dir='ltr'><strong>diacoo</strong></span> 
     </span>
     <span class='ocr_line' id='line_1_70' title="bbox 548 4136 3808 4189; baseline 0 0"><span class='ocrx_word' id='word_1_572' title='bbox 548 4136 1028 4189; x_wconf 65' lang='lat' dir='ltr'><strong>RodericusJilius</strong></span> <span class='ocrx_word' id='word_1_573' title='bbox 1100 4137 1609 4189; x_wconf 86' lang='lat' dir='ltr'><strong>heuuefredi.uuem</strong></span> <span class='ocrx_word' id='word_1_574' title='bbox 1634 4141 1931 4189; x_wconf 76' lang='lat' dir='ltr'><strong>\\&#39;itiza.ut</strong></span> <span class='ocrx_word' id='word_1_575' title='bbox 1958 4153 2012 4189; x_wconf 84' lang='lat' dir='ltr'><strong>et</strong></span> <span class='ocrx_word' id='word_1_576' title='bbox 2037 4155 2128 4189; x_wconf 83' lang='lat' dir='ltr'><strong>oa-</strong></span> <span class='ocrx_word' id='word_1_577' title='bbox 2231 4158 2378 4189; x_wconf 82' lang='lat' dir='ltr'><strong>ltttlll-</strong></span> <span class='ocrx_word' id='word_1_578' title='bbox 2429 4151 2523 4189; x_wconf 79' lang='lat' dir='ltr'><strong>aut</strong></span> <span class='ocrx_word' id='word_1_579' title='bbox 2575 4144 2984 4189; x_wconf 80' lang='lat' dir='ltr'><strong>sulnliaeonum.</strong></span> <span class='ocrx_word' id='word_1_580' title='bbox 3036 4143 3241 4189; x_wconf 65' lang='lat' dir='ltr'><strong>devota}</strong></span> <span class='ocrx_word' id='word_1_581' title='bbox 3283 4138 3457 4189; x_wconf 79' lang='lat' dir='ltr'><strong>vidua:</strong></span> <span class='ocrx_word' id='word_1_582' title='bbox 3503 4137 3808 4189; x_wconf 69' lang='lat' dir='ltr'><strong>omnitenti.</strong></span> 
     </span>
    </p>
   </div>
   <div class='ocr_carea' id='block_1_70' title="bbox 547 4136 2128 4207">
    <p class='ocr_par' dir='ltr' id='par_1_70' title="bbox 547 4136 2128 4207">
     <span class='ocr_line' id='line_1_71' title="bbox 547 4136 2128 4207; baseline 0.001 -17"><span class='ocrx_word' id='word_1_583' title='bbox 547 4137 864 4196; x_wconf 79' lang='lat' dir='ltr'><strong>Rodericus,</strong></span> <span class='ocrx_word' id='word_1_584' title='bbox 890 4136 1028 4190; x_wconf 91' lang='lat' dir='ltr'><strong>lilius</strong></span> <span class='ocrx_word' id='word_1_585' title='bbox 1052 4136 1429 4202; x_wconf 78' lang='lat' dir='ltr'><strong>Theudefredi,</strong></span> <span class='ocrx_word' id='word_1_586' title='bbox 1452 4155 1609 4206; x_wconf 88' lang='lat' dir='ltr'><strong>quem</strong></span> <span class='ocrx_word' id='word_1_587' title='bbox 1634 4141 1853 4202; x_wconf 77' lang='lat' dir='ltr'><strong>Witiza,</strong></span> <span class='ocrx_word' id='word_1_588' title='bbox 1873 4150 1931 4192; x_wconf 91' lang='lat' dir='ltr'><strong>ttt</strong></span> <span class='ocrx_word' id='word_1_589' title='bbox 1958 4136 2012 4194; x_wconf 69' lang='lat' dir='ltr'><strong>et</strong></span> <span class='ocrx_word' id='word_1_590' title='bbox 2037 4155 2128 4207; x_wconf 81' lang='lat' dir='ltr'><strong>pa-</strong></span> 
     </span>
    </p>
   </div>
   <div class='ocr_carea' id='block_1_71' title="bbox 550 4207 2124 4274">
    <p class='ocr_par' dir='ltr' id='par_1_71' title="bbox 550 4207 2124 4274">
     <span class='ocr_line' id='line_1_72' title="bbox 550 4207 2124 4274; baseline 0.001 -14"><span class='ocrx_word' id='word_1_591' title='bbox 550 4221 722 4269; x_wconf 80' lang='lat' dir='ltr'><strong>trem,</strong></span> <span class='ocrx_word' id='word_1_592' title='bbox 773 4207 986 4274; x_wconf 88' lang='lat' dir='ltr'><strong>privare</strong></span> <span class='ocrx_word' id='word_1_593' title='bbox 1035 4208 1206 4261; x_wconf 90' lang='lat' dir='ltr'><strong>oculis</strong></span> <span class='ocrx_word' id='word_1_594' title='bbox 1261 4211 1459 4261; x_wconf 88' lang='lat' dir='ltr'><strong>tuissus</strong></span> <span class='ocrx_word' id='word_1_595' title='bbox 1498 4209 1622 4272; x_wconf 89' lang='lat' dir='ltr'><strong>fuit,</strong></span> <span class='ocrx_word' id='word_1_596' title='bbox 1669 4214 1853 4262; x_wconf 87' lang='lat' dir='ltr'><strong>lavore</strong></span> <span class='ocrx_word' id='word_1_597' title='bbox 1897 4209 2124 4262; x_wconf 89' lang='lat' dir='ltr'><strong>Romani</strong></span> 
     </span>
    </p>
   </div>
   <div class='ocr_carea' id='block_1_72' title="bbox 550 4276 2123 4349">
    <p class='ocr_par' dir='ltr' id='par_1_72' title="bbox 550 4276 2123 4349">
     <span class='ocr_line' id='line_1_73' title="bbox 550 4276 2123 4349; baseline -0.002 -17"><span class='ocrx_word' id='word_1_598' title='bbox 550 4276 909 4349; x_wconf 83' lang='lat' dir='ltr'><strong>senatus_._qu_i</strong></span> <span class='ocrx_word' id='word_1_599' title='bbox 948 4291 1077 4349; x_wconf 83' lang='lat' dir='ltr'><strong>eum</strong></span> <span class='ocrx_word' id='word_1_600' title='bbox 1099 4277 1168 4330; x_wconf 92' lang='lat' dir='ltr'><strong>ob</strong></span> <span class='ocrx_word' id='word_1_601' title='bbox 1203 4277 1552 4349; x_wconf 87' lang='lat' dir='ltr'><strong>Recesuinthi</strong></span> <span class='ocrx_word' id='word_1_602' title='bbox 1594 4280 1818 4349; x_wconf 89' lang='lat' dir='ltr'><strong>gratiam</strong></span> <span class='ocrx_word' id='word_1_603' title='bbox 1849 4280 2123 4348; x_wconf 84' lang='lat' dir='ltr'><strong>diligebat,</strong></span> 
     </span>
    </p>
   </div>
   <div class='ocr_carea' id='block_1_73' title="bbox 551 4345 2128 4418">
    <p class='ocr_par' dir='ltr' id='par_1_73' title="bbox 551 4345 2128 4418">
     <span class='ocr_line' id='line_1_74' title="bbox 551 4345 2128 4418; baseline 0 -17"><span class='ocrx_word' id='word_1_604' title='bbox 551 4355 739 4401; x_wconf 90' lang='lat' dir='ltr'><strong>contra</strong></span> <span class='ocrx_word' id='word_1_605' title='bbox 770 4345 1020 4418; x_wconf 79' lang='lat' dir='ltr'><strong>thizam</strong></span> <span class='ocrx_word' id='word_1_606' title='bbox 1049 4347 1286 4401; x_wconf 88' lang='lat' dir='ltr'><strong>decrevit</strong></span> <span class='ocrx_word' id='word_1_607' title='bbox 1325 4348 1534 4417; x_wconf 81' lang='lat' dir='ltr'><strong>publice</strong></span> <span class='ocrx_word' id='word_1_608' title='bbox 1558 4345 1849 4414; x_wconf 75' lang='lat' dir='ltr'><strong>rebellare;</strong></span> <span class='ocrx_word' id='word_1_609' title='bbox 1879 4345 1969 4418; x_wconf 84' lang='lat' dir='ltr'><strong>qui</strong></span> <span class='ocrx_word' id='word_1_610' title='bbox 2000 4349 2128 4401; x_wconf 88' lang='lat' dir='ltr'><strong>viri-</strong></span> 
     </span>
    </p>
   </div>
   <div class='ocr_carea' id='block_1_74' title="bbox 554 4417 2129 4489">
    <p class='ocr_par' dir='ltr' id='par_1_74' title="bbox 554 4417 2129 4489">
     <span class='ocr_line' id='line_1_75' title="bbox 554 4417 2129 4489; baseline -0.001 -17"><span class='ocrx_word' id='word_1_611' title='bbox 554 4420 655 4472; x_wconf 91' lang='lat' dir='ltr'><strong>bus</strong></span> <span class='ocrx_word' id='word_1_612' title='bbox 680 4417 1034 4489; x_wconf 69' lang='lat' dir='ltr'><strong>prazemineus</strong></span> <span class='ocrx_word' id='word_1_613' title='bbox 1060 4418 1200 4487; x_wconf 89' lang='lat' dir='ltr'><strong>cepit</strong></span> <span class='ocrx_word' id='word_1_614' title='bbox 1227 4432 1389 4489; x_wconf 72' lang='lat' dir='ltr'><strong>eum,</strong></span> <span class='ocrx_word' id='word_1_615' title='bbox 1413 4428 1467 4472; x_wconf 92' lang='lat' dir='ltr'><strong>et</strong></span> <span class='ocrx_word' id='word_1_616' title='bbox 1510 4421 1650 4488; x_wconf 92' lang='lat' dir='ltr'><strong>quod</strong></span> <span class='ocrx_word' id='word_1_617' title='bbox 1684 4420 1826 4489; x_wconf 87' lang='lat' dir='ltr'><strong>patri</strong></span> <span class='ocrx_word' id='word_1_618' title='bbox 1861 4417 1960 4473; x_wconf 85' lang='lat' dir='ltr'><strong>suo</strong></span> <span class='ocrx_word' id='word_1_619' title='bbox 1986 4418 2129 4472; x_wconf 88' lang='lat' dir='ltr'><strong>fece-</strong></span> 
     </span>
    </p>
   </div>
   <div class='ocr_carea' id='block_1_75' title="bbox 552 4487 2130 4558">
    <p class='ocr_par' dir='ltr' id='par_1_75' title="bbox 552 4487 2130 4558">
     <span class='ocr_line' id='line_1_76' title="bbox 552 4487 2130 4558; baseline 0 -18"><span class='ocrx_word' id='word_1_620' title='bbox 552 4496 673 4550; x_wconf 87' lang='lat' dir='ltr'><strong>rat,</strong></span> <span class='ocrx_word' id='word_1_621' title='bbox 719 4487 897 4558; x_wconf 74' lang='lat' dir='ltr'><strong>fccjt;</strong></span> <span class='ocrx_word' id='word_1_622' title='bbox 926 4495 981 4540; x_wconf 92' lang='lat' dir='ltr'><strong>et</strong></span> <span class='ocrx_word' id='word_1_623' title='bbox 1027 4501 1192 4556; x_wconf 81' lang='lat' dir='ltr'><strong>regno</strong></span> <span class='ocrx_word' id='word_1_624' title='bbox 1235 4487 1539 4556; x_wconf 83' lang='lat' dir='ltr'><strong>expulsum,</strong></span> <span class='ocrx_word' id='word_1_625' title='bbox 1592 4487 1697 4543; x_wconf 74' lang='lat' dir='ltr'><strong>sibi</strong></span> <span class='ocrx_word' id='word_1_626' title='bbox 1747 4505 1968 4558; x_wconf 89' lang='lat' dir='ltr'><strong>regnum</strong></span> <span class='ocrx_word' id='word_1_627' title='bbox 2018 4489 2130 4542; x_wconf 90' lang='lat' dir='ltr'><strong>ele-</strong></span> 
     </span>
    </p>
   </div>
   <div class='ocr_carea' id='block_1_76' title="bbox 553 4555 2123 4614">
    <p class='ocr_par' dir='ltr' id='par_1_76' title="bbox 553 4555 2123 4614">
     <span class='ocr_line' id='line_1_77' title="bbox 553 4555 2123 4614; baseline -0.001 -5"><span class='ocrx_word' id='word_1_628' title='bbox 553 4558 730 4610; x_wconf 85' lang='lat' dir='ltr'><strong>ctione</strong></span> <span class='ocrx_word' id='word_1_629' title='bbox 780 4555 1079 4611; x_wconf 86' lang='lat' dir='ltr'><strong>Gothorum</strong></span> <span class='ocrx_word' id='word_1_630' title='bbox 1133 4565 1188 4610; x_wconf 88' lang='lat' dir='ltr'><strong>et</strong></span> <span class='ocrx_word' id='word_1_631' title='bbox 1237 4555 1456 4612; x_wconf 79' lang='lat' dir='ltr'><strong>senatus</strong></span> <span class='ocrx_word' id='word_1_632' title='bbox 1511 4561 1710 4613; x_wconf 85' lang='lat' dir='ltr'><strong>auxilio</strong></span> <span class='ocrx_word' id='word_1_633' title='bbox 1757 4555 2065 4614; x_wconf 81' lang='lat' dir='ltr'><strong>vmdicavit.</strong></span> <span class='ocrx_word' id='word_1_634' title='bbox 2105 4578 2123 4608; x_wconf 75' lang='grc' dir='ltr'><strong><em>ι</em></strong></span> 
     </span>
    </p>
   </div>
   <div class='ocr_carea' id='block_1_77' title="bbox 557 4627 2132 4697">
    <p class='ocr_par' dir='ltr' id='par_1_77' title="bbox 557 4627 2132 4697">
     <span class='ocr_line' id='line_1_78' title="bbox 557 4627 2132 4697; baseline 0.001 -17"><span class='ocrx_word' id='word_1_635' title='bbox 557 4629 672 4697; x_wconf 84' lang='lat' dir='ltr'><strong>Duo</strong></span> <span class='ocrx_word' id='word_1_636' title='bbox 708 4627 795 4680; x_wconf 89' lang='lat' dir='ltr'><strong>hic</strong></span> <span class='ocrx_word' id='word_1_637' title='bbox 837 4640 904 4679; x_wconf 89' lang='lat' dir='ltr'><strong>ex</strong></span> <span class='ocrx_word' id='word_1_638' title='bbox 949 4627 1190 4695; x_wconf 65' lang='lat' dir='ltr'><strong>quaesitis</strong></span> <span class='ocrx_word' id='word_1_639' title='bbox 1238 4629 1682 4697; x_wconf 82' lang='lat' dir='ltr'><strong>comprehendit;</strong></span> <span class='ocrx_word' id='word_1_640' title='bbox 1717 4628 2011 4684; x_wconf 84' lang='lat' dir='ltr'><strong>Rodericus</strong></span> <span class='ocrx_word' id='word_1_641' title='bbox 2055 4630 2132 4682; x_wconf 87' lang='lat' dir='ltr'><strong>ait</strong></span> 
     </span>
    </p>
   </div>
   <div class='ocr_carea' id='block_1_78' title="bbox 554 4696 2125 4770">
    <p class='ocr_par' dir='ltr' id='par_1_78' title="bbox 554 4696 2125 4770">
     <span class='ocr_line' id='line_1_79' title="bbox 554 4696 2125 4770; baseline 0 -20"><span class='ocrx_word' id='word_1_642' title='bbox 554 4696 756 4770; x_wconf 74' lang='lat' dir='ltr'><strong>ob_i_i§se</strong></span> <span class='ocrx_word' id='word_1_643' title='bbox 776 4697 1056 4770; x_wconf 57' lang='lat' dir='ltr'><strong>Cordubae,</strong></span> <span class='ocrx_word' id='word_1_644' title='bbox 1085 4701 1162 4770; x_wconf 81' lang='lat' dir='ltr'><strong>sic</strong></span> <span class='ocrx_word' id='word_1_645' title='bbox 1182 4707 1238 4751; x_wconf 91' lang='lat' dir='ltr'><strong>et</strong></span> <span class='ocrx_word' id='word_1_646' title='bbox 1255 4696 1585 4770; x_wconf 36' lang='lat' dir='ltr'><strong>Gar’ivayus;</strong></span> <span class='ocrx_word' id='word_1_647' title='bbox 1613 4709 1668 4752; x_wconf 90' lang='lat' dir='ltr'><strong>at</strong></span> <span class='ocrx_word' id='word_1_648' title='bbox 1688 4701 1766 4754; x_wconf 92' lang='lat' dir='ltr'><strong>sic</strong></span> <span class='ocrx_word' id='word_1_649' title='bbox 1791 4698 2088 4754; x_wconf 90' lang='lat' dir='ltr'><strong>Rodericus</strong></span> <span class='ocrx_word' id='word_1_650' title='bbox 2113 4716 2125 4750; x_wconf 85' lang='lat'><strong>:</strong></span> 
     </span>
    </p>
   </div>
   <div class='ocr_carea' id='block_1_79' title="bbox 560 4765 2134 4836">
    <p class='ocr_par' dir='ltr' id='par_1_79' title="bbox 560 4765 2134 4836">
     <span class='ocr_line' id='line_1_80' title="bbox 560 4765 2134 4836; baseline 0.003 -19"><span class='ocrx_word' id='word_1_651' title='bbox 560 4785 580 4817; x_wconf 71' lang='grc' dir='ltr'>ι</span> <span class='ocrx_word' id='word_1_652' title='bbox 620 4765 813 4820; x_wconf 82' lang='lat' dir='ltr'><strong>Wiliza</strong></span> <span class='ocrx_word' id='word_1_653' title='bbox 857 4767 1036 4836; x_wconf 89' lang='lat' dir='ltr'><strong>itaque</strong></span> <span class='ocrx_word' id='word_1_654' title='bbox 1070 4767 1257 4836; x_wconf 87' lang='lat' dir='ltr'><strong>plenus</strong></span> <span class='ocrx_word' id='word_1_655' title='bbox 1280 4765 1782 4832; x_wconf 78' lang='lat' dir='ltr'><strong>abominationihus,</strong></span> <span class='ocrx_word' id='word_1_656' title='bbox 1824 4784 2022 4824; x_wconf 87' lang='lat' dir='ltr'><strong>vacuus</strong></span> <span class='ocrx_word' id='word_1_657' title='bbox 2050 4786 2134 4822; x_wconf 87' lang='lat' dir='ltr'><strong>rc-</strong></span> 
     </span>
    </p>
   </div>
   <div class='ocr_carea' id='block_1_80' title="bbox 557 4838 2132 4908">
    <p class='ocr_par' dir='ltr' id='par_1_80' title="bbox 557 4838 2132 4908">
     <span class='ocr_line' id='line_1_81' title="bbox 557 4838 2132 4908; baseline 0.002 -19"><span class='ocrx_word' id='word_1_658' title='bbox 557 4852 678 4908; x_wconf 83' lang='lat' dir='ltr'><strong>gno,</strong></span> <span class='ocrx_word' id='word_1_659' title='bbox 730 4843 900 4908; x_wconf 4' lang='lat' dir='ltr'><strong>poribus</strong></span> <span class='ocrx_word' id='word_1_660' title='bbox 954 4838 1150 4900; x_wconf 86' lang='lat' dir='ltr'><strong>oculis,</strong></span> <span class='ocrx_word' id='word_1_661' title='bbox 1203 4839 1418 4906; x_wconf 90' lang='lat' dir='ltr'><strong>propria</strong></span> <span class='ocrx_word' id='word_1_662' title='bbox 1470 4847 1644 4891; x_wconf 90' lang='lat' dir='ltr'><strong>morte</strong></span> <span class='ocrx_word' id='word_1_663' title='bbox 1691 4840 1972 4902; x_wconf 68' lang='lat' dir='ltr'><strong>Cordubm,</strong></span> <span class='ocrx_word' id='word_1_664' title='bbox 2026 4857 2132 4908; x_wconf 90' lang='lat' dir='ltr'><strong>quo</strong></span> 
     </span>
    </p>
   </div>
   <div class='ocr_carea' id='block_1_81' title="bbox 517 4905 2130 4976">
    <p class='ocr_par' dir='ltr' id='par_1_81' title="bbox 517 4905 2130 4976">
     <span class='ocr_line' id='line_1_82' title="bbox 517 4905 2130 4976; baseline -0.002 -12"><span class='ocrx_word' id='word_1_665' title='bbox 517 4905 984 4964; x_wconf 74' lang='lat' dir='ltr'><strong>.Theodcfreduut</strong></span> <span class='ocrx_word' id='word_1_666' title='bbox 1033 4905 1381 4976; x_wconf 80' lang='lat' dir='ltr'><strong>relegaverat.</strong></span> <span class='ocrx_word' id='word_1_667' title='bbox 1435 4908 1585 4961; x_wconf 84' lang='lat' dir='ltr'><strong>exsul</strong></span> <span class='ocrx_word' id='word_1_668' title='bbox 1637 4916 1692 4962; x_wconf 87' lang='lat' dir='ltr'><strong>et</strong></span> <span class='ocrx_word' id='word_1_669' title='bbox 1748 4923 1912 4962; x_wconf 81' lang='lat' dir='ltr'><strong>exrex</strong></span> <span class='ocrx_word' id='word_1_670' title='bbox 1968 4905 2130 4962; x_wconf 75' lang='lat' dir='ltr'><strong>vitam</strong></span> 
     </span>
    </p>
   </div>
   <div class='ocr_carea' id='block_1_82' title="bbox 561 4975 2135 5031">
    <p class='ocr_par' dir='ltr' id='par_1_82' title="bbox 561 4975 2135 5031">
     <span class='ocr_line' id='line_1_83' title="bbox 561 4975 2135 5031; baseline 0.003 -5"><span class='ocrx_word' id='word_1_671' title='bbox 561 4975 730 5026; x_wconf 75' lang='lat' dir='ltr'><strong>finivit</strong></span> <span class='ocrx_word' id='word_1_672' title='bbox 787 4991 886 5020; x_wconf 74' lang='lat' dir='ltr'><strong>aera</strong></span> <span class='ocrx_word' id='word_1_673' title='bbox 948 4977 1072 5020; x_wconf 71' lang='lat'><strong>751-</strong></span> <span class='ocrx_word' id='word_1_674' title='bbox 1112 4975 1618 5030; x_wconf 52' lang='lat' dir='ltr'><strong>{Salmaulicensis</strong></span> <span class='ocrx_word' id='word_1_675' title='bbox 1673 4987 1728 5030; x_wconf 86' lang='lat' dir='ltr'><strong>ct</strong></span> <span class='ocrx_word' id='word_1_676' title='bbox 1779 4977 2135 5031; x_wconf 76' lang='lat' dir='ltr'><strong>Luitprandus</strong></span> 
     </span>
    </p>
   </div>
   <div class='ocr_carea' id='block_1_83' title="bbox 2231 4137 3808 4208">
    <p class='ocr_par' dir='ltr' id='par_1_83' title="bbox 2231 4137 3808 4208">
     <span class='ocr_line' id='line_1_84' title="bbox 2231 4137 3808 4208; baseline -0.004 -12"><span class='ocrx_word' id='word_1_677' title='bbox 2231 4158 2378 4208; x_wconf 91' lang='lat' dir='ltr'><strong>num,</strong></span> <span class='ocrx_word' id='word_1_678' title='bbox 2429 4137 2523 4194; x_wconf 74' lang='lat' dir='ltr'><strong>aut</strong></span> <span class='ocrx_word' id='word_1_679' title='bbox 2575 4137 2984 4203; x_wconf 80' lang='lat' dir='ltr'><strong>subdiaconuut,</strong></span> <span class='ocrx_word' id='word_1_680' title='bbox 3036 4137 3241 4192; x_wconf 73' lang='lat' dir='ltr'><strong>devota:</strong></span> <span class='ocrx_word' id='word_1_681' title='bbox 3283 4138 3457 4190; x_wconf 79' lang='lat' dir='ltr'><strong>vidua:</strong></span> <span class='ocrx_word' id='word_1_682' title='bbox 3503 4137 3808 4206; x_wconf 60' lang='lat' dir='ltr'><strong>paniteuti,</strong></span> 
     </span>
    </p>
   </div>
   <div class='ocr_carea' id='block_1_84' title="bbox 2227 4208 3810 4280">
    <p class='ocr_par' dir='ltr' id='par_1_84' title="bbox 2227 4208 3810 4280">
     <span class='ocr_line' id='line_1_85' title="bbox 2227 4208 3810 4280; baseline -0.005 -15"><span class='ocrx_word' id='word_1_683' title='bbox 2227 4229 2320 4266; x_wconf 88' lang='lat' dir='ltr'><strong>St:tt</strong></span> <span class='ocrx_word' id='word_1_684' title='bbox 2353 4213 2656 4280; x_wconf 88' lang='lat' dir='ltr'><strong>cuicunque</strong></span> <span class='ocrx_word' id='word_1_685' title='bbox 2685 4211 2901 4280; x_wconf 87' lang='lat' dir='ltr'><strong>virgini,</strong></span> <span class='ocrx_word' id='word_1_686' title='bbox 2927 4208 3009 4263; x_wconf 88' lang='lat' dir='ltr'><strong>vel</strong></span> <span class='ocrx_word' id='word_1_687' title='bbox 3038 4209 3384 4271; x_wconf 68' lang='lat' dir='ltr'><strong>“IlIIiCI‘CUItB,</strong></span> <span class='ocrx_word' id='word_1_688' title='bbox 3416 4217 3510 4260; x_wconf 89' lang='lat' dir='ltr'><strong>aut</strong></span> <span class='ocrx_word' id='word_1_689' title='bbox 3541 4208 3810 4269; x_wconf 61' lang='lat' dir='ltr'><strong>sx-culari,</strong></span> 
     </span>
    </p>
   </div>
   <div class='ocr_carea' id='block_1_85' title="bbox 2228 4280 3810 4338">
    <p class='ocr_par' dir='ltr' id='par_1_85' title="bbox 2228 4280 3810 4338">
     <span class='ocr_line' id='line_1_86' title="bbox 2228 4280 3810 4338; baseline -0.006 -2"><span class='ocrx_word' id='word_1_690' title='bbox 2228 4283 2571 4338; x_wconf 79' lang='lat' dir='ltr'><strong>matrimonio</strong></span> <span class='ocrx_word' id='word_1_691' title='bbox 2617 4290 2709 4334; x_wconf 88' lang='lat' dir='ltr'><strong>aut</strong></span> <span class='ocrx_word' id='word_1_692' title='bbox 2751 4281 3016 4334; x_wconf 89' lang='lat' dir='ltr'><strong>adulterio</strong></span> <span class='ocrx_word' id='word_1_693' title='bbox 3064 4280 3407 4332; x_wconf 90' lang='lat' dir='ltr'><strong>cotntnistum</strong></span> <span class='ocrx_word' id='word_1_694' title='bbox 3434 4293 3559 4332; x_wconf 88' lang='lat' dir='ltr'><strong>esse</strong></span> <span class='ocrx_word' id='word_1_695' title='bbox 3585 4281 3810 4330; x_wconf 78' lang='lat' dir='ltr'><strong>eviden-</strong></span> 
     </span>
    </p>
   </div>
   <div class='ocr_carea' id='block_1_86' title="bbox 2232 4347 3811 4419">
    <p class='ocr_par' dir='ltr' id='par_1_86' title="bbox 2232 4347 3811 4419">
     <span class='ocr_line' id='line_1_87' title="bbox 2232 4347 3811 4419; baseline -0.004 -14"><span class='ocrx_word' id='word_1_696' title='bbox 2232 4351 2436 4405; x_wconf 86' lang='lat' dir='ltr'><strong>tissitue</strong></span> <span class='ocrx_word' id='word_1_697' title='bbox 2480 4352 2746 4419; x_wconf 89' lang='lat' dir='ltr'><strong>patuerit;</strong></span> <span class='ocrx_word' id='word_1_698' title='bbox 2782 4366 2905 4405; x_wconf 87' lang='lat' dir='ltr'><strong>mox</strong></span> <span class='ocrx_word' id='word_1_699' title='bbox 2936 4359 2992 4403; x_wconf 93' lang='lat' dir='ltr'><strong>ut</strong></span> <span class='ocrx_word' id='word_1_700' title='bbox 3020 4350 3306 4419; x_wconf 89' lang='lat' dir='ltr'><strong>episcopus</strong></span> <span class='ocrx_word' id='word_1_701' title='bbox 3334 4357 3426 4401; x_wconf 87' lang='lat' dir='ltr'><strong>aut</strong></span> <span class='ocrx_word' id='word_1_702' title='bbox 3461 4347 3627 4414; x_wconf 86' lang='lat' dir='ltr'><strong>judex</strong></span> <span class='ocrx_word' id='word_1_703' title='bbox 3663 4362 3811 4416; x_wconf 77' lang='lat' dir='ltr'><strong>repe-</strong></span> 
     </span>
    </p>
   </div>
   <div class='ocr_carea' id='block_1_87' title="bbox 2231 4421 3811 4486">
    <p class='ocr_par' dir='ltr' id='par_1_87' title="bbox 2231 4421 3811 4486">
     <span class='ocr_line' id='line_1_88' title="bbox 2231 4421 3811 4486; baseline -0.004 -10"><span class='ocrx_word' id='word_1_704' title='bbox 2231 4423 2380 4485; x_wconf 91' lang='lat' dir='ltr'><strong>rcrit,</strong></span> <span class='ocrx_word' id='word_1_705' title='bbox 2417 4423 2578 4474; x_wconf 84' lang='lat' dir='ltr'><strong>talem</strong></span> <span class='ocrx_word' id='word_1_706' title='bbox 2620 4421 3046 4476; x_wconf 89' lang='lat' dir='ltr'><strong>couunistionem</strong></span> <span class='ocrx_word' id='word_1_707' title='bbox 3096 4421 3433 4486; x_wconf 86' lang='lat' dir='ltr'><strong>disrumpere</strong></span> <span class='ocrx_word' id='word_1_708' title='bbox 3469 4432 3574 4470; x_wconf 89' lang='lat' dir='ltr'><strong>non</strong></span> <span class='ocrx_word' id='word_1_709' title='bbox 3617 4427 3811 4478; x_wconf 81' lang='lat' dir='ltr'><strong>tardet,</strong></span> 
     </span>
    </p>
   </div>
   <div class='ocr_carea' id='block_1_88' title="bbox 2233 4487 3814 4561">
    <p class='ocr_par' dir='ltr' id='par_1_88' title="bbox 2233 4487 3814 4561">
     <span class='ocr_line' id='line_1_89' title="bbox 2233 4487 3814 4561; baseline -0.003 -17"><span class='ocrx_word' id='word_1_710' title='bbox 2233 4495 2451 4546; x_wconf 88' lang='lat' dir='ltr'><strong>redacto</strong></span> <span class='ocrx_word' id='word_1_711' title='bbox 2482 4491 2572 4544; x_wconf 89' lang='lat' dir='ltr'><strong>illo</strong></span> <span class='ocrx_word' id='word_1_712' title='bbox 2600 4490 2653 4561; x_wconf 85' lang='lat' dir='ltr'><strong>in</strong></span> <span class='ocrx_word' id='word_1_713' title='bbox 2683 4491 2764 4544; x_wconf 87' lang='lat' dir='ltr'><strong>sui</strong></span> <span class='ocrx_word' id='word_1_714' title='bbox 2795 4491 3062 4561; x_wconf 83' lang='lat' dir='ltr'><strong>pontificis</strong></span> <span class='ocrx_word' id='word_1_715' title='bbox 3084 4498 3426 4559; x_wconf 88' lang='lat' dir='ltr'><strong>potestatem,</strong></span> <span class='ocrx_word' id='word_1_716' title='bbox 3454 4487 3556 4542; x_wconf 89' lang='lat' dir='ltr'><strong>sub</strong></span> <span class='ocrx_word' id='word_1_717' title='bbox 3580 4488 3814 4561; x_wconf 72' lang='lat' dir='ltr'><strong>lamenta</strong></span> 
     </span>
    </p>
   </div>
   <div class='ocr_carea' id='block_1_89' title="bbox 2233 4559 3811 4630">
    <p class='ocr_par' dir='ltr' id='par_1_89' title="bbox 2233 4559 3811 4630">
     <span class='ocr_line' id='line_1_90' title="bbox 2233 4559 3811 4630; baseline -0.003 -18"><span class='ocrx_word' id='word_1_718' title='bbox 2233 4562 2588 4630; x_wconf 69' lang='lat' dir='ltr'><strong>poenitentiae,</strong></span> <span class='ocrx_word' id='word_1_719' title='bbox 2638 4559 2811 4628; x_wconf 61' lang='lat' dir='ltr'><strong>juxta&#39;</strong></span> <span class='ocrx_word' id='word_1_720' title='bbox 2849 4574 3032 4614; x_wconf 76' lang='lat' dir='ltr'><strong>sacros</strong></span> <span class='ocrx_word' id='word_1_721' title='bbox 3084 4571 3322 4630; x_wconf 82' lang='lat' dir='ltr'><strong>canones</strong></span> <span class='ocrx_word' id='word_1_722' title='bbox 3377 4571 3501 4610; x_wconf 90' lang='lat' dir='ltr'><strong>eum</strong></span> <span class='ocrx_word' id='word_1_723' title='bbox 3559 4559 3811 4630; x_wconf 62' lang='lat' dir='ltr'><strong>demutet.</strong></span> 
     </span>
    </p>
   </div>
   <div class='ocr_carea' id='block_1_90' title="bbox 2233 4627 3817 4699">
    <p class='ocr_par' dir='ltr' id='par_1_90' title="bbox 2233 4627 3817 4699">
     <span class='ocr_line' id='line_1_91' title="bbox 2233 4627 3817 4699; baseline -0.002 -15"><span class='ocrx_word' id='word_1_724' title='bbox 2233 4627 2496 4699; x_wconf 71' lang='lat' dir='ltr'><strong>Quoniam</strong></span> <span class='ocrx_word' id='word_1_725' title='bbox 2535 4627 2887 4684; x_wconf 86' lang='lat' dir='ltr'><strong>districtionis</strong></span> <span class='ocrx_word' id='word_1_726' title='bbox 2936 4629 3092 4698; x_wconf 90' lang='lat' dir='ltr'><strong>hujus</strong></span> <span class='ocrx_word' id='word_1_727' title='bbox 3129 4627 3474 4683; x_wconf 85' lang='lat' dir='ltr'><strong>severitatem</strong></span> <span class='ocrx_word' id='word_1_728' title='bbox 3527 4629 3574 4681; x_wconf 87' lang='lat' dir='ltr'><strong>si</strong></span> <span class='ocrx_word' id='word_1_729' title='bbox 3605 4640 3817 4699; x_wconf 80' lang='lat' dir='ltr'><strong>torpor</strong></span> 
     </span>
    </p>
   </div>
   <div class='ocr_carea' id='block_1_91' title="bbox 2235 4698 3816 4770">
    <p class='ocr_par' dir='ltr' id='par_1_91' title="bbox 2235 4698 3816 4770">
     <span class='ocr_line' id='line_1_92' title="bbox 2235 4698 3816 4770; baseline -0.004 -14"><span class='ocrx_word' id='word_1_730' title='bbox 2235 4698 2460 4770; x_wconf 84' lang='lat' dir='ltr'><strong>implere</strong></span> <span class='ocrx_word' id='word_1_731' title='bbox 2491 4702 2807 4770; x_wconf 82' lang='lat' dir='ltr'><strong>neglexerit,</strong></span> <span class='ocrx_word' id='word_1_732' title='bbox 2848 4699 2988 4770; x_wconf 88' lang='lat' dir='ltr'><strong>idem</strong></span> <span class='ocrx_word' id='word_1_733' title='bbox 3034 4699 3272 4770; x_wconf 74' lang='lat' dir='ltr'><strong>pontifex</strong></span> <span class='ocrx_word' id='word_1_734' title='bbox 3317 4699 3452 4770; x_wconf 82' lang='lat' dir='ltr'><strong>duas</strong></span> <span class='ocrx_word' id='word_1_735' title='bbox 3494 4698 3614 4750; x_wconf 90' lang='lat' dir='ltr'><strong>auri</strong></span> <span class='ocrx_word' id='word_1_736' title='bbox 3655 4698 3816 4752; x_wconf 79' lang='lat' dir='ltr'><strong>libras</strong></span> 
     </span>
    </p>
   </div>
   <div class='ocr_carea' id='block_1_92' title="bbox 2235 4765 3846 4840">
    <p class='ocr_par' dir='ltr' id='par_1_92' title="bbox 2235 4765 3846 4840">
     <span class='ocr_line' id='line_1_93' title="bbox 2235 4765 3846 4840; baseline -0.004 -14"><span class='ocrx_word' id='word_1_737' title='bbox 2235 4765 2366 4826; x_wconf 77' lang='lat' dir='ltr'><strong>fisco</strong></span> <span class='ocrx_word' id='word_1_738' title='bbox 2395 4765 2664 4840; x_wconf 64' lang='lat' dir='ltr'><strong>persolvat</strong></span> <span class='ocrx_word' id='word_1_739' title='bbox 2708 4781 2762 4824; x_wconf 81' lang='lat' dir='ltr'><strong>et</strong></span> <span class='ocrx_word' id='word_1_740' title='bbox 2790 4765 3137 4825; x_wconf 78' lang='lat' dir='ltr'><strong>commissum</strong></span> <span class='ocrx_word' id='word_1_741' title='bbox 3167 4767 3682 4840; x_wconf 22' lang='lat' dir='ltr'><strong>malumAvindicare</strong></span> <span class='ocrx_word' id='word_1_742' title='bbox 3713 4765 3846 4840; x_wconf 65' lang='lat' dir='ltr'><strong>non!</strong></span> 
     </span>
    </p>
   </div>
   <div class='ocr_carea' id='block_1_93' title="bbox 2234 4837 3841 4909">
    <p class='ocr_par' dir='ltr' id='par_1_93' title="bbox 2234 4837 3841 4909">
     <span class='ocr_line' id='line_1_94' title="bbox 2234 4837 3841 4909; baseline -0.002 -17"><span class='ocrx_word' id='word_1_743' title='bbox 2234 4837 2464 4896; x_wconf 75' lang='lat' dir='ltr'><strong>differat.</strong></span> <span class='ocrx_word' id='word_1_744' title='bbox 2489 4842 2640 4906; x_wconf 83' lang='lat' dir='ltr'><strong>Quod</strong></span> <span class='ocrx_word' id='word_1_745' title='bbox 2662 4842 2706 4894; x_wconf 91' lang='lat' dir='ltr'><strong>si</strong></span> <span class='ocrx_word' id='word_1_746' title='bbox 2732 4841 3002 4909; x_wconf 85' lang='lat' dir='ltr'><strong>corrigere</strong></span> <span class='ocrx_word' id='word_1_747' title='bbox 3027 4841 3126 4892; x_wconf 90' lang='lat' dir='ltr'><strong>hoc</strong></span> <span class='ocrx_word' id='word_1_748' title='bbox 3153 4838 3437 4906; x_wconf 88' lang='lat' dir='ltr'><strong>nequierit,</strong></span> <span class='ocrx_word' id='word_1_749' title='bbox 3469 4848 3561 4890; x_wconf 88' lang='lat' dir='ltr'><strong>aut</strong></span> <span class='ocrx_word' id='word_1_750' title='bbox 3589 4842 3658 4891; x_wconf 83' lang='lat' dir='ltr'><strong>ad</strong></span> <span class='ocrx_word' id='word_1_751' title='bbox 3690 4837 3841 4909; x_wconf 61' lang='lat' dir='ltr'><strong>corr,l</strong></span> 
     </span>
    </p>
   </div>
   <div class='ocr_carea' id='block_1_94' title="bbox 2235 4908 3814 4980">
    <p class='ocr_par' dir='ltr' id='par_1_94' title="bbox 2235 4908 3814 4980">
     <span class='ocr_line' id='line_1_95' title="bbox 2235 4908 3814 4980; baseline -0.004 -14"><span class='ocrx_word' id='word_1_752' title='bbox 2235 4913 2416 4966; x_wconf 85' lang='lat' dir='ltr'><strong>etlimn</strong></span> <span class='ocrx_word' id='word_1_753' title='bbox 2461 4911 2718 4980; x_wconf 89' lang='lat' dir='ltr'><strong>appellet,</strong></span> <span class='ocrx_word' id='word_1_754' title='bbox 2772 4908 2896 4964; x_wconf 41' lang='lat' dir='ltr'><strong>aut&quot;</strong></span> <span class='ocrx_word' id='word_1_755' title='bbox 2919 4911 3058 4979; x_wconf 86' lang='lat' dir='ltr'><strong>regis</strong></span> <span class='ocrx_word' id='word_1_756' title='bbox 3109 4910 3533 4980; x_wconf 15' lang='lat' dir='ltr'><strong>auditibusdhoc</strong></span> <span class='ocrx_word' id='word_1_757' title='bbox 3588 4908 3814 4980; x_wconf 81' lang='lat' dir='ltr'><strong>nuntiet.</strong></span> 
     </span>
    </p>
   </div>
   <div class='ocr_carea' id='block_1_95' title="bbox 2240 4978 3817 5032">
    <p class='ocr_par' dir='ltr' id='par_1_95' title="bbox 2240 4978 3817 5032">
     <span class='ocr_line' id='line_1_96' title="bbox 2240 4978 3817 5032; baseline -0.003 0"><span class='ocrx_word' id='word_1_758' title='bbox 2240 4978 2668 5032; x_wconf 22' lang='lat' dir='ltr'><strong>btulieres’vero.</strong></span> <span class='ocrx_word' id='word_1_759' title='bbox 2705 4996 2824 5032; x_wconf 67' lang='lat' dir='ltr'><strong>uuae</strong></span> <span class='ocrx_word' id='word_1_760' title='bbox 2865 4978 3063 5032; x_wconf 86' lang='lat' dir='ltr'><strong>fuerint</strong></span> <span class='ocrx_word' id='word_1_761' title='bbox 3114 4978 3414 5032; x_wconf 87' lang='lat' dir='ltr'><strong>huiusmodi</strong></span> <span class='ocrx_word' id='word_1_762' title='bbox 3461 4978 3817 5031; x_wconf 82' lang='lat' dir='ltr'><strong>immunditiis</strong></span> 
     </span>
    </p>
   </div>
  </div>
