4012 5334
477 276 606 333 1071
1594 264 1935 323 ΑΡΡΕΜΠΧ
1968 267 2062 322 ΑΙ)

2167 267 2609 324 UTPRANDUM.
3585 262 3723 317 1072

472 392 724 449 bentibus
749 401 841 444 sex
872 382 1269 442 candidissimis
1306 379 1477 453 equis,
1505 382 1678 437 serico
1713 396 1953 450 auroque
1980 392 2235 437 venustus
2259 381 2354 454 [ιιι.
2393 379 2665 452 vestitus],
2697 396 2727 434 a
2758 378 3041 435 Saracenis
3069 377 3249 449 prtelio
3291 376 3464 432 victus
3492 386 3576 430 est
3609 386 3728 446 post

471 496 597 541 octo
626 478 761 548 dies,
789 488 913 551 post
931 476 1113 532 varios
1144 473 1512 543 ancipitesque
1538 470 1801 525 bellorum
1829 485 2019 535 casus;
2048 480 2102 525 et
2130 487 2193 524 ex
2223 486 2288 526 eo
2324 482 2561 542 tempore
2588 470 2845 542 paulatim
2867 477 3127 525 venerunt
3153 467 3422 538 Hispania:
3455 466 3509 520 in
3540 481 3729 521 manus

471 573 710 630 Arabum
746 565 984 623 victoriis
1015 561 1384 618 insultantium
1410 569 1468 614 et
1504 559 1886 629 grassantium.

542 665 664 721 195.
696 663 753 717 In
780 657 1023 721 Betonia,
1064 653 1258 725 oppido
1285 650 1618 715 Saraudulae,
1644 650 1708 705 ad
1736 659 1975 706 montem
2005 666 2067 720 qu

2170 652 2315 716 dam,
2340 651 2430 707 ubi
2457 666 2487 705 a
2511 650 2699 727 primis
2726 650 3041 707 Christiana:
3071 645 3341 718 religionis
3373 645 3425 698 in
3449 642 3733 700 cunabulis
3765 659 3771 664 ’

472 762 838 813 constructum
874 757 993 805 erat
1018 744 1274 816 templum
1306 742 1363 797 S.
1392 739 1691 798 Salvatoris
1716 740 2147 807 celeberrimum,
2178 742 2330 797 multi
2369 758 2435 799 ex
2465 745 2629 801 variis
2673 742 2916 814 partibus
2944 739 3258 811 confugiunt
3295 735 3613 807 pontifices;
3639 736 3733 804 qui

473 849 655 919 plebes
697 858 760 899 eo
795 840 1165 908 confugientes
1203 833 1487 896 docebant,
1519 838 1576 885 et
1619 839 2079 886 sacramentorum
2116 830 2309 885 eduliis
2354 832 2692 896 nutriebant;
2724 838 2780 886 et
2815 846 2848 885 a
2896 827 3096 884 Mauris
3134 824 3376 919 obsessi,
3404 823 3735 919 dumsacris

473 910 846 1007 iuperareutur,
875 935 1087 982 servata
1116 923 1170 976 in
1204 930 1365 991 puteo
1390 916 1658 989 profundo
1679 918 2021 973 sanctissima
2046 916 2401 983 eucharistia,
2431 934 2618 975 omnes
2643 918 2816 974 necati
2847 926 2991 973 sunt.
3023 918 3190 973 Erant
3216 931 3283 971 ex
3310 914 3376 969 iis
3399 910 3736 972 Gauriensis,

475 1001 820 1089 Elborensis,
865 1016 1239 1079 Civitatensis,
1281 1009 1752 1075 Salmanticensis,
1801 1008 2074 1077 Viscnsis,
2123 1008 2487 1077 Lamicensis,
2552 1013 2613 1066 et
2663 1023 2773 1065 non
2828 1009 2984 1079 pauci
3044 1006 3353 1064 sacerdotes
3401 1013 3457 1059 et
3520 1001 3739 1057 diaconi

474 1119 819 1180 sanctissimi.

836 1206 1093 1264 DCCLIII.
3048 1190 3057 1199 ’
3121 1193 3372 1252 DCCXV.

549 1303 673 1361 191.
704 1301 814 1361 Hoc
851 1315 992 1355 anno
1021 1299 1148 1368 imp.
1177 1294 1798 1366 Constantinopolitanus
1828 1295 2148 1351 Anastasius
2174 1304 2415 1356 coactus.
2454 1295 2678 1365 imperio
2708 1309 2766 1351 se
2796 1289 3062 1350 abdicavit
3092 1304 3180 1343 xiv
3205 1286 3323 1342 Kal.
3353 1284 3666 1371 Septembr.

547 1395 669 1453 195.
707 1394 811 1451 Per
856 1394 968 1448 lucc
1005 1402 1243 1460 tempora
1275 1390 1333 1445 S.
1380 1388 1628 1461 Babylas,
1661 1388 1943 1458 episcopus
1974 1386 2272 1443 Virinensis
2315 1398 2369 1442 et
2401 1386 2829 1458 Pampilonensis
2855 1382 3162 1453 (utrobique
3205 1378 3348 1434 enim
3395 1373 3741 1448 praedicavit)

478 1490 658 1550 animo
687 1488 899 1545 videndi
934 1487 1174 1558 captivos
1217 1494 1272 1540 et
1315 1485 1544 1540 miseros
1594 1483 1924 1548 Muzarabes,
1959 1481 2202 1538 Toletum
2235 1486 2407 1550 venit;
2439 1492 2496 1537 et
2537 1482 2659 1536 inde
2704 1481 2771 1535 ad
2810 1480 3049 1536 Odonem
3078 1476 3367 1548 oppidum;
3399 1484 3453 1528 et
3483 1487 3657 1543 prope
3687 1472 3743 1525 in

478 1578 839 1636 eremitcriolo
869 1592 1063 1648 pueros
1107 1576 1264 1632 docet
1290 1576 1494 1645 primas
1542 1575 1779 1641 litteras;
1810 1582 1867 1630 et
1894 1574 2043 1630 venit
2090 1589 2211 1629 cum
2261 1574 2469 1659 duobps
2512 1571 2806 1637 fratribus,
2836 1571 2928 1640 qui
2976 1570 3110 1624 fiunt
3157 1566 3433 1631 eremitm;
3466 1574 3524 1619 et
3553 1573 3746 1634 postea

478 1685 666 1726 manes
691 1668 1007 1741 martyrium
1038 1667 1336 1737 patiuntur.

842 1752 1107 1810 DCCLIV.

3110 1749 3378 1807 DCCXVI.
3424 1772 3447 1791 ο

552 1848 673 1905 196.
700 1847 814 1904 Hoc
857 1860 997 1900 anno
1026 1845 1265 1902 succedit
1312 1844 1364 1898 in
1396 1852 1736 1900 sacrosancta
1774 1843 1918 1900 Petri
1968 1844 2227 1915 principis
2276 1844 2640 1915 apostolorum
2693 1846 2822 1900 sede
2864 1842 3219 1902 Constantino
3260 1857 3412 1915 papa
3440 1838 3748 1912 Gregorius

481 1938 639 2010 hujus
674 1935 906 1992 nominis
934 1936 1221 1990 secundus.

551 2004 670 2085 197.
705 2026 905 2082 Eodem
932 2041 1073 2082 anno
1103 2023 1341 2098 synodus
1368 2023 1606 2080 Romana
1634 2026 1734 2081 sub
1759 2025 2019 2097 Gregorio
2043 2004 2180 2097 papa
2207 2028 2463 2083 secundo.

830 2117 1072 2174 DCCLV.

3089 2117 3382 2176 DCCXV".

554 2213 677 2268 198.
710 2210 823 2267 Hoc
850 2226 992 2267 anno
1016 2209 1283 2273 Julianus,
1312 2215 1668 2278 cognomento
1698 2206 1968 2275 Urbanus,
1999 2225 2122 2266 cum
2153 2210 2396 2281 principe
2424 2209 2658 2284 Pelagio,
2693 2213 2921 2285 aliisque
2959 2210 3186 2269 ducibus
3228 2211 3510 2283 palatinis,
3551 2207 3748 2264 Toleto

481 2304 535 2358 in
565 2303 811 2358 Asturias
842 2310 1122 2371 asportant
1158 2315 1340 2356 arcam
1370 2310 1678 2354 sanctarum
1727 2301 2100 2371 reliquiarum,
2135 2310 2192 2355 et
2235 2316 2460 2371 corpora
2500 2301 2600 2357 SS.
2629 2300 2850 2369 Iuliani,
2882 2312 2937 2359 et
2960 2302 3245 2374 Compluto
3277 2302 3504 2365 Asturii,
3536 2316 3745 2370 cogno-

480 2402 663 2448 mento
688 2390 931 2457 Serrani,
955 2392 1421 2449 sanctissimorum
1449 2394 1576 2450 olim
1602 2396 1972 2467 episcoporum
2000 2395 2404 2462 Toletanorum,
2430 2404 2735 2451 metuentes
2760 2411 2828 2452 ne
2856 2405 3012 2467 capta
3040 2395 3137 2469 [αι.
3162 2392 3496 2465 captivitate]
3518 2394 3748 2449 civitate

483 2498 580 2556 pcr
610 2482 911 2538 Saracenos
939 2481 1060 2537 illas
1091 2482 1455 2541 irreverenter
1477 2493 1532 2539 et
1556 2485 1719 2555 impie
1746 2494 2062 2542 tractarent.

1426 2578 1486 2634 P.
1527 2578 1854 2635 HlGUER/E
1896 2578 1983 2636 ET
2024 2581 2084 2635 D.
2127 2578 2496 2636 LAURENTII
2536 2580 2768 2638 NOTAE.

481 2673 620 2729 fonsi
653 2670 717 2728 Vl
748 2670 1036 2743 constabit.
1063 2669 1327 2743 Secundo,
1357 2670 1500 2743 quod
1521 2668 1621 2725 sub
1648 2669 1793 2725 illum
1825 2672 2057 2743 primum
2089 2678 2134 2735 Α
2161 2670 2432 2727 Julianum
2482 2673 2533 2743 in
2568 2672 2838 2729 Chronico
2867 2688 3015 2727 num.
3057 2671 3184 2738 377,
3210 2686 3329 2743 pag.
3360 2670 3452 2735 87,
3482 2670 3577 2741 qui

480 2748 783 2812 ingressum
816 2742 1034 2813 fugerit,
1074 2742 1228 2797 docet
1256 2741 1588 2813 Rodericus;
1631 2752 1852 2813 narrato
1881 2742 2058 2813 primo

482 2810 574 2869 illo
636 2810 905 2883 ingressui
934 2810 1325 2867 Saracenorum
1349 2851 1365 2876 ,
1419 2811 1599 2883 subdit
1632 2830 1643 2865 :
1686 2830 1705 2863 ι
1745 2811 1839 2866 His
1874 2810 2065 2867 diebus

480 2881 845 2955 Synderedus,
878 2882 942 2935 de
971 2897 1077 2951 quo
1099 2884 1366 2955 diximus,
1421 2881 1570 2936 urbis
1599 2883 1760 2951 regias
1786 2883 1979 2955 pragsul
2009 2890 2065 2937 et

554 2955 719 3015 imas,
770 2952 1320 3021 adventumAraluun
1366 2967 1747 3021 expavescens,
1774 2962 1826 3006 et
1852 2953 2063 3008 Witizm

485 3020 789 3079 insolentiis
835 3020 1068 3092 fugatus,
1099 3022 1353 3076 Romana:
1379 3020 1565 3091 patriae
1590 3037 1708 3077 sese
1745 3023 1909 3088 dedit,
1936 3037 2064 3077 oves

487 3096 766 3157 deserens,
796 3100 855 3145 ut
883 3094 1278 3155 mercenarius,
1327 3108 1430 3145 non
1476 3102 1533 3145 ut
1578 3102 1799 3162 pastor:
1832 3093 2059 3162 ingressi

485 3173 612 3219 sunt
642 3163 856 3224 iterum,
893 3181 912 3214 ι
965 3170 1067 3217 etc.
1122 3162 1325 3225 Tertio,
1375 3171 1429 3216 ut
1456 3173 1673 3218 constat
1722 3179 1784 3217 ex
1820 3178 1938 3232 cap.
1973 3165 2060 3227 i9,

486 3237 579 3291 lib.
608 3250 667 3290 ιιι
696 3232 968 3287 Roderiei.
1003 3236 1118 3299 Quo
1143 3234 1228 3287 die
1270 3248 1517 3288 menseve
1556 3236 1728 3288 victus
1772 3233 1933 3286 fuerit
1958 3233 2064 3287 lio-

487 3306 722 3368 derieus,
762 3312 1010 3357 auctores
1036 3319 1142 3358 non
1177 3303 1399 3358 omnino
1423 3305 1785 3357 consentiunt.
1836 3303 2063 3357 Roderio

487 3376 695 3431 cusdie
736 3373 1031 3433 Dominica.
1084 3389 1117 3427 v
1164 3374 1285 3428 ldus
1338 3376 1535 3429 mensis
1586 3374 1753 3427 Xaho-l
1803 3374 2060 3438 Arabum,

489 3445 668 3515 hegira
700 3444 770 3499 93
799 3444 917 3515 (pro
938 3443 1199 3515 96)7anno
1222 3444 1341 3515 7H.
1367 3444 1674 3515 Garivay,‘
1699 3445 2060 3513 Septembris;

489 3460 522 3500 ιι
596 3460 668 3499 ira
700 3460 770 3499 υ.)
799 3460 917 3513 ιρι-ο
938 3460 1028 3513 νυ)
1058 3460 1199 3498 anno
1232 3460 1341 3499 ru.
1367 3460 1618 3515 uartvay,
1643 3460 1674 3497 ιι
1699 3460 2060 3513 δθιιιθιιιυιιες

488 3460 590 3572 secs
614 3529 798 3571 revera
848 3512 949 3567 fuit
1003 3514 1089 3569 die
1133 3514 1431 3579 Dominiea,
1484 3515 1542 3567 ll
1592 3514 1926 3577 Novembris,
1978 3515 2065 3570 die

489 3585 547 3641 S.
590 3585 1107 3655 Martinipoutificis
1134 3596 1190 3655 et
1228 3584 1572 3655 confessoris,
1620 3584 2062 3655 liegirailirabum

490 3656 559 3726 96
607 3657 697 3726 qui
750 3652 853 3726 fuit
881 3670 1038 3726 anno
1084 3654 1435 3726 7l4._G(epit
1480 3655 1580 3710 hoc
1619 3652 1759 3709 anno
1812 3652 2001 3726 Xabel,
2031 3655 2065 3709 5

490 3723 775 3781 Novembr.
820 3724 920 3778 fuit
959 3739 1099 3778 anno
1147 3723 1247 3777 7M
1292 3723 1636 3780 Dominicalis
1669 3726 1844 3779 littera
1889 3724 1957 3789 G,
2009 3733 2065 3779 et

489 3794 569 3852 sic
593 3797 708 3851 dies
736 3794 1011 3850 Dominiea
1035 3795 1094 3849 ll
1123 3792 1458 3849 Novembris.
1487 3795 1545 3848 P.
1575 3794 1641 3850 ll.

561 3866 682 3921 195.
739 3863 843 3918 Per
876 3865 988 3919 Iuro
1037 3874 1269 3934 tempora
1305 3863 1364 3919 S.
1411 3863 1659 3935 Babglas.
1715 3864 1858 3919 idem
1897 3863 2067 3919 refert

492 3935 735 3991 Julianus
774 3936 829 3988 in
875 3936 1318 4005 Ghroniconum.
1346 3934 1469 3999 415,
1507 3934 1752 4004 quamvis
1797 3935 2068 4005 discrepet

493 4008 843 4075 intempore.
878 4004 1065 4075 Exstat
1106 4004 1282 4075 adhuc
1313 4006 1755 4068 eremiteriolum,
1795 4008 1936 4073 quod
1966 4004 2064 4073 ap-

493 4073 721 4145 pellatur
754 4093 771 4125 ι
810 4073 877 4127 de
904 4090 999 4128 san
1029 4073 1273 4145 Babyles,
1304 4094 1322 4127 ι
1362 4076 1529 4129 tribus
1557 4092 1585 4128 a
1620 4075 1878 4130 Madridio
1903 4076 2066 4129 leucis

495 4143 721 4208 distans,
777 4152 831 4197 et
872 4145 949 4213 ab
994 4143 1189 4213 oppido
1214 4143 1399 4199 Odone
1432 4144 1651 4199 dimidio
1703 4145 1942 4208 milliari,
1981 4145 2067 4197 cui

497 4216 555 4269 S.
588 4213 818 4284 Babylas
860 4212 999 4267 forte
1032 4212 1439 4284 nomcn_dedit.
1501 4213 1775 4267 Recolitur
1801 4214 1921 4284 ejus
1951 4228 2065 4267 me-

498 4285 667 4339 moria
703 4282 767 4339 in
814 4284 1000 4338 Odoue
1031 4284 1115 4338 dic
1142 4283 1210 4336 24
1240 4282 1481 4337 Januarii
1511 4300 1525 4345 ;
1577 4294 1631 4336 et
1675 4299 1704 4337 a
1750 4282 2068 4353 quibusdam

497 4355 763 4411 asseritur
785 4354 857 4408 ibi
896 4353 1099 4408 servari
1126 4364 1180 4408 et
1202 4355 1399 4423 SllSpiCi
1423 4369 1621 4423 corpus
1647 4355 1780 4423 ejus.
1817 4356 1877 4408 D.
1910 4353 1971 4408 L.

528 4448 533 4455 ·
568 4426 690 4481 198.
721 4425 859 4479 Sunt
881 4425 968 4493 qui
989 4433 1175 4494 putent
1227 4424 1496 4479 Urbanum
1527 4425 1728 4479 dictum
1753 4440 1872 4479 esse
1900 4423 2068 4480 Julia-

498 4511 647 4562 num,
695 4505 749 4550 et
771 4494 1040 4549 Juliauum
1075 4510 1197 4548 cum
1219 4495 1433 4566 Pelagio
1462 4504 1705 4564 portasse
1734 4495 1925 4566 Toleto;
1949 4494 2072 4566 reli-

499 4567 656 4637 quias
690 4581 828 4621 arcae
854 4575 1087 4637 sauctre;
1142 4575 1326 4620 noster
1358 4564 1558 4637 auctor
1580 4575 1739 4636 putat
1769 4582 1871 4621 non
1906 4564 2073 4619 fuisse

497 4634 792 4700 Iulianum,
843 4638 935 4690 sed
967 4634 1264 4705 Urbanum,
1312 4637 1435 4705 quia
1466 4634 1710 4691 Julianus
1739 4637 1925 4692 doctor
1950 4650 2073 4689 san-

501 4717 641 4771 ctus,
665 4707 1095 4774 archiepiscopus
1124 4704 1413 4776 Toletauus
1439 4723 1512 4770 ιν,
1534 4705 1635 4760 fuit
1664 4715 1787 4760 ante
1808 4706 2077 4776 Syndere-

420 4808 427 4813 -
500 4780 647 4832 dum.
677 4777 732 4831 ιιι
762 4792 885 4830 vcre
914 4777 1125 4845 quidem
1155 4791 1169 4840 ;
1224 4775 1314 4830 sed
1348 4786 1530 4829 noster
1556 4775 1917 4845 Luitprandus
1946 4776 2076 4830 dicit

503 4848 774 4904 Urbanum
827 4846 990 4900 fuisse
1041 4845 1407 4910 binominem;
1455 4856 1507 4899 et
1540 4847 1610 4900 ita
1666 4861 1769 4899 non
1803 4855 1884 4900 est
1910 4846 2073 4907 idem,

501 4919 590 4988 qui
616 4918 673 4972 S.
706 4916 949 4971 Julianus
976 4915 1768 4988 archiepisc0pusfl'oletanus;
1800 4919 1891 4971 sed
1920 4917 2077 4985 longe

503 4984 662 5051 alius,
695 4996 856 5055 atque
895 4988 1055 5040 etiam
1087 4984 1328 5040 diversus
1363 5003 1390 5038 ει
1420 4984 1630 5038 Juliano
1666 4984 1809 5039 Luca
1851 4984 2078 5041 diacono

505 5056 785 5127 Toletano,
819 5055 906 5124 qui
944 5056 1162 5127 scripsit
1217 5056 1671 5127 vitam_regisS.
1730 5055 1949 5125 Pelagii.
2007 5056 2078 5109 De

503 5135 690 5179 sancto
709 5096 1139 5210 sernanqylu'ra
1167 5140 1329 5196 super
1358 5124 1424 5179 Μ.
1459 5096 1751 5181 Moaximum
1805 5096 2081 5180 ngsarau-

2163 2686 2432 2727 Junanum
2482 2689 2533 2727 ιιι
2568 2686 2838 2729 unromco
2867 2688 3015 2727 num.
3057 2686 3184 2738 an,
3210 2686 3329 2743 pag.
3360 2686 3452 2735 δι,
3482 2686 3577 2741 qui
3621 2686 3745 2795 $25

2163 2743 2318 2813 phice
2344 2742 2596 2813 describit
2617 2743 2819 2806 omnia,
2864 2752 2919 2798 et
2944 2751 3101 2798 antea
3140 2743 3431 2811 scripserat
3454 2757 3608 2795 num.

2160 2823 2214 2866 et
2242 2812 2365 2868 571.
2392 2812 2667 2868 Adducam
2694 2814 2910 2869 celebre
2940 2813 3302 2868 testimonium
3332 2827 3398 2867 ex
3430 2814 3745 2865 manuscri-

2163 2893 2252 2953 pto
2268 2882 2642 2952 antiquissimo
2666 2885 2856 2940 codice
2879 2880 3568 2953 membranaeeo,Gothicis
3595 2882 3741 2953 liue-

2161 2951 2238 3025 ris
2284 2951 2539 3025 exat-ato,
2582 2969 2739 3025 quem
2779 2954 2923 3025 mihi
2939 2955 3355 3025 communicavit
3401 2951 3747 3025 clarissimus

2162 3021 2612 3083 doctissimusque
2659 3024 2742 3078 vir
2794 3025 2858 3079 D.
2908 3023 3022 3079 Dou
3070 3022 3393 3078 Franciscus
3442 3022 3511 3077 de
3549 3021 3743 3083 Eraso,

2162 3108 2343 3149 comes
2393 3094 2458 3148 de
2487 3091 2757 3149 Humanes
2776 3136 2789 3157 ,
2821 3094 2911 3164 qui
2956 3093 3293 3149 nobilitatem
3323 3108 3459 3164 cum,
3488 3091 3745 3147 scientia-

2163 3179 2280 3218 rum
2313 3164 2617 3233 cognitione
2670 3162 2984 3233 morumque
3012 3162 3579 3233 suavitateiapprimei
3609 3177 3740 3216 con-

2155 3234 2352 3302 junxit,
2387 3232 2762 3302 potentissimo
2788 3244 2975 3287 nostro
3001 3232 3329 3303 PhilippolV
3356 3232 3745 3303 Hispaniarum

2163 3304 2273 3374 regi
2299 3303 2779 3385 cathglicohpacis
2813 3303 3057 3385 bellique.
3087 3304 3138 3385 in
3162 3302 3421 3385 supremo
3454 3302 3744 3385 lii-diarum

2164 3370 2353 3428 senatu
2377 3370 2688 3433 aConsiliis,
2722 3381 2776 3427 et
2804 3370 3136 3428 seren'issimi
3162 3370 3488 3429 Fei'dinandi
3516 3370 3745 3425 infantis

2165 3444 2452 3499 eardinalis
2480 3442 2861 3513 cubicularius,
2888 3445 3178 3513 equitiique
3200 3444 3409 3513 primus
3427 3443 3739 3511 praefectus.

2170 3514 2340 3568 Verba
2371 3514 2440 3567 Μ.
2471 3512 2527 3585 S.
2566 3523 2728 3585 sunt:
2765 3531 2784 3564 ι
2822 3512 2975 3568 Tunc
2998 3512 3241 3585 Pelagius
3268 3513 3471 3577 Fatilaa,
3508 3513 3602 3581 qui
3629 3520 3746 3565 erat

2164 3600 2227 3638 ex
2261 3592 2417 3655 gente
2459 3583 2790 3655 Gothorum,
2839 3592 3062 3655 accepta
3093 3583 3374 3655 areacum
3426 3592 3746 3638 sanctorum

2203 3653 2498 3725 ignoribus,
2546 3653 2742 3723 quibus
2776 3669 2916 3725 nunc
2943 3653 3167 3709 Ovetum
3195 3654 3494 3725 gloriatur;
3520 3662 3585 3725 et
3608 3666 3745 3725 _c_ut_n

2164 3670 2498 3778 pignoribus,
2546 3670 2742 3723 quibus
2776 3670 2916 3708 nunc
2943 3670 3167 3709 uvetum
3195 3670 3494 3724 gloriatur;
3527 3670 3585 3707 et
3625 3670 3745 3703 cum

2199 3725 2375 3779 uliano
2406 3723 2665 3779 Toletano
2690 3724 3114 3795 archiepiscopo,
3149 3734 3203 3779 et
3230 3740 3349 3778 cum
3382 3722 3567 3795 multis
3592 3722 3752 3777 Chri-

2165 3795 2358 3850 stianis
2388 3796 2721 3849 intraverunt
2744 3792 3156 3864 Asturiasfquze
3185 3803 3341 3864 erant
3366 3792 3581 3847 vallata:
3603 3806 3750 3864 mou-

2168 3866 2309 3920 tibus
2332 3904 2347 3929 ,
2393 3873 2448 3920 et
2479 3864 2874 3920 inhabitabiles.
2933 3885 2951 3917 ι
2981 3862 3200 3919 Diierat
3250 3863 3607 3918 Sebastianus
3633 3862 3749 3915 loco

2167 3949 2327 4005 supra
2364 3935 2533 3990 citato
2562 3935 2753 4005 iisdem
2783 3933 2897 3990 fere
2917 3936 3097 3990 verbis
3123 3953 3136 3988 :
3173 3952 3192 3985 ι
3233 3933 3399 4003 Cujus
3421 3933 3586 4005 Ιτιιτω
3614 3948 3753 4003 prae-

2098 4030 2139 4088 B
2169 4003 2803 4088 sentiannuncgloriatur
2847 4003 3703 4088 Sedes_Ovetensjs_sublimitus...
3727 4022 3747 4052 ι

2167 4075 2306 4143 Lege
2342 4073 2628 4135 Barouium
2683 4076 2750 4129 ad
2796 4091 2921 4129 ann.
2954 4076 3048 4130 791
3084 4085 3215 4129 tom.
3265 4074 3395 4140 Vlll,
3428 4089 3550 4144 pag.
3602 4073 3752 4138 4H;

2167 4089 2306 4143 Lege
2342 4089 2628 4135 uaromum
2683 4089 2750 4129 au
2796 4091 2921 4129 ann.
2954 4089 3048 4130 191
3084 4089 3215 4129 tom.
3271 4089 3395 4140 vut,
3428 4089 3494 4144 pa
3536 4113 3550 4127 .
3602 4089 3749 4138 eu;

2167 4147 2319 4214 prius
2366 4146 2427 4199 D.
2479 4144 2806 4215 Ludovicum
2855 4146 3162 4215 episcopum
3206 4144 3358 4210 'l‘uci,
3410 4147 3461 4198 in
3489 4089 3749 4199 Ehronic.

2170 4216 2316 4283 llisp.
2339 4232 2359 4286 ;
2411 4214 2732 4286 lldefonsum
2773 4216 2840 4269 de
2866 4214 3200 4286 Carthagena
3230 4215 3510 4286 But-gens.
3536 4215 3756 4283 episco-

2168 4301 2317 4355 pum,
2351 4285 2402 4337 in
2433 4285 2865 4356 Anaceplialmosi
2894 4285 3117 4356 Hispan.
3144 4302 3167 4356 ;
3190 4286 3462 4356 Vassmum
3501 4285 3555 4338 in
3585 4286 3757 4339 (Ihm-

2170 4353 2305 4410 nicis
2332 4370 2458 4409 ann.
2483 4355 2577 4409 791
2604 4353 2624 4419 ;
2666 4353 2887 4410 Lucium
2915 4353 3103 4410 Ma’rin.
3154 4355 3396 4411 Siculum
3435 4354 3530 4410 lib.
3555 4371 3574 4408 ι
3606 4356 3750 4409 Hist.

2173 4425 2323 4494 llisp.
2353 4441 2469 4495 cap.
2496 4423 2569 4495 De
2591 4425 2758 4480 sacris
2780 4426 3018 4490 aedibus;
3050 4435 3104 4480 et
3128 4426 3220 4481 lib.
3244 4442 3277 4477 ν
3301 4441 3418 4494 cap.
3448 4425 3539 4481 ubi
3566 4438 3755 4480 sacras

2172 4495 2510 4578 ecclesia;_S.
2539 4494 2831 4578 Sa_lv_atori_s
2870 4496 3158 4551 Ovetensis
3194 4506 3440 4578 recenset
3470 4495 3751 4578 reliquias,

2172 4582 2292 4637 quae
2317 4566 2549 4647 quidem
2565 4565 2633 4618 ab
2655 4566 2755 4620 hac
2776 4568 3103 4648 depromptae
3125 4582 3249 4648 arca
3275 4566 3460 4646 fuere;
3492 4566 3750 4647 Ambros.

2175 4640 2241 4692 de
2261 4636 2486 4691 Morales
2516 4635 2608 4689 lib.
2643 4650 2736 4689 xm
2764 4635 2900 4706 Hist.
2936 4635 3107 4706 Htsp.,
3145 4651 3201 4689 ιιι
3229 4636 3346 4706 Vita
3378 4633 3651 4706 "deﬂens:
3692 4635 3745 4688 el

2174 4706 2359 4772 Casto,
2406 4707 2484 4762 sic
2507 4705 2816 4774 nuncupati,
2851 4721 2970 4775 cap.
3004 4704 3105 4770 58;
3157 4705 3503 4775 Aldefonsum
3538 4704 3751 4775 Venere

2178 4778 2230 4832 in
2254 4785 2550 4845 temporum
2577 4773 2871 4845 Chronicis
2891 4773 2984 4829 fol.
3014 4776 3083 4829 44
3108 4792 3122 4840 ;
3170 4775 3427 4829 Iacobum
3450 4773 3611 4829 Bleda
3646 4774 3751 4829 Do-

2178 4844 2506 4901 miuicanum
2550 4845 2601 4897 in
2644 4844 2782 4900 libro
2828 4844 3205 4901 Miraculormn
3237 4846 3432 4905 crucis,
3488 4845 3752 4899 miraculo

2178 4918 2270 4980 61,
2298 4917 2384 4970 ubi
2414 4917 2479 4969 de
2498 4929 2669 4985 cruce
2707 4917 2775 4970 ab
2800 4915 3008 4985 angelis
3047 4914 3335 4985 fabrefacta
3376 4914 3519 4985 circa
3548 4929 3750 4968 annum

2181 4985 2321 5049 8‘26;
2375 4984 2623 5040 lldcfunsi
2673 5001 2800 5040 vero
2840 4984 2927 5040 55.
2957 4986 3108 5040 Adde
3134 4984 3364 5039 dilucide
3416 4984 3744 5038 scribentem

2180 5056 2239 5109 P.
2273 5055 2615 5109 Franciscum
2638 5054 3078 5109 Portocarrerum
3108 5056 3160 5108 in
3199 5055 3293 5108 lib.
3327 5055 3402 5108 De
3437 5053 3495 5106 Β.
3524 5055 3749 5122 virginis

2180 5126 2360 5214 915mm.
2383 5124 2645 5214 descepsu
2694 5126 2744 5179 in
2774 5125 3056 5214 eet‘lesiam
3086 5126 3421 5206 'l‘oletanam,
3455 5138 3577 5194 cap.
3603 5127 3671 5179 29
3694 5133 3750 5179 et
