4012 5334
261 251 402 308 1077

617 359 1028 419 DCCLXXVI".

331 456 464 510 215.
502 453 797 522 Gregorius
822 451 885 505 Ill
907 451 1040 505 obiit
1068 465 1120 503 iv
1149 449 1375 504 Kalend.
1415 447 1746 503 Decembris.

1675 237 2084 298 CllRONICON.

3380 239 3514 293 1078

2913 329 3158 410 'occxc.

335 545 468 599 ξιι.
511 542 620 598 Leo
644 544 936 611 imperator
960 541 1094 596 obiit
1117 539 1584 607 Constantinopoli
1629 554 1725 592 xm
1759 537 1980 593 Kalend.
2013 536 2158 590 Julii.

620 631 990 689 DCCLXXIK.

2894 627 3160 684 DCCXLI.

332 727 460 780 2l5.
503 726 794 782 Zacharias
821 723 1134 789 monachus,
1157 740 1220 777 ex
1255 724 1569 794 presbytero
1592 721 1855 777 cardinali
1881 730 2096 775 creatur
2139 734 2272 788 papa
2306 717 2527 772 Kalend.
2559 719 2837 774 Decembr.
2882 730 3231 776 consecratur
3258 737 3314 777 ut
3338 721 3515 778 Nonas

257 818 546 872 Decembr.

328 909 454 963 2l6.
492 909 695 976 Quarta
736 909 821 963 die
857 907 1107 963 Octobris
1154 906 1381 960 moritur
1415 905 1587 958 Toleti
1627 913 1850 959 sanctas
1883 903 1964 956 vir
1999 903 2262 964 Julianus,
2293 911 2644 968 cognomento
2675 900 2941 965 Urbanus,
2966 900 3047 953 vir
3077 899 3214 968 pius,
3246 899 3434 955 doctus
3462 911 3514 954 et

251 999 571 1054 excellentis
600 999 823 1068 spiritus
847 1015 858 1062 ;
902 1015 1002 1052 nec
1027 997 1194 1051 multo
1221 1006 1338 1066 post
1369 997 1426 1050 S.
1460 997 1720 1049 Evantius
1747 995 2178 1050 archidiaconus.

1190 1151 1248 1204 P.
1293 1149 1622 1206 lllGUElLE
1665 1149 1751 1204 ET
1792 1151 1854 1204 D.
1897 1147 2265 1204 LALTRENTH
2309 1146 2534 1202 NOTAE.

252 1263 323 1316 de
351 1262 586 1315 Pedraza
620 1261 671 1313 in
704 1259 860 1322 libro,
897 1260 980 1313 cui
1031 1257 1198 1312 aflixit
1227 1258 1462 1319 titulum,
1500 1257 1831 1326 Antiguedad
1861 1263 1908 1321 Α
1939 1257 2140 1311 Urbani
2195 1256 2477 1324 pontificis.
2534 1256 2612 1309 Ad
2659 1258 2910 1322 tertium,
2961 1260 3285 1313 credendum
3336 1273 3418 1316 est
3449 1262 3514 1316 de

253 1332 620 1394 iexcefencias
645 1331 708 1382 de
735 1327 1001 1389 Gmnada,
1037 1329 1127 1381 lib.
1169 1344 1228 1387 ll.
1267 1345 1388 1396 cap.
1430 1330 1481 1389 7,
1519 1344 1637 1396 pag.
1678 1327 1744 1379 53
1777 1336 1834 1380 et

252 1401 349 1462 36.
384 1403 470 1454 ubi
505 1401 660 1453 docte
708 1400 959 1468 explicat.
1008 1398 1478 1468 Addoduliauum
1527 1400 1577 1450 iu
1617 1398 1834 1468 Adver-

253 1472 416 1526 sariis
445 1486 590 1522 num.
627 1469 751 1532 1'73,
789 1488 805 1518 ι
833 1469 1078 1530 llliheris,
1114 1467 1192 1520 vel
1227 1468 1578 1534 municipium
1611 1467 1834 1519 Floren-

254 1545 429 1595 tinum
460 1540 871 1593 llliberritanum
900 1579 914 1600 ,
951 1539 1087 1592 ideal
1125 1547 1206 1591 est
1235 1555 1248 1601 ;
1291 1547 1343 1590 et
1377 1536 1708 1592 llliberitani.
1741 1551 1834 1588 seu

253 1610 578 1665 Florentini.
618 1609 722 1662 Pro
747 1623 853 1676 quo
885 1609 934 1660 in
969 1607 1287 1675 quibusdam
1330 1607 1598 1676 corruptis
1630 1605 1834 1676 codicie

250 1683 358 1736 bus
389 1681 606 1750 legitur,
649 1675 903 1750 Liberiui.
938 1677 1029 1750 Ex
1080 1679 1198 1750 hoc_
1231 1678 1522 1750 municipio
1563 1675 1833 1750 progressi

254 1748 631 1819 suntquidam
667 1759 792 1800 ante
820 1748 1021 1819 Ultristi
1059 1748 1324 1809 natalctu,
1355 1749 1443 1819 qui
1479 1748 1837 1819 cornliilerunt

253 1822 310 1874 in
339 1816 489 1874 Italia
529 1819 805 1872 civitatem
852 1817 1268 1871 Flor-culinam.»
1312 1818 1529 1871 Dixerat
1573 1817 1624 1869 in
1665 1816 1836 1869 Chro-

255 1893 381 1945 nico
410 1907 462 1943 ιι.
493 1889 598 1942 2'2:
650 1910 667 1939 ‹
689 1887 918 1942 Basilius
945 1889 1078 1942 civis
1108 1888 1383 1956 municipii
1415 1888 1726 1944 Florentiui,
1764 1885 1834 1940 ibi

251 1963 387 2030 (lege
411 1959 514 2028 vel)
549 1958 890 2012 llliberritani
917 1957 1087 2030 ,hetc.‘
1121 1967 1201 2030 et»
1231 1958 1283 2030 in
1316 1958 1832 2030 Adversariismnn.

257 2026 388 2092 l7];
443 2026 672 2082 Basilius
704 2029 778 2095 (id
806 2039 876 2080 es!
901 2069 916 2090 ,
953 2027 1211 2096 llasileus)
1240 2028 1375 2081 civis
1404 2027 1683 2097 municipii
1715 2026 1836 2079 Flo-

255 2101 453 2154 rentini
485 2098 880 2153 llliberritaui.»
918 2097 1102 2161 Plena,
1137 2098 1369 2162 erudita,
1399 2097 1647 2165 cultaque
1674 2111 1835 2149 manu

253 2169 515 2227 cumulat,
562 2167 829 2236 disponit,
877 2168 1188 2237 judicioquc
1239 2169 1586 2234 integerrimo
1635 2166 1837 2219 decidit

251 2240 445 2292 doctor
471 2239 765 2307 Gregorius
798 2239 969 2307 Lopez
1001 2238 1216 2291 Madera
1249 2253 1278 2291 a
1307 2237 1559 2291 Consiliis
1586 2237 1836 2305 Philippo

255 2309 482 2376 Ilispan.
511 2310 622 2374 regi
655 2308 924 2362 catholico
949 2348 963 2371 ,
1008 2308 1059 2362 in
1110 2323 1264 2361 sacro
1294 2323 1392 2362 suo
1425 2307 1601 2361 Monte
1629 2307 1838 2361 Grana-

253 2381 394 2433 teusi
423 2395 542 2448 cap.
577 2378 686 2448 9.3,,
716 2377 804 2431 ubi
858 2379 1008 2431 Dom.
1058 2378 1314 2432 Didacum
1365 2378 1431 2432 de
1480 2377 1736 2431 Meadoza
1782 2377 1833 2430 in

255 2447 636 2503 liisttirialmlli
665 2447 1038 2508 Granatcnsis,
1065 2459 1120 2502 et
1147 2448 1532 2518 Hieronymum
1559 2451 1623 2502 de
1647 2448 1834 2517 Qttrita

252 2519 306 2572 iu
339 2518 536 2572 Annal.
561 2518 653 2572 lib.
698 2535 787 2582 xx,
815 2536 935 2587 cap.
961 2518 1050 2582 42,
1087 2519 1271 2572 refert.
1301 2518 1380 2571 Ad
1413 2520 1586 2571 virum
1615 2519 1832 2572 doctum

251 2589 430 2651 illum,
468 2600 720 2656 tanquam
755 2587 922 2658 digito
958 2591 1024 2642 ad
1058 2588 1257 2642 fontem
1288 2589 1516 2650 iutenso,
1553 2599 1602 2641 te
1635 2587 1828 2658 mitto;

250 2676 434 2729 operte
464 2661 717 2729 pretium,
748 2661 789 2712 si
819 2657 1050 2720 evolvas,
1085 2660 1223 2723 erit;
1253 2659 1311 2710 D.
1343 2657 1741 2729 Ferdinandnm
1766 2657 1834 2713 de

253 2678 434 2714 mera:
464 2678 717 2729 pretium,
748 2678 789 2712 si
819 2678 1050 2720 evolvas,
1085 2678 1223 2723 erit;
1254 2678 1311 2710 υ.
1343 2678 1741 2713 rerumauuurn
1766 2678 1832 2713 ue

253 2678 532 2793 liendoza,
563 2729 615 2782 in
639 2728 869 2782 concilio
894 2729 1238 2788 lllihcritano,
1273 2729 1363 2782 lib.
1394 2742 1439 2788 1,
1477 2745 1596 2798 cap.
1633 2728 1678 2794 l,
1708 2743 1832 2798 pag.

250 2799 308 2864 Δ,
340 2799 374 2854 5
403 2811 457 2854 et
486 2799 538 2860 6,
571 2799 660 2868 qui
692 2801 789 2853 bos
817 2807 872 2853 et
901 2800 1036 2854 alios
1065 2809 1307 2853 recenset
1337 2799 1557 2869 lapides.

327 2870 401 2924 De
437 2867 600 2922 Natta
640 2869 770 2922 varii
826 2871 1001 2934 varia;
1051 2869 1219 2923 multa
1242 2867 1401 2940 idem
1439 2869 1498 2940 D.
1533 2868 1627 2923 Gr.
1657 2867 1834 2937 Lopcz

254 2938 475 2993 Madera
508 2941 698 2994 scribit
733 2941 921 2993 eodem
955 2941 1091 2993 libro
1119 2938 1354 3008 cap.‘l7,
1387 2950 1441 2993 et
1471 2939 1832 3008 Corarruvias

252 3011 308 3063 iu
332 3025 430 3063 suo
461 3009 737 3063 Thesauro
769 3010 962 3080 lingua:
1000 3005 1216 3078 llispaii.
1257 3011 1430 3080 verbo
1459 3005 1732 3080 Cranadu.
1760 3009 1835 3063 Ea

254 3095 386 3151 vero
415 3095 534 3147 qua:
561 3081 772 3151 desunt,
809 3079 865 3151 in
893 3081 1226 3151 autograplto
1254 3079 1394 3136 haud
1425 3089 1650 3150 possum
1691 3079 1790 3150 legi
1817 3095 1836 3146 ;

258 3148 630 3220 conjecturam
656 3150 822 3220 faciat
850 3148 1044 3215 lector,
1071 3148 1130 3205 et
1152 3151 1416 3220 suppleat.

321 3219 448 3273 2l6.
484 3221 556 3272 De
600 3231 770 3273 morte
805 3219 862 3274 S.
907 3220 1128 3280 Urbani,
1154 3219 1263 3289 quo
1294 3222 1378 3274 die
1409 3221 1589 3286 fuerit,
1618 3237 1717 3276 nos
1749 3221 1839 3275 do-

250 3301 344 3345 cet
382 3297 566 3360 noster
610 3289 993 3360 Liutprandus,
1032 3292 1238 3344 scilicet
1282 3309 1299 3341 ι
1351 3291 1437 3344 die
1479 3293 1512 3343 ὁ
1553 3291 1834 3356 Octobris,

252 3375 402 3430 anno
448 3358 572 3430 ηιξ
599 3358 748 3427 pOst‘
775 3360 1020 3414 Toletum
1060 3371 1276 3430 captum
1316 3375 1456 3414 anno
1498 3361 1599 3423 2-2,
1653 3373 1839 3416 sancte

252 3429 505 3492 moritur,
534 3428 690 3482 Feria
722 3447 792 3484 vt.
827 3449 844 3481 ι
879 3430 982 3484 Sed
1009 3428 1241 3483 dubitari
1265 3429 1400 3484 solet
1423 3448 1547 3483 num
1576 3431 1644 3485 sit
1669 3447 1840 3485 annu-

252 3501 547 3553 merandus
579 3501 718 3553 inter
755 3501 1040 3555 'l‘oletanos
1067 3501 1355 3554 antistites.
1389 3501 1591 3564 Primo,
1621 3504 1745 3569 quia
1783 3501 1836 3554 in

252 3569 403 3624 nullo
434 3569 674 3639 catalogo
704 3581 970 3635 veterum,
994 3571 1201 3625 scilicet
1234 3571 1284 3624 in
1317 3572 1374 3624 S.
1404 3571 1714 3636 Ᾱῐιιιίίίιιιιι),
1741 3587 1838 3626 nec

254 3641 310 3694 in
359 3639 617 3711 Toletano
647 3643 920 3706 sacrario,
967 3659 997 3694 ει
1031 3641 1446 3711 temporeﬁrcgis
1491 3640 1746 3695 Adel'onsi
1776 3641 1838 3696 Vl

254 3711 492 3781 scriptus
519 3710 807 3764 invenitur.
837 3712 1108 3781 Secundo,
1138 3710 1261 3780 quia
1284 3710 1532 3780 Pelagius
1557 3712 1840 3781 episcopus

255 3780 539 3836 Ovetensis
571 3782 652 3835 bis
675 3791 832 3836 vocat
878 3782 1025 3836 illum
1049 3780 1306 3836 'veterem
1354 3782 1642 3835 Melodium
1678 3780 1839 3851 regia:

255 3851 496 3905 civitatis
525 3851 818 3916 Toletanze,
843 3851 958 3914 ejus
989 3862 1114 3906 sunt
1145 3854 1256 3906 lucc
1283 3855 1443 3906 verba
1473 3870 1486 3904 :
1520 3871 1538 3902 ‹
1571 3853 1672 3905 Per
1700 3855 1838 3906 idem

257 3930 471 3990 tempus
499 3921 825 3975 Frodoarius
854 3923 1124 3975 Accitame
1163 3924 1306 3976 sedis
1349 3924 1633 3990 cpiscopus
1666 3923 1840 3976 Urba-

1939 1329 2226 1381 Sanctitate
2274 1325 2600 1394 Synderedi,
2654 1343 2754 1380 non
2805 1327 3036 1392 fugisse,
3076 1331 3166 1383 sed
3214 1331 3372 1386 ivisse
3411 1335 3515 1386 llo-

1939 1413 2085 1470 mam
2115 1395 2656 1470 impulsuminiuriis,
2685 1412 2818 1465 quas
2850 1400 3146 1470 accipiebat
3177 1400 3244 1453 ab
3270 1402 3511 1470 Oppane,

1938 1478 2012 1528 et,
2045 1469 2089 1520 si
2117 1468 2328 1519 animus
2356 1465 2426 1518 illi
2458 1468 2555 1519 fuit
2579 1483 2682 1519 non
2717 1465 3016 1521 revertendi
3049 1465 3329 1535 Toletum;
3351 1465 3518 1526 iihcro

1939 1539 2276 1606 resignasse;
2329 1551 2392 1588 ac
2432 1535 2867 1607 ideo'f‘oletanos
2899 1539 3224 1602 sacerdotes,
3273 1545 3516 1607 consulto

1939 1605 2070 1676 rege
2116 1606 2402 1677 lloderiro,
2434 1605 2664 1668 elegisse
2711 1617 2956 1660 sanctum
3004 1612 3308 1677 pontificem
3348 1605 3518 1666 Urba-

1939 1675 2085 1752 num.
2119 1675 2233 1730 Non
2263 1686 2438 1752 potest
2471 1677 2611 1752 aliinl
2637 1678 2840 1752 sentiri
2884 1694 2983 1732 nec
3006 1675 3153 1752 dici,
3187 1681 3267 1733 vel
3297 1682 3360 1752 de
3390 1699 3516 1752 pru-

1939 1748 2118 1801 dentia
2165 1747 2502 1801 sacerdotum
2554 1746 2965 1812 Toletanorum,
3009 1758 3062 1802 et
3096 1749 3305 1803 Evantii
3341 1746 3520 1806 archi-

1938 1819 2169 1881 diaconi,
2198 1827 2257 1889 ιιι
2290 1827 2474 1870 contra
2506 1814 2806 1889 jusfasque
2837 1819 3030 1871 viventi
3065 1819 3379 1889 Synderedo
3409 1825 3519 1877 sui?

1937 1889 2162 1942 ficerent
2197 1887 2504 1950 Urbanum;
2539 1887 2616 1940 vel
2645 1888 2710 1940 de
2738 1889 3024 1941 sanctitate
3049 1887 3117 1942 ac
3143 1891 3307 1944 animi
3338 1894 3517 1947 mode-

1939 1960 2148 2012 ratione
2198 1957 2420 2018 Urbani,
2473 1967 2530 2011 ut
2579 1965 2766 2010 contra
2813 1959 3076 2026 justitiam
3120 1961 3322 2015 electus
3367 1979 3519 2016 suam

1937 2027 2613 2098 admitteretelectionem.
2652 2027 2921 2082 Cauoniec
2968 2029 3130 2098 igitur
3157 2032 3377 2093 electus,
3413 2050 3518 2086 non

1937 2099 2231 2170 ambitione
2277 2097 2612 2170 dominandi,
2645 2099 2755 2170 sed,
2778 2098 3052 2170 voluntate
3083 2101 3195 2153 Deo
3227 2104 3521 2170 patrichue

1938 2169 2206 2223 serviendi
2239 2168 2606 2237 pontificatum
2655 2168 2803 2220 adiit.
2835 2169 2909 2222 De
2951 2185 3055 2238 quo
3096 2181 3291 2238 praeter
3338 2168 3521 2228 laudes

1937 2239 2136 2308 Pelagii
2173 2237 2440 2305 pontificis
2484 2238 2706 2292 Oretani
2747 2253 2865 2305 cap.
2917 2237 3007 2301 18',
3060 2237 3152 2294 lib.
3200 2257 3258 2294 ιιι
3292 2259 3304 2294 :
3344 2263 3362 2293 ι
3409 2243 3521 2297 Viri

1939 2319 2116 2363 autem
2150 2309 2372 2377 longaevi
2401 2309 2489 2379 (de
2529 2310 2724 2377 quibus
2749 2309 3004 2377 diximus)
3039 2309 3314 2365 Urbanum
3349 2315 3538 2366 virum‘

1939 2380 2308 2433 sanctimonirc
2352 2379 2402 2431 in
2451 2379 2759 2448 epist-Opimi
2792 2380 3089 2448 elegerunt.
3127 2401 3143 2432 ι
3177 2380 3266 2434 Sic
3299 2383 3520 2438 Garsias

1938 2449 2144 2522 Loaysa
2177 2448 2269 2502 fol.
2299 2449 2431 2522 '278;
2461 2450 2653 2522 concil.
2686 2448 2930 2522 Toletani.
2960 2468 2977 2498 ‹
3012 2449 3280 2522 Urbanus,
3326 2453 3517 2522 inquit,

1939 2519 2155 2589 przesul,
2193 2535 2259 2574 eo
2286 2521 2428 2587 quod
2453 2518 2794 2588 Synderedus
2826 2519 3048 2573 abiissct
3069 2560 3082 2582 ,
3116 2521 3380 2588 primatus
3398 2518 3516 2577 Ἰιο-

1939 2606 2126 2643 norem
2155 2589 2412 2658 suscepit.
2445 2589 2568 2654 Qui,
2600 2598 2658 2641 ut
2702 2598 2820 2642 erat
2865 2589 2945 2642 vir
2973 2601 3214 2655 sanctus,
3249 2594 3520 2646 constanti

1937 2669 1991 2716 et
2036 2660 2161 2714 forti
2207 2661 2386 2714 animo
2425 2659 2728 2726 invictoque
2771 2658 3034 2729 insignem
3079 2660 3222 2714 illam
3267 2665 3523 2718 sustinuit

1938 2730 2322 2791 calamitatem,
2351 2730 2438 2784 cui
2484 2729 2708 2782 multum
2753 2729 3048 2800 adjumenti
3081 2733 3146 2784 ad
3189 2734 3397 2800 pondus
3425 2735 3522 2786 mi-

1937 2817 2072 2856 SCI'SP
2101 2800 2378 2853 servitutis
2422 2800 2699 2854 ferendum
2731 2799 2910 2854 attulit
2955 2799 3214 2855 Evantius
3254 2804 3524 2857 archidia-

1936 2887 2105 2926 conus
2135 2870 2446 2924 Toletanus.
2475 2870 2641 2923 Erant
2685 2870 2826 2923 enim
2873 2872 3033 2925 ambo
3081 2873 3340 2940 przcelara
3374 2875 3518 2928 docti

1937 2942 2239 3004 disciplina,
2265 2950 2320 2994 et
2361 2957 2422 2994 ea
2469 2941 2776 3008 cognitione
2821 2941 3189 2996 ecclesiastica
3222 2944 3520 3006 informati,

1938 3028 2042 3079 qua
2075 3012 2391 3066 Toletanam
2437 3011 2731 3065 Ecclesiam
2781 3013 3158 3067 sanctissimus
3193 3014 3526 3070 instruxerat

1936 3082 2255 3137 lldefonsus.
2290 3081 2540 3137 Urbanus
2570 3081 2733 3152 igitur
2763 3082 2815 3135 in
2866 3091 3008 3136 tanta
3058 3099 3238 3138 rermu
3281 3101 3526 3140 commu-

1940 3152 2142 3207 tatione
2172 3169 2276 3206 non
2308 3153 2536 3216 destitit,
2568 3153 2762 3219 quibus
2794 3154 2985 3220 potuit,
3015 3156 3176 3208 rebus
3209 3157 3519 3222 providere;

1936 3223 2105 3277 libros
2153 3223 2478 3290 complures,
2530 3238 2713 3276 sacras
2770 3224 3014 3275 divortuu
3067 3225 3318 3291 reliquias
3363 3238 3524 3293 atque

1939 3307 2167 3360 corpora
2200 3293 2440 3346 studiose
2473 3308 2535 3346 ac
2565 3301 2820 3364 accurate
2867 3293 3108 3356 collecta,
3139 3305 3190 3347 et
3222 3296 3272 3347 in
3304 3311 3521 3364 capsant

1939 3379 2150 3417 summa
2184 3378 2308 3417 cum
2346 3363 2692 3416 veneratione
2721 3362 2945 3426 inclusa,
2979 3365 3029 3416 in
3061 3375 3343 3418 montanos
3367 3362 3524 3416 Astu-

1941 3449 2028 3487 res
2076 3433 2361 3500 diligenter
2412 3433 2672 3501 portanda
2725 3433 2952 3487 curavit.
3007 3433 3130 3486 ΙΙωο
3189 3450 3315 3487 vero
3371 3435 3524 3486 beata

1940 3517 2104 3571 Capsa
2135 3503 2185 3556 in
2216 3502 2443 3556 ecclesia
2473 3502 2622 3556 Ovcti
2663 3513 2846 3570 postea
2877 3518 2998 3554 cum
3039 3505 3218 3557 multis
3244 3505 3362 3556 aliis
3396 3504 3522 3557 reli-

1940 3575 2083 3643 quiis
2111 3581 2297 3627 sancte
2320 3573 2562 3626 collectis
2594 3587 2784 3640 magna
2818 3588 2938 3626 cum
2969 3573 3168 3641 pietate
3203 3575 3359 3629 hodie
3387 3574 3511 3628 coli-

1945 3654 2052 3708 tur,
2082 3654 2138 3697 et
2174 3644 2242 3696 ibi
2293 3643 2382 3696 illa
2426 3652 2764 3706 asservatur;
2806 3643 3043 3696 Camera:
3087 3653 3286 3696 sanctae
3329 3659 3526 3698 nomen

1942 3724 2026 3769 est
2064 3715 2312 3767 indittun.
2344 3713 2660 3766 Miserandis
2691 3710 2887 3765 Urbani
2931 3715 3279 3781 temporibus,
3313 3716 3524 3768 divinus

1942 3785 2119 3838 cultus
2149 3794 2202 3837 et
2246 3792 2708 3854 sacramentorum
2744 3798 2870 3854 usus
2915 3785 3078 3854 erepit
3108 3783 3276 3836 Tolcti
3327 3801 3522 3854 magna

1944 3871 2008 3908 ex
2039 3864 2189 3922 parte
2217 3853 2489 3906 iummtari
2521 3853 2904 3922 inuninuique;
2948 3853 3033 3904 illa
3065 3870 3294 3922 namque
3331 3853 3525 3922 ampli-

1946 3921 2097 3985 tudo,
2126 3940 2441 3992 summaque
2471 3923 2764 3976 auctoritas
2787 3921 3028 3991 praesulis
3063 3921 3303 3978 Toletani
3335 3927 3398 3977 ad
3423 3921 3525 3978 Sex

257 3987 686 4062 IrusLToletaua:
724 3994 868 4046 sedis
894 3992 1043 4044 urbis
1089 3993 1247 4062 regite
1276 3987 1600 4046 cathedralis
1631 4003 1840 4045 vetera-
1869 3987 1910 4048 C
1946 4003 2150 4048 tantum
2200 3987 2506 4062 parochias,
2555 4002 2608 4046 et
2655 3987 2904 4062 exiguum
2955 3992 3190 4048 fidelium
3240 4010 3523 4047 numermn

257 4077 361 4114 nus
395 4059 671 4115 Melodius.
715 4082 732 4112 ι
765 4063 829 4115 Et
856 4062 1014 4131 paulo
1039 4059 1201 4132 post:
1241 4081 1258 4111 ι
1298 4062 1398 4116 Per
1424 4063 1562 4116 idem
1607 4071 1836 4130 tempus,

256 4133 353 4192 ait,
386 4132 486 4184 viri
531 4133 808 4195 doctores,
839 4143 890 4186 et
922 4133 1290 4186 sanctimoniae
1337 4133 1514 4186 studio
1553 4134 1688 4185 satis
1722 4133 1838 4201 pol-

257 4201 430 4255 lentes
459 4201 704 4255 Urbanus
747 4212 800 4256 et
830 4203 1109 4265 Evantius,
1137 4203 1268 4257 satis
1312 4203 1414 4255 beti
1445 4203 1510 4255 ad
1554 4203 1837 4256 Dominum

254 4281 564 4342 pergentes,
600 4273 939 4340 requiescunt
993 4273 1045 4326 in
1092 4289 1243 4342 pace.
1289 4293 1306 4324 ι
1343 4273 1542 4334 Tertio,
1573 4273 1700 4340 quia
1731 4289 1834 4326 non

257 4350 437 4410 potest
465 4341 749 4396 admittere
780 4359 880 4395 una
907 4341 1201 4410 eademque
1223 4346 1376 4396 sedes
1400 4345 1533 4396 duos
1559 4343 1839 4411 pontiﬁces

257 4413 499 4466 viventes
517 4429 539 4482 ί
553 4412 771 4482 rivebat
791 4421 968 4466 autem
1001 4414 1180 4465 llonue
1211 4414 1555 4482 Synderedus
1586 4429 1706 4465 cum
1739 4414 1839 4466 elc-

260 4491 378 4550 cjus
407 4491 490 4535 est
523 4481 804 4547 Urbanus;
839 4498 942 4536 non
975 4483 1185 4536 videtur
1233 4481 1360 4549 crgo
1392 4483 1554 4534 fuisse
1600 4482 1839 4550 pontifex

263 4549 577 4604 Toletanus.
629 4551 986 4606 Nihilominus
1020 4564 1195 4605 tamen
1228 4552 1286 4604 D.
1323 4549 1636 4612 liodericus,
1669 4553 1842 4604 archi-

261 4623 547 4690 episcOpns
588 4621 898 4686 Toletanus,
926 4639 1029 4675 non
1059 4622 1224 4674 semel
1274 4631 1427 4674 vocat
1473 4639 1594 4674 cum
1628 4621 1842 4674 Toleta-

260 4706 387 4760 num
409 4693 892 4760 archiepiscopum,
916 4704 966 4745 ct
995 4691 1224 4745 llistoria
1250 4691 1513 4760 generalis
1537 4691 1837 4758 Hispania};

262 4758 434 4832 l_.ucas
466 4758 764 4825 Tndeusis,
798 4763 856 4815 D.
892 4763 1112 4816 Garsias
1148 4758 1350 4832 LoaS'sa
1397 4761 1839 4831 archiepiscopus

261 4829 584 4895 Toletanus;
617 4832 722 4892 bis,
753 4833 916 4884 semel
965 4833 1015 4884 in
1057 4829 1324 4901 catalogo,
1358 4832 1551 4884 iterum
1582 4829 1746 4900 agens
1775 4832 1840 4884 de

257 4901 492 4972 primatu
525 4901 768 4955 ecclesia:
796 4901 1086 4963 Toletanie,
1113 4904 1305 4972 dequo
1330 4910 1514 4970 postea
1547 4919 1559 4953 :
1592 4913 1716 4953 ante
1745 4903 1840 4954 hos

259 4971 626 5038 Luitprandus
657 4981 846 5026 auctor
889 4975 1000 5026 fere
1046 4973 1148 5026 700
1189 4971 1474 5032 annorum,
1503 4982 1556 5025 et
1597 4972 1840 5024 Julianus

255 5042 723 5110 archipresbyter,
765 5043 822 5095 l).
867 5043 1194 5111 Garivayus,
1248 5041 1512 5104 Morales,
1566 5041 1837 5106 Mariana;

255 5127 358 5182 ego
402 5113 455 5165 in
504 5111 744 5182 Historia
792 5113 1069 5182 Toletana,
1108 5115 1300 5172 doctor
1345 5111 1555 5166 Blasius
1604 5113 1840 5166 Ortizius

256 5180 560 5251 canonicos
609 5180 923 5244 Toletanus.
953 5181 1178 5240 Alcozer
1225 5186 1318 5238 lib.
1371 5196 1438 5243 ιι,
1485 5197 1604 5251 cap.
1659 5185 1710 5242 5,
1750 5183 1838 5234 lir.

252 5251 493 5324 Joannes
520 5250 762 5315 Marieta,
789 5264 842 5307 et
863 5252 971 5324 alii.
996 5251 1347 5324 Argumentis
1376 5267 1500 5324 vero
1522 5250 1600 5307 sic
1623 5255 1837 5305 satisﬁt.

1944 4066 2192 4127 redacta,
2229 4064 2427 4132 iniquis
2469 4063 2757 4116 admodum
2807 4063 3003 4117 finibus
3035 4065 3239 4118 inclusa
3271 4074 3371 4118 est.
3414 4062 3526 4118 Nec

1940 4137 2074 4190 satis
2105 4135 2202 4187 fuit
2231 4135 2500 4204 paucitate
2530 4147 2646 4186 esse
2675 4133 3019 4204 imminutos;
3059 4151 3240 4188 vermu
3261 4176 3274 4198 ,
3307 4135 3394 4203 qui
3430 4151 3523 4188 su-

1940 4202 2255 4274 perfuerunt
2297 4203 2498 4262 ﬁdeles,
2545 4204 2759 4257 assidua
2791 4202 3113 4274 Maurorum
3159 4202 3525 4258 familiaritate

1939 4273 1992 4329 et
2023 4275 2410 4328 consuetudine
2440 4274 2542 4336 usi,
2591 4282 2642 4325 et
2674 4273 2971 4327 san‘issima
3018 4278 3392 4341 persecutione
3432 4277 3524 4328 dea

1943 4347 2134 4405 territi,
2165 4347 2219 4398 in
2249 4345 2504 4410 religione
2534 4343 2967 4412 Christianisrptc
3011 4346 3268 4398 institutis
3299 4346 3533 4412 turpiter

1941 4415 2198 4468 fluctuare
2225 4423 2536 4482 eruperunt;
2562 4427 2696 4480 quos
2724 4421 2781 4466 ut
2808 4414 2990 4468 firmos
3021 4415 3071 4467 in
3098 4416 3199 4470 lide
3226 4415 3517 4476 ellicerent,

1940 4494 1994 4538 et.
2023 4485 2091 4538 ad
2140 4484 2378 4553 pericula
2411 4483 2688 4535 subeunda
2736 4485 3057 4553 excitarent,
3099 4500 3282 4537 curam
3313 4493 3368 4536 et
3409 4493 3524 4536 stu-

1943 4556 2089 4609 dium
2137 4552 2430 4607 inaximum
2479 4553 2839 4606 adhibuerunt
2914 4552 3162 4606 Urbanus
3197 4595 3210 4617 ,
3267 4553 3526 4607 livantius

1941 4625 2141 4692 aliique
2189 4623 2282 4692 pii.
2337 4641 2359 4692 ί»
2413 4620 2644 4676 Alvarus
2688 4622 2978 4676 Gomezius
3035 4631 3217 4692 putat
3253 4631 3528 4675 mortuum

1942 4691 2092 4748 Oveti
2117 4736 2129 4757 ,
2163 4691 2262 4747 nec
2299 4691 2367 4746 ob
2398 4706 2688 4746 maerorem
2737 4703 2788 4746 et
2825 4693 2987 4744 animi
3033 4691 3408 4758 dejectionem,
3459 4709 3525 4747 ac

1942 4766 2117 4818 artatis
2139 4762 2560 4833 ingravescentis
2577 4762 2782 4830 justum
2810 4761 3248 4833 impedimentum
3277 4762 3524 4833 rediisse.

1943 4834 2049 4887 Sed
2080 4831 2242 4903 penes
2277 4832 2510 4903 meplus
2541 4833 2703 4886 habet
2726 4832 2998 4898 ponderis,
3029 4833 3171 4900 quod
3197 4831 3298 4903 iste
3321 4832 3529 4886 sciebat

1943 4899 2168 4960 esse'sc
2205 4899 2509 4973 pontiﬁcem
2561 4904 2903 4962 Tolctauum,
2952 4899 3061 4973 neci
3085 4899 3446 4973 excusabatur
3478 4904 3532 4956 in

1945 4985 2091 5028 tanta
2143 4969 2326 5028 rerum
2373 4973 2779 5041 perturbatione
2805 4988 2867 5024 ac
2903 4971 3084 5041 ovium
3125 4969 3383 5041 periculo,
3416 4972 3544 5028 illas.

1945 5047 1996 5099 in
2031 5045 2280 5099 manibus
2310 5039 2550 5111 luporum
2585 5042 2910 5111 relinquere.
2945 5039 3279 5097 Venit’citra
3308 5039 3542 5111 dubium.

1945 5115 2224 5178 Toletum,
2279 5109 2456 5180 ibique
2505 5109 2784 5180 anno?“
2827 5119 3076 5169 mortuus
3119 5117 3234 5171 est;
3265 5110 3542 5176 sepultus-

1945 5202 2048 5255 (ιυο
2081 5188 2161 5256 (ut
2185 5179 2400 5256 opinor)
2432 5182 2481 5256 in
2509 5181 2622 5233 aede
2648 5179 2703 5231 S.
2733 5179 3075 5256 ,Ιιιδιίῐιηῳιω
3097 5185 3546 5256 ιιιιιίξνςξιηιῑ-ᾳειίρς

1944 5245 1998 5310 ἐι
2046 5245 2307 5311 cathedra
2361 5245 2740 5328 Toletanorum
2801 5245 3142 5328 pontificum.
3203 5245 3294 5298 Vir
3349 5249 3548 5327 dignus
