4012 5334
134 232 273 292 1085

477 340 791 398 DCCXCIV.

1544 221 1963 279 CHRONICON.

3276 230 3416 287 i086

2794 340 3057 400 DCCLVI.

197 442 324 498 250.
368 440 481 497 lloc
528 454 671 494 anno
720 436 954 492 delatum
1008 442 1092 504 est
1142 449 1339 505 corpus
1377 432 1435 488 S.
1468 432 1753 490 Leucadiae
1807 435 2035 504 virginis
2090 441 2146 489 et
2198 434 2496 505 martyris,
2543 435 2817 491 Toletance
2870 438 3004 494 civis
3042 447 3097 495 et
3133 447 3415 512 patronae,

128 540 358 599 Ovetum
414 537 604 592 Toleto
649 550 748 605 per
797 532 1114 602 Argericum
1166 531 1414 585 abbatem
1475 529 1837 600 Agaliensem,
1894 539 1949 584 et
1999 527 2220 583 Petrum
2267 529 2516 585 abbatem
2570 528 2629 585 S.
2684 531 2988 602 Leucadiae,
3045 544 3102 593 et
3146 537 3420 593 Andream

128 639 473 696 Huzarabem
519 635 783 705 Abenlnpi
831 634 1072 691 Ficulnei
1126 633 1334 700 filium,
1386 643 1442 690 et
1495 634 1631 690 alios
1686 635 1832 690 viros
1882 633 2171 689 Toletauos
2220 635 2504 725 primores.

486 731 751 789 DCCCIX.

2686 733 3055 795 DCCLXXXI.

192 832 323 887 251.
365 830 479 887 Sub
520 831 624 886 hoc
672 843 885 901 tempus
932 831 1081 885 venit
1110 830 1355 885 Toletum
1407 830 1634 887 Carolus
1686 830 1911 902 Magnus
1946 830 2047 886 sub
2098 844 2225 901 rege
2278 829 2556 897 Galafrio,
2595 829 2820 904 ejusque
2864 834 3025 891 tiliam
3072 835 3371 895 Gallianum
3399 881 3419 907 ,

124 930 492 987 Christianam
551 929 748 984 factam
782 928 1102 984 aCixillane
1160 927 1412 997 pontifice
1465 926 1765 994 Toletano,
1818 928 1970 981 duxit
2006 943 2265 993 uxorem;
2320 942 2417 996 pro
2470 943 2576 999 qua
2628 928 2899 999 singulare
2943 941 3221 988 certamen
3263 934 3418 990 inivit

124 1044 245 1081 cum
293 1025 678 1081 Bradamantio
702 1066 718 1091 ,
766 1026 950 1097 regulo
993 1025 1358 1097 Complutcnsi
1386 1066 1401 1092 ,
1443 1025 1525 1080 vel
1568 1024 1983 1081 Guadalfaxarze
2007 1065 2021 1091 ,
2061 1033 2224 1080 vasta:
2255 1024 2411 1085 molis
2462 1025 2707 1096 torvique
2758 1026 2936 1083 vultus
2968 1027 3219 1101 gigante;
3253 1047 3413 1103 quem

124 1126 175 1179 in
218 1123 410 1195 praelia
459 1124 661 1179 victum
708 1122 999 1179 interfecit.

188 1220 319 1274 259..
364 1220 421 1275 S.
455 1218 723 1285 Urbicius,
766 1217 823 1273 S.
860 1218 1070 1274 Bafardi
1101 1218 1225 1291 [lrg.
1273 1220 1533 1291 Bassacii]
1584 1220 1798 1275 abbatis
1836 1219 2169 1274 Benedictini
2215 1219 2507 1289 discipulus
2534 1261 2548 1285 ,
2583 1220 2634 1274 in
2682 1218 3021 1275 Valle-nocea
3070 1218 3201 1292 [lege
3239 1218 3413 1274 Valle-

120 1317 333 1382 Nocita,
380 1327 428 1371 et
477 1317 591 1372 vide
632 1314 725 1369 Fr.
775 1317 994 1387 Diegum
1041 1317 1093 1369 in
1133 1317 1388 1388 Antiquit.
1425 1315 1614 1371 Hoscw
1660 1316 1748 1370 lib.
1795 1330 1855 1381 tt,
1902 1332 1948 1368 ε.
2001 1314 2089 1380 55,
2129 1313 2224 1386 fol.
2273 1313 2400 1380 275,
2430 1313 2527 1369 col.
2557 1312 2613 1369 2.
2642 1315 2707 1371 ἰ).
2743 1314 2782 1369 L
2810 1314 2829 1387 j
2862 1314 3013 1371 ﬂoret
3042 1334 3054 1369 :
3086 1314 3281 1371 colitur
3307 1314 3413 1370 Ka-

121 1413 264 1469 lend.
325 1412 613 1470 Novembr.

1059 1529 1119 1583 P.
1162 1528 1494 1585 "lGUERIE
1530 1529 1617 1585 ET
1661 1530 1720 1587 D.
1758 1528 2133 1587 LAURENTH
2176 1528 2410 1585 ΝΟΤΕ.

120 1623 496 1693 episcoporum
521 1622 942 1685 Toletanorum;
971 1624 1062 1692 qui
1081 1624 1298 1692 scripsit
1320 1624 1481 1677 vitam
1500 1623 1556 1676 S.
1576 1624 1711 1677 llde—
1737 1631 1783 1687 Α
1812 1623 2156 1694 chiepiscopo
2186 1623 2526 1688 translatam,
2553 1632 2607 1676 et
2654 1624 2722 1678 ah
2751 1624 2961 1679 incerto
2989 1632 3208 1681 auctore
3256 1625 3409 1681 addi-

121 1694 282 1754 fonsi,
329 1703 384 1747 et
433 1694 713 1763 epistolam
766 1694 831 1747 ad
881 1694 1157 1755 Silonem,
1204 1704 1259 1748 et
1305 1696 1710 1762 responsionem

120 1766 233 1833 ejus
264 1765 335 1816 ab
363 1763 452 1817 illo
476 1766 711 1833 suscepit
736 1781 749 1829 ;
784 1779 903 1833 qua:
930 1764 1122 1817 litteris
1146 1776 1371 1817 exarata
1396 1765 1706 1832 Langobar.

120 1836 251 1889 dicis
281 1833 408 1887 olim
437 1838 816 1891 asservabatm’
847 1836 898 1888 in
933 1834 1162 1888 ecclesia
1189 1835 1468 1888 Toletaua.
1498 1836 1570 1889 lle
1599 1851 1704 1903 quo

120 1907 193 1960 sic
221 1904 499 1975 illustriss.
536 1904 739 1975 [.oaysa
771 1906 823 1956 in
853 1904 1233 1958 Gundemaro:
1265 1924 1281 1954 ι
1320 1903 1482 1963 idem.
1514 1906 1707 1975 inquit,

120 1991 319 2030 munus
345 1974 519 2028 Cixila
552 1990 656 2027 non
684 1976 876 2029 minori
900 1976 1174 2042 diligentia
1198 1975 1465 2044 praestitit.
1495 1975 1540 2029 ls
1564 1977 1708 2030 enim

156 2047 319 2100 ietate
357 2053 411 2099 et
457 2045 739 2113 disciplina
790 2045 1022 2113 Spiritus
1066 2047 1241 2099 sancti
1294 2047 1636 2115 conspicuus.
1683 2067 1703 2099 ι

142 2116 239 2170 hcc
293 2115 399 2170 ille.
427 2115 551 2170 Fuit
585 2116 673 2169 hic
716 2115 1131 2172 archidiaconus
1174 2115 1320 2172 Petri
1351 2116 1594 2183 Pulchri,
1640 2132 1708 2172 ex

119 2188 229 2256 ipso
252 2185 611 2256 Luitprando.
644 2185 703 2240 P.
734 2184 803 2240 ll.

180 2279 313 2332 250.
340 2277 496 2333 Anno
545 2276 648 2330 756
682 2277 917 2332 delatum
959 2287 1045 2333 est
1081 2292 1287 2347 corpus
1324 2277 1382 2332 S.
1424 2278 1710 2334 Leucadia

119 2349 307 2404 Toleto
334 2348 582 2404 Ovetum.
615 2348 791 2403 Causa
834 2346 1193 2403 transferendi
1225 2346 1423 2417 corpus
1465 2351 1581 2405 hare
1602 2358 1705 2416 est,

120 2422 259 2491 quod
288 2417 718 2491 Ahderrahman
756 2434 851 2472 rex
895 2420 1182 2484 Cordubae,
1215 2435 1307 2474 seu
1338 2419 1709 2476 Miramolinus

119 2489 536 2554 Saracenorum,
596 2489 858 2544 instinctu
907 2491 1140 2559 quodam
1186 2492 1512 2555 daunonum,
1544 2492 1710 2559 coepit

120 2576 212 2631 per
247 2560 539 2630 Hispanias
570 2560 1134 2630 magnificentissimas
1177 2572 1487 2614 sanctorum
1517 2562 1709 2618 basili-

120 2647 208 2687 cas
230 2632 466 2693 diruere,
498 2644 724 2697 corpora
749 2640 1059 2685 sanctorum
1096 2643 1392 2702 martyrum
1418 2647 1665 2686 cremare
1688 2648 1703 2697 ;

119 2713 171 2757 et
196 2716 264 2756 ne
287 2702 341 2755 id
360 2709 712 2772 exerceretur
737 2717 833 2770 per
854 2717 1120 2772 summam
1144 2702 1476 2770 impietatem
1502 2702 1554 2756 in
1584 2718 1709 2772 pre-

119 2773 432 2829 tiosissimas
464 2771 520 2824 S.
550 2771 855 2836 Leucadiae,
888 2771 1160 2826 Toletanae
1189 2772 1346 2835 civis,
1383 2771 1625 2840 patrona:
1651 2782 1709 2828 et

119 2844 374 2912 martyris
427 2842 702 2911 reliquias,
733 2843 1021 2912 Argericus
1070 2843 1237 2897 abbas
1285 2844 1606 2912 Agatiensis,
1652 2852 1707 2898 et

119 2916 302 2968 Petrus
343 2913 516 2966 abbas
566 2913 623 2965 S.
670 2912 971 2975 Leucadiae,
1007 2923 1061 2967 et
1107 2912 1354 2967 Andreas
1397 2912 1703 2979 Muzarabs,

1814 1695 2457 1766 tatn_locuplet_atammtc.
2485 1694 2658 1766 Locus
2691 1694 2847 1762 hujus
2880 1696 3298 1766 historiographi
3328 1697 3412 1751 est

1813 1764 1865 1818 in
1887 1764 2025 1837 ‘Vita
2056 1766 2116 1818 D.
2164 1763 2392 1830 Fruelae,
2416 1779 2539 1833 cap.
2568 1764 2674 1837 ΔΜ,
2702 1768 2859 1836 cujus
2908 1763 3361 1837 epigrapbe'talis
3392 1776 3404 1812 ε

1821 1853 1839 1885 ι
1886 1834 1961 1889 De
2006 1836 2085 1888 las
2116 1849 2272 1889 cosas
2298 1850 2403 1903 que
2439 1851 2503 1887 en
2534 1834 2580 1887 el
2613 1834 2824 1889 noveno
2861 1834 2964 1889 ano
3002 1834 3404 1904 aco'nteeieron.

1814 1919 1845 1958 e
1872 1921 2029 1959 como
2055 1907 2178 1959 vino
2200 1905 2387 1960 Carlos
2423 1920 2453 1957 a
2487 1904 2709 1958 Tolcdo.
2756 1927 2773 1958 ι
2814 1906 3094 1961 Discrepat
3120 1907 3172 1961 in
3201 1923 3345 1961 anno
3375 1926 3405 1961 a

1810 1973 2181 2046 Luitprando;
2208 1974 2285 2027 ait
2314 1976 2457 2029 enim
2479 1976 2729 2029 Carolum
2755 1977 2967 2031 venisse
2992 1973 3238 2031 'l'oletum
3263 1993 3407 2033 anno

1811 2045 1993 2117 'itilat
2015 2046 2271 2117 Andados
2299 2060 2474 2100 nueve
2501 2046 2748 2106 alios-del
2780 2047 2888 2117 Rey
2914 2047 3025 2100 Dou
3054 2048 3268 2111 Fruela,
3301 2064 3407 2117 que

1811 2114 1899 2169 fne
1924 2116 1972 2170 el
2000 2117 2103 2171 aﬁo
2133 2117 2197 2170 de
2229 2115 2278 2170 la
2303 2117 2678 2181 Encamacion
2736 2117 2823 2171 del
2860 2114 3042 2171 'Seﬁor
3082 2119 3148 2174 de
3192 2114 3402 2173 necom.

1810 2186 1964 2249 aﬁos,
2011 2186 2199 2259 Cat-los
2228 2202 2258 2259 a
2305 2189 2355 2242 el
2405 2204 2510 2258 que
2549 2188 2814 2241 ilamaron
2868 2186 3136 2259 Mayncte,
3170 2190 3405 2259 avieudo

1811 2258 2455 2330 grondesavenimiento
2495 2273 2596 2330 con
2640 2274 2702 2312 sn
2742 2259 2913 2330 padre
2960 2258 3009 2314 el
3066 2259 3174 2330 ltey
3216 2258 3407 2329 I‘ipino

1808 2344 1911 2399 por
1964 2327 2042 2381 las
2090 2345 2245 2401 cosas
2287 2344 2392 2398 que
2422 2327 2582 2401 fazia,
2635 2327 2752 2398 que
2778 2345 2847 2401 no
2883 2329 2932 2385 le
2972 2327 3224 2401 pareciau
3257 2327 3401 2396 hicn,

1813 2408 1960 2452 tomo
1985 2399 2206 2470 cousigo
2236 2417 2266 2453 a
2300 2416 2369 2453 un
2393 2399 2581 2470 Conde
2612 2415 2717 2470 que
2744 2400 2864 2470 avia
2893 2399 3118 2455 noinbre
3142 2402 3253 2455 Don
3292 2401 3404 2455 Mo—

1808 2478 1984 2532 rante,
2018 2469 2221 2539 porq’ne
2250 2470 2401 2524 sabia
2427 2485 2493 2540 ya
2538 2469 2584 2523 el
2613 2469 2855 2540 aqnellas
2887 2472 3080 2526 tierras
3106 2472 3172 2525 de
3201 2470 3399 2537 Mores,

1809 2554 1852 2612 ελ
1876 2554 1970 2612 era
2024 2539 2460 2612 muy‘conocido’,
2502 2555 2533 2594 e
2579 2539 2677 2597 fuel
2696 2556 2754 2595 se
2792 2558 2922 2612 para
2979 2542 3030 2612 la
3090 2541 3283 2612 cinrdad
3336 2542 3403 2601 de

1811 2607 2031 2681 Toledo.
2064 2630 2081 2662 ι
2118 2607 2200 2664 Ἐι
2252 2611 2409 2681 paulo
2457 2620 2576 2678 post
2627 2626 2747 2681 cap.
2792 2607 2890 2678 B5,
2947 2611 3111 2665 refert
3151 2611 3402 2667 Carolum

1807 2679 2030 2752 duxisse
2082 2679 2304 2735 uxorem
2360 2679 2708 2752 Callianam,'
2757 2698 2917 2752 quam
2973 2682 3025 2735 in
3064 2682 3304 2752 Calliam
3334 2680 3399 2737 ad

1809 2749 1960 2804 illum
2002 2752 2302 2820 asportavit
2357 2750 2419 2804 Ι).
2480 2751 2743 2807 Moranto.
2774 2749 2973 2806 Verba
3021 2764 3186 2807 sunt:
3227 2770 3245 2804 ι
3289 2751 3402 2807 Fue

1807 2836 1866 2875 se
1893 2830 2152 2881 entonces
2206 2824 2317 2876 Don
2348 2821 2590 2877 Morante
2617 2838 2716 2878 con
2751 2822 2977 2878 Caliana
3006 2839 3106 2892 por
3130 2824 3308 2877 medio
3335 2824 3403 2878 de

1807 2906 1930 2963 eses
1955 2903 2185 2957 montes,
2218 2908 2318 2947 con
2349 2892 2525 2946 miedo
2555 2893 2619 2947 de
2669 2909 2773 2963 que
2820 2910 2891 2947 no
2948 2895 3284 2959 rccrcciesen
3319 2895 3402 2949 los

119 2984 375 3053 Abenlupi
405 2982 645 3037 Ficulnei
668 2984 826 3045 titius,
857 2985 935 3036 vir
957 2960 1128 3038 :foleti
1153 2984 1467 3053 primarius,
1490 2960 1703 3039 summa

1809 2960 2037 3053 hianna:
2074 2978 2104 3017 e
2134 2965 2348 3053 anduvo
2377 2964 2513 3053 sie-te
2565 2960 2702 3025 dias,
2746 2979 2850 3053 (“te
2895 2979 3084 3053 nu.an
3129 2975 3285 3018 entro
3333 2981 3401 3053 cn

119 3056 388 3124 diligentia
437 3068 500 3107 ac
537 3062 748 3108 secreto
778 3055 1150 3122 deportarunt.
1201 3055 1390 3109 Exstat
1420 3054 1577 3109 Oveti
1609 3071 1705 3111 ara

119 3141 274 3195 rapax
315 3134 629 3179 sanctarmn
680 3125 1030 3192 reliquiarum
1081 3140 1204 3178 cum
1243 3125 1467 3179 nomine
1502 3136 1705 3182 sanctae

119 3194 355 3266 virginis,
376 3195 539 3266 modo
562 3208 752 3266 vacua,
782 3194 1127 3249 manifestum
1170 3196 1390 3265 hospitii
1421 3198 1561 3251 sacri
1588 3212 1706 3252 mo-

119 3263 433 3321 nimentum.
464 3264 527 3317 P.
563 3263 629 3317 Η.

173 3359 300 3414 251.
331 3359 407 3413 De
434 3358 664 3429 adventu
696 3356 873 3413 Caroli
906 3357 1078 3427 Magni
1115 3360 1167 3411 in
1200 3358 1486 3429 Hispanias
1537 3370 1704 3417 testes

119 3443 233 3484 sunt
260 3430 502 3501 Annales
523 3428 915 3501 Hispanorum,
943 3429 1214 3501 prcecipuc
1261 3428 1566 3501 C'tuonicon
1611 3448 1705 3501 ge-

119 3502 310 3565 nerale,
361 3499 703 3570 Onuphrius,
725 3506 779 3552 et
813 3498 1041 3567 aiii,qui
1091 3516 1155 3553 ex
1205 3498 1701 3570 eodemOnuphi-io

119 3574 160 3625 ia
205 3570 547 3639 C:esarihus,
577 3580 631 3622 et
669 3569 937 3639 Chronico
984 3570 1242 3639 generali,
1277 3579 1330 3624 et
1376 3586 1439 3625 ex
1484 3569 1703 3627 Mt-olao

119 3643 385 3697 Clemente
416 3638 657 3694 'I'raeheo.
684 3638 774 3693 Sic
799 3638 886 3692 ille
918 3640 970 3692 in
993 3638 1187 3693 Carolo
1214 3659 1225 3693 :
1269 3660 1285 3692 ι
1314 3641 1494 3695 Caroli
1524 3642 1699 3697 Magni

120 3713 288 3766 nulla:
327 3727 553 3776 uxores;
586 3710 828 3782 Qalliana
858 3709 1106 3764 Toletani
1142 3712 1280 3782 regis
1314 3712 1422 3765 lilia
1464 3714 1573 3766 nati
1599 3709 1701 3768 Ca-

119 3784 285 3847 rolus,
328 3779 942 3851 Pipinus,Ludovicus,
978 3779 1373 3848 scilicct'l’ius,
1417 3798 1701 3838 successor

127 3871 159 3907 n
194 3849 442 3923 imperio.
488 3871 505 3903 ι
563 3849 731 3923 Hujus
760 3851 1077 3923 uxoris_tioa
1122 3854 1367 3906 meminit
1415 3854 1581 3922 cjusa
1611 3868 1698 3908 se-

119 3921 292 3978 :retis.
346 3925 459 3977 lloc
499 3923 632 3974 bene
686 3921 895 3993 viderat
930 3921 1217 3993 Trmhrus;
1251 3932 1306 3975 et
1354 3921 1701 3981 nihilominus

120 3994 234 4049 ‘acit
263 3995 496 4064 primam
524 4008 742 4064 uxorem
769 3990 1091 4056 Gallianum,
1122 3992 1346 4063 ejusque
1389 3993 1553 4047 filium
1585 3995 1688 4047 Lu-

119 4062 357 4119 lovieum
380 4063 563 4119 Pimn.
603 4062 731 4133 Quae
757 4078 861 4116 non
889 4065 1084 4133 exigua
1116 4064 1233 4118 laus
1258 4062 1357 4118 ’cst
1382 4065 1559 4132 gentis
1590 4066 1697 4120 To-

126 4144 319 4198 etanze,
350 4150 413 4188 ex
439 4149 541 4202 qua
566 4132 842 4205 prodierat
871 4132 1095 4205 femina,
1118 4150 1237 4203 qum
1265 4144 1420 4205 partu
1463 4135 1695 4191 fecunda

125 4206 356 4260 lominos
407 4204 633 4273 imperio
680 4203 924 4257 Romano
970 4203 1327 4260 ministraret.
1374 4205 1469 4260 Est
1523 4206 1696 4261 Toleti

119 4277 298 4329 temita
321 4276 561 4343 mundam
589 4288 683 4342 per
704 4273 1102 4343 compendium,
1120 4291 1237 4343 qua:
1253 4286 1478 4330 vocatur
1503 4278 1694 4332 semita

119 4344 395 4410 Iallianzc;
439 4356 493 4399 et
522 4344 696 4416 Toieti
736 4345 1035 4416 sunthorti
1071 4346 1200 4416 rogii
1234 4346 1360 4400 dicti
1394 4346 1653 4403 Galliana:
1678 4365 1693 4415 ;
1723 4343 1767 4404 C

119 4425 157 4470 ξι
190 4433 289 4470 arx
321 4431 487 4486 prope
515 4415 572 4467 S.
603 4413 812 4479 Fidem,
835 4414 961 4486 olim
993 4415 1093 4468 fuit
1118 4413 1256 4470 dicta
1291 4433 1385 4469 arx
1416 4413 1696 4486 Gallianae;

128 4503 158 4539 n
189 4485 365 4541 Gallia
415 4486 669 4556 palatium
706 4485 999 4556 quoddam,
1037 4487 1178 4556 quod
1224 4487 1289 4539 ad
1345 4486 1482 4541 hanc
1529 4504 1700 4556 usque

120 4558 249 4611 iiem
290 4554 590 4626 appellatur
618 4555 895 4610 Galliame.
940 4555 1102 4624 Regis
1124 4554 1328 4610 Calafri
1378 4559 1579 4611 mentio
1612 4554 1700 4613 est

119 4630 247 4696 ipud
280 4625 460 4681 thSilll
488 4625 731 4678 Maurum
778 4626 1117 4689 historicum,
1155 4638 1209 4696 et
1249 4628 1389 4696 apud
1414 4627 1700 4682 historicos

119 4694 290 4752 rernm
315 4698 356 4751 Τ
360 4699 719 4760 oletanarmn,
754 4711 857 4749 non
885 4697 1137 4750 obscura.
1160 4694 1221 4749 P.
1250 4694 1316 4749 ll.
1339 4726 1408 4735 —
1433 4696 1489 4750 ln
1523 4698 1697 4752 llisto-

119 4769 187 4821 ria
220 4768 611 4837 archiepiscopi
643 4767 893 4838 Roderici
937 4767 1319 4838 manuscripta,
1364 4775 1421 4820 et
1458 4769 1528 4822 ab
1555 4770 1699 4838 ipso-

119 4847 219 4891 met
251 4839 303 4892 in
338 4836 630 4907 [impartam
660 4837 897 4907 linguam
948 4837 1231 4907 translata,
1273 4836 1341 4889 de
1381 4851 1484 4905 qua
1534 4836 1695 4904 infra,

119 4910 287 4979 hujus.
316 4898 456 4979 régis
515 4907 632 4979 (seu
688 4898 971 4977 viceregis)
1031 4908 1147 4979 l_ta:c
1190 4915 1367 4979 exstat
1399 4898 1693 4964 ‘memoria.

119 4998 131 5049 ι
162 4978 205 5032 Ε
238 4980 321 5034 l'ue
348 4976 407 5034 se
446 4994 577 5049 para
606 4978 653 5029 la
698 4976 891 5030 cindad
933 4982 998 5030 de
1029 4976 1231 5049 Toledo
1262 4976 1334 5048 [et
1371 4978 1555 5034 Crmde
1583 4981 1697 5036 Don

119 5048 369 5123 limante]
390 5047 584 5123 queen
612 5058 727 5100 este
747 5050 1058 5123 iiempoera
1083 5049 1171 5104 alli
1204 5047 1339 5117 ltcy,
1365 5063 1463 5116 por
1490 5051 1697 5106 Abdar-

120 5118 386 5186 ‘ahamen',
414 5118 654 5175 Galalre.
699 5137 715 5168 ι
745 5118 805 5172 D.
836 5118 898 5172 L.

1809 3034 2063 3102 poblado,
2091 3048 2196 3103 que
2227 3036 2349 3087 toda
2377 3032 2426 3086 la
2452 3036 2614 3088 tierra
2639 3050 2730 3088 era
2766 3032 2907 3097 lleua
2941 3036 3006 3087 de
3036 3034 3214 3089 Mores
3251 3054 3263 3089 :
3290 3052 3320 3091 e
3349 3036 3399 3089 al

1809 3105 1943 3175 cabo
1970 3107 2036 3159 de
2058 3120 2221 3173 pocos
2242 3106 2355 3159 dias
2382 3104 2620 3175 llegaron
2648 3120 2676 3157 a
2704 3105 2877 3159 Paris.
2897 3106 2937 3159 Ε
2959 3106 3167 3171 Carlos,
3186 3108 3401 3175 quando

1809 3173 1861 3246 io
1886 3190 2023 3246 supo
2054 3176 2403 3246 quevenian,
2429 3173 2649 3246 saltolos
2676 3191 2705 3229 a
2736 3177 2947 3241 recehir
2983 3191 3083 3231 con
3125 3173 3259 3246 gran
3304 3191 3400 3232 ca-

1809 3245 2061 3315 balleria,
2090 3244 2338 3300 ellenoa
2364 3245 2590 3299 Caliana
2648 3262 2676 3299 a
2718 3261 2810 3299 sus
2849 3244 3195 3315 palacios;_e
3243 3248 3399 3314 ﬁeola

1807 3313 1966 3386 luego
2023 3317 2292 3379 bautizar,
2322 3316 2634 3386 etet'narla
2680 3313 3006 3376 Christiana,
3060 3332 3090 3371 e
3132 3332 3259 3371 caso
3293 3313 3398 3373 con

1806 3384 2077 3451 ella'ansi,
2111 3402 2266 3440 como
2299 3384 2411 3440 selo
2438 3385 2705 3454 prometio
2733 3403 2746 3438 :
2784 3402 2814 3440 e
2857 3386 3046 3439 Carlos
3070 3388 3273 3442 recibin
3302 3401 3399 3442 cna

1807 3464 1994 3509 tonces
2022 3456 2071 3509 la
2101 3470 2299 3509 corona
2340 3455 2421 3508 del
2449 3454 2657 3525 Reyno,
2688 3471 2721 3525 e7
2763 3455 2811 3509 le
2840 3455 3155 3510 llamaronlo
3196 3459 3266 3512 de
3306 3459 3398 3516 alll

1805 3526 2054 3581 adelante
2082 3526 2269 3581 Carlos
2298 3525 2347 3579 el
2373 3524 2609 3580 Grande.
2655 3545 2672 3577 ι
2708 3524 2993 3595 Discrepat
3029 3528 3156 3582 item
3186 3546 3214 3581 a
3246 3528 3397 3583 Luit-

1844 3600 2029 3658 rando,
2073 3598 2200 3650 dum
2256 3598 2451 3650 asserit
2491 3595 2791 3650 Caliianam
2840 3596 3169 3666 baptizatum
3226 3599 3395 3657 fuisse

1844 3610 2029 3658 rando,
2073 3610 2200 3650 dum
2256 3610 2451 3650 asserit
2491 3610 2791 3650 battlanam
2840 3610 3169 3666 baptizatum
3226 3610 3394 3657 luisse

1803 3610 2149 3741 Barisiigﬂet
2181 3666 2560 3741 _Lt_i_i_tpra_ndus
2595 3666 2796 3741 _Tolct_i.
2833 3668 2906 3721 De
2954 3666 3198 3722 Galliana
3229 3684 3394 3741 supra

1803 3752 1953 3791 num.
1998 3737 2123 3803 248,
2171 3736 2308 3790 Galli
2365 3737 2606 3791 historici
2664 3737 3049 3808 suffragantur,
3100 3736 3394 3795 novissime

1801 3819 1992 3863 auctor
2045 3808 2319 3878 I‘Ipitomes
2358 3822 2543 3876 regum
2575 3807 2796 3878 Calliae,
2828 3807 2919 3878 qui
2981 3824 3079 3864 suo
3134 3811 3393 3866 idiomatc

1802 3879 2022 3950 scripsit
2070 3876 2229 3946 hujus
2271 3877 2617 3950 imperatoris
2656 3876 3067 3950 gestafdoctor
3100 3879 3295 3935 Petrus
3326 3883 3395 3938 de

1803 3948 2028 4019 Salazar
2053 3957 2107 4002 et
2160 3950 2227 4019 de
2271 3947 2547 4009 Mendoza,
2605 3947 2896 4005 canonicos
2953 3952 3397 4019 [uenitentiarius

1802 4018 2076 4073 'l‘oletana:
2112 4018 2389 4083 Ecclesiaa,
2419 4018 3011 4082 virermlitissinms,et
3043 4023 3095 4076 in
3129 4022 3388 4080 Historia:

1801 4088 2109 4162 Hispanicae
2130 4089 2437 4159 cognitione
2464 4099 2735 4162 versatus,
2762 4093 2815 4145 iu
2849 4091 3076 4162 l‘rologo
3110 4094 3174 4147 ad
3216 4093 3392 4149 lecto-

1798 4176 1913 4214 rem
1951 4162 2001 4232 in
2023 4161 2315 4226 Chronico,
2340 4162 2488 4232 quod
2514 4161 2729 4232 scripsit
2759 4163 2824 4216 de
2848 4161 3041 4232 magno
3057 4172 3111 4218 et
3141 4164 3391 4220 illustris-

1799 4232 1938 4307 sime
1976 4229 2372 4307 illo‘cardinaii
2412 4232 2476 4285 de
2521 4229 2802 4296 Mendoza,
2850 4229 2962 4288 ubi—
2995 4235 3070 4288 ait
3118 4245 3172 4290 et
3205 4246 3386 4307 negat.

1798 4301 1964 4374 Cujus
1986 4301 2146 4374 verba
2174 4303 2440 4372 ipsissima
2462 4318 2731 4374 appgnerc
2760 4318 2937 4372 opera:
2964 4307 3197 4374 pretium
3221 4301 3346 4360 du'xi
3371 4324 3386 4361 :

1807 4390 1849 4445 [ιΔ
1869 4372 1949 4425 En
1979 4370 2272 4445 suhtiem'po
2301 4374 2426 4445 vino
2473 4370 2511 4445 a'
2553 4370 2756 4445 'foletlo
2787 4370 2834 4428 el
2869 4370 3200 4445 En.perador
3225 4375 3395 4433 Carlo

1801 4441 2007 4512 Magno.
2047 4441 2158 4563 Bcf
2194 4444 2260 4495 de
2301 4442 2551 4505 Francia,
2588 4443 2600 4495 i
2631 4444 2767 4498 dexo
2792 4459 2894 4513 por
2945 4441 3007 4498 sit
3052 4450 3230 4516 amigo
3259 4462 3387 4517 mny

1801 4514 2051 4563 estrecho
2093 4528 2120 4563 a
2192 4512 2301 4563 Rev
2359 4511 2596 4563 Galal're.
2646 4513 2723 4563 Lo
2778 4518 2965 4563 (ieiunas
3020 4531 3127 4563 nne
3180 4517 3316 4563 llm'n
3354 4533 3384 4563 ιι

1799 4511 2072 4585 estrecho_
2093 4511 2148 4585 al
2192 4512 2325 4585 Rey-
2359 4511 2596 4567 Galal're.
2646 4513 2723 4585 L0
2778 4511 2965 4569 demas
3020 4531 3127 4585 que
3167 4511 3316 4570 llevo
3352 4511 3389 4572 Ξι

1801 4598 1862 4655 su
1895 4582 2002 4648 hija
2034 4580 2286 4655 Caliana,
2315 4581 2329 4634 i
2354 4596 2481 4655 raso
2504 4599 2609 4655 con
2628 4584 2759 4655 clla,
2798 4586 2944 4655 iique
2974 4580 3203 4640 la'lahro
3232 4586 3385 4655 pala-

1798 4653 1883 4719 cio
1944 4669 2010 4705 en
2066 4654 2301 4707 Burdeos
2336 4670 2348 4705 ι
2382 4651 2434 4706 lo
2486 4654 2571 4707 del
2627 4653 2778 4709 Moro
2820 4651 3202 4720 Bradamante,
3232 4651 3256 4709 ’ἰ
3304 4657 3388 4713 las

1799 4737 1980 4776 armas
2026 4736 2131 4791 que
2185 4723 2303 4777 hiso
2354 4737 2420 4776 en
2473 4723 2524 4777 el
2572 4724 2958 4788 Valsamonial,
2994 4736 3147 4781 entre
3187 4726 3388 4785 Oliasi

1798 4793 2066 4856 Cabaﬁas,
2103 4793 2152 4846 ni
2187 4792 2236 4845 lo
2263 4794 2407 4864 digo,
2442 4794 2570 4849 nilo
2601 4809 2747 4849 creo.
2781 4815 2800 4846 ›
2833 4796 2989 4860 Quod
3014 4798 3261 4852 ultimum
3288 4798 3391 4852 ite-

1797 4879 1916 4917 rum
1948 4872 2225 4936 asseverat
2257 4863 2539 4936 in’cadem
2574 4863 2807 4918 Historia
2861 4865 2957 4920 lib.
3009 4886 3074 4932 ιι,
3123 4882 3242 4936 cap.
3301 4867 3391 4935 56,

1796 4948 1916 5004 pag.
1958 4935 2082 4999 588,
2132 4934 2238 4988 col.
2297 4949 2359 4999 ις
2418 4933 2664 4988 Julianus
2716 4943 2902 4989 noster
2957 4939 3099 4996 idem
3145 4933 3399 4996 recenset

1797 5005 2246 5080 n_mn.5‘.l3,_quod
2269 5004 2731 5080 Luitprandushic
2743 5023 2770 5080 Ξ
2783 5005 3117 5080 eivirgiuem
3137 5009 3405 5080 honestis.

1796 5074 1988 5146 simam
2011 5076 2539 5146 pulcherrimamque
2557 5076 2719 5127 fuisse
2733 5074 3045 5137 Gallian'am
3060 5077 3226 5146 addit.
3258 5077 3319 5129 υ.
3339 5079 3407 5136 ι..

1865 5144 1991 5202 252.
2012 5143 2092 5202 Ἦ.
2128 5145 2381 5201 Urbicius
2412 5148 2530 5201 tulit
2554 5158 2781 5210 corpora
2822 5161 3148 5207 sanctorum
3179 5143 3316 5199 Justi
3351 5163 3414 5207 et
