4012 5334
1671 197 2159 260 manu

2265 194 2715 253 Μ
3685 193 3813 251 1092

616 430 742 487 249.
774 429 830 484 ln
856 426 1048 484 Castro
1078 423 1378 481 Octaviano
1406 433 1571 492 prope
1592 418 1954 475 Barcmonem
1985 422 2172 470 sancta
2197 412 2391 479 Maria,
2411 411 2634 483 Ioseph,
2664 412 2879 475 Victor,
2903 418 2967 465 et
2988 406 3697 478 Mﬁﬂa

615 522 743 579 250.
765 521 879 577 Hoc
922 512 1065 575 anno
1098 515 1396 588 Elipandus
1420 513 1712 568 Toletanus
1733 508 1979 581 pontifex
2004 506 2225 561 miserat
2257 504 2579 576 legationem
2607 505 2676 560 ad
2704 504 2957 562 Carolnm
2987 504 3267 577 Magnum,
3288 513 3349 557 α
3374 499 3833 605 his?

547 620 682 689 petit
705 619 1054 674 vehementer
1081 615 1148 669 ab
1182 629 1267 680 eo,
1293 627 1415 667 eum
1446 610 1551 681 legi
1582 607 1804 663 faceret.

911 710 1206 767 DCCCXXI
1218 710 1279 765 V.

617 813 745 867 251.
772 809 1019 866 Toletani
1047 807 1370 879 gravissime
1397 805 1579 861 ferunt
1598 803 1786 876 jugum
1813 801 2144 855 Maurorum.

616 911 743 966 252.
782 909 1033 981 Synodus
1059 903 1379 960 universalis
1414 902 1605 957 Nicaea
1634 900 1861 972 septima
1892 898 2073 951 habita
2096 938 2111 963 ,
2142 903 2450 950 tercentum
2477 902 2533 949 et
2557 893 2945 981 quinquaginta
2975 892 3350 960 episcoporum
3376 931 3392 955 ,
3421 898 3617 944 contra
3654 890 3825 944 hue-

553 1006 690 1062 ticos
737 1002 1121 1060 leonomachos
1148 1005 1508 1070 congregata;
1554 997 1609 1051 in
1639 1010 1741 1065 qua
1776 992 2022 1049 interfuit
2042 990 2335 1045 Pantaleon
2364 990 2651 1060 episcopus
2682 988 2997 1043 Valentinus
3020 1003 3087 1041 ex
3117 985 3393 1055 Hispania,
3426 994 3483 1039 et
3510 985 3829 1040 Theodorus

550 1101 833 1172 presbyter
860 1097 1016 1152 Badte
1042 1110 1209 1167 prope
1229 1092 1609 1164 Carthaginem
1639 1090 1972 1160 Spartariam
2011 1089 2176 1158 (nunc
2206 1087 2289 1141 sic
2306 1095 2497 1141 vocata
2527 1098 2631 1151 est,
2658 1083 2740 1139 vel
2770 1084 2980 1154 prope),
3012 1082 3141 1138 olim
3168 1082 3308 1138 dicta
3334 1082 3540 1152 'I‘liyar.
3582 1078 3833 1135 Interfuit

549 1195 715 1250 etiam
756 1193 1092 1263 Nicephorus
1115 1189 1397 1261 presbyter
1440 1187 1498 1241 S.
1527 1186 1708 1240 Maria:
1748 1185 1815 1241 de
1847 1184 2107 1240 Columna
2138 1182 2383 1238 ecclesiae
2417 1182 2945 1250 Ctesarangnstaum,
2972 1188 3027 1234 et
3054 1178 3290 1250 Agapius
3310 1176 3369 1231 S.
3401 1176 3611 1247 Thyrsi
3644 1189 3830 1229 mona-

550 1288 702 1344 sterii
736 1286 979 1343 Toletani
1006 1285 1198 1347 abbas,
1224 1299 1322 1354 pro
1349 1282 1569 1337 domino
1590 1280 1850 1352 Elipando
1876 1278 2130 1349 pontifice
2157 1277 2440 1344 Toletano,
2467 1276 2689 1346 ejusque
2714 1276 2971 1331 vicarius.

619 1383 745 1439 255.
770 1382 884 1438 Hoc
910 1395 1051 1437 anno
1081 1380 1314 1435 moritur
1339 1380 1574 1449 degener
1608 1393 1703 1433 rex
1731 1376 2113 1447 Mauregatus;
2148 1390 2218 1430 ex
2256 1390 2411 1445 aequo
2446 1374 2587 1431 caelo
2617 1388 2881 1442 serosque
2913 1372 2989 1445 [al
3019 1369 3260 1442 suisque]
3304 1384 3504 1425 exosus
3526 1409 3542 1434 ,
3581 1366 3837 1439 sepelitur

552 1494 685 1535 vero
709 1478 939 1533 Pravim.

621 1574 749 1629 254.
786 1575 853 1629 Et
880 1574 1299 1637 Abderahmam,
1329 1570 1638 1626 Maurorum
1668 1571 1981 1640 imperator,
2016 1568 2252 1623 moritur
2277 1568 2544 1623 Cordubai
2566 1574 2689 1635 post
2722 1581 2893 1620 annos
2913 1565 2983 1620 29
3006 1564 3217 1634 imperii
3242 1561 3532 1617 Saraceni.

623 1671 749 1726 255.
775 1671 889 1727 Hoc
918 1679 1160 1739 tempore
1186 1667 1461 1723 aneiman
1490 1680 1585 1720 rex
1626 1664 1798 1720 Toleti
1829 1665 1887 1718 fit
1907 1665 2070 1720 etiam
2101 1679 2198 1718 rex
2222 1663 2517 1729 Cordubai;
2549 1663 2900 1737 succeditque
2924 1662 2976 1716 in
3023 1662 3250 1732 imperio
3267 1659 3667 1714 Mallumetano
3685 1659 3840 1716 totius

561 1765 833 1836 Hispania:
852 1764 995 1834 patri
1026 1779 1126 1819 suo
1149 1762 1574 1826 Abderahmam,
1600 1760 1713 1829 ipse
1736 1769 1864 1814 natu
1896 1760 2182 1815 maximus.

623 1861 751 1917 256.
782 1861 1009 1917 Moritur
1036 1858 1324 1913 admodum
1353 1871 1517 1912 senex
1545 1864 1665 1926 post
1694 1856 1911 1925 triginta
1937 1871 2107 1909 annos
2138 1854 2431 1926 Turpinus,
2455 1856 2546 1924 qui
2574 1855 2791 1926 scripsit
2814 1864 3051 1927 gravner
3077 1852 3244 1908 vitam
3273 1851 3457 1908 Caroli
3485 1852 3712 1922 Magni;
3744 1866 3839 1922 po-

555 1959 771 2028 suitque
790 1974 913 2014 eum
944 1955 1213 2009 Adrianus
1237 1951 1334 2025 [aL
1358 1951 1675 2024 Gregorius]
1704 1967 1840 2023 papa
1862 1968 1961 2023 pro
1986 1960 2175 2007 saneto
2201 1951 2486 2008 Rebobero
2512 1952 2723 2008 exsule.
3806 1928 3811 1933 ’

897 325 1263 389 DCCCXXlll.

3039 694 3459 752 DCCLXXXVI.

913 2047 1325 2107 DCCCXXVIII.
3219 2043 3347 2100 DCC
3356 2043 3468 2099 XC.

623 2147 748 2203 257.
796 2146 1052 2203 Socrates
1075 2185 1089 2211 ,
1129 2143 1496 2208 Sozomcnus,
1520 2142 1798 2214 Philippus
1824 2184 1838 2209 ,
1869 2144 2168 2214 scriptores
2199 2142 2597 2210 ecclesiastici,
2639 2151 2694 2201 et
2722 2142 2968 2200 doctrina
3008 2140 3235 2198 Joannis
3273 2140 3528 2196 Cassiani
3563 2141 3840 2203 monachi,

553 2244 767 2300 ﬂorent.

692 2357 698 2361 ’
912 2333 1184 2393 DCCCXX
1193 2334 1281 2388 Xl.
3163 2328 3480 2387 DCCXClll.

626 2436 755 2493 258.
788 2433 1063 2490 Adrianus
1097 2448 1234 2504 papa
1262 2431 1527 2503 synodum
1557 2434 1831 2490 contrahit
1857 2434 2045 2491 Romae
2067 2434 2163 2507 [αι.
2192 2432 2602 2507 Γταηεῐοτάῖω].

916 2529 1329 2585 DCCCXXXIII.
3175 2524 3472 2581 DCCXC'J.

625 2630 752 2686 259.
786 2627 1079 2699 Elipandus
1105 2627 1543 2698 archiepiscopus
1574 2624 1886 2692 Toletanus,
1914 2627 2017 2682 hoc
2045 2641 2188 2682 anno
2217 2624 2387 2681 Toleti
2417 2625 2681 2696 synodum
2714 2604 3262 2692 contrahit'petitione
3290 2623 3464 2676 sancti
3501 2623 3655 2694 regis
3675 2621 3845 2678 Caroli

561 2726 764 2797 Magni,
794 2734 850 2781 et
878 2726 1098 2780 hortatu
1134 2724 1448 2780 Gumesindi
1472 2725 1839 2779 archidiaconi
1864 2724 2128 2789 Toletani,
2162 2723 2409 2793 discipuli
2432 2723 2536 2791 sui,
2567 2733 2622 2778 et
2649 2721 2784 2793 Lupi
2806 2722 2908 2776 viri
2938 2721 3263 2786 Muzarabis,
3290 2719 3547 2775 Toletani
3577 2720 3843 2790 primarii,

562 2823 649 2877 die
676 2824 743 2877 15
772 2822 970 2876 mensis
990 2821 1212 2892 Aprilis,
1242 2822 1327 2876 die
1362 2821 1664 2886 Dominico,
1698 2821 1750 2874 in
1779 2822 1865 2876 die
1890 2819 2025 2875 festo
2057 2819 2115 2875 S.
2154 2820 2555 2890 llermenegildi
2580 2820 2721 2889 regis
2747 2831 2802 2873 et
2827 2817 3103 2888 martyris,
3138 2816 3279 2887 apud
3307 2813 3367 2868 S.
3398 2813 3580 2869 Jusue
3608 2824 3847 2869 secreta-

562 2919 702 2973 rium
736 2936 749 2972 :
780 2919 846 2973 ad
872 2934 1032 2988 quam
1063 2925 1431 2973 convenerunt
1452 2917 1604 2971 multi
1630 2918 1869 2987 episcopi
1902 2928 1956 2973 ct
1979 2918 2224 2983 abbates,
2259 2927 2314 2972 et
2348 2932 2532 2973 coram
2558 2917 2663 2971 illis
2695 2917 2828 2971 dixit
2860 2915 3152 2985 Elipandus
3174 2954 3190 2979 ,
3219 2929 3277 2968 se
3307 2923 3460 2968 stare
3499 2912 3839 2968 determina-

566 3014 696 3069 tioni
725 3022 925 3070 sancta:
956 3012 1211 3067 Ecclesia).
1244 3012 1499 3066 Romana:
1533 3013 1677 3067 circa
1709 3013 2216 3069 determinationem
2250 3014 2452 3083 negotii
2492 3012 2561 3067 de
2596 3013 2889 3083 adoptione
2924 3010 3128 3067 Christi
3161 3010 3239 3081 (in
3276 3025 3385 3081 quo
3426 3010 3704 3080 deceptus
3731 3007 3846 3076 fuit)

564 3111 727 3181 idque
749 3126 869 3166 cum
898 3111 1152 3183 lacrymis
1186 3119 1291 3163 tam
1320 3108 1436 3177 ejus
1465 3125 1627 3180 quam
1666 3110 1921 3166 aliorum.

634 3204 758 3260 260.
789 3205 1017 3261 Peracto
1046 3205 1277 3261 concilio
1303 3247 1318 3273 ,
1357 3207 1467 3276 egit
1503 3206 1711 3277 gratias
1742 3207 2040 3277 Elipandus
2070 3205 2267 3262 Carolo
2296 3204 2538 3276 'Hagno;
2580 3204 2880 3273 scribitque
2915 3210 3106 3259 sancto
3152 3200 3391 3273 pontiﬁci
3434 3200 3723 3265 Adriano,
3762 3200 3846 3269 qui

565 3303 915 3361 vehementer
942 3303 1162 3375 gavisus
1182 3304 1256 3357 illi
1289 3305 1593 3374 gratulatur
1627 3322 1640 3357 :
1671 3305 1947 3375 mittitque
1976 3304 2272 3375 Elipandus
2303 3302 2503 3357 multos
2527 3301 2697 3357 libros
2723 3299 2952 3356 Cothice
2978 3300 3210 3370 scriptos
3232 3299 3297 3353 ad
3318 3298 3606 3354 Cat-olom.

920 3396 1336 3457 DCCCXXXIV.
3074 3406 3077 3411 '
3157 3393 3477 3450 DCCXCVI.

634 3495 1059 3553 261..Defnncto
1098 3509 1238 3566 papa
1276 3493 1517 3549 Adriano
1542 3534 1558 3561 ,
1590 3494 1829 3550 succedit
1861 3494 1933 3549 illi
1963 3495 2069 3549 Leo
2100 3493 2166 3548 lli
2194 3508 2353 3564 papa.
2389 3490 2502 3547 lloc
2533 3508 2676 3548 anno
2706 3490 2935 3546 habetur
2963 3490 3016 3544 in
3045 3489 3334 3546 Germania
3380 3489 3634 3560 synodus
3662 3489 3851 3559 Aquis—

568 3610 740 3667 grani.

1536 3712 1599 3766 P.
1638 3712 1969 3769 HIGUERIE
2009 3714 2097 3769 ET
2134 3715 2199 3769 D.
2241 3712 2618 3771 LAURENTII
2659 3712 2887 3770 ΝΟΤᾸΞ.

636 3805 764 3859 251.
804 3803 1201 3857 Premebantur
1227 3800 1470 3856 Toletani
1492 3803 1854 3874 vectigalibus
1894 3805 2145 3859 inimodi-
2176 3811 2225 3870 Α
2252 3805 2368 3871 leti,
2424 3805 2667 3874 hortatu‘
2693 3806 2836 3871 regis
2886 3802 3063 3859 Caroli
3112 3802 3310 3873 Magni,
3360 3811 3415 3859 et
3465 3803 3853 3874 impulsoribus

566 3878 649 3933 cis
696 3884 751 3927 et
797 3874 953 3927 malis
1011 3874 1422 3928 tractationibus
1483 3872 1898 3939 Saracenorum,
1967 3883 2028 3927 ut
2083 3876 2151 3930 de
2251 3875 2587 3932 Cunicsindo
2627 3872 2888 3944 Toletano
2917 3872 3301 3928 arcliidiacono
3327 3889 3390 3928 ac
3419 3872 3581 3944 Lupo
3614 3875 3852 3929 Mazara-

570 3945 892 4001 Christianis
941 3944 1034 4013 qui
1088 3945 1355 4010 degebant
1406 3945 1694 4009 Cordnbm,
1743 3958 1809 3998 ex
1872 3944 2150 4001 luculenta
2251 3946 2339 4010 be,
2368 3945 2616 3998 meminit.
2641 3946 2805 3998 etiam
2858 3943 3103 3998 Julianus
3128 3945 3226 3997 hoc
3253 3945 3441 3999 eodem
3490 3943 3665 3999 anno.
3699 3945 3853 4000 Habi-

573 4017 631 4071 S.
667 4014 868 4086 Eulogii
898 4023 1108 4068 constat
1139 4014 1470 4086 narratione.
1499 4014 1555 4069 P.
1604 4014 1667 4068 11.
1848 4085 1873 4086 ﬂ
1996 4085 2001 4086 γ
2256 4026 2367 4071 tum
2396 4025 2479 4069 est
2503 4016 2621 4084 ipso
2648 4017 2735 4069 die
2763 4014 2820 4086 S.
2860 4014 3256 4086 llermenegildi
3298 4016 3441 4085 regis
3487 4026 3544 4069 et
3600 4018 3853 4086 martyris

642 4084 1031 4156 2521Cogitiir
1082 4084 1311 4153 septima
1356 4085 1591 4156 synodus
1645 4085 1911 4155 generalis
1960 4085 2155 4140 Nicaea:
2255 4087 2342 4141 die
2372 4086 2439 4139 15
2469 4086 2691 4154 Aprilis,
2732 4085 2822 4155 qui
2849 4101 2912 4140 eo
2959 4100 3102 4138 anno
3135 4087 3186 4138 in
3218 4084 3433 4139 Feriam
3485 4103 3523 4140 ii
3557 4084 3769 4141 incidit.
3793 4085 3854 4140 Et

573 4172 716 4210 anno
734 4153 836 4209 788
867 4164 1227 4209 trecentorum
1253 4153 2064 4225 quinquaginta‘epiSCOpornm,
2087 4172 2154 4210 ex
2255 4156 2407 4211 locus
2431 4153 2532 4209 est,
2562 4157 2651 4210 hic
2682 4153 2907 4225 illustris
2955 4157 3021 4209 ad
3052 4156 3414 4224 probandum,
3447 4166 3603 4219 tunc,
3654 4159 3854 4212 scilicet

574 4226 852 4294 Oniiplirio
897 4225 948 4278 in
979 4225 1246 4280 Chronico
1268 4224 1661 4280 ecclesiastico.
1692 4226 1819 4280 llluc
1849 4224 1997 4280 missi
2031 4235 2158 4280 sunt
2258 4241 2400 4281 anno
2429 4226 2551 4292 795,
2582 4224 2995 4281 celeberrimum
3029 4226 3174 4279 illuni
3199 4227 3339 4279 diem
3388 4226 3560 4282 fuisse
3586 4228 3853 4282 Christia-

574 4296 909 4365 Niccpliorus
955 4298 1393 4367 archipresbyter
1434 4296 1488 4349 S.
1536 4296 1720 4367 Maria:
1773 4296 1841 4367 de
1895 4297 2156 4350 Columna

574 4369 1065 4436 Czesarangustanm
1091 4365 1357 4429 ecclesia),
1390 4383 1419 4419 a
1453 4367 1514 4421 S.
1539 4365 1743 4422 Jacobo
1775 4366 2079 4427 instructae,
2103 4375 2159 4421 et

574 4437 808 4509 Agapins
834 4437 1004 4509 abbas
1043 4437 1101 4490 S.
1137 4436 1332 4509 Thyrsi
1361 4437 1643 4509 i'l‘oletanj,
1700 4438 1936 4493 vicarius
1980 4438 2154 4492 archi-

577 4506 811 4578 episcopi
848 4507 1090 4578 Toli-tani
1147 4506 1427 4575 Elipandi;
1484 4517 1543 4561 ut
1602 4506 1851 4563 videatur
1900 4510 2162 4564 sedulitas

615 4578 890 4632 ontilicuni
924 4577 1311 4648 Hispanorum,
1336 4579 1425 4644 qui
1451 4594 1724 4648 nunquam
1756 4580 2047 4633 defuerunt
2071 4593 2160 4632 re-

615 4595 890 4632 ontmcuin
924 4595 1311 4647 Hispanorum,
1336 4595 1425 4644 qui
1451 4595 1724 4648 nunquam
1756 4595 2047 4633 uetuerunt
2071 4595 2159 4632 re-

576 4595 678 4702 lius
734 4649 1074 4711 necessariis,
1130 4646 1223 4701 sed
1280 4646 1539 4712 juverunt
1596 4665 1708 4703 rein
1773 4650 2159 4713 Christianam,

577 4719 837 4773 adeuntes
882 4733 977 4786 per
1015 4732 1096 4782 se,
1120 4718 1206 4789 vel
1249 4732 1343 4789 per
1403 4734 1546 4789 suos.
1582 4720 1828 4773 civitates
1875 4730 2165 4789 quantum‘

578 4803 810 4859 cumque
858 4798 1125 4852 remotas,
1155 4787 1247 4859 ubi
1294 4787 1492 4842 similia
1540 4799 1862 4859 cogerentur
1892 4787 1956 4845 in
2004 4792 2164 4845 rebus

580 4858 833 4913 maximis
857 4867 912 4911 ct
930 4858 1257 4912 necessariis
1280 4860 1526 4912 concilia.
1552 4858 1631 4913 In.

653 4926 837 4981 Badm.
868 4925 926 5002 _li_i
952 4921 1033 4979 Fl.
1061 4929 1259 5002 Qestro
1282 4944 1425 4982 anno
1445 4929 1569 4992 555,
1603 4930 1999 5001 num.2,Bagm
2031 4932 2163 5002 legi-

583 5005 700 5050 tur:
740 4993 1028 5065 utrobique
1054 4996 1501 5122 Badwlegfrein;
1548 5017 1673 5055 nam
1711 4993 1818 5065 est,
1844 4993 1964 5071 quae
2009 4993 2169 5056 hodie
2270 5006 2505 5072 expenit‘
2535 4993 3012 5056 Ασὶτὶᾰηηςιίιὶίίειη
3068 4993 3282 5066 Cait'olo,
3332 5012 3387 5057 et

584 5066 750 5120 Bosa.
806 5065 938 5120 Vide
995 5077 1240 5123 nostrum
1350 5107 1364 5123 .
1426 5069 1485 5124 P.
1541 5071 1889 5125 Franciscuin
1957 5072 2025 5125 de
2082 5071 2170 5125 Bi-
2273 5073 2435 5125 fiebat
2473 5075 2524 5125 in
2554 5071 2940 5125 liisnania.sic
2971 5074 3174 5125 eisdem
3212 5074 3387 5125 diebus

1566 5086 1568 5105 θ
1586 5089 1642 5125 ΙἮ
1650 5086 1889 5125 116ιὸ011111
1957 5086 2025 5126 ne
2082 5086 2143 5125 151
2152 5100 2170 5113 ·

584 5066 750 5120 Bosa.
806 5065 938 5120 Vide
995 5077 1240 5123 nostrum
1297 5065 1364 5123 R.
1426 5069 1485 5124 P.

581 5151 698 5189 var.
728 5134 792 5189 1).
822 5135 885 5189 L.

659 5203 819 5283 Nunc
839 5208 913 5283 sic
937 5218 1141 5283 vocqta.
1184 5210 1238 5264 lu
1282 5226 1407 5283 m_s.,
1440 5228 1576 5266 nunc
1606 5222 1785 5267 rorata
1814 5224 1909 5278 est,
1944 5214 2021 5267 vel
2047 5228 2169 5283 pro-

586 5292 679 5334 pe:
707 5277 831 5334 quia
860 5275 1006 5334 Briau
1034 5276 1172 5332 forte
1192 5281 1592 5334 appellabatur.
1626 5298 1699 5334 in.

2258 4298 2344 4353 nis
2375 4295 2779 4361 Mazarabibns;
2810 4301 2943 4351 adeo
2987 4306 3046 4349 nt
3076 4298 3127 4350 in
3160 4296 3268 4354 illo.
3305 4305 3566 4366 tanquam
3617 4298 3857 4352 celeber-

2259 4369 2906 4492 }‘iniopsa'iiratissimoque
2932 4367 3038 4434 die,
3064 4367 3389 4438 principium
3421 4369 3655 4423 daretur
3690 4368 3860 4423 conci-

2284 4456 2352 4492 111.
2434 4476 2447 4489 .
2530 4479 2542 4491 .
3031 4453 3048 4461 ’

2284 4440 2352 4492 in.
2389 4439 2447 4490 Ρ.
2479 4439 2542 4491 ll.
3031 4453 3048 4461 '

2331 4509 2456 4562 261).
2500 4509 2572 4561 De
2600 4510 2898 4579 gratiarum
2949 4509 3159 4579 actione
3212 4506 3486 4579 pontiliiis
3516 4508 3768 4579 Elipandi
3794 4509 3858 4564 ad

2262 4578 2512 4636 Carolum
2542 4578 2813 4651 Magnum,
2851 4587 2932 4634 est
2965 4580 3015 4631 in
3039 4578 3254 4633 Juliano
3283 4578 3546 4647 frequens
3586 4578 3645 4634 et
3671 4594 3855 4649 magna

2263 4652 2478 4719 quidem
2509 4654 2747 4705 mentio.-
2768 4652 2840 4705 De
2876 4651 3013 4705 actis
3041 4651 3283 4705 Adriano
3314 4651 3511 4721 gratiis
3544 4651 3684 4704 nihil
3710 4652 3856 4721 alibi,

2264 4722 2368 4775 nisi
2396 4721 2539 4789 quod
2563 4722 2905 4782 crediderim,
2940 4722 3039 4774 hac
3061 4719 3348 4774 occasione
3371 4719 3613 4787 jussisse
3642 4720 3859 4790 poiitifi-

2266 4806 2383 4846 cem
2408 4792 2702 4846 Adrianum
2737 4791 3013 4859 lilipando,
3040 4800 3098 4842 ut
3128 4792 3242 4860 ipse
3283 4802 3543 4859 tanquam
3574 4792 3860 4861 Hispania-

2266 4878 2386 4915 rum
2415 4864 2618 4932 priinas
2657 4862 2919 4914 indiceret
2943 4876 3039 4929 per
3072 4861 3353 4931 Hispanias
3381 4863 3605 4916 litanias
3631 4863 3725 4925 25,
3769 4861 3854 4926 26,

2267 4931 2357 4993 281
2386 4931 2475 4986 die
2500 4932 2659 5004 Junii
2691 4946 2791 5000 pro
2834 4933 3009 5004 salute
3054 4932 3195 5000 regis
3218 4933 3423 5004 Caroli-
3456 4933 3661 5004 Magiﬁ.
3707 4933 3857 4999 Quod

3419 5005 3575 5072 pelit'
3610 5015 3690 5067 ut,
3723 5006 3856 5057 sient

2273 5071 2435 5126 fiebat
2473 5075 2524 5126 in
2554 5071 2833 5141 Hispania,
2864 5074 2940 5124 sic
2971 5074 3174 5125 eisdem
3212 5074 3400 5126 dielitis
3426 5071 3632 5141 ’jitbeat
3662 5076 3776 5128 lieri
3803 5076 3854 5125 in

2204 5173 2246 5232 Β
2276 5144 2388 5225 suis
2416 5145 2625 5232 regnis;
2649 5145 2790 5232 quod
2812 5151 2891 5195 est
2919 5144 3131 5232 signum
3170 5144 3351 5212 quanti
3394 5144 3554 5232 lierct
3580 5146 3635 5232 in
3670 5145 3856 5225 Hispa-

2274 5215 2363 5285 nia
2428 5213 2674 5285 Carolus.
2733 5214 2822 5285 lo.
2850 5232 2939 5285 -—_—'
2979 5214 3111 5266 Vide
3158 5228 3276 5283 quae
3319 5215 3505 5268 notavi
3557 5219 3625 5269 ad
3666 5217 3856 5285 episto-

2269 5282 2376 5334 lam
2442 5283 2826 5334 Tractemunili
2880 5282 3532 5334 Luitprando'missam-
3584 5282 3738 5334 nimi.
3799 5282 3852 5334 6.
