4012 5334
157 238 278 292 1095

493 344 860 400 DCCCXXXV

1482 234 1568 290 CH
1575 233 1868 290 RONICON
1876 276 1889 290 .

3241 240 3378 299 1091

2689 349 3019 407 DCCXCVIl.
3209 343 3214 348 ’

217 443 334 498 ἳϐἒ.
355 441 744 498 Constantinus
771 444 1063 511 imperator
1092 451 1311 498 coactus
1339 449 1422 498 est
1448 442 1515 498 ab
1547 443 1697 500 lrene
1724 443 1974 498 abdicare
2001 461 2014 509 ;
2045 459 2162 513 qua:
2193 445 2329 516 regit
2355 445 2638 516 imperium
2666 462 2785 501 cum
2819 448 2979 502 multa
3007 449 3188 504 laude.

497 541 936 597 DCCCXXXV'II.

2709 543 3024 600 DCCXCIX.

214 639 332 696 263.
358 637 567 708 Corpus
597 637 651 691 S.
683 637 886 699 Jacobi,
911 636 1153 692 Zebedaci
1183 637 1298 702 ﬁlii,
1323 639 1465 706 quod
1496 639 1712 694 ubinam
1745 639 2063 693 tumulatum
2092 638 2540 709 jaceret,multos
2573 655 2744 694 annos
2769 641 2980 708 penitus
3006 639 3377 710 ignorabatur,

148 753 176 790 ι
205 735 558 790 Theodomiro
586 733 770 787 lrieusi
803 734 1055 802 pontiﬁce
1076 733 1335 786 divinitus
1360 733 1563 802 pateﬁt.

214 831 332 885 264.
364 829 638 884 Venerunt
667 829 865 882 auxilio
898 828 1038 897 regis
1064 827 1267 881 All‘ousl
1289 867 1302 889 ,
1328 834 1682 896 cognomento
1717 826 1860 881 Casti
1885 869 1900 890 ,
1929 827 2145 896 quidam
2181 825 2373 889 duces,
2399 840 2582 881 comes
2609 827 3062 894 Cenomanensis,
3090 830 3381 888 Anselmus

146 943 322 985 comes
346 926 634 995 palatinas,
663 925 938 979 Rolandus
959 923 1124 978 frater
1148 923 1459 986 Abhelardi,
1490 924 1807 992 cognomine
1836 923 2048 978 Genesii
2072 939 2086 986 ;
2117 931 2171 975 et
2210 921 2613 990 postulaverunt
2642 938 2835 992 corpus
2867 925 2924 979 S.
2960 925 3239 981 Leucadiae
3267 929 3377 982 vir-

141 1022 280 1092 ginis
298 1029 349 1074 et
376 1021 647 1090 Martyris,
673 1020 1050 1088 Toletanceque
1073 1020 1230 1081 civis,
1255 1018 1442 1072 Toleto
1464 1017 1695 1071 delatum
1721 1017 1946 1072 Ovetum
1971 1033 1984 1081 ;
2016 1026 2070 1070 et
2099 1030 2189 1069 rex
2224 1031 2326 1068 non
2358 1016 2530 1083 potuit
2555 1016 2661 1070 ullo
2689 1019 2846 1070 modo
2868 1035 3079 1087 negare.
3129 1019 3380 1077 Delatum

141 1114 310 1168 estad
341 1115 524 1168 urbem
549 1114 900 1177 Suessouum,
928 1123 979 1168 et
1005 1123 1124 1183 post
1155 1114 1414 1168 ducentos
1445 1128 1613 1166 annos
1645 1128 1673 1164 a
1706 1114 1936 1180 quodam
1975 1112 2172 1166 comite
2199 1111 2392 1166 Montis
2415 1110 2599 1165 Henao
2625 1153 2639 1176 ,
2674 1112 2724 1166 in
2759 1113 3069 1181 liannonia,
3099 1115 3386 1173 Suessoai-

137 1210 240 1264 bus
267 1207 331 1262 ad
363 1208 605 1264 Cellense
645 1211 1028 1265 monasterium
1063 1208 1120 1264 S.
1149 1208 1372 1272 Gislcni,
1398 1208 1633 1278 episcopi
1665 1217 1719 1262 et
1737 1206 2085 1262 confessoris.

493 1303 927 1357 DCCCXXXVHI
943 1343 957 1357 .
2837 1305 3028 1361 DCCC.

204 1398 332 1453 265.
365 1397 464 1453 llic
496 1415 670 1454 annus
693 1398 820 1454 felix
847 1397 1258 1470 fortunatusque
1287 1397 1388 1452 fuit
1417 1395 1535 1453 orbi
1566 1396 1785 1466 quidem
1812 1396 2073 1465 Hispano,
2098 1394 2288 1450 Carolo
2319 1394 2509 1467 Magno
2541 1406 2756 1468 regente
2777 1397 2961 1456 Roma:
2986 1400 3267 1469 imperium
3292 1412 3382 1456 oe-

133 1492 388 1547 cidentis.
3130 1513 3134 1518 '

490 1588 905 1645 DCCCXXXIX.
2811 1585 3024 1644 DCCC].

203 1681 328 1737 266.
358 1682 590 1738 Collecta
607 1693 690 1736 cst
716 1683 768 1736 in
796 1682 1080 1738 Germania
1105 1681 1340 1752 synodus
1365 1680 1784 1753 Saliburgensis.

488 1779 793 1836 DCCCXLI.
2767 1782 3026 1837 DCCCIII.

201 1874 328 1928 267.
357 1873 581 1929 Moritur
605 1877 1069 1949 Constantinopoli
1094 1887 1314 1934 sanctus
1337 1879 1642 1949 patriarcha
1670 1879 1987 1941 Tharasius,
2018 1877 2290 1933 maximus
2316 1877 2436 1932 ﬁdei
2460 1875 2727 1943 defensor,
2757 1895 2828 1934 vn
2857 1880 3081 1936 Kalend.
3110 1880 3308 1936 Martii.

489 1966 848 2021 DCCCXLIV.
2761 1969 3025 2026 DCCCVI.

199 2063 328 2120 263.
367 2064 656 2134 Nortingus
683 2067 966 2135 episcopus
1001 2068 1102 2121 hac
1130 2075 1450 2136 tempestate
1474 2066 1653 2121 floret.

487 2154 888 2209 DCCCXLVIH.
2791 2154 3034 2210 DCCCX.

197 2251 328 2304 269.
357 2251 469 2305 lloc
497 2266 640 2306 anno
666 2253 927 2322 Elipando
953 2254 1362 2324 archiepiscopo
1392 2255 1651 2310 Toletano
1676 2296 1692 2320 ,
1721 2257 1839 2310 viro
1882 2257 2130 2327 prudenti
2159 2299 2172 2321 ,
2217 2255 2440 2318 humili,
2477 2271 2541 2309 ac
2582 2255 2634 2308 in
2667 2253 2781 2308 zelo
2810 2253 2932 2308 ﬁdei
2964 2253 3244 2308 catholicae
3272 2251 3383 2310 fern

122 2345 301 2407 venti,
331 2353 514 2396 sancte
537 2352 749 2395 mortuo
770 2343 1034 2397 suﬁicitur
1059 2346 1470 2399 archidiaconus
1502 2346 1618 2422 ejus
1643 2346 2021 2402 Gumesindus.
2057 2347 2171 2416 lpse
2197 2362 2322 2401 vero
2349 2360 2472 2399 cum
2501 2358 2795 2413 pauperum
2831 2351 2886 2398 et
2909 2343 3188 2397 viduarum
3207 2343 3384 2416 lacry-

123 2435 238 2488 mis
263 2433 520 2503 sepelitur
551 2433 602 2486 in
627 2433 868 2488 ecclesia:
890 2434 946 2487 S.
975 2433 1143 2490 Justa:
1171 2437 1487 2490 secretario.

196 2528 326 2582 270.
355 2527 714 2583 Cumcsiudus
742 2544 1020 2586 successor
1056 2545 1120 2600 ac
1149 2531 1446 2600 discipulus
1472 2532 1547 2586 illi
1581 2533 1759 2601 posuit
1786 2547 1849 2588 ex
1882 2549 2032 2588 more
2045 2533 2293 2601 .Gotbico
2323 2548 2541 2588 carmen
2571 2532 2886 2602 sepulcrale.

193 2619 326 2673 271.
355 2617 502 2672 Multi
528 2632 594 2670 e1
627 2618 906 2688 llispauia,
930 2621 1196 2688 prtecipne
1227 2620 1434 2686 Toleto,
1459 2636 1524 2674 ex
1555 2621 1955 2688 Muzarabibus,
1989 2622 2159 2692 pressi
2190 2621 2316 2692 jugo
2345 2621 2780 2686 Saracenorum,
2811 2620 3052 2690 quaesitis
3080 2621 3382 2678 occasioni-

119 2710 256 2770 bus,
287 2707 609 2772 clanculum,
637 2717 694 2761 ut
717 2716 964 2777 possunt,
994 2709 1058 2762 ad
1086 2709 1286 2763 Callias
1325 2709 1660 2779 confugiunt.

941 2871 954 2880 η,
1079 2797 1138 2851 Ρ.
1182 2797 1508 2854 ΙΙΙΟΗΕΒᾹΞ
1551 2800 1634 2854 ET
1677 2803 1738 2855 D.
1779 2800 2156 2857 LAURENTII
2198 2800 2427 2858 NOTE.

116 2908 287 2955 rum;
313 2891 364 2962 in
395 2891 460 2944 iis
488 2889 1019 2962 conciliaToletana,
1060 2889 1327 2962 Chronica
1360 2889 1565 2962 Dextri,
1595 2891 1708 2943 Μει-
1738 2897 1782 2953 Α
1812 2893 2170 2962 permigrasse
2216 2891 2589 2962 Figuerarum,
2631 2905 2857 2960 quorum
2899 2901 3022 2945 sunt
3051 2891 3210 2946 hodie
3252 2908 3388 2948 non-

115 2963 264 3017 ximi
313 2961 610 3028 fragmenta
643 2999 658 3021 ,
711 2959 1033 3020 Braulionis,
1085 2959 1345 3020 llelecctc,
1395 2960 1613 3014 ’l‘aionis
1655 2968 1709 3014 et

112 3036 390 3094 aliorum;
443 3029 823 3096 etLuilprandi
870 3039 1051 3096 postea
1102 3046 1200 3095 ego
1229 3031 1347 3082 misi
1402 3029 1643 3083 Fuldam.
1683 3050 1702 3082 ι

115 3104 334 3157 Horum
362 3101 605 3154 meminit
630 3101 882 3153 librorum
908 3099 1095 3151 doctor
1117 3100 1337 3152 Salazar
1357 3099 1420 3153 de
1450 3100 1704 3154 Mendoza

109 3176 172 3227 in
218 3172 335 3224 Vita
364 3171 421 3222 S.
449 3169 694 3222 lldefuusi
727 3184 826 3236 cap
861 3168 943 3228 l8,
973 3167 998 3236 §
1031 3171 1083 3229 7,
1115 3184 1235 3237 pag.
1273 3168 1391 3221 165.
1442 3170 1502 3222 1).
1537 3169 1598 3223 L.

193 3243 326 3295 265.
369 3240 442 3294 De
493 3240 818 3292 revclatione
871 3238 1011 3293 facta
1060 3239 1416 3307 'l‘hcodomiro
1470 3240 1707 3307 pontifici

106 3313 343 3372 friensi,
376 3326 479 3378 qua
512 3319 805 3362 reseratum
850 3316 933 3361 est
971 3310 1246 3378 corpusS.
1273 3306 1458 3360 Jacobi
1479 3306 1709 3375 Maioris

107 3380 383 3451 apostoli,
397 3377 404 3378 ί
418 3379 590 3451 multa
609 3379 828 3451 historia
843 3377 1322 3451 _(’lompostellana,
1361 3388 1416 3430 et
1457 3379 1706 3442 Morales,

102 3449 431 3518 G‘at'iVayns
457 3464 519 3502 ac
552 3449 805 3501 Mariana.
842 3449 900 3501 P.
938 3452 1017 3504 IL.

193 3515 347 3575 265]
368 3519 554 3570 Annus
581 3521 1063 3587 octingentesimus
1096 3518 1221 3572 felix
1255 3515 1353 3569 fuit
1381 3532 1443 3571 ac
1467 3517 1710 3571 fortuna-

106 3602 214 3645 tus
247 3589 343 3642 toti
374 3598 640 3641 terrarum
681 3589 796 3640 orbi
833 3604 930 3655 pro
954 3605 1165 3642 corona:
1189 3589 1501 3657 acceptione
1535 3589 1705 3644 sancti

101 3661 273 3730 regis
301 3666 356 3711 et
382 3658 721 3730 imperatoris
746 3657 945 3730 Caroli.
980 3660 1036 3712 P.
1071 3657 1136 3730 11.

189 3727 327 3787 3269.
368 3728 524 3780 Auno
571 3727 777 3780 Domini
808 3728 912 3781 810
954 3729 1183 3782 moritur
1220 3737 1437 3782 sanctus
1469 3727 1709 3797 pontifex

93 3799 542 3870 Elipandustet
575 3797 834 3870 sepelitur
872 3800 923 3852 in
961 3799 1074 3870 (ede
1116 3798 1172 3851 S.
1204 3798 1368 3852 Justzc
1395 3799 1706 3862 Toletanaa;

92 3866 370 3926 succedit
404 3867 474 3920 illi
508 3867 558 3920 in
588 3867 712 3921 sede
744 3866 999 3922 Toletana
1030 3867 1428 3932 Gumesiudus;
1455 3885 1521 3922 ex
1556 3877 1708 3921 cata-

91 3944 264 4009 logis
332 3938 391 3992 S.
449 3935 761 4009 1Emiliani,_
808 3938 1075 4009 Toletano
1119 3938 1380 4009 Cothico,
1438 3949 1491 3991 et
1525 3937 1705 4009 aliis;

87 4005 488 4132 (ttietttpet'iiattt
538 4009 688 4077 ponit
734 4005 982 4063 Julianus
1021 4007 1440 4063 archidiaconus
1493 4008 1707 4062 Toleta-

87 4097 245 4132 nus.
331 4119 344 4130 .
423 4117 438 4130 .

87 4097 245 4136 nus.
280 4097 344 4132 ι’.
373 4097 438 4132 Π.

185 4150 325 4202 9.71.
373 4146 526 4200 Multi
548 4163 612 4200 ea:
654 4144 913 4214 Hispania
953 4155 1007 4200 et
1034 4149 1300 4217 prrecipue
1341 4163 1406 4202 ex
1437 4146 1710 4201 Toletanis

1813 2963 1938 3015 nulli
1973 2961 2132 3016 modo
2182 2961 2250 3014 ab
2285 2963 2349 3015 iis
2379 2961 2624 3029 profecti,
2673 2963 2772 3014 viri
2818 2962 3060 3031 printarii
3085 2962 3385 3028 nobilitate,

1811 3047 1874 3100 ac
1915 3049 2096 3087 rerum
2151 3041 2424 3100 gestarum
2480 3032 2649 3100 gloria
2697 3032 2830 3084 satis
2898 3031 3210 3096 laudabiles,
3258 3035 3388 3088 dicti

1809 3099 2047 3156 Joannes
2075 3112 2127 3154 et
2155 3103 2346 3172 Petrus
2377 3099 2602 3172 Fignera
2628 3117 2648 3172 ;7
2691 3101 2780 3168 qui
2826 3117 2931 3155 non
2960 3102 3147 3170 procul
3189 3104 3385 3172 oppido

1811 3174 1980 3226 sancti
2011 3172 2182 3225 Floris
2209 3171 2535 3223 domicilium
2567 3171 2786 3223 habent.

1883 3242 1988 3294 Sed
2014 3251 2348 3294 revertamur
2368 3240 2433 3292 ad
2458 3240 2688 3306 priorem
2717 3239 3021 3308 epistolam,
3047 3254 3165 3307 qua:
3187 3241 3265 3294 sic
3289 3241 3386 3295 ba-

1810 3312 1939 3364 bet:
1977 3331 1994 3361 (
2029 3311 2139 3363 Hoc
2161 3320 2239 3363 est
2271 3320 2597 3378 przeceptmu
2641 3310 2995 3371 remissionis,
3031 3325 3125 3362 seu
3165 3324 3391 3364 conces-

1813 3383 2000 3441 sionis,
2043 3382 2185 3449 quod
2247 3377 2372 3432 fecit
2417 3377 2719 3449 Ludovicus
2772 3378 3386 3449 imperatorﬂispauis,

1811 3452 1900 3518 qui
1931 3451 1995 3502 ad
2018 3448 2076 3503 se
2111 3450 2504 3517 confugerunt:
2546 3448 2602 3500 In
2631 3449 2847 3502 nomine
2871 3450 2964 3502 Dei
3007 3457 3062 3501 et
3085 3448 3388 3504 Salvatoris

1813 3521 1982 3573 nostri
2005 3519 2130 3574 Jesu
2158 3519 2380 3580 Christi,
2409 3518 2726 3580 Ludovicus,
2753 3519 2930 3571 divina
2957 3519 3298 3572 ordinatione
3324 3527 3382 3573 et

1812 3591 2170 3658 providentia,
2215 3591 2508 3656 imperator
2533 3589 2826 3658 Augustus,
2853 3589 3102 3641 oumilms
3143 3587 3390 3658 fidelibus

1814 3657 2012 3714 Sanctae
2039 3660 2126 3714 Dei
2153 3658 2426 3722 Ecclesiae,
2457 3669 2511 3711 et
2535 3657 2734 3711 nostris
2756 3658 3129 3726 prmscntibus,
3157 3668 3211 3711 et
3237 3657 3392 3712 futuo

1815 3731 1910 3788 ris,
1939 3731 1990 3782 in
2017 3730 2256 3796 partibus
2279 3728 2598 3795 Aquitaniae,
2626 3727 2970 3796 Septimanim
3001 3728 3308 3795 provincite,
3335 3735 3391 3782 et

1813 3797 2102 3865 Hispanico,
2149 3798 2565 3852 consistentibus
2606 3799 2659 3850 in
2701 3797 2830 3851 locis
2857 3799 3063 3851 scilicet
3109 3797 3392 3867 illis,quas

1814 3869 2048 3922 diximus
2093 3885 2122 3922 a
2152 3868 2376 3922 Francis
2420 3868 2705 3920 Saracenis
2739 3867 2904 3922 fuisse
2954 3867 3186 3922 sublata.
3228 3868 3386 3923 Sicut

1814 3939 2011 3992 nullius
2039 3948 2277 3992 vestrum
2302 3938 2548 3991 notitiam
2576 3937 2831 4006 effugisse
2854 3946 3126 4006 putamus,
3154 3939 3390 4006 qualiter

1815 4007 1976 4076 aliqui
2012 4010 2288 4062 hominum
2335 4018 2554 4077 propter
2598 4008 2837 4075 iniquam
2882 4009 3288 4076 oppressionem
3333 4018 3389 4061 et

1813 4079 2243 4132 crudelissimum
2262 4077 2472 4145 jugnnt,
2505 4078 2643 4146 quod
2671 4093 2856 4131 eorum
2880 4079 3184 4132 cervicibus
3210 4079 3392 4132 inimi-

1815 4149 2033 4201 cissima
2066 4149 2459 4220 Christianitati
2506 4148 3065 4220 gensSaraceuorum
3114 4150 3388 4220 imposuit,

87 4218 536 4296 Μμζξινεψίιιιιεςζ
563 4217 632 4269 ob
669 4217 1045 4296 oppressiottes
1065 4219 1323 4296 assiduas
1376 4218 1705 4281 Maurorum,
1738 4237 1784 4296 Β
1816 4220 2016 4296 relictis
2047 4219 2278 4296 propriis
2324 4219 2820 4296 habitationilmset
2845 4217 3236 4296 facultatibus,
3267 4235 3389 4296 qum

81 4291 180 4344 ad
230 4288 440 4343 Gallias
468 4287 721 4356 migrant.
772 4286 879 4341 llos
919 4287 1142 4341 Carolus
1185 4291 1415 4356 primum
1462 4298 1708 4341 amanter

81 4359 372 4425 excepit,
397 4367 450 4410 et
472 4355 774 4427 Ludovicus
793 4367 977 4426 postea
997 4360 1155 4412 terris
1183 4355 1344 4412 donat
1364 4375 1377 4421 ;
1397 4359 1461 4412 de
1490 4374 1597 4427 quo
1625 4373 1710 4411 se-

76 4443 302 4499 quens
325 4427 579 4499 Ludovici
599 4425 856 4499 diploma,
880 4429 932 4480 in
961 4442 1066 4494 quo
1092 4429 1315 4482 mirifice
1341 4425 1564 4496 refulget
1590 4428 1708 4495 ejus

77 4497 327 4569 liietas,
351 4497 589 4569 Charitas
607 4505 661 4549 et
680 4511 834 4569 arnor
850 4498 900 4549 in
916 4499 1143 4569 patriam
1157 4499 1418 4569 Toletum.
1435 4500 1510 4552 De
1532 4514 1632 4564 qua
1654 4513 1710 4550 re

75 4565 202 4624 éic
229 4568 517 4628 Duronius,
544 4577 676 4620 tom.
704 4565 772 4618 IX
797 4566 1080 4620 Annalium
1103 4583 1246 4621 anno
1270 4568 1394 4621 8l5.
1429 4588 1446 4618 ι
1482 4569 1705 4629 Eodem,

73 4639 328 4705 inquit,
364 4648 601 4706 tempore
652 4638 703 4690 in
731 4637 1042 4699 Occidente,
1067 4652 1188 4691 cum
1232 4637 1500 4706 Hispaniae
1533 4638 1713 4691 duris-

71 4711 266 4763 sium
299 4709 694 4762 Saracenorum
723 4715 1097 4772 premerentur
1115 4707 1264 4777 jugo,
1289 4713 1590 4775 complures
1617 4723 1709 4775 po-

67 4777 265 4851 puli,
309 4779 459 4851 dura:
481 4778 773 4851 servitutis
823 4778 1180 4851 impatientes,
1222 4777 1391 4851 magis
1430 4777 1710 4851 diligentes

67 4846 336 4903 éervire
367 4846 710 4909 Christianis,
744 4862 902 4915 quam
931 4848 1126 4900 Christi
1157 4848 1400 4902 hostibus
1433 4847 1708 4900 Mahome-

69 4918 290 4975 ranis.
321 4917 444 4970 inde
470 4917 788 4985 migrarnut,
817 4918 928 4970 suis
969 4917 1120 4970 bonis
1150 4917 1369 4978 relictis,
1403 4917 1454 4970 in
1485 4917 1706 4970 Gallias.

65 4993 182 5042 AI.
254 4988 554 5054 imperator
625 4988 853 5039 ittaxime
905 4986 1028 5039 Pius
1101 4987 1443 5050 Ludovicus,
1501 4997 1708 5040 tantum

65 5060 286 5112 abest
316 5068 374 5109 ιιι
407 5057 681 5126 suscipere
741 5057 965 5110 voluerit
1002 5072 1094 5111 eos
1127 5060 1177 5112 in
1202 5071 1410 5119 servos,
1461 5066 1517 5110 ut
1557 5073 1708 5126 aequa

65 5129 458 5188 cortditione,
484 5142 588 5194 qua
619 5125 869 5188 Francus,
914 5126 1029 5179 illos
1068 5130 1288 5182 oumino
1325 5127 1550 5181 voluerit
1591 5125 1710 5182 cisse

65 5201 358 5260 liberos,
395 5197 696 5250 concedens
722 5199 922 5251 eisdem
944 5211 1154 5266 quoque
1195 5211 1372 5265 agros,
1400 5212 1536 5266 quos
1565 5199 1708 5252 cole-

65 5277 268 5326 rent,
304 5269 446 5320 unde
477 5268 717 5319 viverent
737 5267 902 5328 ;'sed,
943 5271 1082 5334 quod
1111 5269 1285 5334 majus
1321 5276 1430 5328 est,
1459 5277 1516 5319 ut
1543 5269 1710 5321 tribu-

1815 4290 1880 4341 ad
1927 4305 2020 4342 eos
2068 4289 2404 4342 luereditario
2459 4289 2580 4352 jure
2627 4287 2991 4356 pertinebant,
3035 4289 3100 4342 de
3149 4290 3391 4356 partibus

1813 4359 2084 4428 l'lispattize
2102 4362 2168 4411 ad
2198 4374 2311 4428 nos
2339 4359 2716 4424 confugerunt,
2758 4367 2812 4410 ct
2852 4359 2903 4411 in
2949 4359 3301 4428 Septimania,
3333 4365 3388 4428 et

1813 4430 1865 4481 in
1900 4426 1958 4481 ea
1998 4430 2244 4497 portione
2277 4427 2563 4494 llispauizc,
2591 4442 2709 4494 (pa:
2753 4443 2783 4479 a
2818 4426 3032 4481 nostris
3064 4426 3390 4497 marchioni-

1811 4500 1911 4552 bus
1936 4501 1984 4551 iu
2001 4496 2354 4551 solitudinem
2383 4498 2596 4549 redacta
2630 4496 2747 4560 fuit,
2785 4512 2904 4550 sese
2933 4497 2998 4549 ad
3035 4496 3388 4550 habitandum

1812 4570 2171 4628 contulerunt,
2197 4577 2252 4620 et
2281 4583 2310 4620 a
2343 4567 2738 4620 Saracenorum
2787 4576 3054 4634 potestate
3081 4581 3140 4619 se
3171 4566 3388 4634 subtra-

1813 4639 2020 4696 hentes,
2048 4647 2232 4690 nostro
2256 4637 2493 4690 dominio
2537 4638 2700 4691 libera
2726 4633 2799 4689 ac,
2831 4644 3076 4705 prompta
3117 4633 3391 4705 voluntate

1809 4723 1931 4762 sese
1953 4709 2343 4769 subdiderunt;
2372 4708 2442 4760 ita
2469 4708 2534 4759 ad
2557 4707 2796 4761 euntium
2825 4704 3100 4758 hominum
3140 4704 3391 4757 notitiam

1811 4779 2092 4846 pervenire
2146 4778 2431 4851 volumus,
2483 4777 2625 4851 quod
2686 4775 2904 4851 eosdem
2963 4773 3396 4851 homineshsub

1810 4841 1995 4902 nostra
2027 4849 2358 4915 protectionc
2393 4858 2446 4900 et
2493 4841 2808 4900 defensione
2837 4857 3106 4913 receptos,
3132 4844 3186 4894 in
3234 4841 3398 4915 liber-

1815 4927 1923 4972 tate
1977 4913 2304 4972 conservare
2363 4919 2738 4978 decrevimus;
2790 4929 2853 4967 eo
2903 4915 3167 4974 videlicet
3217 4913 3402 4975 modo,

1812 4988 1951 5042 sicut
1973 4989 2152 5042 (ueteri
2177 4989 2329 5041 liberi
2353 4987 2616 5047 homines,
2642 4999 2763 5037 cum
2789 4983 2997 5057 cernite
3026 5001 3128 5046 suo
3157 4982 3217 5057 in
3243 4992 3408 5057 exer-

1812 5058 1976 5112 citum
2002 5069 2246 5126 pergant,
2278 5068 2332 5110 et
2355 5058 2407 5128 in
2440 5061 2658 5128 marcha
2689 5064 2894 5114 nostra,
2915 5051 3098 5120 juxta
3119 5050 3421 5128 rationum-

1813 5127 1916 5182 lem
1960 5122 2173 5183 comitis
2211 5127 2381 5180 nostri
2423 5126 2824 5177 ordinationem
2864 5132 3054 5192 atque
3096 5122 3394 5178 admonitio
3420 5147 3440 5159 υ

1812 5213 1960 5268 nem,
2009 5198 2406 5268 explorationes
2427 5203 2481 5268 _et
2508 5193 2768 5248 excubias
2795 5195 2810 5260 (
2835 5199 2990 5268 quod
3031 5196 3238 5268 usitato
3261 5201 3430 5268 voca-

1812 5260 2153 5322 bttluVastas
2183 5269 2387 5334 dicunt)
2421 5263 2599 5317 facere
2644 5278 2749 5315 non
2785 5262 3128 5334 negligant;
3169 5265 3228 5334 et
3251 5260 3437 5334 missis
