4012 5334
126 305 238 359 ΗΜ

1505 295 1911 352 CllRONICON.

3217 306 3354 359 “2‘2

122 422 250 472 locat
303 412 494 488 Castra
531 413 732 488 rinaria
792 426 958 488 prope
1010 414 1236 488 (lsi-aur;
1285 429 1402 482 qum
1436 413 1573 466 forte
1609 417 1647 464 al

1783 411 1915 488 tfcte,
1964 411 2234 488 quasdam
2277 411 2504 464 Tritiqu
2551 421 2802 479 patronas
2854 415 3035 483 habet,
3087 422 3346 488 quasdam

121 485 387 542 Antonino,
437 483 628 535 itinere
655 481 967 548 Carthagine
1014 481 1368 534 Castullonem
1407 493 1668 535 vocantur

121 553 356 607 Vincolze.
389 551 506 616 Quo
545 552 757 606 mireris
809 551 1119 618 Luitprantli
1147 553 1502 606 certissimam
1531 552 1669 605 Ceo-

117 623 381 693 grapbiam
421 621 656 693 locorum
699 622 763 693 ad
807 622 1182 693 recentiorum
1211 622 1476 691 virginum
1529 623 1664 693 Acta

114 689 478 762 spectantium,
503 700 557 744 et
602 689 912 812 longissime
958 689 1231 759 Birgetum
1281 689 1470 746 abesse
1509 707 1536 745 a
1566 690 1668 744 Ca-

114 775 208 812 slro
255 760 422 812 Veteri
483 775 646 812 nrone
746 760 968 812 aieram.
1011 759 1122 812 fere
1177 760 1341 812 totius
1397 761 1668 812 llisnaniae

111 759 208 816 slro
255 760 422 814 Veteri
483 775 646 829 prope
700 759 968 828 Najeram,
1011 759 1122 814 fere
1177 760 1341 815 totius
1397 761 1668 829 Hispania:

114 831 412 900 interjectu.‘
439 829 532 884 His
561 830 788 900 accedit,
838 831 979 896 quod
1009 829 1228 900 zumacl
1262 840 1542 900 tyrannus,
1567 831 1666 884 sub

109 917 206 970 quo
219 898 666 970 pass'eleguntur,
690 898 902 954 Juliano
921 909 1051 970 teste
1067 898 1140 968 (in
1159 898 1497 954 Adversariis
1513 917 1658 953 num.

109 969 228 1040 450)
256 985 348 1040 rex
375 969 472 1021 fuit
494 969 842 1031 Caravaccze;
872 969 1016 1040 quod
1058 985 1187 1040 sane
1216 971 1468 1039 oppidum
1502 985 1666 1040 prope

109 1038 288 1094 Oscam
314 1039 525 1093 Βιιιιὶεω
544 1040 702 1092 situm
737 1049 836 1092 est.
864 1038 968 1091 Sed
998 1047 1051 1092 et
1082 1038 1664 1108 Breviariumperanti-

109 1127 259 1179 qtnun
284 1109 624 1163 Granatense
643 1150 656 1170 ,
685 1125 790 1176 quo
811 1111 945 1163 Osca
959 1109 1084 1162 olim
1113 1125 1205 1179 usa
1226 1110 1345 1172 fuit,
1375 1110 1662 1163 identidem

110 1178 276 1233 verbis
301 1179 577 1248 conceptis
619 1190 926 1243 asseverat;
953 1188 1007 1232 et
1038 1178 1325 1232 traditione
1347 1195 1442 1248 per
1474 1195 1662 1233 manus

109 1251 358 1316 majorum
383 1258 625 1316 accepta,
668 1264 792 1302 suas
819 1263 938 1302 esse
984 1260 1250 1318 martyres
1283 1248 1496 1313 asserit,
1525 1258 1578 1303 et
1605 1258 1662 1302 ut

119 1330 351 1372 mtronas
399 1318 663 1387 hodieque
695 1319 932 1387 impense
962 1318 1098 1372 Osca
1130 1317 1254 1374 illas
1289 1329 1577 1372 veneratur
1597 1333 1662 1372 ac

119 1338 351 1372 )zlll‘OllaS
400 1338 663 1387 nouiequc
695 1338 932 1387 nnpense
962 1338 1098 1372 usca
1136 1338 1254 1374 mas
1289 1338 1659 1372 veneraturac

107 1338 291 1452 laudat,
337 1397 393 1442 et
441 1388 661 1441 multam
692 1389 1000 1442 earumdem
1051 1389 1354 1443 interventu
1386 1389 1480 1443 Dei
1516 1388 1659 1443 circa

107 1475 152 1511 se
175 1456 605 1512 benevolentiam
637 1459 688 1511 in
719 1457 834 1512 dies
864 1459 1096 1526 experiri
1121 1457 1338 1512 fatetur.

163 1527 282 1580 l’ari
323 1529 658 1581 correctione
696 1528 911 1596 dignum
958 1537 1059 1590 est,
1112 1529 1255 1597 quod
1310 1527 1537 1582 Morales
1569 1543 1660 1582 ve-

108 1599 379 1650 .ustiorum
429 1597 693 1668 virginum
742 1597 1064 1669 martyrium
1089 1607 1325 1669 _contrar
1356 1597 1412 1650 S.
1448 1597 1656 1669 Eulogii

113 1669 247 1720 idem
287 1667 569 1721 contendit
618 1667 993 1738 annorChristi
1041 1667 1144 1720 840
1187 1668 1500 1738 contigisse.
1551 1667 1654 1722 non

107 1753 216 1812 tero
264 1738 368 1790 851
422 1738 561 1812 quod
621 1737 806 1812 scribit
853 1737 1131 1812 Eulogius._
1161 1738 1227 1792 Ct
1273 1737 1414 1812 enim
1445 1755 1470 1788 a
1508 1747 1654 1812 tanto
1690 1755 1728 1812 ιι

107 1807 382 1874 scriptore,
430 1807 509 1862 Sui
563 1809 820 1875 temporis
871 1823 956 1861 res
1003 1808 1278 1876 prodente,
1317 1809 1652 1873 dissentiret,

108 1877 196 1929 sola
231 1877 394 1946 unius
454 1877 717 1946 privilegii
767 1876 1086 1945 Legerensis
1130 1877 1361 1930 etcnobii
1415 1879 1566 1946 copia
1602 1879 1653 1932 iu

106 1961 246 1998 :ausa
282 1944 408 2009 fuit,
439 1962 546 2014 quo
591 1944 978 2000 dicuntura‘ra
1004 1947 1106 2000 880
1135 1947 1222 2015 qui
1251 1955 1329 2000 est
1354 1944 1524 2000 annus
1555 1948 1654 2000 Do-

106 2015 219 2068 lllilll
243 2015 355 2070 842
395 2016 518 2069 illnc
545 2016 833 2069 lranslalaz.
887 2015 990 2068 Sed
1022 2032 1147 2069 vero
1183 2033 1368 2070 errore
1401 2018 1654 2071 transcri-

105 2086 253 2138 itoris
303 2087 356 2140 id
383 2087 603 2146 factum,
638 2095 695 2138 ut
743 2087 1037 2153 s:epissi-.t.e
1090 2085 1241 2146 alias,
1273 2087 1400 2140 mihi
1435 2088 1653 2141 dubium

105 2172 180 2208 non
237 2171 388 2219 esse,
443 2155 803 2210 testimonium
852 2157 1018 2224 ipsius
1068 2156 1270 2219 Eulogii
1321 2157 1468 2215 facit,
1511 2159 1653 2224 quod

105 2226 242 2279 alaris
298 2226 470 2278 multo
527 2241 688 2292 quam
739 2225 882 2278 mille
939 2227 1378 2293 transcriptiones
1425 2226 1653 2282 aliorum

106 2296 253 2360 :tcio;
302 2295 603 2363 praesertim
656 2295 1115 2348 consentientibus
1160 2305 1466 2348 sanctarum
1495 2298 1656 2365 virgi-

106 2382 201 2417 :nm
228 2365 616 2418 vetustissimis
645 2365 814 2430 Actis,
864 2381 980 2433 qane
1005 2381 1144 2418 anno
1190 2365 1396 2418 Domini
1439 2365 1534 2420 85l
1563 2384 1655 2422 oc-

108 2435 213 2490 isas
259 2433 554 2506 allirmant.
592 2433 937 2503 Privilegitun
997 2451 1123 2488 vero
1169 2435 1295 2488 illud
1351 2436 1654 2506 Enneconis

103 2504 345 2574 lximenii
374 2511 725 2574 cognomento
753 2507 937 2557 Arist
969 2520 1070 2558 non
1109 2513 1286 2574 potest
1316 2504 1652 2574 subsequen-

103 2576 202 2627 ium
237 2573 538 2644 privilegiis
590 2574 929 2644 fulciri,qu:e
969 2577 1136 2628 multo
1183 2576 1480 2630 recentiora
1501 2573 1652 2642 sunt,

109 2643 249 2697 uam’
285 2643 549 2713 prarlbtus
578 2643 888 2697 earumdem
944 2646 1090 2697 necis
1143 2661 1333 2705 annus,
1392 2656 1446 2698 et
1478 2648 1652 2701 solum

103 2716 400 2768 unlirtnanl
459 2717 559 2768 SS.
614 2715 878 2784 virginum
930 2715 981 2768 in
1027 2731 1091 2768 co
1137 2715 1254 2771 loco
1282 2717 1436 2770 annis
1463 2717 1653 2772 subse-

106 2786 368 2838 uentibus
394 2784 772 2854 existentialn;
799 2786 940 2853 quod
969 2801 1124 2839 nemo
1157 2795 1333 2854 negat.
1405 2799 1413 2808 '

132 2856 315 2923 Atque
341 2855 473 2908 hinc
495 2852 756 2923 judicium
783 2852 1057 2907 ferendum
1089 2865 1164 2907 est
1194 2852 1258 2908 de
1292 2857 1653 2912 instrumento

105 2927 152 2977 lo
194 2925 552 2993 pet-antiquo,
600 2924 740 2992 quod
784 2926 1032 2993 produt-it
1077 2923 1298 2978 Blancas
1337 2926 1386 2979 in
1438 2927 1650 2981 Comm.

104 3011 242 3047 rrum
293 2995 776 3064 Aragonensitnn,
822 3011 851 3048 c
907 2994 1166 3064 tabulario
1230 2999 1542 3050 monasterii

108 3066 285 3117 ianuis
332 3063 700 3124 l’innatcnsis,
743 3065 841 3118 sub
893 3064 1068 3130 titulo,
1117 3063 1382 3118 Canonica
1412 3066 1472 3120 S.
1502 3067 1645 3120 Petri

104 3153 118 3186 ε
153 3133 426 3197 Taberna,
456 3135 699 3203 petitum.
721 3133 869 3200 Quod
894 3135 1106 3203 quidem
1133 3135 1174 3188 si
1198 3150 1301 3204 qua
1326 3139 1646 3191 auctoritate

105 3206 292 3268 lUthl,
341 3205 523 3272 magni
571 3204 918 3275 proculdubio
958 3204 1259 3275 habendum
1293 3215 1404 3270 est;
1464 3217 1645 3275 utpote

107 3275 209 3340 ljlls
225 3285 431 3328 auctor
453 3276 549 3328 sub
578 3289 703 3344 rege
725 3274 988 3329 Roderico
1013 3273 1266 3343 Hispania
1279 3292 1392 3329 rum
1409 3273 1641 3342 clad—em,

103 3346 531 3413 evissimamque
585 3344 936 3398 vastationem
991 3345 1224 3414 propriis
1267 3346 1435 3399 oculis
1480 3347 1530 3399 in
1579 3363 1644 3402 eo

109 3417 256 3468 citur
285 3414 664 3484 conspevisse.
694 3415 874 3483 Delegi
906 3425 1082 3467 autem
1116 3415 1327 3468 videtur
1349 3416 1642 3484 imposlura

115 3487 369 3555 riptoris,
406 3503 472 3539 ex
521 3501 584 3538 eo
622 3485 763 3553 quod
797 3493 1020 3544 asserat,
1063 3493 1187 3555 tunc
1217 3489 1471 3552 temporis
1509 3486 1642 3539 Ben-

111 3554 181 3608 ιιιι
213 3557 540 3625 episcopum
559 3555 1096 3625 Ctesaraugustanum
1113 3554 1636 3625 l‘ugam_arripuisse,

103 3643 173 3678 un
210 3623 517 3679 multorum
559 3633 868 3679 sanctorum
913 3623 1170 3692 reliquiis,
1202 3625 1267 3677 ad
1294 3623 1640 3681 Tabe’rnense

104 3697 462 3750 onasteriutn
495 3713 508 3748 :
538 3705 592 3749 et
615 3695 754 3748 inter
787 3703 1008 3748 eti-teras
1050 3703 1310 3764 recenset,
1337 3705 1487 3764 caput
1518 3713 1640 3750 san-

103 3785 140 3818 ll’
170 3766 497 3827 Nunilonis,
525 3776 570 3819 et
597 3763 854 3833 spatulam
885 3774 1077 3817 sancta:
1103 3763 1302 3817 Alodite
1332 3778 1349 3815 :
1375 3763 1492 3833 qua:
1538 3768 1637 3822 sub

103 3839 204 3890 lari
241 3838 301 3890 ὃ.
341 3836 607 3905 Stephani
637 3836 890 3902 reposuil.
918 3835 1068 3900 Quod
1111 3835 1153 3888 si
1187 3836 1236 3888 id
1261 3849 1443 3888 verum
1470 3845 1634 3900 esset,

104 3923 166 3958 an
211 3907 612 3976 Hispaniarum
664 3905 894 3976 vastatio
945 3907 996 3956 in
1050 3920 1264 3976 annum
1301 3906 1500 3959 Christi
1534 3907 1636 3960 7M

105 3973 333 4039 ciderit;
379 3983 660 4044 oporteret
702 3973 888 4028 harum
918 3989 1194 4028 sacrarum
1219 3974 1483 4043 virginum
1515 3977 1637 4030 reli-

103 4049 200 4099 Iias
226 4047 281 4099 in
318 4047 676 4102 veneratione
707 4045 870 4114 fuisse
900 4045 1000 4097 170
1026 4053 1077 4097 et
1117 4059 1182 4098 eo
1220 4045 1448 4114 amplius
1481 4048 1634 4102 annis

103 4128 170 4170 ite
216 4119 474 4197 ipsarum
513 4113 874 4197 ἰιιίιιτιγι-ἰυιιιν
923 4115 1062 4182 quod
1114 4129 1254 4195 anno
1302 4115 1500 4196 Christi
1531 4118 1628 4171 851

109 4184 354 4254 ntigisse
411 4184 775 4254 probavinius.
818 4185 1010 4237 Verum
1064 4184 1272 4252 Opinor,
1307 4187 1628 4254 scripturam

103 4267 211 4309 tam
271 4258 508 4310 minime
551 4255 882 4324 suppositam
936 4269 1084 4317 esse;
1138 4270 1258 4308 nam
1314 4259 1633 4312 succedente

103 4344 298 4396 mpore
355 4327 550 4379 harum
595 4335 899 4396 sanctarum
970 4325 1232 4394 virginum
1277 4326 1515 4395 reliquie:
1579 4328 1630 4381 in

104 4394 183 4449 ιιιιι
243 4396 649 4450 monasterium
704 4394 892 4447 adduci
929 4403 1237 4463 potuerunt,
1277 4404 1330 4448 et
1359 4394 1456 4448 sub
1485 4397 1627 4450 anti-

116 4470 220 4522 iori
283 4471 346 4522 S.
388 4466 650 4535 Stephani
692 4465 849 4516 altari
896 4480 1015 4517 cum
1050 4467 1256 4535 caeteris
1284 4468 1499 4534 reponi;
1533 4483 1625 4521 n0-

104 4555 186 4591 na
227 4554 370 4592 vero
407 4533 569 4590 inseri
615 4537 666 4588 in
701 4535 922 4602 ipsamet
957 4533 1255 4601 scriptura;
1290 4537 1363 4588 uti
1389 4538 1439 4588 in
1478 4545 1624 4590 textu

153 4608 383 4677 Eulogii
457 4605 698 4677 nonnihil
758 4604 1102 4677 postmodum
1164 4603 1426 4677 addi_l_nm_
1462 4605 1628 4660 fuisse

105 4673 508 4732 instravimus.
540 4677 630 4730 Vel
661 4676 704 4728 si
747 4675 1009 4742 scriptura
1053 4673 1137 4725 illa
1164 4673 1318 4741 parili
1343 4674 1537 4742 ubique
1557 4677 1628 4730 sit

107 4749 402 4817 tiquitatis
429 4745 738 4817 iudicanda,
789 4753 896 4817 tres
918 4743 1084 4817 bigas
1111 4743 1374 4817 virginum
1400 4754 1453 4817 et
1487 4761 1627 4817 mar-

104 4813 245 4880 ruin,
283 4819 397 4872 sub
433 4813 646 4871 Veisdem
682 4814 958 4867 Nunilonis
982 4823 1032 4866 et
1063 4813 1246 4867 Alodia
1299 4813 1624 4881 nominibus,

103 4890 273 4942 rersis
301 4902 496 4941 tamen
540 4885 868 4953 temporibus
895 4892 1295 4946 coronatarnm,
1328 4886 1628 4939 conectlen-

103 4979 126 5015 s
161 4974 293 5016 esse
331 4973 449 5012 non
475 4957 713 5025 ambigo;
743 4966 794 5008 et
816 4955 1020 5022 priores
1041 4963 1165 5006 ante
1197 4968 1394 5025 almum
1427 4954 1624 5025 Christi

104 5031 129 5083 ι
156 5047 260 5085 seu
295 5028 583 5096 Hispania:
612 5024 997 5096 vastationem;
1047 5024 1291 5096 postlias
1312 5039 1451 5076 anno
1473 5024 1630 5078 Chri-

121 5102 227 5156 851
255 5094 432 5168 juxta
473 5096 676 5167 Eulogii
711 5094 1070 5170 testiinonium
1120 5094 1291 5170 alias:
1327 5103 1628 5172 postremas

1674 3102 1718 3164 C

1777 483 1914 532 Usea
1948 481 2010 532 Αι
2029 481 2249 546 agonim.
2294 501 2309 529 ι

1839 549 1998 627 Juvat
2023 551 2191 627 etiam
2237 551 2303 602 ad
2345 559 2651 627 sanctarum
2686 552 3050 627 diversitatem
3094 571 3346 627 compro-

1768 618 1998 695 bandum
2025 619 2350 695 tumulorum
2406 622 2795 695 discrepantia;
2824 624 2948 695 dum
2978 618 3229 695 quaedam
3244 630 3343 683 Bo-

1770 688 1962 764 neniae,
1987 690 2231 764 qumdam
2278 697 2456 744 autem
2493 691 2546 745 in
2579 688 2868 764 Legerensi
2906 688 3234 753 monasterio
3266 709 3346 752 tu-

1769 758 1982 812 mulata:
2009 758 2281 812 dicuntur.

1837 826 2152 907 lico-obstat
2180 827 2486 907 hominum,
2519 832 2858 907 cognationis
2899 841 2952 887 et
2991 837 3234 907 martyrii
3263 839 3338 891 si-

1767 896 2260 974 liliillllthLSIDplUS
2288 900 2504 974 quidem
2521 896 2660 953 idem
2685 903 2944 974 accidisse
2959 896 3338 974 comperimus,

1764 974 1820 1044 et
1849 967 1987 1044 apud
2021 966 2280 1044 Dextrum
2309 966 2496 1044 '_mu_lta
2528 978 2768 1044 "exstant
2789 971 2910 1044 ejus
2958 973 3036 1028 rei
3068 966 3334 1044 exempla.

1767 1033 1924 1088 Verbi
1949 1037 2146 1103 gratia,
2178 1036 2391 1091 Blanda:
2420 1038 2474 1090 in
2519 1033 2837 1094 Cathalonia
2865 1041 2971 1098 duo
2992 1046 3171 1099 sancti
3197 1033 3337 1099 uiar-

1765 1113 1928 1177 tyres,
1959 1105 2211 1177 Bonosus?
2254 1117 2307 1160 et
2355 1107 2731 1174 Maximianus,
2779 1112 3114 1177 occubuere;
3155 1123 3209 1169 et
3249 1116 3338 1170 alii

1762 1175 1961 1248 eisdem
1993 1176 2298 1248 nominibus
2321 1177 2558 1248 insigniti
2595 1179 2878 1248 Urguvone
2905 1182 2956 1235 in
2981 1175 3194 1237 Baetica.
3225 1185 3336 1239 Sub

1763 1243 1956 1324 Felicis
1980 1254 2032 1297 et
2065 1243 3000 1324 [fortunatinomiriibtts'_tt'es_bigas
3032 1262 3335 1324 martyrum

1761 1314 1981 1377 scimus,
2011 1314 2221 1368 scilicet
2252 1317 2458 1371 occisos
2498 1317 2774 1381 Valenti-ae,
2803 1314 2992 1375 Eburaa
3019 1331 3073 1376 et
3104 1314 3334 1381 Cartha-

1761 1384 1915 1452 gine;
1967 1384 2060 1438 sed
2099 1396 2152 1437 et
2182 1385 2314 1438 duas
2365 1386 2600 1442 Eulalias
2651 1389 2840 1445 similis
2882 1391 3054 1446 ferme
3088 1395 3262 1450 aetatis
3281 1402 3337 1450 et

1758 1468 1972 1532 corona:
1996 1453 2136 1507 inter
2166 1453 2450 1532 llispanias
2495 1458 2843 1532 agnovimus;
2880 1468 2933 1532 e_t
2961 1461 3100 1532 inter
3119 1474 3335 1532 aposto-

1758 1521 1841 1578 los
1887 1524 2136 1579 Simoncs
2165 1521 2322 1588 duos,
2366 1521 2596 1581 Jacobos
2627 1528 2780 1591 duos,
2813 1521 2867 1584 et
2895 1529 3058 1586 Judas
3087 1521 3329 1590 tot'idem.

1762 1591 1832 1647 Ut
1855 1593 2121 1659 omittam,
2165 1593 2486 1650 Nunilonem
2526 1604 2577 1649 et
2620 1597 2863 1652 Alodiam
2906 1602 3234 1657 recentiores
3263 1605 3333 1658 ob

1762 1663 2123 1741 antiquiorum
2151 1667 2510 1741 venerandam
2553 1667 2868 1741 memoriam
2901 1671 3117 1724 nomina
3147 1675 3333 1741 procul

1761 1734 1922 1803 dubio
1951 1735 2171 1788 sortitas
2213 1734 2378 1790 fuisse
2407 1754 2419 1788 :
2449 1736 2500 1788 in
2532 1751 2638 1803 quo
2666 1738 2808 1792 nulla
2837 1748 2920 1793 est
2954 1734 3328 1796 contradictio.

1756 1802 1931 1881 atque
1951 1803 2062 1881 hcce
2085 1819 2193 1881 pro
2214 1806 2484 1881 temporis
2509 1802 2769 1881 angustiis
2810 1810 2875 1881 de
2902 1811 3105 1865 sanctis
3137 1814 3329 1881 puellis

1757 1872 1810 1925 in
1829 1872 2413 1957 gratianiLuitprarrdi
2435 1872 2634 1930 dixisse
2656 1876 2906 1957 sufﬁciat.

1827 1941 1868 1995 E
1897 1958 1952 2018 re
1987 1941 2404 2018 litterariamibi
2456 1959 2668 2014 semper
2695 1946 2791 2000 fuit
2838 1949 3029 2012 visum,
3060 1950 3269 2018 eritque
3294 1969 3322 2004 a

1757 2013 1963 2081 magnis
1992 2013 2120 2090 viris
2172 2012 2431 2080 judicium
2483 2012 2785 2090 requirere,
2815 2033 2879 2070 ne
2924 2020 3099 2090 dicam
3127 2012 3330 2090 em:th-

1758 2089 1892 2155 late,
1916 2092 1969 2135 ct
1992 2083 2280 2155 ingenuum
2313 2100 2406 2151 per
2443 2099 2575 2155 quos
2606 2089 2752 2154 prolit
2776 2089 2878 2140 iam
2905 2089 3076 2155 palam
3106 2099 3159 2143 et
3189 2083 3328 2144 bona

1757 2151 1858 2206 ﬁde
1892 2153 2172 2229 proﬁteri.
2214 2152 2351 2229 Cum
2390 2151 2531 2229 enim
2567 2151 2843 2229 imparem
2875 2151 2995 2225 quis
3033 2174 3092 2212 se
3122 2159 3330 2229 judicet

1753 2221 1904 2294 oneri
1960 2221 2286 2294 stillet-endo,
2319 2221 2931 2294 rectianinii'estopc.'n
2973 2221 3210 2283 mutuam
3239 2232 3331 2284 de-

1754 2291 2011 2368 siderare.
2051 2291 2180 2368 Quae
2217 2293 2286 2368 _d_e
2317 2293 2582 2368 Nunilone
2607 2291 2889 2368 iet_A|odia
2950 2298 3078 2350 mibi
3112 2301 3332 2368 scripsit

1755 2363 2096 2434 doctissimus
2123 2362 2181 2416 P.
2214 2362 2538 2418 Franciscus
2584 2367 2648 2418 de
2675 2365 2852 2427 Bivar,
2886 2369 3154 2434 rescribo;
3189 2362 3241 2424 ei
3263 2373 3328 2424 de

1755 2431 2090 2506 liberalibus
2127 2435 2318 2506 studiis
2372 2434 2509 2489 bene
2568 2436 2816 2506 meritum
2873 2453 2956 2490 me
3006 2431 3154 2506 puto,
3201 2442 3326 2493 dum

1755 2501 1919 2555 hocce
1943 2503 2261 2557 eruditionis
2287 2504 2538 2558 lilCS'llll‘O
2559 2504 2658 2557 frui
2697 2506 2949 2559 lectorem
2983 2501 3149 2562 facio;
3175 2510 3327 2563 Addo

1753 2571 2069 2645 symbolam,
2115 2572 2441 2645 levidcnsam
2487 2584 2684 2638 tamen,
2719 2576 2910 2645 triplici
2944 2593 3009 2629 ex
3035 2579 3149 2632 loco
3171 2579 3325 2633 Luit-

1754 2643 1966 2709 prandi,
2012 2645 2102 2711 qui
2152 2644 2250 2698 sibi
2301 2653 2383 2698 est
2411 2647 2628 2698 omnino
2677 2643 2867 2701 similis
2905 2647 2954 2698 in
2986 2648 3328 2704 Atlversariis

1754 2728 1900 2764 imm.
1930 2712 2054 2777 212,
2088 2715 2169 2768 his
2211 2716 2388 2767 verbis
2419 2731 2430 2767 :
2464 2734 2482 2765 ι
2522 2715 2574 2768 ln
2606 2719 2801 2770 castris
2843 2716 3081 2781 vinariis,
3135 2719 3186 2771 in
3228 2720 3324 2772 Ba-

1754 2783 2003 2845 stetania,
2038 2799 2152 2836 sant
2173 2793 2238 2837 la:
2266 2784 2457 2838 Nunilo
2479 2797 2533 2838 et
2554 2786 2738 2839 Alodia
2763 2802 2903 2839 anno
2927 2787 3049 2840 95L
3083 2807 3100 2839 ι
3127 2788 3323 2843 Juliani

1753 2851 1878 2904 item
1917 2854 2086 2925 nostri
2138 2854 2189 2906 in
2221 2854 2561 2925 Adversariis
2596 2872 2742 2909 nttm.
2792 2857 2918 2921 540,
2951 2858 3040 2925 qui
3073 2861 3326 2912 convenit

1753 2935 1871 2973 eum
1932 2922 2084 2976 titulo
2131 2924 2355 2988 codicis,
2403 2940 2494 2979 seu
2557 2925 2892 2980 Sanctoralis
2924 2922 3232 2982 nfonasterii
3261 2931 3319 2982 S.

1753 2991 2006 3063 Bel-nardi
2035 2994 2083 3045 in
2117 2993 2372 3047 Toletana
2402 2995 2532 3049 urbe
2559 2998 2774 3049 adducti
2803 2998 2852 3050 in
2885 2994 3040 3063 hujus
3062 3013 3324 3054 excursus

1753 3061 2034 3138 principio,
2072 3063 2256 3138 titulus
2289 3065 2566 3138 talisgest:
2599 3083 2616 3114 ι
2657 3066 2840 3138 l’assio
2870 3061 3137 3138 virginum
3164 3068 3321 3123 Chri-

1750 3132 1817 3209 sti
1875 3131 2153 3209 Nnnilonis
2202 3143 2255 3209 e_t
2303 3135 2504 3209 Alodia:
2530 3136 2579 3188 in
2605 3137 2735 3209 urbe
2766 3137 2927 3201 Osca,
2955 3131 3320 3209 sulrprteside

1750 3200 1974 3255 Zumail.
2037 3203 2243 3257 Iuliani
2291 3205 2441 3258 verba
2473 3215 2632 3259 sunt:
2668 3205 2846 3260 Passa:
2891 3200 3015 3261 sunt
3045 3200 3236 3262 Nitnilo
3268 3221 3323 3264 et

1749 3271 1934 3343 Alodia
1969 3273 2071 3325 sub
2097 3272 2335 3326 Zumaila
2380 3289 2504 3343 rege
2554 3273 2894 3330 Caravacca}.
2927 3295 2944 3327 ι
2985 3277 3196 3332 Veritas
3228 3295 3320 3334 ve-

1747 3341 1891 3392 ritati
1921 3344 2223 3410 respondet.
2272 3341 2466 3397 lterum
2493 3343 2690 3398 Juliani
2725 3345 2775 3397 in
2804 3345 3140 3401 Adversariis
3169 3365 3315 3402 num.

1741 3410 1868 3471 292,
1900 3411 2004 3465 295
2031 3421 2084 3464 et
2110 3413 2248 3477 29i;
2276 3415 2364 3466 ubi
2399 3415 2448 3466 in
2496 3430 2720 3469 numero
2744 3415 2846 3467 29:2
2876 3418 3168 3470 concordat
3195 3435 3316 3471 cum

1742 3479 1808 3557 iis
1847 3483 1934 3549 qui
1966 3497 2150 3557 passas
2183 3497 2300 3557 esse
2329 3482 2594 3557 allirmant
2629 3499 2770 3536 anno
2796 3485 2892 3537 851
2931 3485 3320 3557 legendumque

1743 3549 1796 3602 in
1840 3549 1985 3602 nutu.
2015 3553 2199 3622 79.93.}
2252 3553 2458 3621 Oppido
2485 3553 2637 3607 Osca:
2675 3568 2843 3622 prope
2893 3549 3146 3622 oppidum
3189 3549 3318 3612 Ber—

1741 3627 1993 3694 getanum
2014 3621 2123 3694 [seu
2149 3620 2555 3694 Vergetanum],
2575 3620 2714 3676 nunc
2738 3620 2915 3678 autem
2933 3620 3314 3693 Berbetanum,

1740 3691 2226 3770 aptidAntp_nin_t_nn
2252 3691 2599 3770 Barbariana,
2617 3710 2787 3760 passze
2811 3691 3313 3770 suntsanctissimai

1739 3760 1973 3830 virgines
2002 3760 2195 3815 Nunilo
2225 3771 2274 3816 et
2301 3762 2485 3816 Alodia
2511 3779 2726 3817 sorores
2756 3780 2895 3818 anno
2919 3767 3043 3820 930.
3084 3784 3102 3817 ι
3139 3768 3310 3823 C:ete-

1739 3847 1795 3883 ra
1831 3831 2050 3885 delenda
2106 3843 2259 3897 sunt;
2293 3834 2486 3902 quippe
2527 3850 2646 3902 qua:
2695 3850 2974 3902 perperam
3013 3837 3215 3891 inserta
3247 3841 3315 3892 ab

1737 3902 2174 3974 amanuensibus.
2207 3902 2358 3974 Nunc
2389 3912 2610 3974 vocatur
2651 3903 2792 3958 istud
2839 3907 3093 3974 oppidum
3126 3905 3313 3960 Castra

1748 3967 1952 4040 Vegcto,
1983 3988 2013 4024 a
2054 3972 2272 4026 civitate
2304 3971 2462 4037 Osca,
2521 3973 2749 4038 lluescn,
2781 3974 2832 4028 in
2875 3967 3196 4030 'llasletania
3227 3980 3316 4032 tri-

1734 4039 1834 4116 bus
1860 4051 2065 4094 tantmu
2107 4042 2273 4096 leucis
2301 4044 2626 4116 (listansaEt
2649 4061 2746 4098 suo
2790 4051 3030 4116 tempore
3055 4049 3314 4116 oppidum

1736 4108 2083 4180 Bergettmum
2136 4122 2425 4168 attestatur
2467 4113 2710 4168 Julianus
2755 4108 3023 4186 appellari
3066 4108 3314 4172 Bérbeta—

1735 4197 1901 4256 nunt;
1945 4192 2248 4256 utrumque,
2285 4193 2343 4237 ut
2373 4193 2617 4256 autumo,
2649 4201 2712 4238 ex
2746 4184 2961 4238 ﬂutiiine
2991 4202 3158 4256 prope
3182 4203 3305 4244 ere-

1735 4250 1994 4325 mitiolum
2023 4250 2254 4325 ﬂuente,
2288 4255 2429 4325 quod
2457 4252 2691 4325 Barbata
2734 4271 2877 4310 nunc
2900 4250 3118 4325 dicitur,
3149 4259 3217 4314 ab
3244 4275 3310 4314 eo

1732 4319 1964 4393 distante
2003 4323 2201 4392 duplici
2224 4319 2372 4392 jac'tu
2401 4323 2658 4393 lapidum.

1804 4391 2014 4445 Deduco
2037 4391 2181 4447 aliud
2217 4391 2578 4448 testimonium
2609 4411 2676 4448 ex
2707 4405 2891 4451 nostro
2925 4396 3204 4453 indefessa;
3234 4399 3310 4454 le-

1660 4452 1706 4510 D
1731 4461 1922 4536 c_tion_is
1960 4463 2074 4516 viro
2104 4462 2164 4536 P_.
2197 4462 2535 4536 llieronymo
2557 4465 2624 4536 de
2663 4466 2711 4518 la
2748 4467 3004 4536 Higuera,
3036 4452 3312 4524 asserente

1729 4529 1968 4608 ejusdem
2016 4533 2248 4608 nominis
2292 4529 2471 4600 bigatn
2513 4533 2685 4608 fuisse
2707 4529 2953 4608 so_ro'rum
2987 4529 3308 4608 martyrum,

1729 4601 1972 4672 quamvis
2005 4603 2198 4670 trigam
2246 4617 2529 4672 agnoscam
2558 4618 2621 4657 ex
2656 4604 2714 4657 P.
2751 4605 3042 4660 Francisco
3073 4601 3305 4660 Bi'vario.

1779 4669 1964 4738 eliquit
1995 4669 2132 4725 inter
2176 4669 2335 4724 manu
2369 4674 2583 4742 propria
2622 4685 2842 4728 exarata
2891 4675 3307 4740 sebcdiasmata,

1729 4755 1847 4806 qua:
1877 4743 2014 4815 apud
2042 4757 2126 4794 me
2156 4757 2334 4815 servo,
2367 4755 2424 4796 ut
2459 4745 2674 4815 proprio
2702 4745 2938 4815 parentis
2971 4745 3186 4799 nomine
3213 4747 3308 4815 de-

1729 4820 1932 4874 corata,
1959 4812 2130 4884 luceat
2163 4812 2227 4880 (si
2260 4828 2354 4881 per
2388 4812 2595 4884 tempus
2619 4813 2848 4883 licuerit)
2876 4815 3111 4869 videant.
3145 4812 3309 4870 Plena

1729 4896 1890 4953 numu
1937 4882 2001 4935 de
2048 4879 2320 4953 _l\’unilone
2373 4893 2426 4953 et
2471 4879 2654 4937 Alodia
2709 4879 2918 4953 scribit,
2964 4886 3314 4953 congerittpte

1727 4949 1903 5024 plura,
1931 4951 2138 5024 erudite
2165 4967 2320 5024 sane,
2351 4952 2674 5024 Franciscus
2703 4951 2932 5024 Didacus
2959 4955 3024 5009 de
3052 4949 3238 5024 Aynsa'
3258 4969 3313 5012 et

1728 5022 1795 5092 de
1853 5021 2037 5092 lriarte
2071 5021 2121 5074 in
2149 5021 2577 5089 Antiquitatibus
2603 5022 2752 5075 Osca!
2781 5020 2874 5074 lib.
2906 5040 2966 5089 ιι,
3001 5020 3118 5092 (ιιιρῖ
3160 5025 3228 5078 ‘24
3263 5040 3318 5082 et

1727 5088 1816 5142 23.
1852 5091 2079 5172 Neeabs
2107 5107 2164 5146 re
2207 5088 2407 5173 itidenr
2423 5095 2586 5174 verba
2617 5093 2918 5174 lectionunr
2939 5088 2968 5147 e
2999 5088 3320 5174 Brevia-riis,
