4012 5334
557 311 698 389 uss

1690 309 2031 367 APPENDIX
2069 311 2160 366 AD
2197 310 2711 372 LIUTPRANDUM.

3660 304 3821 381 "ttae

552 426 644 483 die
704 420 930 480 Veneris
978 430 1199 487 sanctas,
1252 420 1337 477 vel
1395 421 1666 491 passionis
1718 422 1932 478 Domini
1965 462 1978 481 .
2037 422 2209 492 perA
2237 420 2307 479 lio
2352 424 2599 480 interfuit
2633 425 2964 484 llliberitano
3004 428 3190 485 babito
3230 445 3377 488 anno
3415 432 3543 501 299,
3570 433 3663 488 vel
3716 436 3821 489 cir-

556 526 725 571 totum
760 517 948 571 orbem
988 512 1244 569 indicitur
1287 512 1615 584 persecutio,
1643 521 1699 567 et
1737 528 1880 587 anno
1907 513 1977 569 16
2017 512 2131 569 Me-

555 608 708 661 lantii
740 605 984 662 Toletani
1012 604 1307 675 pontificis,
1346 604 1536 659 iisdem
1578 604 1916 670 consulibus,
1943 618 2132 660 mense

553 708 609 752 ct
631 698 738 762 die,
769 695 946 750 diruta
984 703 1069 750 est
1104 693 1344 750 Ecclesia
1370 693 1629 749 Toletana
1660 693 1720 749 Β.
1759 693 1941 749 Maria:
1966 694 2132 766 virgi-

552 791 638 846 nis
675 788 1093 861 Assumptionis,
1123 802 1155 842 a
1198 798 1386 863 sancto
1414 787 1623 859 Elpitlio
1668 796 1867 852 erecta,
1898 796 1954 843 et
1991 802 2023 842 a
2065 786 2131 843 Β.

552 878 622 934 Μ.
669 879 919 935 Marcello
955 879 1146 951 spatiis
1192 878 1491 950 ampliata;
1548 876 1663 933 solo
1711 885 1923 947 aequata
1966 883 2049 932 est
2098 890 2129 930 a

554 972 679 1044 [legi
708 972 913 1027 videtur
936 971 1196 1038 Teucris,
1227 970 1318 1027 sed
1346 969 1745 1040 libenterlegam
1774 968 2127 1041 Duumviris],

543 1054 698 1133 jussu
722 1064 1034 1120 Diocletiani
1063 1065 1163 1119 sub
1192 1064 1298 1117 P...
1328 1062 1561 1118 Daciano
1590 1062 1860 1132 llispanite
1881 1062 2129 1134 praeside,

554 1154 646 1223 qui
674 1154 1009 1211 demolitioni
1039 1153 1317 1225 praefuisse
1347 1154 1562 1209 dicitur.
1617 1151 1695 1207 Ex
1721 1161 1846 1208 tunc
1887 1153 2132 1208 creditur

551 1264 652 1320 per
676 1249 865 1303 orbem
887 1262 1042 1303 sacra
1070 1247 1295 1317 synaxis
1321 1245 1437 1300 fieri
1483 1245 1638 1300 solita
1667 1246 1719 1299 in
1749 1243 2038 1314 speluncis,
2069 1250 2129 1298 ut

458 1342 461 1351 '
551 1341 738 1396 Roma:
766 1342 817 1395 in
871 1338 1220 1401 cmmeteriis,
1250 1338 1655 1408 Augustobriga:
1687 1336 1827 1407 (qua:
1876 1332 2128 1391 dicitnra

550 1432 755 1487 Mauris
793 1430 1000 1495 Cobisa,
1055 1431 1106 1483 in
1135 1430 1241 1484 line
1269 1428 1625 1499 Carpetania)
1653 1427 1705 1482 in
1746 1436 1925 1491 antro,
1956 1426 2129 1481 Toleti

553 1523 606 1576 in
649 1522 921 1593 spelunca,
952 1536 1074 1591 qua:
1118 1520 1277 1589 vulgo
1304 1519 1502 1574 dicitur
1530 1518 1796 1585 Herculis,
1821 1532 1983 1588 opere
2021 1516 2129 1574 Βοο

551 1626 737 1676 mano,
784 1612 1004 1673 Libana:
1068 1611 1120 1665 in
1174 1608 1461 1665 Celtiberia
1514 1607 1568 1663 in
1640 1608 1933 1679 speluncis,
1993 1622 2129 1678 quas

550 1718 581 1758 a
613 1687 845 1759 cavitate
882 1702 1083 1773 [aratas
1110 1708 1329 1766 vocant,
1358 1707 1414 1754 et
1437 1699 1518 1756 sic
1546 1699 1599 1754 in
1624 1699 1745 1754 aliis
1773 1698 1964 1754 antris.

2232 519 2421 574 citer:
2486 518 2578 588 qui
2640 520 2978 589 negotiorum
3033 524 3279 593 gravium
3339 540 3502 580 causa
3560 525 3820 582 Nicome-

2231 609 2375 665 diam
2402 609 2630 677 delatus,
2671 626 2795 666 cum
2824 610 3081 668 fratribus
3123 615 3363 687 Augusto
3412 626 3465 673 et
3516 618 3824 690 Augustino

2231 700 2263 754 7
2293 700 2417 755 Maii
2450 701 2769 773 martyrium
2794 692 2988 774 passus
3007 712 3110 761 est.
3192 712 3198 721 '

2261 863 2269 869 ξ
2302 796 2386 851 18.
2427 798 2584 852 Anno
2621 798 2727 853 515
2772 797 3125 856 Constantino
3173 812 3228 859 et
3265 804 3476 861 Licinio
3521 807 3825 878 Augustis,

2230 886 2541 943 consulibus
2569 888 2810 956 tertium,
2840 892 2941 944 sub
2971 890 3266 948 Melcbiade
3287 911 3421 965 papa
3447 907 3709 952 coactum
3741 908 3824 952 est

2231 975 2545 1032 Toletanum
2599 979 2885 1035 concilium
2941 982 3243 1039 universale
3296 986 3463 1042 totius
3516 986 3821 1056 Hispania,

2229 1066 2459 1136 pneside
2483 1065 2793 1134 Camerino,
2816 1068 2900 1125 vel
2944 1070 3257 1139 Tamerino,
3290 1076 3376 1131 vel
3408 1077 3629 1134 Marino
3666 1079 3823 1135 Τυδε-

2230 1164 2357 1209 tano
2383 1174 2396 1209 :
2428 1156 2668 1212 interfuit
2688 1157 2949 1216 Beontius
2986 1161 3355 1231 Bracarensis,
3381 1164 3823 1240 Benedictusque

2231 1243 2657 1319 Tarraconensis
2691 1247 2815 1329 [al.,
2863 1250 3294 1327 Tabelonensis’],
3348 1254 3589 1314 Sabinus
3631 1259 3826 1330 Hispa-

2230 1334 2417 1403 lensis,
2453 1337 2667 1396 Marcus
2687 1340 3055 1411 Emeritanus;
3082 1354 3138 1400 et
3162 1344 3252 1400 alii
3278 1347 3588 1418 complures
3611 1353 3822 1421 episco-

2232 1424 2283 1493 pi
2314 1427 2520 1493 sancti;
2571 1428 2793 1484 mittunt
2837 1431 3187 1488 conciliarem
3238 1435 3525 1506 epistolam
3567 1440 3641 1492 ad
3696 1440 3822 1495 Mel-

2229 1514 2500 1581 cbiadem,
2526 1517 2721 1585 quibus
2749 1518 2838 1575 ille
2868 1522 3166 1592 respondit.

2303 1604 2389 1681 19.
2431 1605 2688 1683 Turibius
2726 1610 2972 1681 notarius
3011 1611 3070 1668 S.
3117 1613 3343 1682 Leonis,
3393 1620 3825 1677 archidiaconus

2232 1693 2515 1764 Tudensis,
2556 1696 2799 1755 Succedit
2830 1699 3080 1775 .Ceponio
3108 1706 3364 1778 episcopo
3397 1709 3678 1776 Tutlensi;
3711 1729 3822 1766 mo-

623 1795 711 1850 15.
753 1793 865 1848 Dici
898 1808 1005 1847 non
1039 1799 1237 1861 potest,
1288 1784 1488 1860 quanta
1521 1790 1750 1861 dejectio
1791 1787 2127 1845 Cbristiano-
2159 1793 2206 1854 Β
2234 1785 2374 1840 ritur
2398 1802 2529 1843 vero
2589 1805 2640 1843 vi
2685 1789 2913 1846 Kalend.
2973 1791 3262 1850 Novembr.
3318 1801 3642 1855 transnatus
3681 1817 3824 1857 anno

551 1898 674 1938 rum
714 1875 908 1937 animis
939 1881 1229 1936 accesserit
1260 1881 1360 1936 hac
1406 1879 1752 1935 demolitione
1778 1888 1833 1934 et
1869 1878 2129 1934 librorum

550 1978 875 2033 incensione.
907 1975 1200 2030 Toletanos
1229 1974 1396 2029 libros
1418 1972 1535 2028 loco
1568 1980 1683 2028 tuto
1709 1972 1888 2043 posuit
1910 1970 2153 2027 sanctus

550 2074 636 2127 vir
664 2066 965 2135 Melanthus,
1014 2078 1069 2125 et
1098 2068 1372 2123 animabat
1413 2066 1753 2123 Christianos
1787 2065 1855 2121 ad
1902 2060 2127 2120 toleran-

549 2166 681 2221 tiam
722 2161 1009 2221 cruciatus.
1045 2161 1270 2217 Duravit
1297 2160 1573 2216 demolitio
1618 2158 1889 2215 sexdecim
1934 2172 2126 2223 annos,

548 2256 721 2312 donec
767 2270 909 2309 anno
934 2254 1038 2310 518
1092 2252 1176 2307 lex
1226 2251 1350 2322 data
1404 2260 1540 2306 esta
1590 2247 1967 2313 Constantino,
2024 2259 2130 2317 qua

544 2346 710 2418 jussit
764 2344 974 2401 restitui
1020 2344 1180 2408 bona,
1231 2340 1447 2406 fundos,
1483 2339 1678 2395 solaria
1717 2340 1919 2394 sanctis
1959 2336 2128 2393 eccle-

550 2439 668 2494 siis.
698 2437 849 2493 Tunc
878 2446 1128 2506 reparata
1153 2442 1236 2489 est
1261 2431 1319 2488 S.
1347 2431 1527 2487 Mariae
1548 2433 1615 2487 de
1636 2430 1899 2487 Columna
1930 2430 2131 2487 matrix

548 2532 698 2586 orbis
745 2526 993 2592 ecclesia,
1044 2527 1197 2597 cujus
1232 2511 1611 2595 imaginemct
1635 2523 1941 2579 columnam
1974 2521 2131 2578 Chri-

549 2621 713 2677 stiani
772 2619 1187 2683 absconderant,
1228 2616 1451 2687 iuvante
1491 2616 1707 2672 Valerio
1748 2616 2022 2687 episcopo,
2076 2623 2134 2671 et

552 2690 839 2769 Vincentio
866 2710 1267 2765 arcbidiacono.
1301 2707 1472 2763 Toleti
1503 2708 1751 2763 restituta
1786 2717 1868 2764 cst
1890 2707 2128 2764 ecclesia

551 2801 921 2870 Assumptioni
953 2808 1154 2855 sanctae
1192 2796 1285 2854 Dei
1314 2796 1607 2854 Genitricis
1641 2799 1851 2864 dicata;
1883 2808 1940 2854 et
1954 2798 2130 2853 denuo

555 2892 678 2965 [ul.,
736 2892 804 2947 de
855 2889 1018 2963 novo]
1070 2900 1271 2945 sancta:
1306 2889 1590 2944 Leucadiae
1636 2904 1825 2946 recens
1873 2890 2124 2962 martyri,
2172 2916 2179 2923 -

555 2983 660 3037 civi
713 2991 767 3036 et
789 2991 1046 3057 patronar,
1079 2982 1266 3036 altera.

625 3073 712 3128 H.
749 3071 1329 3143 Non'przetereundum
1356 3081 1441 3128 est
1473 3073 1535 3128 in
1577 3073 1765 3130 iisdem
1806 3073 2130 3131 adversariis

2234 1872 2357 1966 [al.,
2380 1876 2513 1951 aera]
2543 1877 2666 1933 528.
2699 1879 2751 1936 ls
2785 1890 2964 1937 autem
2994 1882 3173 1939 fuerat
3208 1897 3364 1942 antea
3394 1888 3675 1946 Tudensis
3700 1891 3822 1966 [αι.

2230 1965 2542 2039 lracensis],
2573 1984 2693 2024 cum
2733 1965 2947 2043 scripsit
2973 1972 3128 2029 ldito.
3196 1990 3199 1993 '

2299 2057 2389 2113 20.
2431 2058 2743 2141 Concilium,
2772 2063 3005 2132 primum
3058 2065 3387 2125 Bracarettse
3438 2069 3573 2143 [a!.,
3612 2072 3827 2130 Emeri-

2232 2149 2423 2221 tense]
2484 2151 2726 2206 habitum
2784 2161 2870 2208 est
2922 2153 3188 2224 Bracarre,
3242 2159 3478 2213 nondum
3534 2177 3601 2216 ea
3667 2175 3824 2233 parte

2229 2239 2497 2297 Callaeciae
2545 2259 2664 2313 quae
2707 2254 2792 2300 est
2818 2260 2847 2300 a
2879 2245 3241 2315 Compostella
3286 2251 3339 2305 in
3374 2261 3656 2322 potestate
3689 2255 3824 2312 Sne.

2228 2348 2441 2401 verum,
2499 2330 2741 2393 babitum
2789 2332 2932 2396 anno
2984 2340 3020 2395 5
3058 2334 3378 2411 Ricbilanis,
3420 2346 3456 2400 2
3511 2347 3822 2404 Suevorum

2230 2426 2392 2495 regis,
2439 2426 2620 2483 Idibus
2662 2428 2876 2495 Martii,
2916 2446 3022 2486 tera
3073 2433 3198 2488 481.
3253 2434 3579 2493 Pancratius
3624 2455 3822 2494 terum—

2230 2519 2316 2574 nis
2369 2517 2645 2576 confectus
2688 2516 2919 2577 moritur
2946 2539 3088 2580 anno
3124 2525 3260 2593 4M;
3309 2530 3576 2585 successit
3632 2531 3713 2586 illi
3765 2533 3823 2586 in

2229 2609 2358 2665 sede
2411 2598 2731 2670 Bracarensi
2782 2612 3066 2672 Balconius
3115 2617 3197 2675 vir
3239 2620 3382 2689 pius,
3442 2632 3498 2678 et
3548 2623 3674 2678 zelo
3726 2624 3822 2680 Dei

2228 2698 2439 2773 plenus.
2722 2770 2727 2775 I
2848 2716 2855 2723 °
3106 2694 3107 2697 “
3442 2716 3449 2721 ’

2297 2795 2388 2849 21.
2430 2794 2909 2858 Praadicationibus
2954 2803 3126 2879 sancti
3175 2806 3450 2877 pontiﬁcis
3471 2788 3737 2865 Balconii'
3765 2819 3821 2864 et

2228 2885 2458 2943 aliorum
2504 2890 2903 2963 episcoporum,
2946 2886 3335 2966 pullulantibus
3372 2902 3662 2957 erroribus
3706 2902 3820 2957 Pri-

2228 2977 2483 3044 scilliani,
2513 2978 2931 3056 Gallaeciamque
2957 2988 3316 3057 vastantibus,
3345 2990 3644 3049 Reciarius
3669 2993 3733 3049 tit
3752 3010 3819 3050 ex

2230 3068 2414 3137 gentili
2444 3069 2806 3142 Christianus,
2860 3086 2917 3130 et
2938 3068 3171 3135 'mirilice
3223 3079 3371 3138 fovet
3415 3083 3720 3153 Ecclesias,
3767 3097 3825 3142 et

550 3164 708 3229 meis,
744 3163 1112 3229 Camerinum,
1158 3162 1242 3220 vel
1286 3162 1577 3231 Marinum,
1624 3165 1708 3221 vel
1758 3165 2123 3234 Tamerinum,
2154 3161 2200 3225 C
2231 3164 2544 3232 catholicos,
2584 3167 2781 3236 quibus
2806 3170 3018 3241 publice
3043 3174 3369 3244 praedicatur
3413 3177 3555 3235 fides
3587 3180 3819 3238 catholi-

551 3260 872 3316 Toletanum
914 3259 1245 3331 pontificem,
1269 3260 1337 3315 ad
1377 3258 1682 3316 Sardiniam
1727 3261 1961 3316 delatura
2003 3276 2127 3317 cum

2238 3270 2332 3320 ca;
2366 3265 2420 3311 et
2459 3258 2550 3314 dat
2587 3257 2899 3317 facultatem
2937 3266 3161 3337 cogendi
3200 3267 3490 3324 concilium
3520 3272 3595 3327 ad
3638 3272 3823 3343 Aquas

555 3351 697 3418 aliis,
759 3352 937 3407 adhuc
973 3352 1203 3407 durante
1243 3352 1621 3422 persecutione
1682 3351 1996 3407 Diocletiani
2057 3352 2122 3407 21

550 3442 778 3514 Augusti
813 3457 1053 3513 passum.
1363 3464 1367 3468 ι

590 3530 709 3588 15.
754 3530 812 3586 S.
841 3530 907 3585 Μ.
943 3531 1271 3600 Pomponius
1319 3529 1607 3587 Ianuarius
1650 3532 1938 3603 episcopus
1980 3531 2132 3588 Sala-

546 3621 746 3678 riensis
786 3620 906 3694 [al.,
940 3621 1330 3688 Sarabriensis,
1377 3622 1455 3677 vel
1502 3621 1835 3696 Salanensis]
1901 3623 2004 3679 fuit
2047 3624 2132 3679 vir

549 3711 871 3778 mnsularis,
928 3711 1297 3781 interfuitqnc,
1351 3721 1417 3769 ut.
1463 3713 1664 3767 dictum
1729 3723 1843 3780 est,
1897 3715 2131 3770 concilio

545 3805 915 3873 liliberitano;
952 3806 1353 3877 praedicansth
1376 3805 1427 3858 in
1458 3802 1716 3859 Heraclea
1751 3806 1972 3860 civitate
2006 3807 2129 3862 freti

548 3900 822 3967 llerculei,
867 3914 965 3971 per
995 3899 1115 3966 dira
1160 3906 1423 3953 tormenta
1467 3913 1588 3953 cum
1617 3899 1778 3955 sociis
1806 3914 1904 3970 pro
1928 3899 2130 3956 Christi

499 4053 504 4058 ,
548 3993 655 4048 fide
679 3991 1051 4061 triumphavit.

497 4068 507 4140 ῗ
610 4084 709 4137 16.
751 4082 811 4138 S.
846 4081 1056 4144 Vitalis,
1096 4096 1253 4151 quem
1291 4096 1321 4135 a
1354 4080 1500 4138 fonte
1528 4082 1871 4153 baptismatis
1908 4082 2133 4151 sustulit

547 4182 772 4232 sanctus
801 4173 1174 4239 Sebastianus,
1198 4189 1227 4227 c
1250 4173 1550 4229 Thermctla
1582 4176 1633 4229 in
1677 4175 1996 4245 Carpetanis
2025 4175 2129 4229 Ro-

547 4274 691 4320 mam
721 4264 874 4319 miles
892 4262 1185 4334 profectus,
1219 4264 1420 4320 relictis
1445 4266 1638 4332 tiliolis,
1670 4267 1826 4322 Justo
1851 4278 1905 4322 et
1933 4267 2124 4323 Pasto-

544 4374 627 4423 γε,
676 4354 1171 4425 Comptuteusibus,
1225 4354 1259 4409 5
1301 4353 1456 4428 [Lege
1484 4357 1536 4422 2,
1594 4373 1659 4412 ea:
1710 4355 1873 4411 Mart.
1905 4356 2054 4411 Rom.
2092 4358 2127 4412 2

545 4445 702 4520 Julii]
757 4447 957 4502 mensis
994 4445 1128 4501 'Julii
1161 4462 1303 4503 anno
1349 4448 1474 4522 290,
1524 4463 1689 4519 prope
1714 4447 1957 4513 Patinam
2009 4448 2122 4523 [ιιΙ.

552 4535 808 4610 Capuam]
838 4552 1026 4607 passus
1051 4546 1151 4592 est.

2231 3345 2461 3403 Cclenas
2482 3360 2733 3415 veteres,
2765 3354 2842 3408 uti
2872 3354 3074 3411 dictum
3106 3365 3209 3413 est.

2299 3438 2388 3494 22.
2432 3439 2691 3499 Fluminis
2712 3444 2914 3501 Tenedi
2938 3463 3107 3519 aqua},
3132 3452 3433 3519 praesertim
3452 3470 3629 3526 prope
3651 3456 3823 3513 Guar-

2232 3527 2375 3618 diam
2403 3526 2805 3604 oppidum,'qua
2826 3535 3022 3595 [lutuen
3046 3538 3245 3596 labitur
3270 3543 3322 3598 in
3353 3547 3661 3614 Oceanum,
3696 3550 3822 3618 quia

2231 3616 2509 3675 lutulentae
2536 3631 2683 3691 sunt,
2713 3633 2770 3680 et
2822 3624 3059 3686 ctenosis
3096 3630 3363 3701 impedita:
3396 3636 3574 3700 vadis,
3617 3616 3821 3693 οριὲπω

2232 3706 2681 3799 dieutttur'quasi
2731 3716 3081 3788 nigricantcs,
3139 3731 3197 3776 et
3247 3722 3618 3797 Hispanorum
3673 3745 3822 3785 more

2230 3799 2424 3868 Oppido
2449 3817 2644 3859 nomen
2694 3805 2913 3877 dedere,
2962 3820 3019 3866 ut
3066 3812 3200 3868 alias
3241 3812 3429 3882 Sucro,
3484 3817 3741 3886 Vacerra,
3772 3831 3821 3876 et

2232 3889 2495 3947 Eminius.
2862 3896 2863 3899 “

2202 3999 2215 4014 ·
2300 3983 2389 4037 25,
2438 3966 2651 4042 'Varada
2678 3992 3026 4062 municipium
3052 3998 3428 4068 estantiquum
3451 3999 3817 4072 Carpetania,

2152 4513 2207 4574 D

2233 4075 2285 4128 in
2320 4077 2401 4131 via
2424 4076 2615 4136 Toleto
2649 4081 2989 4154 Complutum
3020 4090 3129 4145 sic:
3161 4089 3348 4145 Toleto
3385 4092 3641 4150 Illescam
3669 4113 3817 4152 utut

2232 4168 2304 4223 Μ.
2326 4172 2412 4234 Ρ.,
2443 4174 2717 4230 Titultiam
2751 4175 2820 4231 Μ.
2861 4178 2918 4231 Ρ.
2958 4179 3049 4246 Μ.,
3092 4180 3357 4239 Varadam
3393 4200 3491 4240 vui
3526 4186 3611 4242 Μ.
3637 4189 3701 4243 Ρ.
3726 4189 3818 4253 IL,

2232 4265 2575 4338 Complutum
2599 4286 2704 4323 xxx
2742 4268 2811 4323 M.
2848 4270 2904 4324 P.
2923 4280 2978 4326 et
3001 4273 3138 4327 viam
3160 4274 3368 4331 Varatla
3397 4276 3697 4349 Segoviam
3714 4281 3817 4336 lic.

2225 4362 2312 4436 [id
2345 4375 2416 4419 est
2441 4363 2623 4420 facere
2642 4367 2871 4439 curavit]
2892 4367 2962 4422 Μ.
2994 4368 3215 4443 Fulvius
3233 4369 3476 4428 Nobilior
3500 4377 3817 4445 proconsul.

2234 4455 2355 4519 Hic,
2380 4456 2589 4510 scilicet
2604 4446 2846 4524 Varadae,
2865 4459 3119 4514 rccolitur
3132 4462 3389 4516 memoria
3416 4461 3607 4531 Nerei,
3626 4467 3823 4522 Satur-

2233 4545 2368 4612 nini,
2397 4554 2449 4601 et
2480 4546 2584 4601 565
2610 4557 2936 4619 martyrum,
2965 4552 3058 4619 qui
3094 4560 3252 4605 erant
3290 4553 3343 4606 in
3372 4553 3585 4610 :estivis
3618 4556 3675 4610 in
3721 4558 3824 4613 hoc

625 4628 709 4681 l7.
750 4627 1053 4682 Nicometlae
1086 4643 1280 4699 passus
1322 4639 1405 4683 cst
1434 4630 1485 4683 in
1513 4633 1890 4701 persecutione
1920 4631 2130 4689 Diocle-
2229 4635 2524 4706 municipio
2567 4638 2667 4693 sub
2707 4639 3083 4707 persecutione
3132 4640 3446 4697 Diocletiani
3465 4685 3487 4717 ._
3531 4661 3826 4719 passorum

545 4718 681 4772 tiani
709 4727 927 4774 sanctus
950 4718 1165 4773 Flavius
1186 4719 1573 4783 Antiocltenus,
1608 4723 1691 4776 vir
1720 4722 2044 4789 consularis,
2075 4732 2132 4779 ct
2230 4725 2299 4780 16
2328 4726 2413 4781 die
2442 4726 2713 4782 Octobris.
2744 4726 3078 4799 Crediderim
3110 4730 3207 4784 bos
3251 4746 3439 4799 passos
3486 4718 3723 4805 Clunlte,
3773 4747 3829 4792 et

546 4807 833 4878 episcopus
856 4808 1217 4864 llliberitaws
1240 4806 1800 4883 [al.,lllitercitauus],
1824 4814 1918 4883 qui
1947 4815 2126 4868 conci-
2228 4816 2483 4888 reliquias
2520 4818 2727 4888 aliquas
2774 4818 2922 4875 illinc
2973 4820 3080 4876 huc
3119 4810 3331 4888 allatas,
3375 4833 3433 4878 et
3478 4825 3689 4882 ibidem
3719 4827 3825 4882 ali-
3862 4865 3869 4869 -

621 5005 1051 5090 l6."S._yital.is,
1099 5022 1283 5090 quem
1317 5022 1347 5063 a
1393 5007 1560 5090 fonte,
1593 5012 1822 5090 _etc._‘De
1856 5009 1915 5090 S.
1949 5010 2127 5090 vitali,
2233 5026 2495 5090 gratuma,
2526 5022 2629 5067 r'ro
2658 5022 2882 5090 sancto
2906 5015 3324 5089 Vitalialterum
3353 5018 3567 5088 planius
3593 5031 3654 5077 et
3702 5022 3823 5090 pie-
