3982 5292
493 284 630 341 ΗΠ

1589 279 1936 338 APPENDIX
1974 283 2065 338 AD
2102 281 2622 342 LIUTPRANDUM.

3633 292 3774 350 ms

493 401 837 477 degradaEUS.
864 406 956 454 aut
977 397 1151 454 ofﬁcio
1179 413 1278 470 pro
1301 397 1467 452 certis
1495 398 1814 477 criminibus
1841 413 2073 477 su_spen-_
2101 403 2151 464 Α
2180 401 2334 477 rium.
2362 434 2433 477 4—-
2466 424 2484 456 ι
2517 403 2573 459 Si
2614 403 2737 476 quis
2773 404 3080 476 incognitus
3118 409 3324 477 ingredi
3359 414 3764 468 monasterium

493 469 609 536 sus,
655 481 709 527 et
736 471 849 541 ipse
880 485 976 539 per
1005 469 1372 541 contemptum
1422 476 1478 522 et
1519 469 1828 538 superbiam
1865 469 2074 540 aliquid

495 545 563 599 de
590 541 904 596 ministeriis
932 541 1256 593 exercuerit.
1298 577 1312 590 .
1358 576 1372 591 .
1412 576 1425 591 .
1473 575 1487 590 .
1535 576 1549 590 .
1593 556 1612 588 ι

566 613 696 668 CAP.
719 609 829 665 VII.
851 609 929 663 De
961 610 1257 679 presbytero
1277 619 1391 678 post
1417 607 1887 679 ordinationes.i—
1913 627 1932 659 ‹
1960 607 2075 664 Ca3-

2175 472 2431 535 volnerit.
2470 494 2488 526 ι
2527 483 2634 530 etc.

2246 542 2376 598 CAP.
2415 543 2653 618 XXVIII.
2691 544 2769 600 De
2807 547 3102 618 comedente
3139 566 3320 603 carnes
3354 551 3408 603 in
3457 549 3746 618 Onadmge
3782 547 3786 552 ’

2174 614 2329 691 εἱηιαἔ
2359 646 2430 654 -
2463 633 2481 665 ι
2511 614 2828 691 Quicunque
2857 617 2909 670 in
2938 618 3125 673 diebus
3148 620 3595 691 Quadragesimaa
3616 614 3778 676 esuri.

497 693 673 754 terum
723 677 1005 754 presbyter
1034 681 1078 734 si
1109 677 1227 754 post
1255 678 1631 754 ordinationes
1651 677 1853 754 aliquid
1890 680 2078 754 acqui-
2176 683 2358 754 carpis
2391 677 2798 754 przesinnpserit
2824 696 3114 746 attentare.
3153 677 3190 742 ἶ
3205 700 3312 744 etc.

497 753 698 814 siverit,
723 747 870 804 'illud
888 747 1300 804 observandum
1342 757 1446 812 est,
1490 748 1633 817 quod
1684 747 1737 801 iu
1783 747 2078 805 canonibus

501 823 566 877 de
588 821 710 894 [al.,
727 818 1082 892 consecratis]
1106 819 1410 876 consecutis
1435 817 1566 873 nihil
1583 817 1902 874 habentibus
1924 819 2080 875 insti-

505 904 680 946 tutum
732 900 870 945 est.»

569 964 700 1017 CAP.
737 961 868 1017 VIII.
914 962 989 1014 De
1025 961 1192 1017 viduis
1227 971 1273 1015 et
1304 958 1490 1029 puellis
1515 957 1792 1027 re'igiosis.
1822 972 1903 999 '—
1952 979 1971 1010 ι
2004 960 2081 1014 De

503 1033 680 1087 viduis
715 1041 767 1086 et
799 1031 1008 1099 puellis,
1039 1048 1156 1100 qua:
1185 1032 1423 1086 habitum
1453 1029 1728 1098 religionis
1750 1029 1803 1082 in
1834 1029 2083 1088 domibus

503 1103 759 1173 propriis,
790 1111 896 1156 tam
927 1117 953 1154 a
987 1103 1300 1173 parentibus
1324 1115 1484 1171 quam
1509 1115 1605 1169 per
1630 1113 1688 1153 se
1729 1101 2078 1168 mutaverint,

503 1172 550 1228 Si
588 1179 773 1228 postea
797 1180 986 1226 contra
1016 1172 1347 1226 institutum.
1393 1207 1410 1226 .
1452 1207 1468 1222 .
1521 1205 1538 1223 .
1577 1207 1590 1220 .
1633 1187 1652 1220 ι

599 1236 705 1297 ΖΜ).
743 1241 832 1296 IX.
875 1241 950 1295 De
991 1243 1318 1313 querimonia
1341 1237 1687 1313 plelgiunt._-7-
1715 1255 1734 1288 ι
1770 1236 1960 1313 Relata
1999 1246 2086 1293 est

505 1327 687 1367 coram
719 1319 903 1366 sancta
929 1308 1132 1381 synodo
1155 1308 1491 1381 querimonia
1515 1308 1768 1381 plebium.
1796 1310 1938 1381 quod
1960 1319 2087 1364 sunt

548 1382 725 1436 uidam
751 1379 989 1451 episcopi
1015 1379 1262 1437 nolentes
1293 1381 1358 1434 ad
1388 1379 1814 1449 praedicandum,
1835 1379 1920 1434 vel
1951 1395 2085 1435 con-

508 1399 835 1508 iirmandum
859 1466 986 1506 suas
1009 1467 1106 1508 uer
1129 1465 1348 1506 annum.
1394 1485 1410 1502 .
1453 1488 1467 1502 .
1513 1487 1527 1502 .
1570 1487 1586 1501 .
1627 1467 1646 1500 ›

555 1451 835 1522 rmandum
859 1466 986 1522 suas
1009 1467 1106 1522 per
1129 1465 1348 1522 annum.
1394 1485 1410 1502 .
1453 1488 1467 1502 .
1513 1487 1527 1502 .
1570 1487 1586 1501 .
1627 1467 1646 1500 ι

581 1521 710 1576 Car.
748 1520 816 1575 X.
876 1521 952 1576 De
1006 1515 1136 1576 cura
1186 1520 1564 1591 episcoporum.
1610 1547 1694 1591 ς-
1750 1535 1769 1569 t
1804 1515 2089 1591 Sancimus

2249 752 2604 816 CALVXXIX.
2628 752 2710 810 De
2739 758 2862 810 viris
2889 759 3163 813 ordinatis.
3192 791 3263 800 —
3297 778 3314 810 ι
3345 759 3423 814 De
3461 759 3601 812 viris
3622 759 3774 813 ordi-

2178 825 2348 949 pattis,
2397 840 2628 948 quqrum
2678 826 2890 883 occulta
2939 839 3159 899 peccata
3206 839 3373 896 sunt,
3434 829 3523 883 vel
3599 831 3774 883 mani-

2204 909 2261 949 es
2289 910 2343 949 a.
2381 914 2399 948 ο
2451 911 2481 948 e
2509 912 2560 949 c.

2204 909 2343 959 eSta,
2381 914 2399 948 ο
2451 909 2560 950 etc.

2250 965 2381 1038 Car.
2413 965 2584 1020 XXX.
2621 965 2695 1020 De
2725 967 2984 1038 frequenti
3007 978 3330 1036 peccatorum
3361 971 3672 1023 iteratione.
3705 997 3776 1007 —-

2187 1051 2207 1086 ‹
2239 1034 2314 1089 Ea
2351 1051 2471 1104 qua:
2516 1034 2784 1106 frequenti
2816 1034 3266 1107 praevaricatione
3313 1040 3614 1103 iterantur,
3661 1038 3774 1090 fre-

2183 1107 2367 1174 quenti
2397 1108 2559 1161 etiam
2592 1107 2861 1162 sententia
2898 1110 3346 1165 condemnentur.
3381 1127 3402 1162 ι

2253 1175 2380 1230 CAP.
2443 1176 2633 1232 XXXI.
2689 1176 2766 1232 De
2816 1180 3028 1233 custode
3069 1180 3318 1235 ecclesiae.
3386 1209 3442 1220 —
3511 1196 3532 1230 ι
3577 1179 3774 1233 Custos

2184 1245 2428 1370 Sccltasize
2479 1248 2624 1370 cilrca
2665 1261 2728 1301 ea
2773 1263 2894 1319 qua:
2936 1249 3181 1308 ecclesia:
3221 1260 3542 1322 competunt
3589 1258 3774 1304 custo-

2225 1331 2307 1370 ien
2351 1333 2403 1370 a.
2439 1337 2456 1368 ι
2491 1334 2522 1370 e
2549 1332 2599 1370 c.

2225 1331 2403 1380 tenaa,
2439 1337 2456 1368 ι
2491 1331 2599 1372 etc.

2256 1386 2462 1441 Desunt
2481 1387 2645 1441 etiam
2670 1387 2776 1444 duo
2811 1403 3067 1444 canones.

2256 1455 2383 1511 CAP.
2410 1456 2655 1512 XXXIV.
2681 1457 2758 1513 De
2793 1459 3130 1515 ecclesiarum
3158 1461 3340 1514 servis.
3388 1491 3460 1500 —
3510 1478 3528 1511 ι
3566 1460 3647 1513 De
3685 1473 3778 1512 ec-

2190 1525 2475 1582 clesiarum
2529 1528 2709 1584 servis
2759 1530 3034 1585 communi
3097 1531 3364 1586 sententia
3438 1541 3528 1585 est
3586 1530 3780 1585 deem-

510 1592 763 1648 omnibus
787 1591 1054 1661 episcopis
1100 1588 1576 1661 curamglaicorum
1608 1588 1845 1653 instare;
1887 1590 2096 1661 ut_sc_i-
2192 1605 2324 1660 tum,
2365 1617 2384 1648 ι
2424 1606 2530 1653 etc.

512 1663 658 1724 licet,
699 1659 836 1732 quos
862 1659 1044 1718 ﬁdeles
1072 1661 1126 1716 in
1155 1661 1258 1717 ﬁde
1286 1659 1486 1716 Christi
1532 1659 1880 1727 invenerunt,
1921 1659 2091 1715 nimio

513 1732 708 1788 all'ectu
739 1732 982 1803 diligant.
999 1751 1018 1785 ι

585 1803 714 1857 CAP.
755 1797 867 1873 XI;
887 1801 969 1856 Ne
1001 1802 1175 1873 plures
1205 1798 1536 1873 baptismales
1576 1799 1696 1873 sint
1723 1797 1882 1853 simul
1927 1799 2081 1873 ρει-[ς.

515 1873 630 1927 siw.
657 1903 722 1914 --
755 1890 775 1925 ι
811 1869 1011 1929 Plures
1033 1869 1382 1940 baptismales
1411 1869 1654 1926 ecclesiae
1682 1869 1738 1925 in
1768 1885 1872 1924 una
1901 1869 2089 1925 termi-

517 1943 734 1999 natione
758 1957 878 2012 esse
905 1959 1010 2012 non
1036 1943 1264 2012 possint.
1280 1960 1298 1992 ›

587 2013 712 2068 CAP.
755 2011 866 2067 XII.
901 2007 1173 2078 Quomodo
1199 2012 1301 2064 sint
1327 2010 1536 2065 abbates
1558 2008 1885 2080 eligendi.—-
1911 2027 1929 2059 ι
1953 2007 2094 2065 Con-

515 2084 757 2154 gregatio
783 2084 938 2139 debet
967 2083 1068 2138 sibi
1099 2082 1299 2153 eligere
1327 2082 1579 2137 abbatem
1611 2089 1736 2152 post
1773 2080 1987 2135 abbatis
2009 2080 2092 2135 sui

516 2162 768 2209 mortem.
782 2174 800 2206 I
2089 2158 2092 2160 ⁷

587 2224 714 2278 CAP.
744 2222 878 2278 XIII.
913 2221 1175 2276 Punieudi
1199 2230 1318 2276 sunt
1348 2231 1581 2292 raptores
1613 2219 1908 2274 alienarum
1935 2237 2092 2292 span:

517 2310 717 2349 sarum.
755 2324 825 2333 —
864 2312 880 2344 ι
913 2292 1184 2348 Statutum
1241 2301 1326 2347 est
1377 2291 1415 2344 a
1442 2306 1597 2346 sacro
1626 2301 1912 2354 conventu,
1952 2299 2009 2343 ut
2046 2291 2089 2345 si

517 2365 640 2486 quiis
683 2378 933 2486 sponsam
967 2362 1192 2418 alterius
1236 2362 1496 2432 rapuerit,
1537 2360 1747 2432 publica
1778 2361 2092 2432 paenitentia

517 2450 607 2486 mu
634 2443 685 2486 te
712 2449 826 2486 ur.)

517 2442 826 2489 multetur.)

587 2505 714 2559 Car.
754 2501 892 2574 XIV.
951 2503 1028 2557 De
1079 2503 1244 2574 oﬂicio
1278 2500 1658 2574 archidiaconi.
1688 2518 1808 2574 —-_-_(
1847 2499 2088 2574 Ollicium

517 2573 881 2628 archidiaconi
909 2582 1012 2638 est,
1035 2569 1251 2644 quando
1275 2571 1504 2644 voluerit
1535 2569 1870 2642 evangelium
1891 2570 2089 2642 legere,

518 2645 601 2700 vel
634 2644 797 2698 alium
827 2643 891 2699 de
922 2643 1164 2698 diaconis
1202 2643 1544 2713 praeciperet

587 2715 718 2770 CAP.
759 2713 876 2769 XV.
915 2713 994 2768 De
1045 2708 1219 2784 oﬂicid
1257 2708 1707 2784 archipresbyteri.
1732 2741 1802 2752 --—
1847 2729 1866 2763 t
1903 2708 1978 2766 Ut
2005 2726 2092 2784 ar-

518 2785 890 2855 chipresbyter
914 2784 1053 2840 sciat
1077 2782 1136 2838 se
1176 2782 1839 2855 subessearchidiacono,
1878 2789 1932 2837 et
1975 2783 2092 2853 ejus

520 2851 984 2926 pne'cepti'sisicut
1011 2855 1092 2909 sui
1116 2854 1350 2926 episcopi
1379 2851 1615 2926 obedire.
1631 2871 1649 2905 ι

591 2921 720 2980 CAP:
758 2924 898 2980 XVI.
947 2922 1024 2977 De
1075 2923 1245 2994 ofﬁcio
1285 2921 1538 2976 sacristce.
1562 2951 1630 2962 -—
1669 2941 1687 2974 ι
1721 2922 1792 2994 Ut
1839 2921 1975 2978 sciat
2032 2937 2090 2976 se

520 2995 749 3050 sacrista
797 2994 1021 3050 subesse
1067 2991 1464 3056 archidiacono,
1517 3002 1570 3046 et
1622 2995 1688 3046 ad
1733 2991 1851 3062 ejus
1905 3007 2090 3062 curam

519 3063 794 3136 pertinere
834 3063 1136 3136 custodiam
1176 3077 1456 3118 sacrorum
1501 3061 2088 3119 vasorum’vestimen-

524 3133 1354 3204 iorumqnegecclesiasﬁcornm.
1383 3152 1406 3204 ί»

593 3202 742 3259 CAPI
764 3202 924 3259 XVII.
980 3202 1057 3257 De
1095 3204 1323 3274 quadam
1365 3203 1557 3272 femina
1599 3203 1979 3271 superstitiosa.
2027 3231 2095 3242 ——

531 3294 552 3326 ε
591 3275 667 3328 De
701 3276 785 3344 bis
824 3275 1010 3337 etiam,
1036 3273 1197 3343 super
1233 3274 1428 3341 quibus
1463 3273 1958 3344 interrogasti,hoc
1989 3282 2091 3336 est,

501 3347 589 3400 ‘de
618 3344 704 3398 illa
738 3343 956 3407 femina,
980 3359 1100 3414 quae
1125 3354 1458 3398 menstruum
1483 3359 1640 3397 suum
1660 3343 1974 3413 sanguinem
1997 3344 2094 3398 im-

521 3415 733 3470 miscuit
765 3414 885 3470 cibo
916 3413 1011 3468 vel
1034 3415 1206 3484 potui,
1237 3423 1289 3467 et
1319 3414 1464 3469 dedit
1498 3414 1613 3468 viro
1637 3429 1756 3476 suo,
1795 3423 1949 3484 nete.

595 3485 745 3539 Finis
773 3484 930 3554 huius
952 3482 1194 3554 canonis
1217 3484 1430 3539 additus
1452 3493 1535 3539 est
1573 3500 1640 3539 ex
1666 3483 1897 3539 concilio
1939 3482 2096 3538 Tole-

528 3563 676 3618 lano,
705 3552 943 3623 tempore
971 3552 1302 3608 Maurorum.

598 3625 728 3679 CAP.
775 3621 960 3680 XVIII.
1021 3624 1097 3678 De
1143 3623 1356 3679 custode
1389 3621 1657 3678 Ecclesiar.
1709 3653 1781 3665 —
1846 3641 1865 3674 ι
1904 3623 2099 3678 Custos

524 3694 792 3750 sulicitus
812 3711 932 3752 esse
947 3695 1103 3750 debet
1125 3696 1192 3751 de
1213 3695 1483 3749 communi
1509 3703 1828 3749 ornamento
1845 3693 2100 3749 Ecclesia:

525 3772 580 3818 et
610 3764 930 3820 lnminariis.
946 3785 965 3818 ›

598 3836 728 3891 CAP.
777 3834 920 3891 XIX.
970 3835 1049 3890 De
1094 3837 1245 3890 rebus
1280 3833 1603 3888 libertorum.
1653 3864 1718 3874 —
1772 3852 1790 3884 ι
1824 3833 1899 3888 De
1937 3833 2098 3887 rebus

524 3918 654 3976 vero
677 3905 910 3971 illorum,
939 3907 1024 3961 vel
1064 3905 1346 3976 peculiari,
1383 3905 1475 3976 qui
1514 3920 1545 3958 a
1595 3904 1828 3960 dominis
1867 3905 2100 3973 propriis

527 3973 780 4030 libertate
817 3973 1105 4042 donantur,
1141 3995 1158 4028 ι
1200 3987 1354 4031 etc...

598 4045 725 4116 CAP.
758 4046 879 4100 XX.
919 4047 1190 4112 Quomodo
1233 4045 1473 4116 facienda
1513 4046 1695 4099 charta
1731 4044 2093 4116 ingenuitatis.

525 4144 599 4156 -—
627 4133 646 4166 ι
678 4115 880 4170 Debent
911 4127 1089 4170 autem
1121 4114 1498 4185 suprascriptae
1529 4115 1876 4183 ingenuitatis
1899 4114 2102 4185 charta;

530 4199 637 4238 non
675 4185 848 4240 soluta
881 4201 1076 4241 nomen
1125 4183 1295 4250 illius,
1330 4183 1422 4254 qui
1468 4186 1565 4242 has
1613 4186 1727 4240 ﬁeri
1778 4194 1955 4255 rogat,
2002 4183 2100 4238 sed

526 4255 694 4310 etiam
731 4255 948 4310 nomina
987 4257 1398 4310 sacerdotum...
1437 4274 1456 4305 ι

597 4324 728 4380 CAP.
761 4323 897 4379 XXI.
919 4325 996 4380 De
1016 4325 1354 4379 instructione
1374 4323 1734 4378 laicorum.-—
1760 4323 2098 4380 «Instrucndi

526 4405 653 4449 sunt
713 4403 976 4465 prieterea
1037 4395 1204 4460 laici,
1267 4396 1411 4464 quod
1471 4395 1778 4450 nullatenus
1831 4395 1934 4448 alio
1981 4395 2098 4465 loco

2260 1668 2466 1722 Desunt
2529 1667 2707 1724 adhuc
2759 1669 2866 1726 duo
2904 1668 3103 1795 forte
3151 1669 3428 1741 legendum
3479 1685 3660 1739 usque
3713 1669 3780 1722 ad

2263 1737 2408 1795 χιιι]
2434 1739 2501 1794 de
2529 1753 2808 1794 servorum
2834 1755 2898 1794 or
2939 1751 3197 1795 inatione.

2191 1737 2408 1810 LXXXII]
2434 1739 2501 1794 de
2529 1753 2808 1794 servorum
2834 1737 3197 1797 ordinatione.

2269 1826 2302 1881 ι⁸
2323 1808 2405 1881 De
2423 1824 2700 1881 servorum
2728 1811 3085 1881 ordinatione,
3119 1812 3208 1880 qui
3242 1811 3443 1881 passim
3470 1809 3541 1881 ad
3571 1808 3779 1880 gradus

2193 1878 2609 1951 ecclesiasticos,
2639 1889 2746 1935 etc.
2780 1879 2932 1936 Nunc
2977 1896 3105 1936 vero
3129 1878 3358 1936 Servatis
3389 1881 3454 1934 iis
3487 1878 3616 1951 {aL}
3649 1895 3781 1932 san-

2191 1947 2358 2020 citis],
2410 1965 2530 2020 qua}
2561 1949 2704 2004 inter
2744 1965 2842 2005 nos
2888 1951 2957 2005 ad
2999 1952 3422 2021 diSputatiouem
3469 1947 3781 2021 institptio-

2192 2019 2727 2092 nemquevenerunt,
2760 2022 2964 2091 gratias
2990 2019 3200 2092 agimus
3224 2020 3584 2090 omnipotenti
3604 2019 3738 2092 iDeo
3763 2035 3776 2084 ;

2193 2090 2631 2163 deindegdornino
2658 2090 2843 2163 nostro
2878 2090 3267 2160 gloriosissimo
3314 2091 3546 2163 principi
3569 2162 3574 2163 γ
3596 2091 3780 2163 Then-

2194 2160 2304 2223 dio,
2358 2161 2595 2216 divinam
2627 2160 2969 2216 clementiam
2999 2160 3398 2228 cxorantes,7ut
3435 2161 3781 2215 felicissimos

2191 2245 2362 2286 annos
2389 2239 2514 2302 agat
2557 2231 2856 2302 inhregno;
2911 2241 2969 2286 nt
3007 2248 3070 2286 ea
3119 2247 3239 2302 qua:
3290 2233 3356 2286 ad
3412 2231 3623 2302 cultum
3659 2230 3780 2282 ﬁdei

2191 2299 2562 2371 pertinebunt,
2616 2299 2889 2356 licentiam
2942 2302 3100 2358 nobis
3136 2299 3368 2371 praestet
3423 2301 3597 2355 libere
3661 2316 3782 2369 per-

2194 2372 2407 2440 agendi.
2446 2370 2682 2440 Vosque.
2729 2372 3056 2427 sanctissimi
3103 2370 3312 2436 Patres,
3363 2371 3416 2425 in
3463 2387 3671 2424 annum
3703 2385 3782 2423 sc-

2194 2439 2448 2510 quentem
2478 2439 2710 2495 qual.
2751 2439 3022 2506 Octobris,
3072 2443 3126 2496 in
3176 2441 3313 2497 hanc
3353 2441 3520 2495 etiam
3573 2441 3778 2507 regiam

2192 2513 2375 2567 sedem
2409 2520 2770 2567 conventuros
2814 2527 2935 2567 esse
2969 2513 3246 2578 denuntio,
3283 2513 3384 2566 nisi
3429 2511 3687 2564 mavultis
3716 2511 3782 2562 ad

2192 2583 2466 2638 civitatem
2511 2583 2801 2636 convenire
2843 2582 3180 2637 Valentinani
3211 2623 3223 2646 ,
3273 2583 3403 2636 huic
3456 2578 3781 2648 metropoli-

2192 2660 2334 2777 ἕηκε
2387 2650 2502 2708 sedi
2557 2649 2973 2722 suifraganeam.
3032 2651 3110 2707 Ite
3166 2651 3386 2717 felices,
3445 2650 3782 2706 sanctissimi

2237 2732 2402 2777 atres.
2440 2744 2458 2776 ι

2237 2732 2402 2778 alres.
2440 2744 2458 2776 ι

2265 2813 2596 2884 Subscripsit
2620 2811 2862 2870 Julianus
2893 2813 3068 2869 Toleti
3102 2811 3578 2882 metropolitanns,
3619 2809 3792 2864 Eleo-

2194 2907 2400 2962 therius
2439 2907 2810 2975 Bracarensis,
2843 2907 3092 2982 Celsinus
3119 2905 3574 2970 Tarraconensis,
3602 2903 3790 2957 Emila:

2193 3002 2551 3058 Emeritensis
2581 3019 2704 3058 cum
2733 3001 2800 3056 64
2825 3002 2945 3056 aliis
2981 2999 3247 3072 episcopis
3275 2999 3526 3054 omnium
3559 2997 3786 3069 provin-

2115 3111 2160 3174 ρ
2195 3096 2429 3158 ciarum,
2476 3094 2662 3149 multis
2694 3094 3002 3158 abbatibus,
3033 3102 3088 3148 et
3121 3093 3254 3147 viris
3281 3090 3570 3144 Palatinis.

2364 3185 2657 3240 Concilium
2697 3184 3024 3240 Valentinum
3059 3187 3204 3239 anno
3235 3183 3454 3238 Domini
3481 3181 3612 3235 541.

2264 3278 2350 3332 87.
2393 3276 2588 3331 Coacta
2627 3285 2709 3331 est
2730 3290 2883 3330 sacra
2909 3274 3146 3347 synodus
3174 3288 3283 3328 aera
3306 3286 3619 3336 nuxtx,xn
3663 3269 3795 3322 Kal-

2195 3367 2464 3434 Octobris,
2501 3384 2643 3424 anno
2694 3367 2924 3424 feliciter
2971 3366 3180 3420 decimo
3208 3362 3590 3436 gloriosissinii
3619 3361 3685 3415 D.

2197 3461 2339 3530 regis
2369 3459 2618 3526 Theudii,
2649 3459 2702 3514 in
2733 3459 2949 3514 domine
2975 3457 3038 3511 D.
3065 3453 3128 3509 Ν.
3158 3453 3283 3510 Jesu
3313 3453 3546 3508 Christi.
3585 3451 3788 3521 Super-

2197 3559 2280 3604 est
2301 3551 2658 3621 fragmentum
2687 3562 2978 3613 canonum,
3005 3547 3057 3613 4,
3090 3543 3145 3613 5,
3174 3546 3260 3612 I6,
3287 3544 3380 3610 50,
3416 3545 3544 3599 IOI.
3679 3542 3786 3595 Va-

2199 3640 2358 3694 lentia
2400 3640 2668 3711 Iiispanize
2706 3650 2811 3695 est.

2269 3732 2401 3785 Cum
2429 3730 2665 3802 episcopi
2718 3731 2879 3785 totius
2915 3727 3187 3800 Hispania:
3235 3726 3692 3784 convenissemus
3735 3727 3794 3780 in-

2199 3821 2325 3877 scde
2375 3821 2610 3876 civitatis
2675 3820 3122 3890 splendidissima:
3154 3818 3415 3874 Valentia:
3467 3821 3786 3888 praestituto

2201 3912 2288 3966 die
2311 3928 2384 3965 xn
2417 3911 2641 3966 Kalend.
2663 3911 2932 3976 Octobris,
2959 3926 3102 3966 anno
3131 3909 3362 3966 feliciter
3382 3910 3604 3966 decimo
3631 3911 3696 3964 ι).
3723 3908 3782 3962 Ν.

2200 4003 2342 4072 regis
2375 4003 2746 4074 gloriosissimi
2787 4003 3053 4068 Theudii,
3108 4001 3201 4072 qui
3251 4001 3409 4055 nobis
3437 4000 3681 4071 amplam
3725 4000 3786 4053 ad

2201 4096 2304 4151 hoc
2326 4096 2746 4151 clementissime
2773 4097 2918 4151 dedit
2948 4095 3278 4160 facultatem,
3300 4100 3361 4148 ut
3392 4093 3647 4164 regulam
3673 4092 3786 4148 ﬁdei

2203 4187 2480 4242 catholicae
2510 4187 2881 4251 defendentes,
2910 4186 2976 4242 de
3011 4186 3257 4241 moribus
3277 4184 3443 4240 etiam
3477 4198 3788 4254 ageremus.

2204 4277 2488 4351 [l‘rrcsedit
2514 4276 2653 4332 idem
2698 4275 2946 4331 Julianus
2985 4275 3278 4331 Toletauus
3314 4273 3790 4344 metropolitanus,

2203 4379 2259 4424 et
2301 4369 2503 4435 creteri,
2550 4368 2640 4439 qui
2675 4367 2943 4437 superiori
2969 4366 3203 4424 concilio
3233 4375 3346 4421 tum
3375 4364 3709 4431 interfuere,
3736 4373 3790 4421 et

528 4457 907 4537 manumittere
921 4466 1128 4534 possint
1153 4457 1401 4537 prop-rios
1419 4481 1624 4529 servos.
1649 4481 1785 4536 quos
1810 4461 2104 4520 Dominicis
2129 4475 2182 4536 ι)
2209 4461 2334 4516 illud
2361 4457 2811 4531 conﬁrmarunt.]

525 4536 723 4607 castris
747 4536 1425 4607 aggregaridecreverunt,
1463 4555 1483 4589 ι
1523 4547 1629 4592 etc.

596 4605 723 4660 Cap.
781 4604 943 4662 XXII:
1009 4607 1084 4661 De
1122 4608 1231 4660 alia
1276 4609 1536 4661 cautione.
1578 4637 1650 4647 —-
1701 4624 1719 4656 ι
1757 4604 1873 4660 Non
1922 4604 2096 4661 solum

525 4684 728 4748 autem,
759 4678 851 4746 qui
884 4679 949 4732 ad
989 4678 1275 4733 clericatus
1315 4677 1559 4732 ordinem
1583 4677 1935 4748 promovendi
1973 4683 2099 4730 sunt

461 4748 468 4752 ’
524 4744 582 4798 in
610 4744 868 4810 Ecclesia,
899 4768 917 4800 ι
954 4756 1060 4801 etc.

597 4815 723 4870 CAP.
775 4817 960 4872 XXIII.
1007 4819 1084 4872 De
1132 4817 1345 4886 prtemio
1402 4816 1691 4872 libertatem
1735 4816 2000 4871 donantis.
2029 4845 2097 4855 —

2279 4551 2403 4622 (llic
2425 4552 2752 4623 ponebatur,
2784 4561 2843 4605 ut
2878 4566 3065 4620 supra,
3093 4549 3280 4622 regula
3313 4548 3436 4604 ﬁdei
3465 4563 3537 4604 ex
3560 4548 3794 4603 concilio

2203 4643 2444 4712 Nicaeuo,
2478 4637 2672 4700 deinde
2701 4660 2940 4699 canones
2969 4643 3252 4714 plusquam
3285 4651 3505 4697 centum
3539 4640 3798 4712 viginti.)

2275 4736 2705 4792 Conscdentibus
2747 4735 2905 4789 nobis
2934 4736 2986 4788 in
3017 4735 3150 4788 urbe
3177 4731 3466 4788 Valentiua
3494 4729 3790 4800 Hispaniae,

2204 4827 2405 4898 placuit
2427 4827 2604 4896 aliqua
2629 4825 2991 4882 determinare
3022 4825 3088 4879 ad
3117 4823 3238 4878 ﬁdei
3260 4831 3315 4878 et
3338 4836 3556 4877 morum
3585 4819 3796 4876 stabili-
3825 4893 3828 4896 ξ

532 4903 550 4958 _¢
589 4887 688 4951 Qui
721 4887 957 4958 debitum
982 4890 1082 4942 sibi
1126 4904 1345 4954 nexum,
1397 4898 1557 4956 atque
1595 4896 1965 4958 competenter
2009 4899 2098 4940 re—

507 4954 666 5020 laxat
691 4956 995 5024 servitium,
1029 4977 1047 5008 ι
1081 4969 1186 5013 etc.

595 5045 724 5096 Cm».
752 5046 938 5124 XXIV.
969 5047 1042 5124 De
1061 5065 1327 5104 servorum
1355 5051 1706 5123 ordinatione.
1731 5079 1801 5124 1--
1834 5066 1851 5099 ς
1883 5048 1965 5124 De
1989 5063 2104 5124 ser-

2203 4927 2464 4973 mentum.
3457 4974 3460 4975 ν
3816 4911 3826 4984 l

2277 5018 2404 5073 Car.
2434 5017 2520 5072 IV.
2552 5015 2628 5070 De
2649 5017 2713 5071 iis
2733 5017 2819 5087 qui
2841 5015 3408 5087 oﬁ‘eﬁruutoblatioues.
3431 5042 3503 5053 -—-
3530 5031 3550 5064 ‹
3577 5011 3790 5073 Clerici,
3817 4991 3823 5028 1

2207 5089 2288 5124 ναὶ
2318 5090 2480 5124 nti-Im
2514 5085 2802 5124 emt-nher
2865 5086 2953 5124 nni
2997 5085 3294 5124 nhlqtinnne
3342 5091 3654 5124 nar-nntium-
3703 5089 3789 5124 an!
