3982 5292
177 555 189 678 l

169 746 186 924 Ι

204 226 332 283 1149

1223 208 1937 267 Ρεευῡο-ιιυτρῐιΑΝῡι
1978 143 2447 262 ΑῡνῖίΒΞΑῐὶΙᾹ.

3301 194 3439 251 H50

266 342 391 392 mp.
419 332 558 388 XVI.
600 330 703 396 Qui
742 344 844 383 non
874 322 1197 397 prohibendi,
1228 352 1269 362 -
1326 338 1344 372 ι
1365 319 1451 388 ,υι
1477 319 1759 397 episcopus
1788 328 1835 388 Α
1863 334 2061 389 corpus
2090 324 2288 372 sanctae
2308 314 2536 385 virginis
2554 319 2609 367 et
2639 309 2896 383 martyris
2927 306 3179 364 Victoriae
3208 304 3439 361 delatum

202 389 398 464 nullum
437 389 717 473 prohihweat
747 389 956 473 ingredi
997 393 1313 473 ecclesiatn,_
1334 401 1390 445 et
1418 389 1607 470 audire
1639 404 1758 473 ver-

203 458 321 533 bum
346 458 463 535 Dei',
502 475 614 527 sive
646 458 922 540 gentil'em,
969 466 1083 519 sive
1106 463 1468 540 .hatreticum,
1500 460 1614 514 sive
1661 458 1755 514 Ju-

203 532 387 608 dzeum,
413 532 584 613 usque
610 532 675 595 ad
701 540 921 613 missam
952 532 1481 613 catechumenorum.
1518 547 1536 579 ι

269 597 392 669 ὧν.
425 597 586 666 L.'De
615 612 766 664 irrita
795 605 1072 660 donatione
1094 602 1580 670 episcoporum—t
1602 597 1759 652 Irrita

200 668 301 742 erit
352 684 723 754 episcoporum
765 676 1019 737 donatio,
1087 668 1181 754 vel
1202 668 1459 754 venditio,
1502 668 1587 723 vel
1614 682 1762 754 com:

202 738 551 817 ninnicatio,'
581 751 787 820 absque
838 759 1025 802 eorum
1079 739 1507 805 collaudatioue,
1562 747 1618 794 et
1643 738 1761 820 _sub

199 811 517 894 captione}
548 890 572 894 _
647 811 716 894 _'
790 888 821 894 __
1474 860 1551 894 ιη
1643 811 1658 866 Ι

266 877 393 949 CAP.
426 877 511 948 Cl.
536 890 613 945 De
641 888 994 944 benedictione
1019 897 1347 953 sponsorum.
1369 908 1439 917 —
1470 895 1489 929 ‹
1520 877 1761 953 Sponsus

199 975 252 1019 et
275 948 467 1034 sponsa
494 958 843 1034 benedicendi
890 963 1016 1034 sunt
1039 948 1411 1034 asacerdote;
1466 948 1764 1034 amparenti-

199 1019 318 1098 bus:
342 1042 397 1087 et
420 1030 805 1102 paranyinphis
828 1028 881 1081 in
902 1024 1129 1081 ecclesia
1151 1021 1415 1101 sacerdoti
1445 1019 1758 1102 oﬁErantur;

198 1088 252 1157 et
278 1088 492 1173 quando
514 1088 944 1173 benedictionem
984 1090 1329 1170 acceperint,_
1365 1088 1550 1169 eadem
1582 1095 1758 1167 nocte,

197 1156 311 1249 pio“
367 1156 756 1227 benedictionis
820 1166 991 1235 ipsius
1063 1156 1365 1218 reverentia
1422 1158 1479 1212 in
1545 1156 1764 1211 viroini-

198 1252 303 1299 tate
322 1249 691 1310 permaneant.
725 1257 746 1310 ξ
875 1306 886 1310 _
1160 1302 1173 1310 _
1389 1299 1402 1310 _
1597 1296 1608 1309 ι
1632 1285 1651 1310 ἑ

269 1296 293 1363 «⁷
322 1296 529 1377 Quibus
547 1308 783 1380 peractis
804 1302 1241 1380 agimusgratias
1257 1296 1612 1380 omnipotenti
1632 1299 1761 1380 Deo,

196 1382 285 1452 qui
311 1367 411 1435 nos
440 1382 494 1435 in
522 1367 666 1452 h'unc
690 1367 868 1452 locum
890 1367 1208 1452 incolumes,
1238 1380 1293 1452 et
1319 1372 1369 1452 in
1401 1367 1614 1450 vinculo
1640 1367 1765 1421 cha-

198 1440 371 1506 fitatis
403 1451 701 1506 concordes
730 1446 1011 1517 conjunxit
1039 1460 1053 1508 ;
1104 1443 1298 1517 deinde
1326 1440 1557 1517 domino
1579 1445 1765 1517 nostro

197 1521 303 1592 ﬁlio
330 1520 741 1592 gloriosissimo,
774 1506 887 1585 regi
919 1506 1105 1592 nostro
1148 1520 1214 1592 et
1229 1511 1446 1592 domino
1497 1506 1763 1592 TOheudio,

197 1591 286 1661 qui
317 1577 471 1645 nobis
499 1577 966 1661 aniplam'pro'sua
993 1582 1275 1638 clementia
1309 1578 1577 1661 concessit
1603 1577 1764 1631 licen.

197 1650 324 1716 tiam
350 1650 707 1716 conveniendi
736 1650 788 1711 in
820 1658 925 1711 hoc
954 1655 1090 1719 loco,
1123 1661 1179 1707 et
1208 1666 1293 1706 res
1321 1650 1445 1704 lidei
1470 1664 1533 1719 ac
1557 1660 1766 1719 morqu

196 1731 360 1786 libere
385 1728 795 1786 determinandi.
825 1726 903 1781 lte
930 1726 983 1779 in
1016 1716 1770 1796 pace,__sa_nctissimi_pontiﬁ-

195 1816 304 1867 ces,
331 1785 386 1855 et
409 1785 468 1854 in
498 1814 695 1855 annum
750 1785 1062 1866 sequentem
1092 1785 1273 1851 x.rlial
1329 1785 1641 1845 Decembris
1666 1785 1769 1840 To-

195 1870 299 1925 leto
327 1872 460 1925 scite
488 1876 867 1925 conventuros.
900 1885 920 1917 ο

266 1958 287 1992 ι
315 1939 563 1995 Julianus
593 1948 793 1993 sanctae
813 1933 1071 1991 Ecclesia:
1097 1930 1369 1988 Toletanae
1397 1926 1768 1997 metrOpolita-

193 2026 295 2066 nus
322 2011 409 2064 bis
438 2006 931 2067 constitutionibus,
988 2018 1108 2071 quae
1151 2010 1339 2055 sancta
1379 1998 1619 2071 synodus
1652 1999 1771 2051 uni-

192 2082 422 2135 versalis
449 2078 849 2139 determinavit,
880 2072 1193 2140 subscripsi.
1235 2090 1253 2122 ι

266 2169 285 2202 ι
317 2150 583 2217 Beriagins
612 2162 710 2217 pro
758 2137 1010 2218 episcopo
1056 2137 1392 2205 Braearensi,
1436 2138 1553 2210 ejus
1594 2137 1768 2192 vicem

191 2235 408 2291 gerens,
440 2218 752 2291 subscripsi.
786 2236 804 2267 ι

268 2308 286 2339 ‹
324 2276 667 2351 Leontinus;
706 2291 878 2341 vicem
928 2297 1123 2356 gerens
1173 2279 1378 2337 domini
1409 2278 1516 2334 mei
1570 2276 1773 2333 Danila:

193 2359 565 2422 Etneritensis,
594 2358 874 2412 conlirmo.
912 2375 932 2408 ι

265 2429 357 2485 Sic
386 2429 567 2484 caateri
594 2427 662 2482 64
690 2425 949 2496 episcopi.

262 2544 348 2601 88.
381 2543 515 2599 Cum
545 2542 707 2599 Gothi
753 2540 1023 2611 Suevique
1057 2537 1371 2610 Ilispamam
1401 2534 1770 2605 possiderent,

196 2634 465 2689 destructa
491 2631 818 2701 Carthagine
841 2644 1000 2694 nova,
1028 2628 1244 2683 civitate
1272 2626 1628 2691 nobilissima,
1654 2639 1775 2695 qua:

195 2725 346 2782 sedes
383 2724 705 2795 episc0palis
735 2722 856 2786 fuit,
887 2719 1145 2774 translata
1174 2727 1258 2773 est
1302 2718 1458 2772 sedes
1509 2716 1773 2769 Murciam

198 2817 294 2889 (De
322 2816 566 2887 Bigastro
602 2825 649 2871 et
675 2814 883 2869 Murcia
926 2814 1040 2867 vide
1064 2826 1181 2879 qua:
1217 2810 1387 2863 notavi
1419 2810 1473 2861 in
1508 2806 1769 2861 Chronico

197 2910 263 2965 ad
320 2926 374 2964 η.
424 2907 548 2979 58),
607 2922 769 2977 quam
829 2903 989 2959 Gothi
1041 2908 1373 2955 vocaverunt
1422 2898 1769 2969 Bigastrum,

197 3003 350 3073 quasi
378 3000 577 3071 duplex
610 2998 885 3063 Castrum,
941 3004 996 3049 et
1023 2994 1308 3064 episcopus
1331 2988 1773 3060 Carthaginensis

196 3101 413 3147 vocatus
468 3098 554 3145 est
600 3087 975 3158 Bigastrensis.
1032 3085 1144 3139 Sub
1200 3082 1401 3137 Mauris
1444 3090 1633 3137 vocata
1688 3089 1772 3135 est

196 3182 412 3249 Murcia,
457 3179 739 3245 etOriola,
769 3187 823 3233 et
852 3185 1098 3249 reparata
1149 3174 1366 3230 tandem
1421 3172 1772 3244 Carthagine,

194 3274 345 3327 sedes
373 3271 575 3336 eidem,
609 3279 663 3324 et
687 3283 884 3324 nomen
930 3267 1236 3322 restitutum
1268 3271 1367 3328 est,
1418 3263 1562 3319 dicta
1617 3262 1773 3317 sedes

195 3364 654 3436 Carthaginensis.

262 3456 348 3509 89.
401 3455 618 3511 Florius
665 3453 768 3507 fuit
812 3450 1035 3507 ultimus
1083 3449 1367 3519 episcopus
1429 3444 1775 3514 Carthaginis

195 3562 381 3605 novre:
443 3548 568 3617 quia
621 3555 744 3615 post
792 3543 1029 3599 excisam
1061 3538 1441 3607 Carthaginem
1485 3532 1778 3591 sedes'illa

195 3637 525 3710 Bigastrum,
554 3638 606 3693 id
634 3645 718 3693 est
746 3634 1027 3697 Murciam,
1059 3631 1318 3686 translata
1348 3637 1454 3684 est.

264 3732 351 3787 90.
392 3732 584 3787 Roma:
631 3730 859 3785 habetur
906 3724 1256 3781 celeberrima
1288 3720 1345 3777 S.
1385 3720 1639 3776 Victoriae
1665 3717 1776 3773 vir-

199 3823 333 3894 ginis
355 3831 407 3877 et
440 3820 699 3892 martyris
727 3858 741 3884 ,
800 3817 959 3872 domo
996 3814 1273 3877 Romanae,
1308 3810 1567 3865 memoria
1596 3828 1609 3862 :
1656 3822 1776 3877 quze

198 3911 403 3983 fugiens
431 3914 500 3967 ab
539 3925 736 3982 sponso
766 3906 1003 3978 Eugenio
1041 3906 1093 3959 in
1122 3902 1433 3973 Hispaniam
1467 3901 1531 3956 ad
1563 3901 1778 3971 provin-

200 4004 334 4058 ciam
365 4004 688 4067 Marsorum,
735 4002 789 4055 in
817 3998 1118 4054 Bastetanis
1169 4011 1325 4065 passa
1350 4004 1433 4048 est
1459 3994 1528 4047 ibi
1561 3993 1780 4047 civitate

200 4093 457 4160 Turbula,
510 4109 670 4163 quam
696 4100 951 4159 corrupto
996 4086 1256 4142 vocabulo
1287 4084 1583 4140 Tovarram
1617 4084 1781 4138 Sara-

202 4188 313 4241 ceni
342 4195 670 4241 vocaverunt
696 4200 709 4237 :
752 4184 823 4238 ibi
851 4181 1061 4238 celebre
1085 4180 1322 4236 condidit
1363 4193 1643 4233 sacrarum
1671 4177 1780 4231 vir-

202 4275 382 4346 ginum
412 4276 828 4340 monasterium,
865 4282 919 4328 et
955 4273 1024 4325 ibi
1058 4285 1213 4343 passa
1246 4278 1349 4324 est.

270 4366 356 4421 91.
398 4366 456 4422 S.
497 4365 777 4431 Anatolia,
830 4378 984 4419 soror
1036 4361 1093 4416 S.
1155 4359 1419 4425 Victoriae,
1480 4366 1665 4413 secuta
1721 4355 1779 4412 S.
1812 4387 1860 4446 Β

202 4452 493 4512 Victoriam
533 4458 597 4511 ad
628 4457 971 4525 Hispaniam;
1031 4462 1087 4507 et
1114 4460 1235 4521 post
1258 4452 1501 4505 relictam
1533 4447 1783 4503 anhnla:

205 4556 493 4619 martyrem
518 4547 590 4601 23
614 4544 943 4608 Decembris,
978 4542 1190 4597 rediens
1236 4541 1301 4594 ad
1355 4539 1588 4605 italiam,
1646 4552 1786 4593 anno

207 4641 448 4707 sequenti
488 4639 521 4696 9
556 4638 681 4695 Julii
733 4654 857 4692 cum
887 4636 1107 4691 Audace
1150 4648 1307 4702 passa
1339 4630 1443 4685 est'
1467 4632 1519 4684 in
1571 4632 1786 4685 civitate

208 4727 399 4789 Thom.

275 4821 361 4875 92.
401 4822 539 4877 Olim
577 4822 825 4877 Turbnlm
858 4834 1015 4875 soror
1064 4826 1291 4887 utraque
1340 4815 1482 4869 culta
1515 4813 1654 4878 fuit;
1691 4812 1785 4867 sed

207 4913 435 4968 exolevit
474 4916 729 4970 memoria
762 4922 1067 4969 sanctarum
1098 4910 1364 4979 virginum
1388 4917 1441 4962 et
1465 4918 1783 4976 martyrum,

1861 411 1928 467 ad
1994 407 2394 472 Catalauniam;
2456 404 2545 459 alii
2610 402 2806 457 ibidem
2853 400 3124 463 relictum,
3160 406 3310 452 metu
3355 408 3437 452 ta-

1859 518 1981 573 men
2006 500 2398 555 Saracenorum
2425 493 2822 551 absconditum.

1930 594 2019 649 95.
2058 593 2193 647 Sunt
2219 590 2310 660 qui
2342 596 2550 661 putent,
2574 602 2604 641 a
2632 600 2758 656 rege
2804 581 3107 638 Suintilane
3142 578 3442 635 Gothorum

1860 686 2178 744 aediﬁcatam
2208 686 2384 754 primo
2410 682 2682 738 civitatem
2724 675 3018 733 Victoriam
3056 674 3109 728 in
3142 672 3313 725 ruinis
3339 685 3440 723 an-

1866 782 2026 851 tiquae
2050 778 2280 844 Velicaa,
2321 777 2506 847 sicque
2534 774 2865 829 nominatam
2917 783 2948 823 a
2993 780 3120 837 rege
3166 764 3343 820 Gotho
3387 763 3443 818 in

1862 875 2123 929 honorem
2165 878 2365 926 sancta:
2410 867 2663 922 Victoriae
2700 877 2874 934 passa:
2914 860 3203 922 Turbulze;
3266 854 3441 924 cujus,

1862 974 1922 1020 ut
1947 966 2174 1019 aliorum
2204 968 2537 1025 sanctorum,
2590 957 2691 1011 ruit
2720 968 2814 1009 rex
2862 952 2964 1010 iste
3006 949 3306 1006 catholicus
3351 962 3446 1019 ap-

1862 1059 2036 1129 prime
2063 1055 2309 1110 devotus.

1935 1149 2024 1205 96.
2059 1146 2295 1201 Sanctus
2345 1141 2632 1205 secundus,
2677 1137 2886 1209 primus
2932 1133 3218 1205 episcopus
3254 1128 3442 1186 Abulae

1866 1244 1920 1299 in
1950 1239 2272 1305 Bastetanis,
2296 1252 2415 1308 quae
2436 1251 2576 1291 nunc
2598 1234 2775 1289 diruta
2806 1246 2837 1285 a
2866 1228 3068 1285 Mauris
3092 1226 3231 1283 Villa
3260 1223 3442 1279 Gurda

1867 1336 2087 1398 dicitur,
2134 1331 2225 1387 ubi
2275 1336 2400 1386 sunt
2442 1328 2689 1399 ingentes
2742 1324 2953 1378 ruinae:
2998 1321 3271 1389 distatque
3326 1313 3448 1385 plus

1865 1427 2117 1482 minusve
2162 1437 2194 1477 a
2242 1418 2501 1483 Turbula,
2546 1416 2632 1472 vel
2679 1416 2941 1478 Tovarra,
2989 1409 3083 1475 ‘26,
3111 1408 3182 1463 Μ.
3212 1406 3273 1461 Ρ.
3322 1402 3450 1459 Inde

1868 1526 2091 1575 sanctus
2117 1514 2259 1571 idem
2295 1512 2607 1568 discurrens
2630 1523 2728 1580 per
2749 1504 3039 1577 Hispanias
3077 1502 3131 1556 in
3164 1495 3448 1555 Lusitania

1869 1609 2148 1681 praedicat,
2200 1605 2335 1662 urbe
2383 1603 2562 1671 Ahila,
2589 1600 2681 1657 ubi
2721 1598 2864 1671 passi
2892 1605 3018 1652 sunt
3044 1594 3103 1649 S.
3133 1588 3450 1647 Vincentius

1868 1711 1925 1758 et
1954 1715 2170 1757 sorores
2194 1716 2209 1767 ;
2260 1698 2443 1768 ibique
2471 1692 2791 1764 martyrium
2820 1687 3047 1760 patitur,
3089 1691 3145 1739 et
3171 1682 3288 1751 ejus
3329 1694 3452 1734 cor-

1870 1809 1971 1867 pus
2015 1792 2154 1847 mira
2199 1788 2547 1845 Muzarabum
2595 1781 2840 1840 custodia
2887 1784 3135 1835 servatur
3183 1772 3238 1827 in
3282 1768 3454 1824 ruinis

1870 1889 2042 1945 urbis.

1940 1981 2029 2036 97.
2074 1979 2210 2035 Cum
2250 1989 2422 2031 essem
2462 1968 2789 2040 Carthagine
2848 1961 3148 2034 Spartaria,
3212 1955 3314 2026 legi
3368 1952 3453 2007 in-

1870 2072 2218 2141 scriptionem
2254 2068 2305 2122 in
2330 2068 2590 2121 honorem
2630 2059 2689 2115 S.
2728 2055 3011 2121 Victoriae,
3054 2065 3158 2121 qua
3189 2046 3455 2102 vocabant

1871 2174 2092 2236 propter
2120 2160 2392 2231 egregiam
2419 2156 2537 2227 ejus
2565 2150 2919 2209 sanctitatem
2970 2140 3451 2215 Augustissimam,

1871 2258 1928 2314 in
1969 2259 2110 2312 hunc
2138 2252 2355 2310 modum
2390 2268 2401 2302 :

1944 2361 2231 2404 VICTORIAE.
2255 2351 2672 2397 AVGVSTISSIMJ’I.
2703 2350 2752 2389 C.
2782 2344 3063 2387 VALEBIVS.
3088 2338 3265 2381 FELIX.
3286 2337 3377 2376 EX.

1944 2460 2106 2499 VOTO.
2160 2457 2249 2496 DD.
2301 2450 2566 2493 CVBANTE.
2614 2442 2933 2486 MAXHHANO.
2971 2437 3142 2476 VRBIS.
3179 2432 3387 2473 TVRBV-

1945 2551 2117 2591 ιΑΜε.
2149 2543 2414 2587 ΡΑἸἭΟΝΟ.

1945 2627 2031 2683 98.
2062 2624 2268 2679 Belicto
2287 2613 2674 2686 Hierosolymis
2702 2610 2919 2680 alligato
2936 2602 3124 2666 Paulo,
3150 2598 3266 2667 ejus
3301 2595 3456 2667 jussu

1879 2726 2105 2777 sanctus
2138 2711 2423 2770 Secundus
2449 2709 2735 2779 episcopus
2765 2697 3050 2756 Abulensis
3073 2693 3139 2749 ad
3167 2688 3457 2762 Hispanias

1875 2810 2111 2873 rediens,
2150 2810 2436 2870 utramque
2465 2796 2649 2852 invisit
2675 2791 2920 2847 Abnlam.

1946 2901 2034 2956 99.
2064 2872 2248 2952 Sancti
2276 2900 2479 2963 septem
2510 2884 2790 2957 pontiﬁces
2829 2877 3124 2952 praedicant
3153 2872 3329 2944 primo
3357 2884 3454 2939 per

1865 2977 2064 3064 partes
2112 2982 2493 3042 meridionales
2526 2974 2829 3046 Hispanias,
2881 2978 2942 3025 ut
2978 2967 3128 3031 Acci,
3176 2963 3352 3017 Basia:
3404 2967 3460 3013 et

1878 3049 2114 3146 iram,
2144 3074 2412 3137 llliherim,
2450 3067 2596 3133 Urci,
2625 3062 2900 3133 Vergiliae,
2942 3056 3151 3118 Abulaz,
3206 3049 3457 3146 Illiturgi.

1874 3176 2044 3245 Major
2092 3139 2285 3227 horum
2315 3179 2440 3238 pars
2480 3162 2535 3216 in
2575 3154 2878 3212 Bastetanis
2909 3159 3010 3215 est,
3043 3146 3252 3203 scilicet
3308 3139 3455 3202 Urci,

1873 3230 2023 3327 .Acci,
2053 3260 2274 3326 llliberi,
2316 3230 2586 3324 Vergiliae,
2613 3244 2865 3315 lliiturgi,
2898 3239 3113 3301 Ahalae;
3143 3236 3194 3290 in
3219 3230 3455 3289 Bastulis

1873 3324 2267 3415 vero'Carteize
2300 3360 2468 3419 prope
2506 3341 2729 3410 Calpem
2788 3335 2977 3389 urbem
3007 3330 3239 3384 Bzeticae.
3265 3324 3354 3380 Sic
3375 3337 3460 3379 sa-

1876 3466 1969 3506 cer
1991 3448 2226 3517 hymnus
2246 3456 2276 3493 a
2309 3445 2495 3492 sancto
2517 3428 2771 3502 pontiﬁce
2797 3422 3088 3477 Toletano:

1947 3510 2135 3595 Cultus
2161 3547 2257 3603 per
2282 3531 2382 3585 hos
2413 3522 2629 3598 (inquit)
2658 3510 2930 3588 Hesperiae
2961 3510 3157 3566 ﬁnibus

1947 3630 2121 3686 lndita
2149 3623 2325 3681 illuxit
2352 3619 2476 3674 ﬁdei
2496 3614 2668 3690 gratia
2692 3616 3015 3681 praepotens.

1878 3726 1981 3781 Per
2038 3721 2173 3776 ﬁnes
2210 3683 2787 3787 Hesperirevintelligit
2840 3710 3023 3774 partes
3072 3691 3246 3765 magis
3297 3683 3463 3744 meri-

1881 3813 2121 3873 dionales
2142 3808 2432 3878 Hispaniae.
2461 3803 2658 3857 Postea
2697 3796 3126 3868 przedicaverunt
3149 3801 3246 3856 per
3277 3790 3461 3878 partes

1881 3869 2331 3975 septentrionales
2380 3905 2436 3951 et
2482 3889 2795 3949 orientales.
2852 3883 2997 3939 Obiit
3042 3869 3462 3975 antennA-hnlae

1882 3958 2101 4053 SilliClllS
2132 3988 2416 4046 Secundus
2438 3981 2679 4055 pontifex
2704 3986 2759 4032 et
2780 3981 2985 4042 martyr
3012 3969 3185 4039 prima
3212 3962 3297 4019 die
3314 3958 3461 4024 Maii,
3498 4024 3501 4027 _

1883 4100 2024 4142 anno
2056 4083 2125 4138 65
2158 4094 2281 4135 cum
2309 4074 2662 4148 praedicasset
2702 4064 2901 4128 Toleti,
2928 4068 3048 4131 post
3072 4062 3303 4111 mortem
3341 4064 3465 4104 san-

1885 4179 1959 4234 eti
1995 4174 2192 4245 Elpidii
2220 4144 2381 4241 primi
2419 4165 2807 4222 Toletanorum
2830 4150 3127 4227 pontiﬁcis,
3176 4154 3234 4202 et
3254 4144 3465 4200 discur-

1884 4272 2045 4326 risset
2064 4281 2161 4337 per
2188 4259 2569 4333 Carpetaniam
2587 4260 2774 4309 totam.

2108 4319 2271 4411 hhila
2298 4319 2444 4407 dicta
2491 4355 2575 4403 est
2618 4343 3005 4400 Lusitanorum
3053 4329 3245 4387 civitas
3291 4319 3465 4378 Abula

1888 4450 2162 4521 velAbyla
2197 4447 2607 4501 Bastetanorum
2632 4456 2644 4491 :
2675 4446 2727 4492 et
2754 4434 2844 4488 hic
2873 4429 2975 4483 fuit
3005 4425 3289 4521 episcopus
3313 4414 3460 4469 Pris-

1890 4510 2162 4606 cillianus,
2215 4539 2269 4592 in
2327 4533 2483 4602 cujus
2538 4526 2954 4585 detestationem
3018 4522 3135 4585 post
3175 4510 3464 4562 adventum

1888 4638 2207 4702 Gothorum_
2234 4628 2397 4683 desiit
2422 4639 2543 4680 esse
2570 4622 2747 4685 sedes,
2772 4623 2825 4671 et
2848 4613 2915 4668 ad
2950 4609 3174 4702 alteram
3204 4596 3467 4702 translata

1888 4736 1993 4793 est,
2046 4693 2251 4779 scilicet
2293 4716 2532 4778 Obelam,
2582 4710 2667 4764 vel
2697 4704 2915 4762 Abelam
2945 4702 2995 4753 in
3029 4688 3363 4750 Vettonibus,
3413 4686 3469 4740 in

1890 4786 1996 4874 ﬁne
2049 4808 2406 4882 Carpetanim,
2468 4810 2591 4876 post
2611 4802 2902 4855 adventum
2935 4790 3267 4844 Maurorum,
3293 4786 3351 4831 et
3384 4790 3471 4831 re-

1889 4906 2289 4981 cuperationem
2336 4898 2524 4961 Abilas,
2569 4909 2637 4948 ex
2684 4884 3001 4954 deceptione
3027 4871 3285 4933 nominis,
3333 4869 3477 4924 facta

1888 4965 1975 5059 est
2017 5000 2175 5056 sedes
2224 4988 2561 5064 episcopalis.
2623 4978 2795 5036 Abnla
2850 4990 2987 5032 vero
3052 4967 3335 5064 destructa
3400 4965 3485 5013 est

209 5006 435 5062 adventu
476 5007 807 5061 Madrorum.

1890 5111 1919 5150 a
1982 5087 2222 5151 Mauris,
2294 5097 2393 5137 nec
2453 5082 2712 5134 hactenus
2761 5075 2845 5122 est
2918 5084 2989 5125 ex
3044 5050 3222 5113 ruinis
3291 5050 3494 5104 iterum

276 5096 361 5150 95.
394 5097 546 5155 Titus
580 5100 846 5163 Aurelius,
884 5097 1018 5152 etC.
1044 5096 1243 5152 Lucius
1269 5093 1560 5163 Eugenius,
1592 5092 1786 5161 Hispa-

347 5186 490 5243 cives
517 5188 835 5252 Turbulani,
865 5187 947 5241 vel
1003 5184 1278 5242 Trihulani
1312 5185 1562 5254 (utroque
1622 5180 1785 5238 modo
1890 5189 2102 5243 educta.

2044 5233 2100 5292 ,Γ
2136 5268 2246 5292 tu..-
2286 5266 2423 5292 ,ιηηηο
2458 5258 2867 5292 tumlnmonhtm
2914 5233 3219 5292 maritandi.
3258 5243 3509 5287 sancul‘“
