3982 5292
366 370 429 454 ’ί
543 378 683 446 ιιδε

1560 412 1566 419 ·
1674 388 2020 444 ΑΡΡΕΝΒΙΧ
2054 389 2146 444 AD
2184 388 2703 450 LIUTPRANDUM.

3674 406 3807 462 1156

489 529 511 593 τι
539 502 822 558 Evantium
872 499 1154 563 comitem,
1188 506 1242 554 et
1291 497 1840 593 ducem_Eu_genium_,
1870 499 2122 593 quipost
2147 507 2197 569 Α
2297 498 2435 593 140ἒ
2458 500 2716 593 Evantius
2763 505 3176 563 archidiaconus
3223 508 3520 568 Toletanus
3564 511 3671 569 fuit
3722 532 3814 585 pa-

494 587 510 619 ‘5
538 590 1096 660 fuit‘archiepiscopus
1118 587 1449 653 Toletanus;
1473 587 1694 649 Luciam
1717 599 1774 644 et
1800 588 2082 643 Evantiam
2106 606 2121 644 :

504 681 651 735 haec
698 679 881 748 nupsit
926 676 1178 749 Ophiloni
1214 677 1490 743 Palatino;
1539 676 1630 731 illa
1659 677 1967 747 Stephano,
1997 677 2126 735 ﬁliis

532 770 677 840 regis
700 768 1079 839 Athanagildi,
1111 767 1371 824 fratribus
1401 769 1710 837 reginarum
1749 767 2126 826 Brunechildis

496 854 497 857 “
530 870 586 915 et
620 860 969 917 Galasinthas.
1025 859 1218 931 Ophilo
1265 860 1449 932 genuit
1482 857 1836 929 Ophilonem,
1889 858 2124 916 Cubicu-

507 951 789 1020 ;lariorum
821 951 1075 1008 comitem
1118 959 1174 1006 et
1206 951 1397 1007 ducem
1421 989 1437 1017 ,
1489 964 1558 1005 ex
1602 965 1711 1020 quo
1740 949 2127 1010 Toletanorum

485 992 752 1107 ,domus;
802 1049 861 1094 at
906 1037 1212 1109 Stephanus
1251 992 1440 1110 genuit
1468 992 1791 1095 lldefgnsum
1839 1041 2124 1096 sanctissi-

529 1144 676 1185 mum
717 1128 1183 1199 archiepiscopum
1232 1127 1572 1184 Toletanum.
1630 1127 1935 1198 Stephanus
1962 1136 2018 1184 et
2044 1128 2119 1184 O-

526 1219 673 1291 philo
713 1258 728 1274 .
769 1258 785 1275 .
825 1256 845 1273 .
884 1218 1400 1293 [videturlegendum
1422 1219 1749 1293 habuerunt]
1780 1219 2003 1276 fratrem
2028 1231 2124 1278 co'

527 1309 714 1364 mitem
758 1308 1098 1365 Scantiarum
1138 1310 1405 1376 Fonsam,
1453 1324 1703 1366 socerum
1736 1311 1878 1382 regis
1918 1310 2126 1367 Recen-

525 1400 673 1465 redi,
694 1407 902 1471 patrem
925 1400 1123 1471 reginae
1141 1400 1332 1469 Badas;
1358 1401 1451 1472 qui
1475 1410 1586 1457 tres
1606 1400 1929 1457 conﬁrmant
1957 1401 2119 1457 tertio

526 1487 781 1546 Toletano
815 1489 1063 1546 concilio.
1094 1491 1261 1546 Filius
1300 1491 1580 1561 Ophilonis
1616 1489 1808 1561 Ophilo
1831 1484 2123 1549 conﬁrmat

524 1580 753 1637 concilio
791 1581 1053 1639 Toletano
1096 1597 1196 1639 Vill
1257 1584 1500 1640 secundo
1546 1583 1664 1640 loco
1709 1585 1853 1640 inter
1912 1576 2123 1640 Palati'

522 1687 658 1738 nos;
689 1675 976 1729 conﬁrmat
1001 1684 1057 1730 et
1090 1674 1340 1733 Nicolaus
1359 1714 1376 1742 ,
1406 1684 1464 1729 ut
1493 1689 1674 1731 comes
1704 1674 2076 1732 Scantiarum.

577 1765 717 1819 152.
759 1766 894 1820 Dum
939 1767 1012 1821 fui
1050 1766 1253 1834 Fuldre,
1286 1768 1340 1822 in
1384 1767 1713 1824 bibliotheca
1746 1769 1923 1838 reperi
1962 1777 2120 1824 vetu-

2229 595 2384 644 truus
2493 590 2742 647 lldel‘onsi
2770 610 2784 647 :
2814 595 2927 663 qui,
2955 597 3119 653 missa
3144 599 3391 656 mutari
3414 602 3636 670 militia,
3670 609 3817 663 vovit

2225 677 2336 734 Deo
2361 677 2592 736 militare
2619 682 2932 751 prudenter.

2295 769 2419 825 141.
2462 770 2519 826 8.
2550 772 2838 844 Eugenius,
2866 785 3088 845 patruus
3108 777 3165 835 S.
3190 779 3462 849 lldefonsi,
3489 787 3815 853 monachus,

2224 873 2255 913 ι
2292 860 2427 916 meis
2461 863 2792 943 temporibus
2832 880 2932 935 pro
2975 878 3164 923 sancto
3204 869 3437 937 habitus,
3470 882 3532 929 et
3560 884 3815 943 vocatus,

2224 959 2280 1006 et
2305 952 2375 1008 ab
2399 954 2651 1009 omnibus
2680 940 2931 1026 Hispanis
2962 959 3158 1016 cultus.

2294 1041 2420 1098 HS.
2463 1041 2522 1098 8.
2576 1043 2851 1103 Helladius
2904 1049 3191 1122 episcopus
3242 1051 3539 1112 Toletanus
3600 1071 3819 1130 semper

2222 1132 2443 1190 habitus
2467 1142 2524 1188 et
2549 1134 2726 1193 cultus
2753 1148 2839 1193 est
2868 1150 2927 1193 ut
2966 1151 3216 1209 sanctus;
3246 1145 3342 1200 sed
3389 1146 3615 1203 Gothici
3642 1152 3818 1220 ponti-

2222 1223 2374 1289 fices,
2404 1234 2462 1279 ut
2502 1225 2617 1295 alii,
2646 1243 2752 1284 non
2782 1242 3180 1302 consueverunt
3218 1235 3499 1292 celebrare
3530 1238 3813 1295 confesso-

2222 1325 2330 1367 res.
2363 1312 2485 1368 Fuit
2530 1316 2621 1372 hic
2667 1328 2890 1376 sanctus
2933 1320 3174 1390 pontifex
3223 1334 3385 1381 natus
3432 1327 3617 1383 Toleti
3667 1340 3819 1399 patre

2221 1399 2465 1493 Helladio
2484 1404 2749 1473 Palatino,
2774 1411 3283 1483 mnsanguineoquc
3302 1413 3466 1471 Liwae
3489 1417 3592 1490 [αι.
3610 1417 3812 1493 ιαοὶω]

2186 1486 2196 1494 ’
2220 1504 2276 1547 et
2299 1492 2599 1566 Lewigildi,
2626 1498 2744 1554 viro
2768 1500 3060 1568 catholico,
3081 1511 3143 1558 ut
3172 1503 3274 1558 fuit
3301 1504 3467 1563 ﬁlius.

2291 1583 2412 1639 145.
2456 1584 2514 1640 8.
2546 1585 2842 1644 lldefonsus
2873 1589 2999 1647 fecit
3025 1590 3182 1649 Iusto
3210 1608 3432 1650 carmen
3461 1587 3809 1669 sepulIﬁ-ale:

2214 1670 2361 1741 jacet
2385 1676 2452 1730 ad
2489 1677 2551 1731 D.
2581 1677 2927 1735 Leucadiam.

2291 1765 2413 1821 144.
2448 1767 2870 1827 Cindasuinthus
2931 1788 3028 1829 rex
3081 1774 3381 1832 Primatum
3436 1778 3813 1851 Hispanorum

528 1856 825 1912 stissimum
855 1858 1098 1914 codicem
1128 1857 1389 1913 Antonini
1425 1858 1530 1925 Pii,
1564 1859 1654 1914 ubi
1702 1859 1758 1913 in
1802 1857 2115 1915 diﬁicillimo
2143 1864 2190 1927 Β
2217 1856 2431 1927 (Toleto
2461 1861 2779 1917 translatum
2818 1863 3080 1935 Hispalim
3123 1882 3230 1924 non
3276 1870 3447 1925 multo
3471 1874 3657 1942 prius,
3684 1891 3812 1947 pro—

524 1947 719 2004 ilinere
756 1949 826 2004 ab
864 1950 1004 2005 ostio
1037 1948 1275 2004 ﬂuminis
1318 1950 1449 2004 Ana)
1494 1950 1816 2016 Emeritam,
1847 1950 2020 2021 reperi
2056 1950 2112 2006 in

524 2038 766 2109 margine
806 2037 1138 2094 Antoninum
1181 2053 1342 2109 agere
1381 2039 1446 2094 de
1483 2037 1705 2095 flumine
1754 2054 1924 2110 parvo
1968 2042 2110 2106 Ana,

521 2126 615 2195 qui
647 2125 824 2182 inﬂuit
847 2128 903 2182 in
928 2128 1138 2193 Baetim,
1167 2143 1274 2183 non
1301 2126 1493 2198 procul
1518 2128 1702 2184 Beatia
1727 2143 1743 2183 :
1770 2138 1828 2185 et
1856 2130 1998 2187 hunc
2025 2131 2110 2188 in-

523 2230 769 2286 gressum
794 2226 954 2273 vocat
978 2220 1188 2285 ostium,
1219 2219 1345 2288 quia
1371 2218 1480 2275 illic
1504 2219 1773 2275 clauditur
1795 2230 1852 2277 et
1879 2222 2112 2278 abscon-

524 2304 691 2372 ditur,
721 2314 779 2361 ut
813 2306 905 2377 qui
938 2322 1038 2379 per
1066 2308 1267 2363 ostium
1315 2308 1485 2364 intrat
1527 2309 1583 2363 in
1629 2310 1846 2365 domum
1899 2326 2007 2383 quo
2052 2327 2113 2369 se

522 2395 693 2452 abdit.
835 2394 838 2396 ⁷

594 2488 688 2544 Sic
730 2490 932 2545 habent
969 2489 1076 2546 duo
1109 2490 1323 2546 codices
1349 2506 1366 2550 :
1398 2490 1656 2548 Prasidio
1681 2506 1790 2547 axx
1826 2492 1895 2559 Μ,
1926 2493 2011 2559 Ρ.,
2039 2494 2110 2550 ad

521 2576 735 2634 Rubras
762 2593 932 2646 xxm,
960 2578 1145 2635 Onova
1173 2594 1365 2647 xxvtti,
1390 2579 1538 2651 lllipa
1567 2597 1713 2648 κων,
1739 2582 1921 2639 Italica
1945 2600 2101 2651 mu,

519 2678 703 2722 monte
719 2666 939 2724 Marielo
954 2668 1074 2740 [al.,
1093 2668 1410 2742 Mariorum]
1429 2669 1498 2723 M.
1514 2670 1686 2738 P..xtt,
1703 2671 1899 2729 Curica
1916 2690 2102 2742 xxxvr,

518 2758 835 2815 Contributa
860 2774 949 2827 xx,
975 2759 1272 2817 Bercetana
1295 2760 1416 2834 [al.,
1432 2760 1752 2835 Porcajaua]
1774 2778 1934 2831 mn,
1949 2764 2104 2822 Ente-

518 2851 677 2903 ritam
706 2864 852 2903 xxiv.

589 2939 711 2995 155.
750 2939 979 3007 Quidam
1009 2939 1214 2996 faciunt
1243 2941 1305 2996 D.
1334 2940 1584 2998 Garsiam
1623 2942 1832 3000 Ramiri
1873 2943 2103 3027 Magerif

517 3037 725 3086 tenscm
774 3029 1148 3099 Muzarabem,
1207 3036 1671 3105 consanguineum
1715 3035 1780 3092 D.
1826 3033 2109 3096 Contericl

514 3122 909 3193 archiepiscopi
968 3121 1247 3193 Toletani,
1313 3126 1405 3195 qui
1471 3128 1746 3196 reparavit
1812 3130 2095 3187 ecclesiam

514 3213 689 3268 sancti
718 3211 978 3284 Torquati
1022 3214 1277 3287 martyris
1304 3215 1584 3284 Toletani;
1626 3217 1718 3273 alii
1759 3236 1889 3276 vero
1921 3221 2097 3277 ltode-
2125 3225 2170 3289 C

515 3300 617 3359 rici
659 3303 805 3375 regis
846 3303 1158 3374 Dapiferuin
1185 3320 1493 3376 persenem,
1524 3309 1697 3365 virum
1732 3310 1902 3382 pium,
1930 3312 2098 3369 devo-

514 3392 782 3448 tissimum
810 3393 873 3448 Β.
906 3392 1143 3465 Virginis
1164 3395 1570 3455 Antiochensis.

585 3484 708 3539 154.
747 3484 928 3558 Imago
950 3486 1010 3542 B.
1046 3487 1226 3543 Mariae
1257 3490 1323 3545 de
1348 3489 1630 3557 Praesidio,
1658 3506 1778 3562 quae
1803 3502 1887 3550 est
1916 3504 1972 3552 et
1998 3494 2100 3552 fuit

514 3574 567 3628 in
594 3574 822 3631 ecclesia
860 3587 1060 3633 sancta:
1084 3577 1250 3636 Insue
1277 3581 1392 3652 (ubi
1428 3582 1676 3638 vixerunt
1703 3586 2097 3658 archiepiscopi

514 3667 780 3741 Toletani)
810 3678 895 3727 est
918 3685 951 3726 a
978 3673 1309 3743 temporibus
1324 3673 1642 3731 Gothorum.

584 3760 707 3816 155.
745 3762 1072 3834 Euphemius
1099 3766 1370 3835 reparavit
1394 3767 1680 3823 ecclesiam
1708 3766 1768 3823 8.
1795 3767 1963 3825 lustre
1987 3770 2095 3826 To-

512 3849 628 3921 leti,
660 3869 822 3924 quam
852 3855 1009 3911 condi
1034 3854 1196 3925 jussit
1225 3856 1451 3913 Santina
1483 3872 1623 3914 uxor
1666 3859 1808 3932 regis
1851 3859 2098 3918 Theodo-

513 3945 614 3999 rici
644 3945 1113 4016 Ostrogothorum.

583 4034 705 4089 156.
753 4037 1042 4107 Anatorgis
1068 4039 1259 4096 civitas
1286 4047 1389 4109 est,
1418 4057 1580 4112 quam
1623 4042 1887 4101 Saraceni
1936 4061 2097 4104 voca-

513 4138 708 4183 verunt
744 4127 908 4196 Veas,
953 4147 1117 4202 quam
1167 4133 1371 4192 rivulus
1415 4136 1749 4207 praeterfluit.
1797 4139 1913 4196 Huc
1958 4139 2096 4212 fugit

512 4220 613 4276 Cn.
669 4219 958 4292 Pompeius
997 4224 1280 4281 tumultum
1330 4244 1344 4280 :
1389 4242 1495 4297 quo
1545 4246 1605 4286 se
1656 4231 1853 4301 recipit
1900 4242 2097 4288 vocant

509 4310 808 4383 lanatum],
836 4313 922 4369 vel
949 4324 1186 4371 montem
1219 4324 1474 4373 terreum.

580 4405 704 4461 157.
747 4406 979 4463 Sanctus
1023 4407 1184 4466 Latro
1215 4410 1377 4483 (sicut
1419 4412 1525 4485 legi
1566 4413 1619 4471 in
1658 4414 1810 4472 libris
1849 4414 2092 4475 Gothicis

509 4495 850 4552 bibliothecae
897 4496 1202 4566 Fuldensis,
1244 4501 1297 4556 in
1348 4503 1692 4564 collectaneis
1725 4506 1786 4564 8.
1826 4508 2086 4578 Melantii,

2211 1957 2334 2020 pter
2361 1949 2611 2007 hatresim
2648 1965 2704 2010 et
2732 1955 3200 2016 Mahometismum
3228 1961 3561 2031 Theodiscii,
3586 1983 3737 2024 anno
3772 1971 3809 2027 4

2213 2040 2482 2097 Theodori
2526 2059 2679 2115 papae
2710 2049 3084 2121 approbantis)
3119 2052 3399 2109 transfert.
3432 2057 3649 2113 Auctor
3676 2060 3808 2116 lide-

2211 2130 2400 2189 fonsus
2429 2134 2484 2189 in
2510 2137 2874 2196 additionibus
2903 2142 2970 2197 ad
3005 2142 3311 2201 Chronicon
3339 2150 3598 2218 generale
3627 2153 3804 2207 sancti

2209 2219 2424 2276 lsidori.

2281 2305 2405 2366 145.
2442 2310 2707 2386 Tempore
2751 2319 3113 2389 captivitatis,
3143 2323 3430 2395 episcopus
3482 2328 3801 2397 patriarcha

2211 2402 2502 2461 Toletamts
2525 2408 2755 2479 degebat
2781 2411 2834 2465 in
2860 2412 3090 2468 ecclesia
3125 2424 3326 2472 sanctae
3358 2416 3547 2474 Maria
3576 2422 3648 2475 de
3671 2421 3803 2475 Alﬁ.

2209 2511 2306 2553 cen
2336 2498 2390 2553 in
2423 2499 2480 2554 S.
2508 2499 2683 2567 Iusta,
2706 2506 2996 2561 exercebat
3027 2506 3202 2563 ofﬁcia
3232 2511 3589 2579 pontiﬁcalia,
3621 2522 3681 2568 et
3707 2517 3802 2567 ad-

2210 2589 2553 2646 minisuabat
2578 2604 2940 2663 sacramenta,
2966 2612 3029 2652 ac
3059 2599 3206 2655 horae
3231 2601 3631 2658 recitabantur.

2280 2680 2405 2735 146.
2443 2683 2498 2738 8.
2524 2682 2826 2740 Partemius
2861 2684 2978 2759 [al.,
3023 2687 3341 2762 Pathenius]
3378 2691 3481 2746 fuit
3522 2708 3695 2748 causa
3741 2707 3819 2764 ut,

2208 2782 2615 2830 converteretur
2649 2779 2718 2833 ad
2742 2776 2903 2832 ﬁdem
2930 2794 3065 2834 uxor
3092 2780 3241 2836 Decii
3274 2780 3510 2839 Caesaris
3534 2787 3799 2854 praedica-

2209 2866 2446 2923 tionibus
2470 2858 2628 2936 suis;
2662 2871 2866 2941 patitur
2904 2874 3005 2929 sub
3050 2874 3240 2930 eodem
3280 2876 3640 2947 gravissimos
3676 2896 3797 2935 cru-

2209 2956 2402 3025 ciatus,
2430 2972 2571 3014 anno
2603 2959 2731 3015 260.

2282 3070 2404 3126 147.
2444 3071 2794 3145 Municipium
2825 3074 3197 3147 Bnrginatum,
3226 3079 3375 3148 quod
3412 3074 3590 3135 Mauri
3632 3096 3794 3136 voca-

2210 3172 2406 3218 verunt
2444 3160 2716 3232 Buxcxar,
2747 3180 2819 3220 xx
2851 3164 2918 3221 Μ.
2957 3167 3017 3222 Ρ.
3059 3168 3195 3225 Osca
3238 3169 3360 3243 [al.,
3388 3169 3557 3245 Orca]
3584 3171 3797 3228 thica:

2200 3254 2396 3322 oppido
2418 3254 2648 3322 distans,
2680 3271 2710 3311 a
2735 3255 3023 3319 Germanis
3049 3260 3277 3317 colonia;
3298 3260 3553 3333 Trajana:
3577 3266 3794 3320 civibus

2201 3346 2478 3402 conditum
2501 3350 2818 3420 antiquitus,
2849 3351 3020 3407 Mauri
3041 3352 3356 3421 diruerant;
3388 3356 3479 3410 uni
3502 3356 3789 3426 gentilium

2202 3445 2446 3508 tempore
2489 3438 2593 3494 fuit
2633 3440 2864 3498 celebris
2908 3443 3271 3500 nundinarum
3318 3456 3663 3513 conventus;
3709 3448 3793 3503 vbi

2198 3527 2419 3586 fuerunt
2442 3532 2547 3587 duo
2573 3532 2746 3589 sancti
2776 3532 2889 3605 (qui
2920 3518 3215 3590 creduntur
3243 3539 3538 3608 martyres)
3565 3538 3635 3593 21
3676 3539 3791 3593 Au-

2198 3622 2362 3693 gusti,
2399 3622 2712 3680 Vincentius
2740 3634 2796 3681 et
2835 3625 3099 3697 Julianus,
3126 3632 3249 3683 cum
3286 3631 3471 3697 sociis,
3504 3633 3569 3689 in
3598 3633 3791 3705 primis

2198 3714 2455 3772 Ecclesia:
2487 3716 2971 3787 persecutionibus.
3001 3718 3256 3776 Creditur
3285 3721 3530 3777 dirutum
3565 3742 3599 3778 τι
3627 3723 3789 3779 Sara-

2198 3805 2382 3873 cenis,
2430 3821 2553 3861 cum
2599 3804 3018 3880 Burgiuatenses
3064 3810 3396 3867 resisterent.
3446 3812 3550 3868 Est
3595 3814 3787 3883 optimi

2197 3895 2297 3952 soli
2340 3896 2605 3968 cmlique;
2658 3907 2802 3954 terra
2852 3898 3008 3956 ferax
3061 3900 3308 3973 frugum,
3357 3902 3404 3958 si
3440 3918 3553 3959 non
3609 3907 3787 3960 desint

2197 3987 2419 4044 imbres.
2443 3987 2547 4046 Hic
2584 3989 2708 4046 ﬁnis
2745 4001 2830 4047 est
2857 3992 3147 4060 Oretaniae,
3179 4004 3235 4050 et
3275 3995 3468 4065 incipit
3501 3997 3658 4068 regio
3686 3995 3787 4051 Ba-

2197 4082 2458 4136 stetaniae.

2269 4192 2388 4247 148.
2429 4191 2592 4249 Liber
2630 4193 2954 4264 fabularum,
2992 4194 3086 4268 qui
3125 4193 3515 4251 circumfertur
3564 4198 3783 4254 nomine

2195 4286 2380 4356 Δεδομί
2411 4286 2649 4358 Phrygii,
2680 4288 2877 4343 diClllﬂ'
2926 4289 3027 4345 sub
3070 4287 3189 4359 ejus
3234 4289 3459 4346 nomine
3491 4304 3525 4345 a
3557 4288 3785 4348 Socrate

2193 4377 2511 4447 philosopho
2538 4379 2737 4435 editus.

2265 4490 2386 4546 149.
2426 4491 2582 4546 Anno
2623 4491 2728 4548 949
2773 4507 2871 4549 rex
2913 4493 3133 4564 quidam
3180 4493 3522 4563 Saracenos,
3565 4499 3785 4552 nomine

506 4598 566 4645 et
599 4590 652 4645 in
683 4590 822 4647 libro
847 4592 914 4648 de
955 4594 1206 4664 passione
1239 4598 1412 4653 sancti
1438 4597 1659 4657 Serrani
1692 4604 2089 4676 archiepiscopi

2221 4584 2465 4640 iahomat
2503 4585 2794 4654 Zaquctus,
2841 4587 3092 4642 dominus
3122 4586 3281 4642 Tritii
3310 4587 3603 4661 [Tritium,
3630 4590 3785 4644 hodie

508 4680 774 4747 Toletani,
805 4692 861 4738 et
888 4684 939 4739 in
968 4685 1062 4740 lib.
1099 4684 1157 4741 8.
1185 4685 1411 4745 Joannis
1443 4690 1781 4766 Damasceni)
1807 4693 1983 4752 dictus
2007 4706 2091 4752 est

505 4772 712 4842 Dimas,
741 4775 1025 4848 Egyptius
1053 4780 1267 4849 gentilis
1299 4798 1312 4834 :
1346 4782 1437 4851 qui
1471 4783 1701 4840 domina:
1731 4796 1931 4842 nostra:
1967 4804 2092 4843 cum

503 4863 707 4936 Ioseph
740 4868 1061 4939 ingredienti
1088 4870 1382 4943 A'ngplum
1424 4875 1750 4945 spoliaturus
1779 4893 1872 4935 eos
1902 4894 2095 4934 occur-

505 4958 612 5022 rit;
648 4958 745 5013 sed
776 4961 893 5015 visa
935 4962 1157 5032 virginis
1203 4966 1490 5032 modestia,
1518 4978 1574 5022 et
1601 4970 1755 5038 pueri
1795 4972 1931 5026 mira
1975 4971 2094 5042 pul-

505 5049 846 5118 chritudine,
897 5062 1105 5109 mutato
1158 5057 1370 5124 animo,
1422 5058 1529 5115 illis
1584 5062 1884 5119 inserviens
1943 5065 2089 5120 viam

504 5140 766 5195 ostendit.

580 5230 702 5286 1'53.
744 5231 1037 5292 Visitanus.
1074 5236 1358 5292 episcopus
1386 5238 1699 5292 Toletanus.
1732 5256 1800 5292 ex
1833 5241 2084 5292 Vizcava-

2195 4677 2440 4751 Najara],
2468 4692 2636 4750 prope
2661 4679 3011 4747 Lucronium,
3047 4681 3238 4736 habuit
3268 4680 3457 4744 ﬁliam,
3488 4696 3619 4751 qua:
3651 4696 3783 4736 con-

2194 4788 2421 4829 versans
2471 4788 2595 4828 cum
2634 4772 2990 4843 Christianis,
3043 4776 3316 4845 baptizata
3367 4775 3557 4831 vocari
3616 4774 3785 4829 voluit

2193 4870 2467 4935 Columba,
2493 4869 2646 4939 virgo
2668 4869 2818 4924 mirae
2844 4868 3263 4938 pulchritudinis
3290 4877 3345 4924 et
3363 4868 3610 4939 pietatis.
3629 4867 3784 4935 Quod

2192 4977 2317 5017 cum
2361 4968 2517 5033 pater
2545 4961 2811 5028 scivissct,
2848 4977 2991 5034 aegre
3020 4962 3162 5030 tulit,
3191 4970 3246 5016 et
3285 4963 3539 5017 omnibus
3583 4963 3784 5032 quibus

2195 5051 2370 5120 potuit
2402 5050 2595 5116 modis,
2623 5048 2772 5105 illam
2808 5068 2839 5105 a
2877 5051 3135 5124 religione
3163 5051 3473 5107 Christiana
3503 5060 3784 5107 transver-

2194 5158 2332 5209 sam,
2360 5141 2426 5197 ad
2454 5140 2996 5196 Mahometanismum
3042 5143 3325 5198 traducere
3369 5151 3603 5199 conatus
3647 5150 3733 5196 est
3762 5155 3778 5193 :

2142 5214 2151 5223 ’
2194 5231 2338 5292 quod
2379 5245 2503 5286 cum
2554 5245 2664 5286 non
2710 5240 2913 5292 posset,
2954 5232 3031 5286 illi
3061 5241 3224 5292 caput
3265 5234 3589 5292 amputavit.
3623 5231 3777 5292 Quod
