3982 5292
186 388 308 442 1157

1214 404 1925 474 PSEUDO-LIUTPRANDI
1967 424 2430 486 ADVERSAle

3296 446 3430 502 1158

182 500 351 561 "'55",
388 510 443 554 οι
497 500 765 560 Vmorem
814 519 1189 580 Ρνθεοῐίθτυιη
1245 518 1319 595 16,
1364 520 1451 575 die
1500 522 1746 595 Augusti.
1776 538 1829 597 Α
1927 536 2047 590 162.
2089 538 2329 597 Concilio
2356 545 2659 603 Arelatensi
2701 550 2874 620 primo
2910 557 3197 624 prmsident
3235 560 3434 620 HOsius

182 606 309 624 unnn
338 590 546 624 nnnﬁn:
575 593 678 624 αξη
733 612 850 624 Anum
885 613 979 624 ﬁ..-
1018 619 1153 624 __-_-
1191 606 1232 624 ην
1271 608 1283 624 ι
1327 610 1359 624 --

182 606 309 644 anno
337 590 546 645 Domini
575 593 701 659 950,
731 612 850 651 cum
883 613 983 666 ego
1012 619 1160 657 eram
1191 590 1381 663 Teleti.

244 680 358 733 151.
397 680 602 738 Natalis
648 687 932 757 episcopus
978 691 1273 752 Teletanus
1328 700 1574 756 interfuit
1618 720 1749 759 cen-

174 771 291 825 cilio
318 772 583 840 Remane,
612 777 666 829 in
696 793 803 846 quo
831 782 1020 850 gratiae
1050 796 1175 839 sunt
1198 797 1330 843 actm
1351 801 1574 862 propter
1608 794 1748 850 Cen-

172 863 388 916 stantini
435 864 786 935 baptiSmum,
814 886 956 927 anno
985 874 1090 929 521
1139 878 1384 935 interfuit
1424 892 1479 937 et
1507 886 1747 940 subscri-

170 952 269 1019 psit
291 953 523 1009 concilio
549 955 762 1013 Nicaene
792 977 804 1013 :
834 964 1149 1021 muneribus
1171 968 1402 1025 donatus
1429 988 1458 1025 a
1482 972 1747 1030 Constan-

171 1045 280 1098 tine
312 1060 439 1101 cum
484 1048 648 1106 Hesie
688 1053 847 1108 rediit
889 1054 1137 1123 Romam,
1182 1062 1307 1117 inde
1353 1063 1621 1135 Toletum,
1655 1069 1748 1125 ubi

144 1145 364 1191 statuta
394 1139 605 1194 concilii
637 1145 905 1210 generalis
936 1151 1141 1204 servari
1172 1150 1319 1207 fecit.

234 1228 358 1281 152.
400 1230 584 1284 Eidem
622 1232 1044 1305 Constantinus,
1089 1256 1155 1295 ex
1201 1248 1525 1304 auctoritate
1574 1253 1745 1308 sancti

165 1317 410 1373 Silvestri
468 1323 663 1377 summi
716 1328 1023 1394 pentiticis,
1090 1331 1348 1399 iniunxit,
1409 1347 1467 1391 nt
1528 1342 1746 1409 primati

164 1407 334 1477 (cujus
381 1410 674 1479 primatum
724 1415 778 1469 in
825 1419 1053 1475 concilio
1107 1420 1323 1479 Nicazne
1368 1407 1743 1487 confirmatum

159 1500 273 1571 est)
315 1510 375 1555 ut
420 1505 617 1560 comite
667 1505 835 1561 Hesie
881 1508 1222 1568 Cordubensi
1274 1515 1491 1583 juberet
1546 1522 1745 1591 inquiri

161 1601 370 1649 veteres
402 1594 764 1665 Hispanorum
806 1601 1213 1671 episcepatuum
1253 1609 1532 1676 terminos,
1562 1620 1616 1666 et
1652 1627 1746 1670 eos

158 1682 423 1735 renovari.
455 1683 606 1751 Quod
640 1686 841 1742 factum
874 1698 956 1743 est
998 1705 1094 1759 per
1132 1701 1272 1749 tetes
1314 1706 1519 1767 septem
1550 1716 1739 1767 annos,

153 1771 234 1824 vel
271 1788 489 1841 novem,
521 1777 783 1849 delegatis
830 1780 1166 1851 singularum
1209 1791 1587 1859 metrepelium
1632 1796 1744 1862 cpi-

153 1863 348 1930 scepis,
378 1865 469 1932 qui
517 1881 615 1936 per
666 1869 913 1926 homines
961 1871 1203 1929 locorum
1254 1878 1459 1947 peritos
1511 1880 1564 1935 id
1612 1884 1743 1939 sciri
1773 1882 1818 1941 Β

148 1961 432 2007 curarent.

220 2043 344 2098 155.
390 2044 594 2103 Natalis
642 2048 932 2107 Teletanus
975 2053 1044 2107 ab
1085 2056 1276 2112 exsilio
1326 2043 1563 2128 rediens,
1610 2062 1739 2119 dum

148 2128 440 2187 Mediolani
482 2147 865 2204 commoratur,
910 2141 1066 2210 pulso
1113 2144 1168 2197 in
1217 2146 1467 2202 exsilium
1516 2152 1744 2206 sanctis-

146 2219 288 2274 sime
318 2221 595 2295 Dionysio,
626 2241 657 2280 a
688 2229 973 2287 catholicis
1013 2233 1424 2293 Mediolanensis
1459 2240 1741 2310 cpiscopus

143 2306 369 2378 eligitur
394 2330 405 2363 :
433 2314 524 2380 qui
551 2314 679 2370 licet
702 2331 761 2372 se
786 2319 1014 2387 gesserit
1037 2331 1097 2375 ut
1118 2323 1351 2381 vicarius
1384 2328 1546 2393 illius,
1585 2332 1741 2387 rebus

144 2406 251 2450 tam
281 2400 547 2467 praeclare
572 2405 743 2472 gestis
769 2404 973 2475 ﬂoruit,
1004 2419 1065 2463 ut
1096 2411 1151 2465 in
1195 2429 1477 2470 numerum
1520 2430 1739 2473 Sancte-

137 2502 262 2542 rum
296 2490 503 2547 relatus
536 2494 705 2550 fuisse
743 2496 974 2553 dicatur.
1015 2500 1163 2558 Obiit
1193 2507 1395 2562 mensis
1429 2508 1554 2564 Maii
1597 2527 1740 2569 anno

139 2578 267 2643 554,
302 2581 391 2634 vir
417 2594 639 2640 sanctus
668 2596 722 2642 et
756 2587 968 2645 doctus.

210 2671 339 2725 154.
379 2672 613 2732 Sanctus
654 2679 941 2752 episcepus
988 2683 1192 2742 Natalis
1242 2687 1568 2761 Teletanus,
1618 2706 1739 2765 post

138 2756 585 2831 Mediolanensis,
620 2766 813 2825 Vitalis
842 2770 1066 2843 Hispani
1100 2775 1242 2833 filius
1281 2779 1412 2847 fuit,
1463 2756 1636 2853 nepos
1676 2785 1735 2841 S.

140 2845 347 2904 Natalis
388 2852 724 2910 confessoris
768 2857 1031 2927 Romani;
1081 2870 1341 2922 successit
1384 2870 1442 2925 S.
1484 2871 1738 2931 Melantio

136 2943 439 3000 confessori
474 2964 488 3001 ;
524 2948 770 3005 interfurit
814 2955 1046 3011 concilio
1080 2958 1387 3017 Arelatensi
1419 2978 1457 3029 ι,
1491 2965 1737 3023 Romano

137 3034 238 3089 sub
274 3034 566 3104 Silvestre,
600 3050 656 3095 et
689 3042 946 3111 Nicaene;
992 3059 1115 3116 post
1165 3049 1286 3105 fidei
1331 3068 1492 3109 causa
1538 3057 1737 3114 missus

135 3124 187 3177 in
222 3128 498 3195 exsilium,
524 3146 793 3199 reversus,
829 3134 1116 3194 Mediolani
1157 3142 1446 3215 episcopus
1476 3146 1727 3218 eligitur;

132 3224 354 3272 sanctus
382 3220 635 3275 moritur.
763 3246 781 3259 ο
1130 3221 1135 3225 ’

199 3307 323 3363 155.
366 3311 566 3367 Vitalis
606 3324 762 3384 pater
804 3316 966 3386 hujus
1018 3320 1072 3375 in
1121 3322 1379 3394 Hispania
1426 3334 1587 3383 natus
1621 3339 1724 3385 est.

130 3394 250 3461 QJi,
281 3400 513 3456 veniens
564 3401 620 3457 in
666 3403 919 3473 Italiam,
961 3410 1146 3480 genuit
1186 3411 1244 3467 S.
1288 3413 1565 3481 Natalem,
1607 3427 1729 3487 post

129 3482 455 3544 'l'hermedm
501 3490 558 3546 in
602 3495 927 3563 Carpetania
956 3499 1141 3568 priore
1178 3501 1407 3574 conjuge
1451 3482 1724 3575 defuncta,

128 3574 281 3631 duxit
337 3579 643 3651 Hispanam
680 3603 694 3640 :
725 3602 791 3642 ex
847 3604 952 3659 qua
1007 3593 1194 3662 genuit
1240 3607 1456 3653 sanctos
1507 3574 1722 3668 fratres,

125 3662 343 3722 Justum
375 3679 438 3724 et
466 3682 760 3741 pastorem,
790 3688 1059 3750 martyres
1085 3680 1513 3754 Cemplutenses.
1541 3689 1725 3762 Itaque

121 3768 276 3814 erant
303 3760 513 3820 fratres
537 3765 628 3821 isti
670 3778 964 3842 martyres,
992 3781 1047 3829 et
1075 3773 1283 3832 Natalis
1311 3760 1723 3849 Toletanuspex

124 3858 302 3916 faue.

191 3940 316 3996 156.
362 3941 424 4001 S.
455 3943 692 4004 Isidorus
727 3949 1062 4021 Hispalensis
1098 3957 1317 4026 scripsit
1353 3958 1552 4015 librum
1584 3961 1722 4019 Pre-

120 4030 413 4099 pbetarum
447 4056 462 4093 :
495 4053 653 4109 quem
695 4058 793 4111 ego
827 4044 933 4099 vidi
979 4048 1239 4117 scriptum
1287 4051 1472 4122 lingua
1502 4053 1715 4123 Latina,

122 4122 383 4197 Gothica,
440 4132 647 4203 vulgari
680 4133 917 4205 Hispana
947 4148 1001 4193 et
1029 4140 1280 4197 Arabica.

192 4217 315 4279 157.
358 4220 629 4289 Marinus,
661 4226 741 4280 vel
785 4226 1125 4297 Camerinus,
1154 4234 1439 4306 episcopus
1468 4236 1719 4295 Tuccita-

120 4324 248 4377 nus,
298 4313 396 4382 qui
449 4315 691 4371 interfuit
733 4321 968 4377 concilio
1016 4322 1378 4396 llliheritano,
1423 4344 1569 4387 anno
1614 4333 1718 4388 500

118 4406 368 4469 tempore
398 4408 818 4475 persecutionis,
862 4410 1100 4468 Melantii
1141 4416 1490 4486 confessoris,
1519 4431 1574 4476 et
1613 4422 1716 4478 Na-

119 4488 241 4544 talis
274 4496 619 4550 successoris
659 4500 1012 4570 ceepiscopus
1042 4502 1158 4561 fuit.
1193 4506 1402 4563 Dicitur
1431 4525 1460 4563 a
1494 4512 1714 4580 quibus-

117 4578 238 4633 dam
282 4582 601 4640 interfuisse
627 4588 890 4654 cenciliis,
924 4600 977 4645 et
1006 4594 1071 4645 ad
1102 4593 1245 4648 hunc
1272 4598 1557 4667 scripsisse
1592 4616 1715 4654 sau-

116 4678 260 4724 ctum
295 4674 612 4743 pontificem
639 4678 1024 4747 Melchiadem;
1057 4684 1151 4738 sed
1191 4686 1394 4743 Dexter
1420 4688 1579 4759 hujus
1609 4708 1711 4746 non

113 4764 384 4818 meminit.

184 4854 308 4909 158.
354 4856 498 4912 Sunt
537 4861 626 4928 qui
677 4862 858 4917 dicant
900 4863 1145 4921 Natalem
1188 4868 1353 4923 etiam
1400 4869 1503 4925 dici
1554 4871 1714 4927 Mari-

110 4961 261 5012 num,
289 4951 376 5003 vel
406 4950 777 5021 Camerinum,
810 4957 902 5011 sed
930 4972 1236 5030 perperam.
1664 4980 1693 4999 θ

179 5065 302 5120 159.
344 5066 668 5137 Patruinus,
712 5072 995 5141 Paternus,
1041 5080 1125 5136 vel
1170 5078 1551 5147 Paternianus,
1590 5098 1712 5137 suc-

1144 5185 1192 5192 ..-
1233 5176 1278 5192 Α.
1314 5170 1495 5192 ..ξῂξμιξ

106 5156 243 5192 bon“!
279 5159 333 5192 ἷη
364 5159 501 5192 αιυῖη
529 5160 779 5192 φιιΙηΙηηα
840 5164 961 5192 ΠΛ...
1003 5186 1132 5192 ..-υ-

1853 633 1908 678 et
1938 626 2042 680 duo
2071 632 2392 702 presbyteri,
2424 636 2573 693 missi
2604 655 2633 693 a
2672 641 2955 699 Silvestre.
2998 647 3193 704 Habuit
3234 656 3437 708 oratio-

1851 730 1973 769 nem
2018 715 2223 774 Natalis
2255 722 2569 795 Toletanus,
2619 738 2672 785 et
2713 734 2931 803 scripsit
2981 739 3263 806 epistolam
3300 761 3431 816 syn-

1847 806 2089 872 edicam;
2124 807 2226 863 fuit
2254 826 2283 865 a
2315 817 2540 871 secretis
2572 821 2785 876 concilii
2813 839 2935 878 cum
2964 827 3085 882 alio.

1921 897 2041 951 165.
2086 898 2403 958 Teletanum
2449 908 2762 976 primatum,
2806 912 3095 983 adjuvante
3139 918 3335 989 Hesie,
3377 924 3432 981 in

1848 987 2077 1042 concilio
2105 988 2323 1047 Nicmne
2352 995 2683 1053 declaratum
2711 1010 2816 1059 est.

1920 1078 2042 1133 164.
2084 1080 2176 1137 Bis
2205 1085 2355 1138 venit
2379 1085 2681 1144 Cordubam
2712 1093 3064 1163 Athanasius,
3102 1100 3300 1157 habitis
3331 1104 3435 1160 ibi-

1846 1164 1967 1221 dem
2026 1169 2234 1227 duobus
2290 1176 2574 1245 conciliis,
2629 1182 2796 1238 semel
2857 1200 3000 1241 anno
3045 1187 3184 1257 550,
3234 1194 3431 1251 iterum

1845 1272 1988 1312 anno
2018 1258 2141 1314 556.

1917 1346 2040 1401 165.
2080 1348 2241 1405 Prior
2270 1351 2629 1423 Sardicensis,
2661 1376 2728 1415 ex
2765 1362 3111 1435 Theophane,
3150 1372 3434 1432 confirmat

1846 1441 2134 1496 concilium
2171 1442 2519 1515 Sardicense,
2546 1452 2633 1507 cui
2667 1453 2961 1515 Toletanus
2994 1461 3239 1521 interfuit
3274 1466 3435 1523 Nata-

1843 1526 1931 1593 lis,
1954 1538 2008 1583 et
2033 1532 2388 1589 Athanasium
2419 1547 2474 1593 et
2499 1539 2720 1597 Paulum
2753 1544 3005 1603 absolvit.

1918 1621 2039 1677 166.
2076 1624 2121 1678 Α
2156 1630 2489 1697 temporibus
2525 1635 2893 1703 apostolorum
2930 1642 3165 1697 maxima
3202 1660 3433 1701 consue—
3481 1698 3499 1713 ,

1845 1714 1995 1778 tudo,
2029 1724 2083 1770 et
2113 1721 2359 1786 quaedam
2402 1720 2638 1778 fraterna
2676 1728 2926 1796 societas,
2964 1732 3105 1788 inter
3133 1735 3430 1793 Ecclesiam

1847 1800 2161 1860 Teletanam
2194 1816 2248 1862 et
2282 1809 2755 1871 Mediolaucnsem.

1921 1894 2041 1948 167.
2073 1897 2451 1957 Athenodorus
2499 1906 2781 1977 episcopus
2812 1909 3011 1968 Plateze
3043 1914 3096 1969 in
3124 1915 3429 1982 Celtiberia,

1846 1982 1931 2037 vel
1960 1983 2428 2056 Thuriasonensis,
2471 1996 2758 2053 comitatus
2787 2008 2870 2053 est
2897 2012 3143 2059 sanctum
3174 2006 3427 2073 Vilalem,
3498 1994 3505 1999 ’

1844 2081 2047 2141 etpost
2073 2086 2298 2132 mortem
2344 2081 2482 2135 redit
2527 2085 2593 2136 ad
2641 2087 2825 2141 sedem
2857 2104 3031 2154 suam,
3071 2093 3425 2167 iuterfuitque

1844 2166 2071 2221 concilio
2111 2167 2450 2239 Sardicensi;
2485 2176 2567 2229 vir
2590 2178 2712 2246 pius
2742 2189 2796 2235 et
2822 2182 3142 2240 catholicus.

1916 2255 2035 2309 168.
2070 2256 2395 2326 Severinus,
2433 2278 2791 2335 cognomento
2833 2271 3153 2342 Euphrada.
3210 2290 3430 2337 sanctus

1842 2350 1895 2395 et
1924 2344 2241 2414 catholicus,
2280 2358 2443 2420 atque
2488 2355 2621 2410 adeo
2666 2373 2804 2413 unus
2854 2378 2918 2415 cx
2971 2363 3159 2434 legatis
3204 2371 3420 2425 concilii

1844 2429 2201 2500 Sardicensis,
2248 2439 2595 2497 substituitur
2649 2446 2981 2518 Euphradae,
3024 2429 3210 2523 primo
3265 2458 3425 2528 hujus

1840 2524 2094 2588 nominis,
2119 2527 2520 2601 Agrippinensi,
2551 2534 2807 2592 han-elice
2840 2541 3102 2611 deposito.

1916 2615 2040 2672 169.
2068 2617 2126 2672 S.
2160 2618 2469 2689 Gerontius,
2500 2642 2533 2679 χ
2559 2625 2857 2698 Episcopus
2904 2633 3287 2704 Trajectcnsis,
3339 2640 3421 2693 di-

1844 2706 1987 2763 citur
2020 2710 2304 2782 privilegio
2349 2715 2607 2784 peculiari
2650 2720 2847 2777 vixisse
2898 2724 3011 2780 fere
3057 2742 3180 2782 cccc
3228 2747 3421 2787 annos.

1842 2796 1933 2852 Sic
1965 2800 2115 2854 multi
2148 2812 2419 2860 auctores.

1910 2889 2031 2943 170.
2067 2891 2124 2945 S.
2159 2891 2353 2951 Hosius
2398 2896 2687 2970 episcopus
2720 2900 3084 2962 Cordubensis
3119 2918 3305 2965 sancte
3332 2927 3424 2966 ca-

1839 2980 2143 3051 theliceque
2186 2982 2450 3042 Cordubae
2480 2991 2710 3045 moritur
2743 2991 2831 3047 die
2874 2994 2908 3049 5
2950 2994 3101 3062 Maii,
3133 3012 3240 3067 qne
3281 2997 3421 3056 cele-

1834 3072 2025 3125 bratur
2070 3082 2273 3131 sancta:
2313 3077 2492 3133 crucis
2538 3079 2779 3137 inventio
2821 3082 3003 3153 (quam
3047 3088 3417 3145 celebritatem

1836 3162 1948 3232 ipse
1993 3164 2221 3233 petierat
2249 3181 2280 3221 a
2324 3166 2585 3226 Silvestre
2625 3173 3085 3246 Ceustantinoque
3129 3179 3416 3247 celebrari)

1756 3242 1800 3304 C
1832 3269 1973 3309 anno
2020 3255 2146 3323 560,
2200 3272 2325 3313 cum
2374 3270 2519 3317 esset
2565 3277 2829 3320 annorum
2880 3242 3015 3334 110,
3063 3242 3419 3337 prtesenlibus

1831 3344 2014 3401 multis
2058 3347 2327 3418 episcopis
2371 3357 2427 3407 et
2482 3351 2617 3407 viris
2666 3354 2953 3426 religiosis,
3004 3357 3133 3412 dato
3174 3374 3414 3427 veneno,

1830 3435 1971 3502 quod
2000 3435 2075 3490 illi
2098 3435 2263 3505 jussit
2289 3440 2569 3511 prepinari
2609 3440 2957 3500 Constantius
2988 3445 3042 3499 in
3072 3447 3254 3503 odium
3288 3450 3417 3507 fidei

1828 3527 2137 3596 catholicae;
2171 3530 2295 3600 quia
2325 3531 2572 3589 noluerat
2596 3532 2921 3589 Arianorum
2948 3545 3152 3593 sectam
3186 3539 3410 3611 impiam

1827 3622 2043 3685 sectari,
2084 3631 2145 3676 ut
2185 3623 2338 3678 multi
2391 3632 2663 3681 testantur
2706 3628 3022 3698 scriptores.
3073 3630 3191 3700 Ipse
3249 3640 3410 3688 testa-

1826 3722 2009 3767 mento
2034 3720 2261 3769 testatus
2283 3720 2365 3771 est
2393 3730 2451 3771 se
2475 3718 2611 3771 meri
2644 3718 2699 3772 in
2729 3717 2834 3774 fide
2861 3720 3075 3775 concilii
3104 3720 3327 3789 Nicmni,
3357 3732 3414 3779 et

1824 3801 2083 3857 detestari
2110 3805 2301 3875 dogma
2347 3806 2568 3877 impium
2616 3807 2965 3877 Arianorum,
2996 3820 3051 3867 et
3079 3814 3168 3882 qui
3197 3828 3291 3869 eos
3327 3830 3412 3869 se-

1823 3903 2143 3963 querentur,
2173 3912 2559 3968 nunquamque
2588 3900 2740 3971 (licet
2766 3903 2852 3959 vis
2895 3903 2969 3958 illi
3000 3904 3070 3959 sit
3118 3905 3266 3959 illata
3313 3921 3411 3976 per

1824 3992 2111 4052 tormenta,
2138 3994 2199 4040 ut
2239 3991 2667 4047 communicaret
2712 3990 2897 4047 Sirmii
2945 4010 3067 4049 cum
3096 3995 3321 4052 Valente
3350 4007 3408 4052 et

1821 4072 2067 4147 Ursacie)
2092 4077 2252 4133 aliter
2272 4081 2505 4137 sensisse
2533 4091 2628 4137 aut
2655 4084 2998 4153 praedicasse.

1890 4167 2012 4221 171.
2041 4168 2169 4224 Post
2213 4171 2443 4227 reditum
2491 4188 2557 4228 ex
2607 4175 2741 4230 urbe
2774 4175 3010 4244 Sirmio,
3042 4180 3261 4250 scripsit
3303 4180 3409 4235 He-

1819 4259 1930 4314 sius
1954 4260 2232 4331 epistolam
2259 4261 2605 4331 Constantio,
2640 4282 2759 4337 quze
2787 4268 2976 4339 incipit
3008 4287 3020 4323 :
3053 4270 3166 4341 Ego
3202 4272 3404 4343 confes-

1817 4352 1979 4407 siom‘s
2006 4370 2196 4409 munus
2223 4355 2442 4424 explevi.

1886 4443 2009 4497 17-2.
2043 4444 2254 4510 Petrus,
2293 4456 2649 4517 cegnomcnto
2693 4449 2939 4516 Pulcher,
2984 4458 3036 4506 et
3064 4452 3132 4506 ob
3176 4452 3401 4521 elegan-

1820 4534 1947 4589 tiam
1997 4536 2112 4590 eris
2149 4546 2204 4591 et
2252 4536 2418 4591 multo
2467 4538 2635 4607 magis
2683 4540 2753 4594 ob
2792 4556 3001 4595 merum
3034 4542 3398 4607 sanctitatem,

1742 4611 1792 4669 Ι)
1818 4625 1943 4679 dtttn
1970 4636 2221 4697 peragrat
2248 4626 2365 4680 loca
2388 4637 2594 4694 sancta,
2620 4632 3058 4701 archiepiscopus
3085 4630 3401 4696 Teletanus,

1817 4715 2066 4771 Damasci
2113 4717 2534 4786 comprehensus
2574 4735 2602 4773 a
2633 4718 2944 4784 Saracenis,
2972 4728 3025 4773 et
3052 4719 3405 4777 herribilihus

1817 4807 2089 4860 cruciatus
2116 4808 2418 4877 suppliciis.
2452 4818 2505 4864 et
2533 4811 2585 4863 in
2617 4824 2835 4864 crucem
2860 4819 3035 4873 actus,
3065 4808 3244 4862 nebilc
3272 4826 3406 4868 ceu-

1816 4898 2109 4951 summavit
2131 4898 2449 4968 martyrium
2484 4916 2628 4954 anno
2658 4899 2869 4954 Domini
2896 4899 3023 4954 752.

1889 4988 2014 5044 175.
2064 4991 2179 5045 Due
2228 4989 2448 5047 fuerunt
2494 4989 2887 5061 archiepiscopi
2934 4988 3182 5047 Toletani
3237 4997 3424 5052 vocati

2178 5182 2192 5192 ι
2227 5171 2398 5192 κῖ-ιν,1⁸
2466 5173 2604 5191 μηοη-
2652 5170 2899 5192 η--ᾉ-ἔ..ἔι
2946 5176 2988 5192 ἢ
3061 5170 3257 5192 AnAn-nc

1814 5080 2045 5153 Olympii
2082 5080 2259 5137 :alter
2300 5096 2364 5135 ex
2414 5083 2666 5152 episcopo
2714 5082 3005 5150 Thracias,
3053 5078 3137 5180 vir
3172 5091 3432 5180 sanctus,

3480 2194 3505 2209 Ν
