3982 5292
508 375 644 435 1159

1614 355 1957 419 APPENDIX
1992 354 2083 409 AD
2121 346 2642 408 LlUTPRANDUM.

3641 344 3787 406 1160

577 489 700 546 175.
735 487 800 556 ρ.
831 486 1086 551 Serenus,
1118 479 1182 549 Q.
1218 480 1406 538 Sereni
1455 477 1616 545 illius,
1646 478 1711 531 ad
1742 488 1903 545 quem
1950 467 2090 526 scri-
2116 469 2165 529 Α
2194 463 2471 556 restituit,
2523 471 2579 518 et
2621 462 2788 518 vitam
2837 463 3223 520 monachorum
3270 479 3302 518 a
3343 462 3616 522 Palatinis
3665 480 3782 520 ser-

508 581 613 654 psit
641 579 700 636 8.
731 576 963 634 Baebius
989 575 1231 631 Justinus
1273 571 1623 644 philosophus
1661 577 1718 653 et
1747 576 1953 638 martyr
1977 565 2093 653 epi-I

508 673 701 729 stolam
742 672 954 741 longam
1008 683 1147 724 anno
1189 666 1291 722 156
1334 663 1647 735 (scripserat
1690 674 1832 715 anno
1879 656 1981 714 154
2022 654 2090 711 ad

506 762 792 816 Anicetum
808 740 1038 829 papam)
1070 756 1291 813 natione
1323 755 1612 824 Hispanus,
1641 766 1707 806 ex
1744 748 1938 826 Oppido
1965 746 2092 803 Gal-

506 851 671 908 laeciaa
702 850 954 914 Samone,
986 862 1130 903 nunc
1153 836 1314 916 vulgo
1344 842 1567 909 Samos;
1611 830 1756 896 unde
1801 839 1978 894 dictus
2009 845 2094 893 est

479 1001 484 1006 ,
509 938 844 995 Samonicus.
878 936 1023 1003 Fuit,
1054 943 1115 990 ut
1136 934 1457 1005 quibusdam
1482 931 1678 1003 placet,
1701 928 1932 998 junioris
1961 927 2093 984 Gor-

473 1030 479 1049 ‘
512 1028 678 1093 diani,
702 1027 793 1098 qui
821 1027 956 1081 vixit
983 1039 1154 1080 annos
1180 1023 1399 1095 triginta
1421 1029 1475 1077 et
1503 1021 1740 1091 quinque
1759 1026 2089 1090 przeceptor;

514 1131 615 1172 nec
642 1116 810 1172 multo
836 1124 955 1185 post
981 1130 1010 1168 a
1039 1112 1315 1169 Caracalla
1337 1111 1523 1181 jussus
1565 1119 1650 1167 est
1694 1110 1747 1165 in
1779 1110 1974 1165 balneo
2001 1124 2095 1166 oe-

516 1208 621 1262 cidi
672 1205 969 1277 (creditur,
1002 1211 1061 1257 ut
1103 1209 1278 1273 pater,
1325 1201 1701 1266 Christianus,
1746 1198 1901 1267 cujus
1930 1213 2119 1255 causa.

516 1298 730 1353 occisus
775 1297 920 1353 credi
960 1294 1205 1366 potest);
1260 1293 1365 1348 fuit
1402 1294 1643 1349 medicus
1688 1292 2094 1350 celeberrimus.

519 1388 680 1444 Multa
710 1389 928 1458 scripsit
957 1388 1023 1443 de
1054 1387 1351 1452 medicina,
1384 1386 1437 1440 in
1470 1401 1576 1456 qua
1603 1384 1892 1456 plurimum
1920 1386 2098 1443 excel-

518 1479 636 1534 luit.
671 1480 749 1535 Ex
792 1477 950 1548 hujus
1000 1492 1195 1549 genere
1247 1476 1346 1531 fuit
1397 1475 1457 1532 8.
1501 1474 1738 1531 Serenus
1787 1486 2009 1548 martyr,
2044 1458 2100 1532 et

521 1574 582 1629 8.
623 1574 823 1631 Serena
872 1562 1011 1626 uxor
1058 1570 1378 1625 Diocletiani
1425 1569 1675 1639 Augusti,
1725 1568 1878 1637 cujus
1924 1566 2098 1639 neptis

450 1698 470 1716 .
518 1664 623 1719 fuit
669 1662 728 1719 S.
778 1664 1030 1718 Suzanna
1066 1660 1222 1732 virgo
1278 1669 1333 1715 et
1383 1670 1611 1732 martyr,
1645 1659 1751 1714 illia
1802 1658 1858 1714 8.
1903 1657 2098 1716 Gabini

521 1754 794 1827 martyris.
862 1756 867 1761 '

2191 555 2359 611 vavit.

2267 647 2388 703 187.
2423 645 2482 703 S.
2525 647 2760 704 Jacobus
2807 647 3063 713 missam,
3112 662 3273 718 quam
3327 662 3518 704 coram
3569 647 3788 703 ueteris

2192 737 2450 809 apostolis
2479 741 2862 805 constituerat,
2889 740 3084 797 Petrus
3119 740 3415 811 ceterique
3456 740 3792 811 comproba-

2195 843 2384 888 verant
2428 835 2506 905 (et
2542 843 2664 905 post
2693 820 2893 890 litteris
2922 834 3198 891 mandavit
3226 835 3287 892 S.
3330 835 3614 899 Clemens,
3639 843 3700 891 et
3723 836 3792 891 ob

2194 921 2250 979 id
2293 924 2494 979 dicitur
2537 925 2700 998 vulgo
2744 927 2908 982 missa
2952 928 3125 983 sancti
3172 926 3478 1002 Clementis)
3529 927 3793 998 Hispanis

2194 1014 2463 1088 episcopis
2490 1017 2744 1084 tradidit;
2772 1027 2826 1073 et
2853 1017 2938 1074 usi
2968 1028 3092 1074 sunt
3123 1020 3215 1093 illa
3239 1021 3388 1091 prius
3410 1020 3469 1074 in
3498 1018 3793 1090 Hispania,

2194 1120 2357 1175 quam
2386 1106 2509 1162 aliis
2539 1096 2853 1164 Occidentis
2874 1108 3150 1180 partibus,
3180 1119 3367 1181 postea
3394 1110 3547 1164 illam
3577 1110 3635 1164 in
3659 1108 3795 1163 scri-

2194 1195 2305 1267 ptis
2331 1196 2626 1273 attulerunt
2651 1197 2817 1253 etiam
2855 1199 3028 1254 sancti
3070 1209 3275 1273 septem
3304 1200 3564 1269 discipuli
3614 1197 3678 1254 S.
3705 1198 3795 1254 la.

2196 1291 2337 1358 cobi,
2376 1291 2434 1348 S.
2469 1293 2794 1364 Torquatus,
2825 1302 2881 1349 et
2908 1274 3073 1369 socii,
3105 1302 3161 1348 et
3194 1309 3289 1364 per
3329 1294 3597 1350 Baeticam
3631 1292 3796 1347 meri-

2197 1374 2468 1438 dionalem
2515 1379 2678 1455 [deest
2723 1366 3081 1452 praedicantes
3126 1383 3505 1455 promulgant,
3543 1383 3629 1438 uel
3667 1385 3795 1455 quid

2197 1472 2412 1553 simile],
2441 1474 2534 1529 ubi
2559 1474 2762 1531 nullum
2793 1458 3086 1549 reliquerat
3110 1476 3444 1547 episcopum,
3473 1486 3537 1531 ut
3567 1484 3797 1531 testatur

2198 1558 2444 1623 Julianus
2474 1574 2528 1623 et
2572 1552 2745 1633 Felix,
2776 1568 3019 1624 Toletani
3068 1568 3370 1640 pontiﬁces,
3420 1569 3585 1623 libris
3618 1583 3687 1623 ea
3734 1568 3799 1622 de

2201 1646 2260 1711 re
2287 1657 2467 1720 editis,
2504 1656 2559 1711 in
2591 1659 3068 1727 conﬁrmationem,
3092 1660 3269 1714 missae
3298 1658 3357 1725 S.
3387 1658 3589 1735 [sideri
3621 1675 3637 1711 :
3665 1672 3799 1727 quos

2199 1742 2298 1818 ego
2346 1745 2484 1818 legi,
2530 1754 2585 1802 et
2623 1747 2909 1818 aliquando
2937 1748 3141 1813 evolvi,
3186 1763 3308 1803 cum
3345 1763 3530 1803 essem
3582 1749 3643 1802 in
3680 1744 3803 1801 Ful-

594 1816 715 1898 176.
749 1843 941 1909 Zenas,
969 1853 1023 1899 et
1066 1841 1130 1910 ρ.
1181 1842 1418 1898 Serenus
1466 1840 1845 1904 Samonenses,
1878 1856 1945 1896 ex
1973 1838 2100 1896 Gal-
2125 1816 2173 1876 Β
2203 1816 2356 1892 densi
2385 1816 2736 1903 bibliotheca,
2752 1853 2788 1915 Aa
2812 1836 3007 1907 Carolo
3036 1836 3230 1908 Magno
3261 1846 3468 1909 erepta,
3498 1836 3803 1906 multisque

450 1996 453 1999 _
519 1933 672 1988 latcia
702 1940 1063 1989 convenerunt
1091 1931 1275 1986 Romae
1312 1929 1619 1997 Justinum;
1645 1939 1701 1985 et
1745 1930 1868 1984 licet
1916 1928 2101 1998 conju-

521 2025 652 2095 gati,
695 2024 893 2079 reversi
923 2024 976 2078 in
1009 2022 1320 2093 Hispaniam
1350 2023 1639 2079 utebantur
1662 2021 1837 2078 otlicio
1864 2021 2103 2078 catecbi-

521 2125 746 2182 starum,
777 2126 835 2171 ut
863 2134 929 2171 ex
954 2116 1167 2172 Justino
1192 2117 1509 2187 philosopho
1539 2125 1769 2172 constat.
1822 2192 1823 2195 η

596 2207 719 2261 177.
773 2206 1012 2262 Decessit
1058 2207 1122 2273 Q.
1171 2204 1410 2263 Serenus
1462 2207 1697 2263 Samone
1752 2207 1804 2262 in
1853 2206 2104 2263 Callaecia

523 2310 648 2350 cum
675 2297 931 2366 opinione
961 2292 1266 2353 sanctitatis
1295 2312 1435 2353 anno
1462 2299 1585 2365 165,
1616 2298 1804 2355 relicto
1837 2299 1945 2356 lilio
1975 2298 2106 2355 ado-

524 2384 840 2453 lescentulo,
876 2387 968 2457 qui
1000 2385 1103 2442 fuit
1127 2388 1375 2460 egregius
1408 2377 1669 2455 medicus,
1696 2394 1751 2444 et
1783 2389 1998 2445 virtutis
2038 2404 2105 2446 ac

524 2479 798 2552 religionis
825 2481 1247 2537 amantissimus.
1278 2481 1403 2538 Dies
1445 2482 1674 2538 senioris
1714 2481 1779 2550 Q.
1806 2483 1997 2539 Sereni
2028 2483 2108 2539 di-

525 2576 668 2630 citur
716 2575 880 2632 fuisse
922 2593 1015 2631 xtv
1043 2577 1164 2632 Kal.
1213 2577 1417 2644 Martii,
1447 2578 1540 2633 illo
1568 2592 1730 2635 anno.
1763 2580 1952 2637 Medici
2001 2582 2107 2638 duo

525 2665 641 2732 lilii,
671 2665 735 2735 ρ.
760 2675 813 2721 et
841 2666 910 2721 Μ.
942 2667 1131 2724 Sereni
1176 2669 1319 2738 passi
1365 2678 1491 2725 sunt
1514 2671 1615 2725 sub
1646 2669 1846 2727 Severo
1873 2652 2109 2729 Alexan-

530 2756 680 2812 drite.
778 2774 782 2778 ·
890 2764 897 2771 ’
992 2768 995 2773 ’
1690 2814 1695 2819 .

601 2847 726 2904 178.
756 2847 889 2904 Item
921 2847 1095 2906 Zenas
1124 2856 1179 2906 et
1201 2848 1265 2917 Ο.
1301 2848 1539 2905 Serenus
1568 2850 1712 2919 passi
1741 2865 1862 2907 cum
1906 2850 2026 2906 aliis
2054 2836 2110 2908 in

526 2936 709 2991 Africa
738 2938 837 2994 sub
869 2938 1224 2996 Diocletiano.

600 3027 724 3082 179.
755 3025 953 3082 Horum
983 3028 1078 3083 lilii
1106 3028 1169 3083 ι..
1218 3006 1467 3086 Serenus
1499 3030 1795 3086 monachus
1822 3031 2107 3091 familiaris

530 3114 883 3182 Diocletiano,
912 3125 968 3171 et
989 3115 1144 3171 Publ.
1172 3115 1406 3174 Serenus
1434 3129 1655 3191 martyr,
1687 3121 1741 3175 in
1780 3118 1959 3178 Africa
1994 3123 2100 3190 hic,

2202 1926 2355 1985 libris
2381 1929 2535 1985 valde
2564 1928 2784 1995 referta,
2814 1929 3278 1987 bibliothecarius.
3530 1983 3535 1988 .

2276 2020 2399 2077 188.
2429 2020 2741 2093 Gregorius,
2789 2022 2858 2077 ad
2903 2037 3062 2092 quem
3113 2023 3332 2094 scripsit
3366 2022 3649 2079 Eusebius
3671 2023 3805 2095 Ver-

2204 2113 2493 2179 cellensis,
2545 2113 2893 2183 reprehendit
2940 2112 3162 2185 Osium,
3214 2113 3367 2183 quod
3431 2114 3804 2171 consensisset

2206 2201 2437 2257 concilio
2465 2202 2795 2259 Ariminensi
2819 2219 2834 2269 ;
2860 2218 2967 2260 non
2992 2190 3095 2258 fuit
3132 2202 3526 2273 Illiberitanus,
3567 2206 3671 2261 sed
3695 2206 3804 2277 epi-

2206 2308 2401 2363 scopus
2438 2291 2747 2347 Toletanus.
3212 2350 3217 2353 τ

2279 2382 2402 2437 189.
2435 2382 2563 2436 Duae
2606 2381 2873 2438 factiones
2904 2381 3123 2439 fuerunt
3167 2383 3222 2439 in
3269 2382 3534 2455 Hispania
3570 2401 3586 2438 :
3634 2383 3804 2440 altera

2208 2487 2319 2551 non
2358 2472 2735 2541 recipientium
2762 2488 2885 2528 cum
2914 2472 3273 2530 Luciferianis
3296 2488 3404 2530 non
3433 2475 3616 2531 solum
3653 2475 3805 2530 Aria-

2210 2576 2307 2619 nos
2336 2560 2461 2634 [αι.
2482 2562 2837 2636 Saracenos],
2871 2564 2963 2620 sed
2998 2565 3086 2635 qui
3117 2566 3484 2636 resipuerant,
3521 2581 3693 2637 quam
3722 2581 3808 2621 se-

2210 2662 2366 2708 cutus
2406 2663 2491 2708 est
2532 2654 2833 2725 Gregorius
2882 2655 3193 2722 Toletanus,
3240 2666 3297 2712 et
3326 2656 3658 2713 Vincentius
3690 2658 3804 2727 ejus

2211 2747 2644 2814 archidiaconus,
2679 2758 2801 2819 post
2826 2748 3284 2822 archipresbyter,
3313 2758 3369 2804 ct
3406 2749 3672 2806 Aurelius
3697 2749 3807 2804 dia-

2212 2851 2417 2905 conus;
2454 2838 2629 2894 altera
2657 2853 2781 2894 cum
2812 2838 3011 2905 Gallis,
3042 2838 3190 2896 Italis
3235 2847 3291 2894 et
3333 2839 3608 2904 Damaso,
3651 2852 3806 2895 aver-

2210 2931 2446 2986 santium
2511 2931 2833 2999 haereticos,
2890 2939 2946 2989 et
3002 2933 3379 3002 recipientium
3446 2935 3802 3004 pmnitentes,

2207 3021 2394 3092 quales
2424 3022 2643 3079 fuerant
2670 3022 2952 3095 .Hyginius
2975 3022 3371 3091 Cordubensis,
3404 3033 3588 3081 tactus
3614 3025 3805 3081 haeresi

2211 3113 2561 3181 Priscilliani,
2591 3116 2683 3186 qui
2708 3117 2906 3173 missus
2938 3125 3024 3173 est
3063 3117 3117 3172 in
3144 3116 3397 3173 exsilium
3427 3117 3728 3182 Treveros,
3752 3126 3806 3172 et

528 3207 620 3265 ille
643 3223 771 3265 vero
800 3211 854 3264 in
896 3209 1176 3282 Hispania,
1221 3209 1371 3268 Sexti
1399 3175 1648 3268 Firmi'in
1676 3208 1875 3270 Baetica
1916 3230 2109 3285 passus
2134 3175 2180 3240 C
2211 3208 2454 3266 Liriosus
2477 3196 2765 3283 episcopus
2786 3211 3055 3284 Hispanus
3073 3212 3410 3268 Dertosanus
3437 3230 3452 3265 :
3482 3213 3642 3268 mirae
3672 3214 3806 3267 inter

529 3295 632 3355 est'
659 3300 759 3355 sub
802 3288 1131 3357 Diocletiano
1176 3317 1318 3359 anno
1344 3304 1485 3371 290;
1516 3304 1707 3361 horum
1737 3314 1855 3363 erat
1884 3315 2110 3378 cognata

530 3388 739 3447 Serena
766 3408 903 3449 uxor
930 3393 1245 3450 Diocletiani
1275 3406 1480 3453 sancta.

602 3481 723 3537 180.
750 3480 978 3552 Serena,
1004 3484 1502 3557 'uxorimperatoris
1528 3488 1779 3562 Philippi,
1811 3452 2112 3550 mater-fuit

418 3645 441 3656 ε
532 3569 751 3626 Serenze
785 3574 971 3629 uxoris
996 3560 1333 3631 Diocletiani.

607 3660 731 3716 181.
767 3659 915 3717 Obiit
962 3672 1149 3719 sancta
1200 3666 1382 3737 regina
1420 3667 1794 3736 Gelesiuntha,
1822 3668 2110 3741 Chilperici

533 3752 679 3823 regis
707 3768 863 3820 uxor,
893 3754 1002 3809 ﬁlia
1029 3768 1161 3810 vero
1199 3757 1342 3827 regis
1367 3757 1729 3830 Alhanagildi,
1751 3760 1902 3829 jussu
1933 3763 2114 3818 mariti

534 3844 869 3916 strangulata
901 3846 968 3900 11
1013 3846 1115 3927 die
1144 3845 1300 3914 Maii,
1348 3865 1489 3905 anno
1534 3851 1669 3917 566,
1701 3852 1854 3923 cujus
1884 3864 2113 3911 mortem

536 3936 620 4006 (ut
667 3937 833 3994 refert
860 3938 1191 3998 Fortunatus
1238 3949 1294 3998 et
1340 3941 1397 3998 S.
1432 3942 1723 4015 Gregorius
1763 3945 2114 4020 Turonensis)

535 4030 748 4098 magnis
781 4029 925 4086 Deus
955 4031 1244 4110 illustravit
1273 4035 1569 4093 miraculis.
1710 4022 1715 4031 Γ

609 4117 731 4171 182.
758 4119 916 4174 Anno
946 4120 1071 4186 565,
1100 4123 1317 4192 quando
1346 4134 1504 4180 natus
1536 4134 1619 4181 est
1647 4126 1988 4185 Reccaredus
2016 4129 2117 4186 Le-

533 4204 768 4275 wigildo,
802 4217 858 4261 et
900 4208 1076 4263 factus
1121 4214 1419 4268 monachus
1446 4213 1827 4273 Bcnedictinus
1849 4220 2113 4288 Leander,

532 4298 604 4351 22
633 4297 807 4354 Martii
837 4298 896 4355 S.
925 4299 1217 4359 Severinus
1244 4303 1445 4376 Hispali
1477 4310 1723 4363 moritur.
1752 4298 1755 4305 ’

551 4398 555 4407 ’
606 4413 727 4468 185.
773 4414 852 4468 Ad
897 4414 1130 4481 vallem,
1168 4433 1328 4487 quam
1376 4418 1547 4477 Mauri
1594 4434 1788 4479 vocant
1835 4426 2113 4485 uenatica-

531 4506 666 4560 m'am
684 4504 803 4578 [al.,
826 4507 1246 4581 Bcnalgaviam],
1268 4512 1364 4565 fuit
1380 4515 1767 4569 monasterium
1788 4515 1887 4574 SS.
1905 4518 2115 4577 Cosma:

531 4604 586 4650 et
611 4594 876 4662 Damiani,
907 4597 998 4652 ubi
1029 4596 1128 4653 fuit
1154 4599 1318 4656 abbas
1348 4613 1568 4659 sanctus
1590 4605 1909 4674 lldefonsus,
1930 4610 2112 4666 adhuc

532 4684 823 4753 diaconus;
872 4686 997 4743 inde
1048 4690 1352 4761 presbyter,
1407 4694 1696 4754 translatus
1738 4709 1824 4754 est
1870 4700 1939 4756 ad
1972 4701 2113 4770 Aga-

529 4776 700 4834 liense
726 4787 923 4835 rector.

606 4893 730 4949 181.
759 4892 1089 4952 Valderedus
1117 4897 1439 4968 Toletanus,
1484 4904 1783 4959 monachus
1810 4905 2113 4962 Benedicti-

533 5001 634 5024 nnu
690 4985 855 5024 altlth
899 4987 938 5024 ς
989 4987 1269 5024 [unt-n11}:

1318 4994 1681 5024 :;::’.1Aﬂ=nnn:n
1731 4995 2000 5024 ΨΛΙΑοΑηΜ
2054 4996 2109 5022 ne

2211 3302 2312 3356 hos
2357 3310 2622 3375 strages,
2649 3318 2877 3375 pugnat,
2927 3304 3121 3359 credes.
3167 3302 3514 3358 Prmvalebat
3561 3312 3803 3376 tempore

2213 3392 2503 3465 Theodosii
2552 3394 2716 3451 factio
2758 3395 3135 3467 recipientium
3171 3395 3508 3465 praenitentes
3558 3412 3573 3448 :
3610 3396 3669 3451 in
3707 3396 3805 3450 hoc

2212 3484 2419 3561 erravit
2445 3484 2742 3557 Gregorius
2787 3484 3112 3552 Toletanus,
3157 3499 3261 3541 nec
3291 3484 3499 3555 placuit
3551 3485 3803 3551 Damaso,

2213 3575 2723 3650 successoribusque
2750 3575 2888 3645 ejus,
2916 3578 3108 3647 horum
3133 3574 3460 3632 immodicus
3490 3577 3669 3647 rigor.

2286 3667 2408 3724 190.
2445 3666 2635 3724 Ruﬂ'us
2670 3668 2791 3741 [al.,
2820 3667 3071 3737 Ruﬁnus,
3095 3669 3191 3736 aL,
3224 3668 3462 3741 Stasius]
3484 3720 3487 3723 .
3512 3668 3805 3739 Hispanus,

2215 3758 2504 3831 episcopus
2529 3757 2818 3826 Oretanus,
2844 3760 3181 3831 synchronos
3207 3758 3265 3814 S.
3296 3758 3570 3830 Gregorio
3589 3758 3805 3823 Raetico,

2214 3864 2283 3905 ex
2320 3848 2504 3918 judice
2534 3850 2695 3906 simul
2741 3844 2992 3907 electus:
3027 3851 3118 3922 qui
3161 3851 3266 3905 duo
3315 3858 3372 3906 et
3409 3851 3503 3905 alii
3550 3849 3808 3920 jubentur

2217 3938 2411 4009 deponi
2456 3940 2524 3995 ab
2553 3939 2868 3996 Innocentio
2897 3940 2951 4006 l,
2999 3949 3056 3996 et
3096 3936 3517 4011 deponerentur,
3562 3941 3670 3996 nisi
3700 3940 3807 4009 jam

2219 4028 2445 4085 fuissent
2488 4032 2706 4086 mortui.
2738 4030 2856 4087 Non
2888 4032 3127 4102 loquitur
3148 4032 3214 4087 de
3253 4031 3523 4102 Gregorio
3550 4032 3807 4089 Toletano

2218 4129 2440 4176 sanctus
2468 4120 2849 4189 Innocentius;
2891 4123 3019 4193 quia
3055 4120 3171 4191 jam
3217 4122 3306 4178 ille
3339 4124 3685 4190 decesserat,
3716 4138 3808 4179 nec

2218 4210 2523 4281 ignorabat.
2533 4227 2668 4283 papa
2696 4212 3005 4269 defunctum
3034 4228 3156 4270 esse
3176 4214 3522 4286 Gregorium.

2289 4301 2411 4355 191.
2439 4302 2541 4369 Qui
2584 4302 2778 4377 melius
2825 4303 3086 4383 sentiunt,
3117 4301 3388 4358 amrtnant
3425 4305 3651 4361 venisse
3683 4305 3810 4362 Gre-

2216 4397 2426 4466 gorium
2459 4396 2719 4451 Bazticum
2749 4396 2816 4451 ad
2840 4412 3039 4453 annum
3080 4396 3207 4463 424,
3231 4394 3344 4466 jam
3372 4407 3541 4454 :etate
3569 4400 3809 4471 decrepi-

2220 4500 2333 4545 tum
2361 4497 2416 4543 et
2452 4487 2814 4548 fatiscentem.
2902 4500 2909 4505 ‘

2296 4577 2415 4633 192.
2443 4578 2686 4648 Elpidius
2728 4579 2998 4650 Hispanus
3027 4580 3339 4645 Toletanus,
3369 4585 3809 4654 consanguineus

2222 4669 2532 4736 Theodosii,
2568 4686 2728 4740 quem
2764 4672 2994 4744 jungere
3022 4672 3235 4729 volebat
3261 4673 3609 4731 Theodosius
3635 4675 3809 4745 Olym-

2220 4760 2364 4831 piadi
2401 4760 2591 4827 viduae,
2633 4760 2847 4818 femina:
2872 4764 3249 4830 sanctissimae,
3278 4777 3336 4820 et
3375 4765 3444 4818 ad
3473 4781 3644 4835 quem
3684 4769 3809 4821 scri-

2221 4852 2329 4920 psit
2365 4850 2724 4922 Symmachus
2766 4844 3253 4920 consul,'ilorebat
3306 4856 3570 4924 opinione
3604 4872 3808 4927 magna:

2222 4943 2457 5009 virtutis,
2488 4952 2541 4999 et
2570 4946 2763 5015 peritia
2792 4947 2869 5001 rei
2901 4947 3169 5003 militaris.
