3982 5292
635 201 662 217 σι

203 277 324 330 llﬁl

1221 262 1873 325 PSBUDO-LIITTPBAN
1893 261 1950 313 Dl
1993 261 2458 319 ADVERSAIIIA.

3329 273 3463 327 “6?.

199 387 389 448 montis
416 385 671 449 Carmeli,
710 383 1185 455 pranlicationibus
1224 383 1423 436 Christi
1473 393 1526 436 et
1558 391 1774 451 aposlu—
1817 424 1853 478 ἃ
1884 393 1975 429 ves
2007 392 2109 430 non
2138 379 2316 447 pauci,
2350 386 2596 432 sanctum
2621 393 2802 435 senem
2837 380 3020 436 Osium
3050 382 3101 436 in
3133 385 3314 440 odium
3341 386 3461 440 ﬁdci

202 482 368 534 lorum
424 476 489 529 ad
532 476 690 528 ﬁdem
736 475 982 529 conversi
1040 492 1052 526 :
1102 475 1152 527 in
1203 473 1396 542 quibus
1441 473 1678 543 Elpidius
1725 483 1777 526 et

196 570 344 633 socii,
379 568 661 638 pontilices
688 584 715 620 a
747 566 801 620 S.
833 566 1032 621 Jacubo
1062 566 1253 630 creati,
1284 574 1336 618 et
1365 576 1488 633 post
1515 574 1778 634 martyres

197 665 343 719 l'acti.

265 753 382 808 105.
416 753 728 820 Gregorius,
758 752 1043 821 episcopus
1069 761 1188 820 post
1215 750 1595 811 llliheritanus,
1621 757 1778 803 natus

195 843 459 912 Cornpluti
509 843 562 895 in
601 843 856 910 Ilispania
887 858 1028 896 anno
1059 842 1184 905 552,
1233 857 1329 910 per
1372 856 1560 894 omnes
1589 849 1780 893 :ctatcs

194 935 388 989 litteris
414 943 470 989 et
499 934 653 988 bonis
684 933 925 987 moribus
953 931 1150 997 ﬂoruit,
1197 933 1439 986 exercuit
1485 947 1542 986 se
1592 933 1645 985 in
1686 948 1781 1001 gu-

193 1029 538 1092 bernatione;
568 1043 597 1080 a
621 1026 879 1080 Gratiano
911 1024 1083 1078 factus
1107 1033 1192 1080 est
1223 1023 1282 1078 P.
1316 1023 1376 1077 Ρ.
1411 1024 1487 1095 [id
1514 1035 1608 1090 est,
1640 1040 1779 1094 pric-

196 1117 370 1173 l'ectus
393 1115 668 1187 prmtorio]
701 1115 1016 1169 Galliarum.

267 1208 390 1262 I96.
425 1209 568 1262 Idem
607 1208 888 1261 submotus
923 1222 953 1259 a
983 1205 1236 1270 Maximo,
1268 1214 1452 1275 postea
1484 1205 1698 1259 rediens
1730 1204 1781 1257 in

194 1299 500 1368 Hispanias,
533 1299 708 1351 factus
751 1309 833 1351 est
876 1297 1162 1366 episcopus
1208 1298 1608 1360 Illiberitauus;
1658 1313 1781 1350 suc-

193 1389 357 1444 cessit
387 1387 662 1458 Augustali
713 1401 857 1440 anno
893 1386 1027 1450 589;
1073 1387 1286 1457 scripsit
1322 1387 1514 1440 librum
1550 1388 1615 1440 ad
1658 1386 1784 1441 Gal-

192 1480 301 1534 lam
353 1478 648 1533 Placidiam
684 1480 980 1546 Augustam
1028 1495 1168 1532 anno
1214 1477 1346 1543 42ος
1387 1478 1616 1531 moritur
1642 1492 1784 1530 anno

191 1569 317 1634 ιειι,
345 1585 470 1622 cum
499 1576 645 1622 esset
673 1568 782 1620 fere
816 1566 1216 1635 octogenarius.
1263 1566 1484 1619 Ilelatus
1529 1575 1611 1620 est
1642 1566 1784 1618 inter

192 1660 380 1723 divos,
425 1659 490 1713 de
536 1671 646 1726 quo
691 1657 1034 1711 Innocentius
1081 1657 1288 1727 primus
1333 1657 1603 1726 queritur,
1644 1659 1785 1726 quod

192 1749 360 1803 homo
391 1748 582 1817 judex,
608 1748 790 1801 statim
823 1747 995 1802 factus
1025 1759 1167 1802 esset
1194 1749 1497 1817 episc0pus.
1535 1747 1670 1802 Sunt
1693 1750 1783 1817 qui

192 1840 380 1894 dicant
424 1841 574 1909 prius
621 1839 790 1894 fuisse
823 1839 1229 1904 Malaciutnuut,
1283 1850 1338 1894 et
1386 1841 1508 1894 inde
1559 1842 1788 1895 transla-

189 1939 331 1984 ωιιι.

263 2021 393 2076 I97.
423 2022 737 2090 Composuit
777 2023 951 2092 primo
993 2023 1134 2076 inter
1163 2022 1267 2076 alia
1307 2022 1501 2076 librum
1543 2021 1619 2075 De
1658 2023 1784 2090 fide,

187 2111 361 2164 etiam
411 2126 530 2164 cum
563 2110 738 2180 primo
787 2111 1039 2180 coepisset
1087 2111 1223 2165 inire
1269 2112 1674 2181 pontiﬁcatum;
1709 2122 1783 2174 at,

185 2213 416 2273 petente
446 2202 596 2258 Galla
630 2203 862 2258 Placidia
888 2205 1145 2273 Augusta,
1179 2220 1321 2257 anno
1345 2203 1469 2266 420,
1504 2203 1581 2256 De
1616 2203 1786 2256 Trini-

189 2301 306 2344 tate
333 2293 643 2362 composuit
678 2292 904 2346 altermn
930 2293 1110 2362 (quem
1137 2294 1298 2347 credo
1326 2301 1571 2347 sanctum
1600 2292 1788 2346 Hiero-

191 2396 422 2450 nymum
451 2396 555 2434 non
600 2382 820 2452 vidisse)
864 2399 986 2436 cutn
1029 2381 1141 2451 jam
1184 2392 1439 2453 nupserat
1470 2382 1786 2437 Constantio

189 2470 459 2539 Augusto,
498 2471 588 2540 qui
621 2472 785 2540 cmpit
807 2488 949 2524 anno
976 2471 1098 2526 419.

266 2564 396 2618 198.
426 2564 605 2629 Osins,
635 2564 807 2634 patria
851 2562 1234 2625 Cordubensis,
1264 2573 1420 2618 natus
1450 2562 1578 2619 Osio
1607 2574 1784 2636 patre,

191 2672 256 2711 ex
288 2657 588 2726 propagine
615 2656 960 2721 Grzecorum;
1006 2666 1158 2726 pater
1187 2663 1240 2710 et
1277 2655 1418 2710 ﬁlius
1449 2672 1573 2710 vere
1603 2657 1786 2710 catho-

193 2746 319 2812 lici;
357 2749 594 2802 nutritus
620 2748 673 2801 in
701 2763 762 2800 ea
793 2747 1020 2801 ecclesia
1051 2747 1293 2800 doctrina
1325 2746 1563 2816 episcopi
1589 2745 1789 2800 Cordu-

193 2837 383 2892 bensis
403 2837 470 2890 N.
495 2837 596 2892 viri
623 2835 976 2900 sanctissimi,
1001 2845 1055 2888 et
1082 2851 1177 2904 per
1197 2848 1385 2889 omnes
1415 2835 1614 2902 gradus
1644 2834 1790 2888 venit

194 2929 262 2983 ad
289 2929 680 2994 sacerdotium,
709 2937 764 2982 et
790 2928 863 2982 illi
898 2928 1162 2982 successit
1191 2927 1241 2980 in
1268 2927 1601 2996 episcopatu,
1629 2936 1789 2981 natus

194 3037 340 3076 anno
380 3021 493 3076 280
542 3021 654 3075 fere
698 3030 819 3090 post
863 3019 1291 3090 persecutionem
1339 3017 1505 3073 Decii.
1540 3018 1684 3072 Vixit
1735 3019 1787 3072 in

193 3114 438 3184 pueritia
472 3113 602 3168 satis
637 3114 878 3178 honeste,
909 3122 968 3167 ut
989 3111 1252 3182 pradaeret
1277 3111 1546 3180 Specimen
1578 3109 1740 3164 futuri
1771 3128 1784 3166 :

193 3205 296 3262 fuit
332 3207 451 3261 acri
479 3206 711 3276 ingenio,
749 3207 992 3260 doctrina
1015 3205 1462 3274 sapientissimus,
1497 3212 1549 3256 et
1577 3205 1630 3255 in
1666 3217 1786 3270 per-

192 3299 482 3353 secutione
505 3297 819 3352 Diocletiani
849 3297 976 3350 anni
999 3297 1122 3361 295,
1148 3297 1245 3350 sub
1276 3294 1510 3348 Daciano
1537 3295 1784 3364 praeside,

193 3402 319 3442 cum
363 3387 553 3442 multis
596 3386 864 3456 episcopis
909 3385 1182 3454 Hispanim
1222 3384 1694 3439 constantissimus
1737 3396 1791 3438 et

191 3477 535 3532 fortissimus
565 3477 665 3531 fuit
691 3478 894 3532 Christi
925 3476 1046 3530 ﬁdei
1075 3473 1371 3528 confessor.

264 3568 391 3622 199.
428 3566 569 3622 Sunt
603 3568 694 3636 qui
734 3575 940 3637 putent,
979 3572 1352 3632 testanturque
1392 3571 1640 3631 auctores
1669 3580 1792 3634 gra-

259 3677 392 3731 204.
436 3676 534 3731 Vir
561 3678 888 3732 doctissimus
920 3675 1230 3739 Flavianus,
1261 3685 1364 3730 etc.
1405 3675 1597 3731 Paucis
1624 3677 1790 3731 multa

191 3748 616 3818 comprehendit
658 3749 1018 3816 Luitprandus
1053 3765 1065 3800 :
1096 3747 1304 3816 primo,
1352 3747 1526 3818 virum
1577 3747 1789 3802 doctum

193 3817 732 3878 fuisse-Flavianum.
767 3829 821 3872 et
845 3821 912 3872 ad
933 3833 1053 3871 eutn
1077 3818 1360 3885 scripsisse
1385 3817 1788 3886 Symmachum,

191 3889 560 3957 ﬁurnisseque
590 3888 689 3942 sub
720 3889 1052 3951 Theodosio;
1083 3887 1338 3950 secundo,
1370 3887 1512 3954 quod
1538 3887 1661 3957 huic
1688 3889 1791 3942 mi-

193 3960 331 4028 serit
360 3956 722 4028 Symmachus
752 3959 966 4028 gentilis
1005 3958 1258 4027 gentilem
1299 3956 1704 4026 panegyricum,
1740 3960 1791 4012 in

193 4027 492 4084 Theoddsii
541 4027 1174 4096 laudem,compositum,
1225 4027 1578 4094 habitumque
1625 4029 1675 4080 in
1709 4045 1792 4081 se-

193 4109 359 4163 natu;
402 4099 584 4161 tertio,
616 4099 764 4168 quod
787 4099 959 4151 eidem
999 4099 1252 4152 Flaviano
1292 4098 1528 4151 Avienus
1558 4097 1792 4152 libellum

194 4185 356 4225 suum
392 4171 468 4222 De
507 4169 691 4223 Stellis
723 4169 1077 4236 inscripserit.

268 4245 321 4294 I.
357 4239 590 4293 Rufinus
637 4241 690 4293 in
743 4239 975 4293 Historia
1021 4238 1408 4303 ecclesiastica,
1443 4237 1534 4292 lib.
1580 4253 1638 4302 tt,
1669 4256 1789 4309 cap.

185 4310 286 4375 '55,
316 4311 660 4373 Flavianum,
688 4311 998 4378 praefectum
1017 4310 1267 4379 appellat,
1300 4312 1650 4380 agnoscitque
1681 4327 1794 4364 ma-

193 4397 357 4452 gnam
394 4381 538 4435 illius
580 4382 630 4452 in
678 4382 942 4452 sapientia
989 4382 1420 4452 prafrogativam,
1452 4392 1505 4434 et
1548 4384 1599 4434 in
1633 4381 1792 4434 rebus

191 4450 435 4520 politicis
476 4451 834 4520 prudentiam.
865 4450 1127 4504 Convenit
1155 4468 1276 4505 cum
1310 4452 1502 4505 Ruﬁno
1532 4453 1785 4506 Sozomc-

1884 468 2165 522 catholicie
2189 484 2216 520 a
2249 469 2533 524 submissis
2560 486 2588 523 a
2616 469 3281 542 Constantioimperatore
3307 478 3464 530 mini-

1881 559 2010 615 stris
2039 559 2302 624 occismn,
2330 567 2386 612 et
2422 561 2495 613 ita
2527 560 2626 616 luit
2651 571 2874 633 martyr.

1950 649 2074 702 200.
2104 650 2419 705 Men'iinime
2445 651 2636 723 legisse
2663 653 2716 707 in
2747 653 3071 710 bibliotheca
3099 656 3378 725 Fuldensi,
3411 657 3464 712 in

1881 741 2017 794 libro
2048 741 2208 812 Trogi
2256 742 2517 813 Pompeii,
2549 746 2845 816 Augustum
2889 747 3100 803 dedisse
3139 750 3370 805 edictum
3400 753 3467 805 tle.

1880 829 2239 885 describenda
2282 834 2413 887 orbe
2464 834 2802 899 Tarracone;
2836 846 2889 890 et
2935 837 3074 893 idem
3124 839 3357 894 edictum
3409 841 3462 894 in

1881 917 2020 973 libro
2064 919 2154 974 illo
2185 921 2505 976 dicebatur:
2544 923 2734 978 Datum
2777 925 3112 992 Tarracone;
3169 929 3331 984 dilata
3374 939 3448 984 ta-

1883 1024 2006 1063 men
2055 1023 2332 1067 exsecutio
2388 1024 2606 1084 propter
2664 1018 3000 1087 negotiorum
3065 1020 3463 1077 multitudinem

1882 1101 1994 1157 diu.

1953 1194 2077 1247 20L
2128 1195 2402 1266 Augustus
2449 1199 2630 1254 (la-sar
2676 1203 2999 1272 excogitavit
3047 1220 3188 1259 anno
3236 1205 3303 1259 58
3339 1216 3466 1259 ante

1885 1284 2089 1339 Christi
2121 1288 2377 1354 natalem,
2407 1290 2534 1345 dum
2561 1303 2704 1347 esset
2729 1295 2930 1359 Roma),
2965 1295 3268 1351 describere
3294 1305 3466 1351 totum

1885 1375 2095 1441 orbem,
2130 1388 2316 1446 pacata
2358 1379 2615 1449 Hispania
2669 1391 2796 1436 tunc
2826 1399 2854 1437 a
2888 1383 3042 1438 bellis
3071 1383 3466 1454 Pompeiorum.

1884 1465 1956 1519 At
1999 1476 2121 1535 post
2146 1470 2554 1536 quatuordecim
2583 1469 2680 1543 [ιιι.
2720 1471 2929 1543 decem]
2953 1487 3145 1538 annos,
3178 1489 3300 1528 cum
3329 1485 3474 1528 esset

1888 1553 1941 1607 in
1987 1552 2270 1623 Hispania,
2299 1557 2514 1626 scripsit
2556 1559 2795 1612 edictum
2844 1560 3171 1627 Tarracone,
3219 1563 3474 1633 misitque

1891 1644 2079 1714 viginti
2112 1646 2257 1700 viros
2289 1648 2525 1720 probatae
2566 1650 2718 1712 vitae,
2754 1651 2844 1718 qui
2878 1651 3179 1720 inciperent
3220 1651 3288 1706 ab
3315 1651 3473 1708 Occi-

1891 1734 2072 1800 dente,
2129 1745 2182 1792 et
2229 1750 2512 1793 censerent
2549 1741 2828 1796 universos
2883 1743 3129 1812 populos,
3185 1753 3238 1798 et
3287 1753 3474 1813 postea

1891 1826 2208 1881 devcuircnt
2240 1829 2294 1882 in
2326 1827 2624 1884 Orientem.
2674 1832 3013 1888 Publicatum
3042 1843 3126 1889 est
3164 1834 3474 1907 Hierosoly-

1891 1917 1996 1970 mis
2026 1917 2155 1972 illud
2185 1920 2418 1973 edictum
2447 1921 2608 1989 paqu
2639 1923 2786 1991 prius
2821 1939 2982 1992 quam
3010 1924 3260 1981 Christus
3287 1940 3475 1981 nasce-

1891 2017 2072 2075 retur;
2123 2018 2180 2063 et
2208 2010 2295 2064 isti
2329 2012 2515 2080 viginti
2554 2012 2654 2066 viri
2685 2024 3012 2068 censuerunt
3047 2013 3385 2071 Palzcstinam
3415 2030 3474 2080 ct

1891 2111 2062 2154 totum
2085 2100 2382 2157 Orientem.
2403 2103 2527 2159 Hzee
2550 2104 2844 2176 descriptio
2866 2109 3002 2164 facta
3020 2118 3103 2166 est
3125 2111 3224 2165 sub
3243 2109 3471 2180 Cyrinot

1889 2196 2014 2264 quia
2045 2205 2165 2264 post
2189 2196 2360 2250 altera
2391 2198 2682 2267 descriptio
2713 2199 2858 2255 facta
2882 2212 2984 2256 est.

1960 2286 2084 2339 202.
2116 2288 2267 2342 lrcne
2315 2289 2463 2358 virgo
2510 2289 2702 2344 detulit
2731 2307 2796 2346 ex
2829 2291 3082 2362 Hispania
3122 2293 3475 2354 Thessaloni-

1893 2392 2012 2430 cam
2049 2392 2294 2446 magnam
2323 2377 2719 2433 multitudinem
2752 2379 3014 2435 librorum
3043 2399 3324 2444 sacrorum
3354 2383 3480 2450 (fuit

1888 2467 2063 2532 enim,
2118 2477 2174 2520 ut
2211 2467 2470 2535 creditur,
2516 2469 2868 2543 llliberitana)
2910 2482 2964 2526 et
3007 2475 3290 2531 abscondit
3334 2491 3478 2532 anno

1888 2559 1991 2613 504
2019 2559 2446 2626 Thessalonica;
2484 2577 2641 2631 passa
2665 2573 2749 2618 est
2783 2564 2816 2618 5
2854 2566 3069 2635 Aprilis.

1957 2649 2082 2702 205.
2138 2650 2193 2704 In
2242 2652 2470 2720 quadam
2509 2653 2733 2708 historia
2788 2657 3158 2713 vetustissima
3201 2659 3270 2714 de
3320 2661 3480 2716 rebus

1887 2737 2229 2793 Constantini
2259 2741 2432 2807 reperi
2456 2741 2831 2798 Constantium
2853 2745 3252 2814 imperatorem,
3271 2759 3480 2818 patrem

1889 2828 2228 2883 Constantini
2259 2830 2364 2901 (cui
2405 2833 2629 2903 contigit
2657 2833 2916 2904 Hispania
2946 2839 3198 2909 regenda)
3242 2840 3352 2895 ﬁlio
3371 2841 3486 2910 jus-

1891 2925 2028 2979 sisse
2059 2935 2116 2978 ut
2148 2924 2400 2995 Hispanis
2428 2929 2636 2984 faveret
2665 2940 2720 2984 et
2770 2944 3074 2989 accerseret
3101 2935 3323 2992 Hosium
3349 2937 3484 2994 Cor-

1891 3013 2184 3068 dubensem
2217 3015 2549 3085 episcopum,
2586 3019 2762 3074 virum
2791 3022 3194 3080 sanctissimum
3245 3029 3482 3096 pruden-

1897 3105 2296 3176 tissitnumque,
2347 3117 2402 3162 et
2446 3123 2478 3161 a
2525 3123 2622 3162 suo
2674 3109 2843 3165 latere
2886 3129 3160 3183 nunquam
3209 3116 3485 3175 discedere

1893 3205 2188 3266 pateretur,
2235 3207 2288 3252 et
2315 3197 2430 3267 ejus
2472 3201 2710 3256 consiliis
2746 3205 3156 3272 acquiesceret:
3199 3209 3342 3279 quod
3386 3225 3484 3281 per

1891 3304 2042 3343 suam
2072 3289 2238 3342 vitam
2271 3292 2659 3348 Constantinus
2691 3297 2944 3350 servavit.
3467 3303 3471 3308 ’

1960 3379 2086 3432 204.
2121 3380 2214 3432 Vir
2249 3383 2594 3438 doctissimus
2622 3385 2932 3453 Flavianus,
2966 3390 3033 3444 ad
3077 3406 3236 3460 quem
3266 3396 3484 3466 scripsit

1895 3469 2272 3540 Symmachus,
2301 3481 2357 3524 et
2391 3472 2475 3526 cui
2506 3474 2780 3544 inscripsit
2831 3477 3020 3534 Festus
3048 3480 3220 3538 Rufus
3246 3485 3484 3540 Avienus

1891 3559 2091 3615 librum
2129 3562 2195 3617 de
2238 3562 2432 3628 stellis,
2477 3562 2634 3620 ﬂoret
2679 3568 2778 3622 sub
2824 3568 3170 3628 Theodosio:
3201 3575 3267 3628 ad
3319 3589 3480 3646 quem

1894 3674 2190 3759 exspoliata
2232 3685 2393 3745 atque
2428 3692 2571 3759 vana
2609 3678 2898 3759 figmenta,
2926 3683 3049 3759 quis
3090 3693 3338 3759 nostrum
3362 3703 3484 3759 per-

1896 3750 2127 3820 mittitur
2167 3750 2450 3820 iguorare?
2483 3750 2569 3802 cui
2607 3750 2963 3820 Symmachus
2994 3754 3081 3808 ille
3115 3757 3342 3810 mirabili
3362 3750 3484 3812 'elo-

1894 3819 2022 3898 quin
2077 3827 2130 3871 et
2159 3818 2382 3898 scientia
2442 3818 2730 3898 prmtlitus,
2789 3831 2992 3898 ta_men_
3025 3839 3280 3898 paganus,
3327 3825 3482 3898 [dixit

1895 3887 2275 3964 Luitprandus,
2327 3887 2540 3964 gentilis
2580 3893 2992 3964 panegyricum]
3025 3887 3483 3964 'pratconio‘lau-

1897 3907 2275 3956 Luitprandus,
2327 3907 2540 3959 genuns
2586 3907 2723 3960 pane
2760 3907 2992 3964 yrtcum]
3051 3910 3321 3964 pratconto
3367 3907 3483 3952 tau-

1897 3959 2021 4012 dum
2041 3959 2102 4032 in
2131 3961 2454 4032 consistorio
2485 3961 2709 4032 recitato
2726 3907 2891 4032 illiin
2923 3963 3297 4030 Luitprandus,
3331 3967 3485 4023 habi~

1898 4030 2091 4101 tumin
2125 4029 2339 4100 senatu]
2370 4031 2551 4101 subtili
2595 4029 2873 4101 artefqua
2906 4029 3093 4099 valuit,
3123 4052 3272 4092 aram
3309 4035 3484 4094 Victo-

1896 4099 1998 4180 riae.
2022 4099 2074 4179 in
2104 4109 2295 4180 senatu
2323 4099 2558 4164 restitui,
2592 4099 2922 4183 Christiano,
2943 4114 3014 4183 ,ιιι
3058 4117 3302 4173 noverat,
3333 4111 3484 4177 prin-

1895 4175 2001 4238 cipi
2030 4175 2298 4247 intimavit
2330 4185 2346 4247 :_
2373 4185 2530 4247 quem
2577 4175 2756 4247 statim
2805 4189 2836 4247 a
2871 4175 2985 4228 suis
3026 4175 3348 4244 aspectibus
3367 4179 3484 4247 pul-

1897 4255 2036 4316 sum,
2071 4240 2122 4292 in
2149 4241 2444 4316 centesimo
2485 4241 2680 4310 lapide,
2708 4244 2887 4316 rhedaa
2937 4262 3048 4316 nan
3089 4240 3277 4316 stratae
3307 4240 3479 4316 inipo-

1897 4310 2060 4387 situm
2087 4325 2160 4387 ea
2198 4309 2286 4363 die
2326 4309 2562 4387 manere"
2592 4314 2863 4381 praecepit.
2904 4334 2922 4365 ι
2951 4313 3119 4382 Hujus
3162 4309 3481 4387 Panegyrici

1897 4381 2262 4456 defensionem
2291 4381 2610 4456 compesuit,
2641 4394 2698 4456 ut
2723 4393 2951 4438 testatur
2970 4381 3126 4456 epist.
3159 4388 3248 4450 51,
3276 4381 3365 4442 Ιιῦἶ
3397 4403 3434 4441 ιι
3463 4405 3478 4440 :

1903 4471 1921 4502 ‹
1958 4451 2074 4506 Non
2122 4463 2274 4524 puto,
2319 4452 2515 4524 inquit,
2558 4452 2712 4507 bonis
2765 4451 3096 4524 temporibus
3147 4471 3266 4509 eam
3306 4473 3482 4511 causa:

193 4515 322 4586 itus,
350 4515 547 4576 eadem
577 4520 960 4594 fere_referens
998 4521 1087 4574 lib.
1130 4537 1211 4594 vn
1249 4522 1500 4594 Historia:
1531 4521 1790 4594 ecclesia-
1824 4515 1874 4576 D
1898 4537 2030 4594 mea:
2055 4515 2714 4594 cunditioneiirfuturam,
2757 4515 2891 4592 qua;
2915 4526 3015 4580 sub
3063 4535 3288 4594 tyranno
3331 4527 3434 4580 fuit
3463 4544 3477 4580 :

193 4595 370 4652 sticae,
408 4608 532 4660 cap.
566 4591 655 4644 22.
689 4592 1005 4645 Praefectum
1037 4607 1162 4645 vero
1189 4591 1354 4644 fuisse
1383 4592 1633 4660 przetorio
1660 4592 1796 4645 indi-

195 4672 284 4716 cat
319 4663 684 4732 Symmachus
711 4663 806 4716 lib.
842 4678 902 4724 ιι,
927 4663 1080 4731 epist.
1106 4660 1174 4732 27
1198 4671 1251 4714 et
1282 4661 1371 4726 75,
1403 4671 1458 4732 et
1481 4661 1792 4732 przefectum

194 4730 466 4801 prtelurio
501 4732 694 4802 Illyrici
722 4743 776 4787 et
802 4730 972 4786 Italich
993 4734 1090 4802 sub
1115 4730 1390 4794 Gratiano,
1421 4730 1792 4802 Valentiniano

195 4812 250 4856 et
305 4801 637 4874 Theodosio,
689 4803 971 4873 inscriptio
1023 4801 1155 4874 legis
1301 4802 1375 4874 He
1397 4801 1790 4874 _contrahentla

196 4875 507 4944 emptione,
534 4882 587 4926 et
619 4873 750 4944 legis
788 4871 976 4944 26:ADe
1017 4871 1273 4944 paenisjn
1303 4872 1363 4926 C.
1396 4871 1790 4944 Theodosiano.

197 4941 465 4998 Cur—nulat
497 4946 548 4996 in
580 4943 630 5014 id
667 4941 1172 5014 pluraFranciscus
1195 4941 1411 5014 Jureth
1447 4941 1510 4994 ad
1546 4941 1795 5014 Symma-

201 5015 368 5067 chum
400 5014 456 5066 in
491 5013 631 5068 notis
658 5012 898 5083 epistola:
941 5013 999 5066 Β.
1041 5013 1321 5083 Ambrosii
1354 5012 1594 5081 Eugenio
1622 5015 1792 5080 impe-

201 5085 375 5155 ratori
409 5083 611 5155 missae,
638 5082 779 5155 pag.
811 5085 944 5155 3:35;
991 5093 1279 5155 exstatque
1282 5082 1518 5155 _i_nteger
1543 5083 1681 5138 liber
1707 5096 1794 5155 se-

200 5153 420 5208 cundus
450 5151 806 5216 Epistolarum
833 5153 1142 5218 Symmachi
1175 5151 1242 5206 ad
1282 5151 1619 5218 Flavianum,
1660 5161 1714 5204 et
1744 5152 1796 5206 in

1897 4592 2050 4660 cujus
2088 4590 2283 4643 litteris
2313 4590 2380 4662 ad
2427 4588 2718 4662 Marcellini
2764 4588 3161 4662 suggestioném
3192 4595 3353 4658 datis,
3383 4598 3482 4650 ho-

1897 4664 2070 4738 mines
2088 4675 2243 4738 meos
2267 4660 2374 4714 scis
2395 4675 2512 4738 esse
2535 4661 2818 4717 mulctatos
2836 4660 2852 4728 ξ
2873 4660 3034 4732 ήῳιοά
3075 4664 3128 4717 ἱιι
3170 4667 3481 4738 panegyrici

1897 4731 2208 4786 defensione
2231 4747 2336 4783 non
2361 4733 2521 4784 tacui.
2570 4753 2589 4783 ι

1967 4801 2021 4855 5.
2072 4801 2313 4871 Denique
2338 4802 2602 4856 Avienum
2643 4802 2899 4857 Flaviano
2942 4803 3139 4858 librum
3189 4805 3263 4858 De
3298 4805 3490 4863 Stellis

1898 4870 2194 4942 dedicasse,
2223 4870 2321 4926 nec
2347 4871 2445 4926 abs
2474 4888 2550 4934 re,
2593 4886 2766 4941 neque
2791 4889 2820 4924 a
2849 4874 3028 4942 palato
3069 4874 3309 4930 Flaviani
3350 4878 3485 4932 alie-

1898 4959 2045 4998 num.
2079 4941 2128 4995 Is
2160 4943 2668 5013 namquesiderum
2699 4941 3015 5013 observator
3045 4945 3338 5013 pradicere
3367 4964 3485 5003 cre-

1907 5013 2142 5067 debatur
2168 5011 2368 5066 futura.
2399 5011 2578 5067 Testis
2605 5011 2757 5066 adest
2801 5011 3137 5068 Sozomenus
3165 5013 3258 5067 lib.
3285 5031 3362 5071 vn
3396 5018 3489 5073 Hi-

1899 5081 2514 5160 storim‘ecclesiasticm,
2556 5082 2773 5160 (ξηιλ-22
2816 5096 2830 5133 :
2869 5103 2886 5134 ι
2912 5084 3156 5160 Putabat
3181 5084 3326 5160 enirn
3352 5089 3492 5160 (ευ.

1901 5154 2104 5222 genius)
2152 5168 2209 5206 se
2259 5151 2310 5204 id
2350 5155 2494 5218 quod
2533 5151 2847 5215 conabatur,
2879 5153 3082 5224 absque
3110 5151 3497 5223 impedimento,
