3982 5292
200 44 226 96 t
247 46 373 101 tos
1275 51 1999 113 rswnouurpnmm
2039 51 2504 110 aovansanu.
3391 35 3529 102 “66

282 164 446 220 206.
489 165 640 233 Quod
677 177 894 223 sanctus
919 185 1083 226 senex
1109 171 1304 228 llosius
1331 174 1383 228 in
1410 190 1542 244 pace
1571 184 1625 230 et
1655 175 1832 229 Eccle-
1862 173 1907 233 Α
1938 175 2172 228 cembris
2207 174 2378 228 Toleti
2400 213 2414 236 ,
2445 171 2615 241 major
2647 169 3010 240 nonagenario
3035 209 3047 231 ,
3087 165 3274 234 plenus
3317 166 3527 220 dierum

195 253 312 308 sine
377 257 774 312 communione
833 259 1172 328 discesserit,
1226 273 1421 334 prmter
1471 266 1838 322 testimonium
1948 259 3039 329 ctsanctissimorumoperum;sepultus
3069 257 3229 313 estin
3259 248 3373 312 inde
3396 256 3527 310 sub-

194 347 534 402 Atltanasii
562 351 888 419 superstitis,
920 353 1115 410 docent
1158 358 1322 412 verba
1374 360 1681 414 testamenti
1723 358 1840 428 ejus
1947 355 2150 408 urbana
2183 352 2241 407 5-
2279 351 2553 406 [ιοιιοιὶάίω
2585 350 2696 420 (llhi
2732 365 2929 419 corpus
2948 347 3064 415 eius
3097 345 3359 418 iacebat),
3393 361 3526 402 00'"

194 452 330 505 quo
395 439 570 494 docet
604 439 654 493 in
689 441 792 496 ﬁde
836 444 1046 498 concilii
1096 445 1297 501 Nicmni
1335 463 1392 502 se
1421 449 1555 503 mori
1587 449 1753 512 velle;
1786 458 1842 504 et
1946 449 2054 502 dita
2095 445 2248 514 jussu
2299 445 2535 508 Helenae,
2580 445 2614 498 5
2656 445 2742 499 die
2785 442 3117 505 Decembris,
3161 456 3283 495 eum
3331 454 3527 511 magno

195 542 434 584 omnes
486 530 755 598 hortatur,
788 543 846 588 ut
883 534 934 589 in
979 535 1068 590 illa
1105 537 1305 601 vivant,
1350 555 1414 593 ac
1449 555 1672 608 prorsus
1703 541 1839 596 mori
1945 557 2179 596 maerore
2205 555 2516 609 egenorum,
2549 537 2673 608 quia
2703 537 2801 591 fuit
2827 536 3039 590 illorum
3068 543 3240 605 pater.

194 620 432 675 velint.

2011 631 2134 686 217.
2178 631 2332 684 Anno
2360 629 2486 692 702,
2519 644 2665 684 anno
2692 629 2728 682 2
2757 629 2900 698 regis
2924 626 3209 680 Witizanis
3231 666 3246 688 ,
3272 623 3527 694 precibus

280 713 437 769 207.
478 716 703 773 Moritur
740 736 869 775 vero
904 725 1214 780 centenario
1245 727 1651 793 quatuordecim
1683 729 1839 782 annis
1943 724 2175 794 regium,
2207 738 2324 793 qum
2363 723 2624 792 sanguine
2665 722 3013 791 contingebat
3052 719 3386 774 Sisebertum
3409 758 3424 781 ν
3459 717 3526 774 ab

195 803 439 872 major,
484 807 596 876 jam
633 811 957 882 decrepitus,
993 824 1047 868 et
1091 816 1234 871 velut
1269 817 1319 872 in
1364 834 1522 874 sensu
1573 821 1746 889 pueri,
1785 830 1841 875 et
1942 817 2133 872 exsilio
2172 815 2258 870 ille
2295 824 2576 870 revocatur
2611 831 2624 867 :
2658 815 2725 868 ab
2763 811 3322 868 exeommunicatione
3362 809 3524 864 abso-

195 895 614 957 imbecillitate
656 903 853 958 virium
898 904 1164 963 defessus.
1201 908 1484 980 Tantaque
1511 912 1684 978 potuit
1717 925 1837 966 esse
1941 905 2116 972 lutus,
2146 908 2360 962 cuidam
2407 905 2734 975 episcopatui
2785 903 3164 972 Hispaniarum
3209 899 3520 970 przcﬁcitur.

195 988 297 1044 vis
346 993 569 1049 doloris
598 995 650 1049 in
690 1011 752 1050 ea
791 1005 948 1051 vetate.
976 1006 1028 1051 et
1067 999 1334 1055 acerbitas
1373 1002 1732 1067 eruciatuum,
1779 1011 1837 1056 ut
1941 1000 2123 1054 Evasit
2151 1013 2276 1053 vere
2303 999 2589 1069 pmnitens,
2621 1005 2673 1050 et
2701 1011 2841 1050 anno
2872 995 2973 1049 713
3029 995 3051 1048 1
3089 991 3229 1046 Junii
3270 989 3516 1045 moritur.

197 1074 284 1135 illi
325 1099 456 1138 non
482 1085 798 1155 reliquerint
827 1088 1048 1143 liberam
1085 1089 1415 1146 facultatem.

279 1174 430 1230 208.
479 1177 673 1248 Reperi
728 1180 778 1234 in
809 1181 995 1236 codice
1039 1183 1140 1237 fide
1177 1184 1337 1254 digno
1367 1184 1708 1248 S.~Felicem,
1746 1202 1835 1239 co—

195 1279 533 1337 gnomento
559 1269 844 1335 Modicam,
884 1272 1083 1342 Hispali
1129 1275 1443 1344 parentibus
1481 1277 1835 1336 nobilissimis

198 1365 436 1422 ortam,
492 1368 547 1415 et
594 1360 658 1416 iis
703 1363 972 1427 orbatam,
1021 1363 1248 1419 Romam
1301 1365 1367 1419 ab
1409 1369 1677 1422 avunculo
1711 1385 1831 1432 suo,

198 1445 499 1506 Romanae
545 1450 798 1507 Ecclesia:
847 1455 1252 1520 arcliidiacono,
1299 1458 1631 1526 temporibus
1661 1464 1830 1516 sancti

1939 1087 2005 1147 Et
2041 1093 2270 1146 dabatur
2295 1091 2342 1144 ei
2373 1089 2627 1145 Toletana
2664 1089 2846 1150 sedes,
2880 1086 2972 1140 sed
3010 1081 3325 1139 humilitatis
3360 1095 3523 1136 causa

1937 1200 2056 1238 eam
2090 1184 2380 1239 recusavit.

2007 1276 2132 1331 218.
2174 1275 2306 1330 Cum
2339 1289 2513 1329 essem
2543 1272 2713 1327 Toleti
2745 1271 3127 1332 subdiaconus,
3159 1283 3271 1322 rem
3302 1271 3520 1321 contro-

1937 1369 2071 1421 verti
2108 1367 2210 1420 vidi
2245 1385 2256 1419 :
2292 1381 2357 1418 an
2389 1366 2562 1419 albam
2583 1405 2597 1429 ,
2628 1381 2694 1417 an
2724 1363 2958 1416 casulam
2989 1361 3050 1413 Β.
3084 1358 3348 1413 lldefonso
3379 1366 3521 1410 attu-

1937 1458 2060 1512 lerit
2090 1458 2146 1510 Β.
2183 1459 2364 1528 Virgo,
2406 1474 2472 1512 an
2514 1465 2891 1511 ornamentum
2922 1452 3260 1522 pontificale;
3300 1451 3519 1520 quidam

200 1540 466 1610 Urbani,
503 1549 809 1605 adductam.
860 1551 990 1619 Quae
1031 1569 1152 1607 cum
1201 1552 1366 1608 nollet
1403 1553 1827 1607 illustrissimum
1863 1565 1907 1625 Β
1938 1550 2090 1616 pauci
2136 1558 2490 1617 postremum,
2532 1547 2683 1601 nmlti
2729 1547 2904 1601 albam
2948 1562 3067 1600 esse
3107 1544 3375 1598 dicebant.
3409 1542 3521 1614 Ego

197 1645 500 1701 sponsum
535 1639 800 1708 accipere.
826 1656 986 1695 causa
1020 1642 1139 1697 ﬁdei
1169 1652 1222 1696 et
1247 1642 1572 1712 virginitatis
1595 1642 1826 1706 tuendae,

197 1729 358 1783 mira
423 1734 730 1788 constantia
767 1734 1009 1803 jugulum
1046 1735 1275 1804 praebuit
1315 1751 1456 1788 anno
1491 1733 1618 1797 216,
1655 1735 1830 1789 aetatis

201 1836 330 1876 sua:
371 1822 476 1887 26,
517 1824 618 1877 sub
649 1824 828 1893 judice
874 1825 1154 1888 Diocletio,
1202 1835 1255 1878 et
1304 1824 1549 1894 Philippo
1596 1825 1826 1895 impera-

198 1922 334 1970 tore
373 1933 386 1969 :
427 1916 582 1985 cujus
614 1918 860 1990 exemplo
905 1918 1054 1973 multi
1106 1919 1156 1972 in
1200 1919 1302 1973 lide
1349 1918 1587 1973 roborati
1620 1926 1827 1988 marty-

201 2004 361 2058 rium
407 2007 713 2062 subierunt.

277 2096 424 2151 209.
459 2097 760 2165 Carterius,
793 2103 880 2172 qui
931 2103 1174 2158 interfuit
1215 2106 1445 2160 concilio
1476 2107 1827 2174 Cresaraugu-

204 2196 407 2252 stano,
449 2191 710 2256 patruelis
746 2192 804 2246 S.
830 2191 1096 2264 Gregorii,
1139 2195 1364 2250 veniens
1392 2197 1443 2250 in
1489 2195 1821 2266 Hispaniam,

205 2276 402 2332 factus
445 2288 526 2334 est
555 2281 837 2352 episcopus
869 2283 1225 2352 Uxamensis;
1258 2287 1340 2340 vir
1370 2287 1489 2357 pius
1518 2296 1570 2342 et
1610 2287 1828 2342 doctus.

283 2369 423 2423 210.
456 2370 751 2442 Gregorius
790 2390 1036 2430 reversus
1068 2374 1424 2439 Nazianzum,
1461 2377 1677 2447 scripsit
1714 2378 1824 2430 Au-

206 2459 410 2515 dentio
443 2461 704 2518 Toletano
737 2465 999 2533 pontiﬁci,
1029 2467 1418 2521 commendans
1444 2467 1491 2521 ei
1525 2464 1824 2536 patruelem

209 2566 378 2606 suum
417 2552 724 2608 venientem
763 2554 814 2607 in
843 2554 1148 2625 llispanias.

281 2645 419 2698 211.
463 2645 647 2700 Prima
673 2647 911 2705 lueresis.
943 2664 1062 2717 qua:
1094 2651 1241 2704 venit
1273 2652 1577 2706 danmanda
1614 2654 1667 2707 in
1702 2652 1823 2709 llis-

211 2734 464 2801 paniam,
497 2734 599 2788 fuit
630 2735 1195 2806 Priscillianistarum,
1251 2757 1371 2811 qua!
1398 2741 1530 2796 foris
1559 2743 1664 2798 bne
1692 2760 1820 2813 pro-

213 2823 394 2893 rupit;
437 2825 689 2879 damnata
706 2841 834 2880 vero
860 2828 1009 2882 estin
1025 2829 1323 2886 secretario
1338 2829 1394 2885 S.
1430 2831 1613 2886 Maria:
1637 2833 1704 2888 de
1729 2833 1819 2888 Pi-

1932 1639 2095 1692 credo
2124 1646 2292 1692 totum
2323 1630 2571 1692 attulisse
2601 1637 2932 1707 pontiﬁcium
2963 1643 3376 1696 ornamentmn;
3403 1627 3518 1698 sed,

1932 1730 2055 1798 quia
2103 1729 2215 1798 ipsa
2261 1744 2384 1783 cum
2425 1742 2546 1784 eum
2595 1729 2876 1792 indueret,
2917 1727 3229 1782 atlrectavit
3272 1725 3520 1780 manibus

1931 1823 2043 1875 suis
2073 1822 2312 1890 pallium,
2345 1823 2612 1877 sacratius
2642 1819 2759 1874 fuit.

1997 1912 2114 1970 219.
2165 1913 2416 1982 Dixitque
2448 1913 2666 1967 missam
2699 1911 2784 1964 die
2813 1909 3034 1965 Sabbati
3067 1910 3148 1978 (ut
3170 1907 3398 1977 solebat)
3427 1923 3519 1960 au-

1929 2009 2106 2063 diente
2132 2009 2189 2062 Β.
2222 2009 2461 2078 Virgine,
2489 2019 2544 2063 et
2571 2008 2780 2064 caelesti
2811 2008 3000 2071 choro,
3025 2007 3113 2075 qui
3147 2000 3374 2060 canticis
3405 2004 3518 2059 suis

1927 2115 2046 2154 eam
2077 2099 2477 2155 administravit
2502 2099 2590 2155 die
2619 2092 2867 2163 Sabbati,
2897 2115 3037 2153 anno
3075 2098 3198 2152 (365.
3235 2095 3314 2152 0b
3343 2097 3394 2151 id
3426 2111 3519 2150 voc.

1926 2202 2081 2248 eatur
2104 2191 2418 2262 Capellanus
2445 2193 2505 2247 Β.
2533 2190 2797 2260 Virginis;
2825 2200 2879 2245 et
2914 2191 2983 2244 ob
3007 2190 3080 2254 id,
3109 2187 3382 2258 divulgato
3421 2203 3518 2257 per

1924 2285 2111 2340 orbem
2161 2285 2438 2345 miraculo,
2491 2300 2585 2338 rex
2630 2281 3060 2342 Recesuintbns.
3112 2290 3168 2335 et
3215 2277 3514 2334 Vitalianus

1924 2375 2185 2445 pontifex,
2213 2376 2430 2430 nomine
2459 2390 2556 2430 suo
2585 2383 2638 2428 et
2667 2382 2889 2428 suorum
2926 2382 3322 2436 successorum,
3354 2385 3516 2424 vove-

1925 2477 2050 2522 runt
2080 2483 2136 2523 se
2163 2468 2376 2523 visuros
2399 2468 2485 2522 die
2511 2465 2820 2522 Nativitatis
2851 2465 2993 2520 illius
3019 2461 3324 2529 ecclesiam,
3349 2477 3514 2532 quam

1923 2568 2143 2628 prepter
2185 2561 2471 2614 adventum
2512 2559 2570 2612 Β.
2612 2558 2868 2629 Virginis,
2917 2557 3056 2611 idem
3109 2551 3166 2609 S.
3212 2554 3521 2612 lldefonsus'

1923 2649 2046 2703 libr.
2088 2651 2163 2704 De
2202 2650 2577 2718 scriptoribus,
2614 2650 2665 2703 in
2709 2648 2981 2703 additione
3026 2648 3093 2701 ad
3136 2641 3258 2702 libr.
3299 2647 3510 2713 lsidori,

1923 2748 2082 2795 vocat
2109 2741 2387 2794 terribile»:
2399 2781 2412 2794 .

1990 2831 2114 2885 220.
2158 2830 2439 2895 Cenesius,
2476 2832 2685 2901 primus
2716 2833 3003 2903 episcopus
3030 2825 3411 2898 Arvernensis,
3444 2833 3514 2889 ll-

213 2913 316 2968 lari
362 2914 810 2986 Ctesaraugustae,
844 2921 987 2988 quod
1033 2919 1092 2975 S.
1134 2921 1366 2977 Jacobus
1408 2923 1726 2990 aediﬁcavit,
1767 2933 1821 2980 et
1848 2933 1893 2996 α
1925 2923 2204 2978 defensum
2257 2925 2594 2994 synchronos
2649 2925 2928 2979 admonuit
2978 2940 3076 2992 per
3136 2925 3392 2993 epistolas
3447 2927 3516 2982 de

214 3020 324 3060 non
359 3007 492 3061 alibi
523 3009 702 3062 decuit
725 3008 994 3065 damnari.

283 3095 418 3151 212.
462 3098 520 3151 In
571 3098 777 3154 Castris
822 3099 1079 3168 Vinariis,
1128 3105 1180 3157 in
1230 3105 1566 3171 Batestania,
1615 3117 1818 3164 sancta:

217 3187 420 3243 Nunilo
451 3197 508 3244 et
535 3190 739 3253 Alodia.
777 3208 920 3247 anno
951 3194 1072 3249 9'51.

288 3283 419 3339 215.
466 3286 666 3342 Cbisax
695 3302 760 3341 ex
791 3287 916 3344 ﬁliis
948 3289 1153 3346 Ursacii
1188 3291 1493 3355 damnatur,
1526 3301 1583 3346 ut
1606 3292 1816 3347 exsulet

221 3368 273 3429 in
301 3375 648 3447 Carpetania:
677 3380 872 3449 oppido
901 3378 1096 3444 Ebora,
1124 3379 1206 3435 vel
1237 3381 1434 3451 Aquis;
1461 3398 1522 3437 ex
1555 3383 1816 3454 rescripto

219 3464 466 3523 Gratiani
497 3479 754 3540 provocat
781 3471 848 3525 ad
871 3471 1199 3527 Audentium
1227 3473 1512 3542 primatem
1539 3479 1594 3528 et
1616 3484 1816 3529 metro-

222 3556 524 3626 politanum
545 3601 560 3624 ,
591 3568 652 3614 ut
681 3561 1015 3631 episcopatui
1056 3577 1153 3616 suo
1189 3562 1592 3628 restitueretur;
1627 3573 1817 3619 coacto

222 3649 457 3705 concilio
485 3649 679 3716 Toleti,
708 3652 998 3706 damnatur
1026 3667 1169 3707 anno
1195 3652 1318 3708 582.

290 3739 416 3794 214.
464 3741 850 3798 Sanetissimus
874 3745 960 3798 vir
985 3744 1303 3807 Audentius,
1332 3745 1616 3814 episcopus
1655 3744 1813 3799 Telc-

227 3838 403 3895 tanus,
433 3834 654 3904 scripsit
682 3845 870 3890 contra
902 3829 1236 3891 Bonosianos
1268 3835 1320 3890 in
1356 3835 1724 3894 defensionem
1753 3839 1818 3893 il-

226 3914 402 3977 libatre
431 3925 658 3995 virginis
693 3925 872 3980 Marire
900 3925 1176 3996 eleganter
1204 3927 1389 3983 libros.

293 4011 420 4066 215.
464 4014 654 4069 Habita
685 4024 767 4070 est
793 4015 1064 4070 confessio
1095 4016 1227 4089 [al.,
1257 4016 1495 4092 Nicaena]
1525 4011 1720 4076 Dictini
1759 4031 1813 4076 et

232 4100 477 4168 aliorum,
511 4122 653 4161 anno
679 4107 802 4168 391.
834 4110 886 4163 in
917 4111 1146 4166 concilio
1174 4109 1451 4167 Toletano.

294 4192 417 4248 216.
458 4193 691 4252 Sanctus
717 4197 798 4252 vir
823 4191 1123 4254 Audentius
1153 4199 1443 4256 Toletanus
1472 4203 1608 4257 obiit
1644 4207 1676 4258 5
1716 4206 1817 4260 De~

237 4315 361 4388 Opus
391 4322 635 4367 recenset
661 4304 887 4388 Alvarus
913 4313 1276 4388 Cordubensis
1298 4315 1365 4388 _in
1398 4314 1518 4370 Vita
1559 4317 1619 4388 Ι).
1643 4318 1811 4388 Eulo-

271 4383 326 4447 ii,
372 4391 642 4437 annuente
688 4383 973 4437 Ambrosio
1026 4383 1092 4438 de
1143 4383 1372 4439 Morales
1411 4401 1559 4439 num.
1601 4385 1686 4447 19,
1718 4387 1808 4441 ubi

283 4445 453 4523 |_v_arus
482 4454 594 4523 agit
621 4454 687 4508 de
721 4452 927 4518 Eulogii
953 4455 1423 4523 peregrinatione,
1467 4456 1551 4509 his
1581 4445 1760 4512 verbis
1794 4476 1806 4512 :

243 4529 263 4556 ι
292 4517 543 4596 Necnon
577 4524 770 4596 Avieni
796 4517 1050 4596 _fabulas_
1075 4517 1349 4590 metricas,
1383 4517 1444 4596 et
1475 4524 1808 4596 Hymnorum

241 4589 615 4664 catholicorum
646 4593 844 4664 fulgida
883 4593 1148 4658 carmina,
1178 4609 1298 4648 cum
1338 4589 1539 4650 multis'
1563 4596 1810 4651 minutis-

247 4657 483 4734 siluarum
508 4657 794 4734 causartim
830 4680 895 4718 ex
938 4657 1142 4720 sanctis
1173 4665 1582 4734 quzestionibus,
1611 4666 1810 4721 multo-

243 4741 349 4781 rum
392 4731 606 4801 ingenio
661 4735 1020 4800 congregatis,
1080 4731 1207 4790 non'
1241 4735 1492 4803 privatim
1539 4735 1664 4799 sibi,
1713 4739 1807 4792 sed

243 4803 587 4878 communiter
655 4805 1070 4862 studiosissimis
1142 4805 1552 4874 inquisitoribus
1621 4821 1811 4876 repor-

241 4877 382 4921 tavit.
421 4890 438 4922 ι

246 5002 258 5020 ε
298 4937 414 5020 Alia
456 4942 616 4998 etiam
666 4947 1055 5020 epigrammata
1092 4943 1378 5012 scripsisse
1420 4956 1655 5020 constat,
1695 4961 1815 5016 quae

245 5015 567 5085 inveniuntur
602 5015 806 5085 excusa
842 5015 891 5067 in
929 5024 1104 5085 veter.
1147 5025 1385 5085 poemat.
1430 5016 1524 5073 lib.
1567 5035 1642 5082 Iv,
1681 5015 1816 5085 qne-

247 5086 352 5157 tum
378 5079 540 5157 altero
576 5081 834 5157 §irenum
886 5079 1201 5157 allegoriam
1236 5084 1514 5156 eleganter
1534 5079 1815 5157 pro—sequi-

246 5148 348 5229 illa;
378 5149 541 5229 altero
571 5149 932 5229 Malogranatq
959 5148 1250 5229 describit,
1279 5148 1350 5229 ei
1371 5157 1472 5212 sibi
1503 5148 1641 5212 niitti
1674 5148 1810 5229 petit

243 5220 276 5292 ει
294 5211 560 5292 Flaviano;
588 5232 642 5276 et
671 5211 856 5279 ultimo
884 5221 948 5292 _de
1000 5211 1119 5281 Vitia
1159 5211 1354 5279 rustica
1387 5211 1556 5281 monet
1588 5211 1804 5280 (intima.

1921 3013 2114 3070 haeresi
2155 3013 2421 3069 Joviniani
2469 3029 2567 3083 per
2612 3017 2874 3084 quosdam
2917 3015 3150 3070 eXeitaIa
3192 3016 3453 3072 Arvernis
3493 3035 3505 3070 :

1917 3106 2009 3175 qui
2059 3105 2312 3161 dicebant
2351 3107 2413 3161 Β.
2445 3107 2722 3174 Virginem
2752 3107 2804 3160 in
2837 3115 2992 3176 partu
3022 3114 3334 3176 corruptam
3361 3123 3513 3161 man.

1918 3196 2074 3258 sisse,
2106 3204 2160 3250 et
2201 3196 2298 3250 bos
2329 3197 2549 3251 tendere
2579 3197 2629 3250 in
2662 3197 3045 3264 Carpetaniam
3092 3215 3106 3252 :
3145 3207 3204 3251 ut
3237 3198 3510 3266 vigentem

1919 3286 1969 3340 in
2002 3285 2060 3339 Β.
2095 3285 2366 3357 Virginem
2399 3286 2556 3341 ﬁdem
2595 3287 2707 3341 suis
2741 3285 3042 3342 falsissimis
3103 3286 3400 3341 rationibus
3431 3287 3509 3340 la-

1916 3379 2252 3435 befactarent
2284 3387 2338 3432 et
2364 3380 2584 3434 omnino
2611 3380 2923 3448 perderent.

1983 3471 2108 3525 221.
2131 3471 2344 3534 Petrus,
2373 3471 2463 3539 qui
2487 3481 2670 3541 postea
2696 3471 2797 3525 fuit
2823 3471 3112 3540 episcopus
3124 3469 3504 3538 Aquileiensis,

1917 3562 2147 3616 mittitur
2190 3578 2218 3616 a
2270 3560 2536 3615 Vitaliano
2582 3561 2849 3626 Toletum,
2901 3571 2961 3616 ut
3007 3563 3193 3627 sciret,
3244 3575 3506 3616 verumne

1916 3662 2056 3708 esset
2089 3653 2406 3707 miraculum
2436 3657 2502 3707 de
2528 3654 2648 3706 data
2677 3652 2884 3706 caelesti
2917 3661 3067 3709 veste
3095 3653 3158 3707 D.
3188 3650 3456 3707 lldefonso
3482 3669 3497 3704 ι

1915 3748 2004 3815 qui
2039 3746 2092 3798 fit
2123 3746 2285 3799 etiam
2318 3746 2496 3799 socius
2527 3745 2766 3813 ejusdem
2797 3744 3078 3800 Ecclesiae.

1984 3828 2105 3891 222.
2148 3837 2202 3890 in
2229 3835 2611 3906 Magnilucensi
2643 3834 2991 3900 monasterio,
3023 3832 3167 3906 quod
3201 3834 3303 3890 iste
3329 3834 3503 3890 Gene+

1915 3929 2027 3984 sius
2052 3927 2321 3991 condidit,
2343 3925 2506 3994 jussit
2536 3927 2740 3982 servari
2771 3926 3056 3996 epistolam
3088 3941 3199 3981 sum
3229 3927 3502 3996 responsi-

1917 4039 2067 4087 vam,
2098 4037 2126 4076 a
2156 4021 2218 4077 B.
2249 4020 2518 4076 lldefonso
2545 4019 2789 4083 missam,
2833 4020 2922 4076 ubi
2965 4018 3179 4076 fortiter
3219 4020 3507 4088 impugnat

1916 4113 2059 4168 illam
2086 4111 2335 4168 haeresim
2360 4112 2747 4167 Arvernorum.
3489 4148 3495 4156 ι

1984 4203 2110 4258 225.
2184 4202 2239 4257 1η
2305 4201 2560 4257 Dubiensi
2623 4200 2950 4257 monasterio
3014 4201 3193 4270 posuit
3250 4200 3307 4254 S.
3372 4199 3503 4253 llde-

1919 4330 2023 4382 que
2063 4315 2154 4375 sit.
2208 4328 2395 4367 omnes
2423 4322 2542 4385 non
2571 4311 2867 4385 ambigunt,
2910 4313 3075 4369 nobili
3117 4312 3499 4381 ingenioseque

1917 4386 2033 4439 viro
2066 4385 2269 4438 Avieno
2297 4383 2514 4440 ascribi.

1988 4454 2128 4509 Sunt
2161 4456 2251 4522 qui
2290 4453 2674 4523 putentbujus
2701 4469 2822 4509 esse
2860 4451 3130 4523 epitomen
3163 4465 3356 4523 rerum
3387 4449 3497 4505 Rev

1916 4520 2218 4594 manarum,
2247 4520 2367 4594 qua:
2397 4520 2960 4594 multorum‘manibps
3005 4521 3215 4584 teritur,
3261 4520 3503 4594 Valenti-

1913 4596 2076 4650 niano
2105 4588 2416 4650 imperatori
2447 4593 2621 4648 oblata
2669 4592 2834 4647 Fovet
2866 4588 3253 4645 Volaterranus
3283 4589 3379 4644 lib.
3408 4607 3500 4643 xix

1913 4658 2343 4734 antbropologia:
2380 4662 2559 4718 littera
2592 4663 2667 4734 Β,
2719 4678 2812 4734 eos
2855 4668 3088 4734 taxans,
3118 4658 3208 4727 qui
3256 4659 3313 4713 in
3347 4660 3501 4714 titulo

1913 4728 2128 4791 δείδιυηί
2169 4728 2266 4805 pro
2296 4732 2454 4788 Festo
2502 4731 2642 4805 male
2677 4730 2937 4805 scribunt.
2973 4728 3098 4805 lion
3145 4736 3325 4805 tamen
3359 4745 3481 4805 eum

1912 4807 2033 4862 dem
2063 4797 2184 4859 esse
2221 4813 2497 4859 auctorem
2526 4815 2588 4855 ac
2617 4801 2880 4854 Avienum
2907 4799 3148 4856 arbitror
3179 4814 3192 4848 :
3224 4797 3327 4850 alia
3361 4800 3504 4852 enim

1913 4893 2086 4939 mens,
2135 4875 2272 4929 alius
2311 4871 2726 4946 _animus._al_i_us
2753 4869 2954 4946 genius
2994 4866 3224 4946 Aviepo.
3269 4874 3336 4946 et_
3353 4867 3506 4924 alteri

1913 4947 2053 5003 Rufo
2076 4934 2102 4995 ’τ
2131 4947 2220 5011 qui
2251 4943 2434 5011 etiam,
2463 4941 2507 4994 si
2547 4934 2836 5011 Philandro
2881 4939 3018 4996 ﬁdes
3068 4934 3372 5011 adhibenda
3405 4947 3511 5011 est,

1913 5003 2311 5082 descriptionem
2337 5009 2481 5064 illam
2518 5008 2661 5082 urbis
2690 5007 2888 5082 fiomw.
2930 5019 3110 5082 usque
3137 5003 3512 5082 adhuc_Publii

1914 5075 2151 5141 Victoris
2212 5082 2426 5136 nomine
2487 5077 2886 5138 circumlatam.
2942 5077 3256 5141 delineasse
3307 5075 3511 5139 fertur;

1916 5140 2247 5224 suffragante
2275 5150 2455 5224 itidem
2484 5148 2547 5224 ad
2573 5148 2623 5200 id
2654 5146 2845 5224 Carolo
2871 5145 3108 5224 Sigonio
3136 5140 3424 5224 in.judici_o
3451 5149 3518 5200 de

1915 5214 2192 5283 historicis
2226 5219 2452 5292 Latin_i_s._
2483 5216 2610 5292 lixae
2655 5218 2766 5292 fere
2805 5214 2987 5292 o_mnia
3015 5214 3351 5292 egi-cpistola
3367 5217 3517 5292 fro:
