3982 5292
497 228 630 287 Πϐῖ

1633 224 1971 283 ΛΡΡΕΝΒΙΧ
2011 222 2102 278 AD
2138 221 2648 283 LlUTPﬂANDliM.

3625 231 3748 284 “£8

497 353 682 408 fonsus
742 350 809 405 ad
880 350 1058 403 villam
1115 348 1357 403 lllescam
1422 348 1706 419 imaginem
1758 347 1818 402 B.
1876 328 2053 402 Maria:
2083 337 2130 397 Λ
2158 340 2344 407 διῖιιτῐδ.
2383 358 2503 397 cum
2535 344 2653 399 aliis
2683 344 2782 399 Sub
2812 344 3065 416 praefecto
3104 347 3421 402 Firmiliano
3449 358 3647 415 passus
3675 358 3750 399 est

497 444 742 513 \irginis,
771 458 930 513 quam
964 443 1195 496 habebat
1236 442 1287 495 in
1327 455 1425 496 suo
1448 439 1705 494 oratorio.
1739 439 2061 504 Eborenses,

495 536 579 591 vel
604 534 1024 600 Talabricenses,
1050 543 1288 603 tempore
1309 532 1615 588 Maurorum
1641 532 1883 588 colebant
1908 533 2063 590 istam

494 626 798 697 imaginem.

562 717 685 771 224.
713 716 873 773 Osius
891 717 1174 787 episc0pns
1196 716 1555 773 Cordubensis
1584 715 1831 772 invitavit
1850 716 1915 771 ad
1939 732 2063 772 con~

493 808 673 863 cilium
707 807 988 879 episcopos
1029 808 1330 864 Orientales
1366 808 1703 873 Cordubam,
1743 809 1808 863 ad
1848 822 2063 863 causam

493 896 550 951 8.
616 898 897 953 Athanasii
957 899 1386 954 examinandam.
1444 897 1818 953 Convenerunt
1876 914 2064 953 omnes

491 984 715 1060 Hispani
740 990 806 1043 ad
833 989 1117 1044 concilium
1147 987 1416 1055 nationale
1443 1005 1455 1041 :
1487 985 1657 1041 adfuit
1684 987 1799 1057 ipse
1822 988 2062 1041 Athana-

492 1079 624 1145 sius,
653 1088 708 1134 et
732 1080 970 1149 porrexit
1000 1080 1203 1151 synodo
1231 1076 1622 1134 confessionem
1659 1092 1809 1132 suam
1838 1117 1852 1141 ,
1880 1086 1939 1131 ut
1967 1077 2065 1132 sub

491 1168 631 1227 Julio
656 1171 842 1227 Romae
868 1172 1088 1237 fecerat,
1119 1178 1238 1242 quae
1264 1171 1486 1242 incipit:
1537 1170 1843 1241 Quicunque
1893 1169 2065 1224 salvus

490 1276 600 1317 esse
623 1262 748 1317 vult.
782 1263 845 1317 Et
867 1280 931 1318 ex
956 1278 1018 1317 ea
1040 1263 1307 1318 addidisse
1330 1262 1519 1317 Patres
1548 1262 1744 1317 dicitur
1766 1261 1818 1315 in
1842 1276 1906 1316 eo
1930 1276 2063 1317 con-

490 1353 648 1419 cilio,
689 1352 931 1425 symbolo
961 1352 1175 1408 Nicaeno
1212 1353 1265 1407 in
1293 1352 1535 1408 'articulo
1573 1351 1811 1422 Spiritus
1848 1352 2018 1406 sancti
2049 1369 2060 1405 :

466 1443 596 1511 τρυε
645 1462 677 1500 a
724 1443 886 1499 Patre
929 1443 1169 1514 Filioque
1219 1444 1489 1514 procedit;
1537 1443 1677 1512 quod
1724 1441 2066 1497 confirmavit

488 1542 709 1591 sanctus
736 1536 998 1590 Damasus
1025 1544 1164 1603 post,
1195 1544 1249 1589 et
1280 1535 1348 1589 ita
1378 1535 1429 1589 iu
1460 1535 1634 1603 primo
1662 1534 1920 1588 Toletazzo
1946 1542 2066 1603 post

488 1639 660 1679 annos
684 1623 777 1679 46.
812 1623 895 1679 Ab
927 1624 1031 1679 hoc
1058 1624 1286 1679 concilio
1324 1624 1596 1677 invenitur
1630 1623 1911 1693 particula,
1947 1638 2066 1693 qum.

488 1712 723 1781 primum
756 1712 808 1766 in
839 1710 1096 1782 Hispania
1127 1712 1307 1765 addita
1338 1719 1421 1766 est
1450 1710 1692 1782 symbolo
1732 1711 1976 1773 Memno,
2011 1720 2065 1764 et

487 1808 611 1871 post
637 1801 843 1871 accepit
870 1800 1110 1856 Ecclesia
1148 1800 1408 1854 Romana.
1434 1799 1655 1855 Concilii
1685 1799 1843 1869 hujus
1873 1800 2065 1854 memi-

489 1893 570 1947 nit
596 1890 754 1948 Osius
780 1893 831 1947 in
860 1890 1084 1962 epistola
1111 1891 1176 1945 ad
1202 1891 1574 1947 Constantium
1600 1890 1920 1961 Augustum.

558 1983 683 2039 225.
724 1983 1044 2054 Calpurnius
1073 1999 1290 2054 praeses,
1320 1984 1419 2039 sub
1446 1999 1553 2053 quo
1580 1999 1739 2053 passa
1766 1992 1850 2038 est
1878 1993 2063 2039 saneta

462 2074 697 2131 'Eulalia
744 2074 1095 2131 Emeritensis
1146 2075 1400 2147 [videlicet
1470 2091 1608 2129 anno
1659 2074 1853 2129 Christi
1902 2074 2061 2146 270],

486 2164 737 2221 creditur
790 2164 957 2221 fuisse
1011 2167 1295 2237 prmfectus
1351 2166 1536 2223 Roma:
1592 2162 1691 2222 sub
1743 2166 2066 2239 imperatore

446 2304 454 2311 .
487 2257 734 2315 Claudio.

520 2376 529 2379 —
558 2348 683 2403 226.
710 2348 766 2403 ln
791 2348 1036 2405 faucibus
1063 2350 1228 2404 saltus
1257 2347 1643 2404 Fibularieusis
1665 2358 1749 2404 est
1768 2349 2060 2415 Fibularia,

445 2476 457 2491 .
488 2455 650 2509 quam
683 2440 852 2494 Mauri
886 2449 1212 2495 vocaverunt
1257 2438 1481 2510 Xergal,
1519 2440 1675 2495 sedes
1721 2441 2062 2511 episcopalis.

489 2530 582 2588 Sic
604 2532 658 2587 in
684 2531 911 2588 concilio
936 2531 1264 2587 llliberitano
1287 2547 1397 2596 ιιν,
1424 2531 1543 2587 loco
1565 2528 1845 2587 confirmat
1868 2531 2066 2587 Janua-

487 2622 604 2679 rius
623 2609 912 2697 episcopus
935 2621 1369 2679 Fibulariensis:
1411 2622 1489 2678 sic
1526 2623 1579 2678 in
1617 2623 1936 2693 quibusdam
1975 2638 2068 2679 co-

491 2697 721 2768 dicibtts.

558 2803 682 2857 227.
715 2803 982 2858 Cornutus
1007 2804 1311 2870 Tertullus,
1341 2813 1524 2860 orator
1561 2807 1804 2875 juvenis,
1847 2819 2067 2859 accusa-

487 2893 568 2947 vit
602 2891 659 2947 S.
701 2892 923 2947 Paulum
972 2892 1390 2965 Hierosolymis;
1430 2903 1615 2963 postea
1646 2910 1835 2960 senex,
1864 2894 2067 2966 collega

488 2978 593 3035 fuit
618 2977 774 3036 Plinii
802 2980 1040 3038 Junioris
1063 2982 1117 3038 in
1141 2982 1450 3048 consulatu,
1466 2982 1617 3051 cujus
1642 2984 1886 3040 meminit
1912 2984 2003 3039 lib.
2036 3000 2067 3036 v

489 3070 722 3143 Epistol.

514 3158 517 3163 ’
558 3161 684 3218 228.
719 3161 886 3218 Valde
937 3164 1213 3233 probabile
1238 3174 1321 3221 est
1356 3166 1643 3237 inspirasse
1682 3166 1968 3223 Dominum
2008 3166 2066 3223 8.

487 3251 770 3325 Gregorio,
798 3263 857 3309 ut
881 3264 1061 3311 oraret
1086 3272 1183 3327 pro
1212 3257 1465 3327 Trajano,
1497 3266 1555 3312 ut
1580 3259 1913 3326 salvaretur;
1943 3259 2070 3330 quia

488 3345 721 3400 edictum
754 3355 940 3402 contra
987 3346 1323 3403 Christianos
1368 3350 1581 3403 hortatu
1628 3347 1784 3403 Plinii
1833 3346 2069 3404 Secundi

486 3439 826 3507 proconsulis
856 3440 908 3495 in
940 3437 1191 3512 Bythinia
1223 3440 1457 3513 mitigari
1481 3440 1661 3511 jussit.

538 3530 682 3593 .229.
711 3531 848 3586 Sunt
895 3532 984 3601 qui
1021 3538 1211 3602 putent
1236 3535 1559 3596 Amaonem,
1604 3532 1689 3586 vel
1714 3532 2064 3600 Ammonem,

486 3618 656 3673 filium
686 3618 829 3685 Rufi,
858 3622 1174 3693 discipulum
1198 3636 1266 3677 ex
1288 3622 1376 3687 72,
1400 3622 1484 3677 cui
1517 3637 1637 3677 cum
1660 3620 1893 3690 Cleopha
1913 3622 2068 3677 Chri-

488 3718 606 3765 stus
632 3712 897 3781 apparuit,
939 3712 1063 3766 dum
1092 3712 1232 3768 irent
1256 3713 1362 3768 duo
1388 3712 1439 3767 in
1469 3711 1744 3767 castellum
1776 3712 2065 3778 Emmaus,

487 3800 702 3856 venisse
730 3801 782 3856 in
816 3800 1146 3872 Hispaniam,
1175 3811 1229 3857 et
1258 3803 1366 3868 ibi,
1413 3804 1705 3873 praedicam
1744 3802 2063 3873 Evangelia,

486 3888 785 3967 profectum
816 3890 867 3945 in
909 3890 1109 3946 Soliam
1137 3891 1296 3964 Cypri
1325 3892 1633 3965 civitatem;
1672 3891 2066 3961 przedicatoque

488 3975 561 4032 ibi
591 3977 813 4049 largiter
844 3980 1154 4052 Evangelio,
1179 3997 1395 4051 passum
1429 3982 1463 4036 9
1485 3981 1783 4036 Februarii.

556 4076 684 4131 250.
708 4077 953 4133 Eubulus
974 4119 987 4143 ,
1018 4080 1169 4149 cujus
1195 4080 1441 4134 meminit
1477 4079 1673 4134 Paulus
1700 4079 1766 4134 ad
1796 4079 2066 4134 Romanos

491 4180 611 4235 cap.
637 4166 760 4233 ult.,
793 4168 1029 4223 creditur
1057 4169 1222 4225 fuisse
1248 4168 1499 4225 Galilaaus
1524 4187 1592 4225 ex
1627 4170 1778 4224 Naim
1810 4172 2028 4226 civitate
2046 4211 2061 4236 ,

488 4256 634 4311 ﬁlius
676 4258 849 4313 viduae
892 4273 1051 4327 quem
1099 4259 1355 4315 Dominus
1397 4261 1707 4326 suscitavit,
1752 4269 1807 4316 et
1851 4271 2069 4333 secutus,

2165 432 2232 487 16
2260 424 2557 490 Februarii.

2233 523 2360 579 251.
2405 526 2674 581 Credibile
2717 534 2802 583 est
2841 537 3055 584 sanctos
3092 516 3297 599 septem
3336 528 3638 598 discipulos
3667 528 3753 582 Ja-

2164 618 2281 674 cobi
2315 619 2657 687 pratmonitos
2687 620 2755 676 ab
2781 636 2864 687 eo,
2891 623 3102 677 venisse
3128 623 3191 676 ad
3219 621 3503 676 Bmticam.

2235 709 2362 763 252.
2400 708 2539 763 Sunt
2572 711 2663 780 qui
2707 720 2896 780 putent
2950 711 3006 766 S.
3040 713 3235 766 Rufum
3274 728 3343 767 ex
3368 711 3442 765 72
3479 708 3757 780 discipulis

2166 801 2407 867 Domini,
2448 803 2541 872 qui
2583 801 2681 857 fuit
2711 804 2995 875 episcopus
3026 805 3198 874 primo
3244 804 3583 866 Thebanus,
3636 817 3754 856 mox

2166 892 2516 959 Dertosanus,
2551 910 2580 949 a
2610 895 2667 951 8.
2699 894 2888 962 Paulo,
2914 913 3035 951 cum
3057 897 3204 952 venit
3233 897 3285 951 in
3316 882 3665 965 Hispaniam,
3688 895 3755 947 ibi

2166 985 2410 1040 relictum
2457 986 2806 1057 episcopum;
2857 986 3009 1057 cujus
3051 988 3297 1043 meminit
3342 986 3404 1042 S.
3458 985 3760 1039 Paulosal

2167 1075 2456 1138 Romanos,
2490 1088 2543 1131 et
2567 1075 2624 1131 S.
2660 1076 2984 1149 Polycarpus
3011 1088 3251 1149 martyr:
3284 1076 3385 1131 fuit
3412 1090 3618 1147 passus
3638 1090 3757 1129 cum

2168 1167 2288 1221 aliis
2314 1167 2368 1222 in
2397 1167 2651 1223 Armenia
2680 1168 2765 1223 die
2792 1169 2859 1224 l9
2886 1169 3100 1239 Aprilis.
3124 1169 3234 1223 Sed
3259 1167 3456 1222 melius
3481 1175 3621 1237 puto
3640 1180 3761 1218 sea-

2167 1259 2269 1315 tire
2306 1275 2400 1315 eos
2455 1261 2545 1330 qui
2594 1263 2659 1317 18
2723 1253 3036 1317 Decembris
3090 1276 3209 1315 cum
3265 1261 3487 1315 Zosimo
3538 1273 3755 1327 passum

2166 1349 2309 1404 hunc
2338 1357 2560 1419 putant,
2597 1350 2688 1417 qui
2708 1349 2816 1404 fuit
2850 1350 3132 1419 episcopus
3158 1347 3455 1404 Thebanus
3477 1355 3537 1402 et
3570 1347 3752 1400 Derto-

2168 1456 2351 1496 SilllUS.

2236 1531 2359 1587 255.
2394 1531 2543 1588 Passi
2572 1542 2699 1587 sunt
2726 1534 2871 1589 mille
2892 1534 3076 1589 decem
3099 1534 3343 1589 cruciﬁxi
3370 1532 3578 1587 milites
3599 1546 3755 1601 prope

2170 1627 2551 1683 Alexandriam
2584 1629 2649 1683 ad
2678 1629 2881 1700 Tigrim
2916 1639 2971 1684 et
3002 1629 3222 1683 Eulcum
3272 1642 3492 1683 amnem
3522 1626 3754 1695 positum

2170 1717 2222 1771 in
2257 1726 2466 1783 monte,
2496 1718 2586 1788 qui
2626 1734 2808 1773 ramus
2833 1729 2915 1774 est
2943 1717 3206 1783 Candani,
3235 1717 3416 1788 primo
3439 1715 3533 1771 hic
3560 1715 3760 1769 Cauca-

2169 1823 2283 1874 sus,
2314 1809 2397 1863 vel
2424 1810 2729 1876 Candanus,
2762 1811 2844 1866 vel
2873 1810 3104 1865 Ararath
3143 1810 3318 1864 dictus
3345 1817 3468 1872 est,
3511 1805 3757 1861 ειδιιείῑῑλὶ

2170 1899 2313 1953 circa
2343 1900 2485 1955 dicta
2516 1899 2733 1956 llmnina
2764 1900 2960 1955 felicia.

2238 1988 2364 2043 251.
2421 1988 2526 2044 Alii
2554 1988 2740 2044 dicunt
2773 1989 3062 2046 crucifixos
3092 1990 3157 2045 ad
3194 1996 3434 2043 montem
3484 1986 3754 2051 Ararath,

2169 2080 2258 2147 qui
2289 2078 2483 2135 Latine
2511 2079 2711 2136 dicitur
2740 2080 3014 2151 Equinus,
3053 2094 3189 2150 pars
3226 2079 3494 2133 montium
3526 2077 3763 2131 Gordias-

2168 2183 2359 2223 norum
2388 2187 2400 2222 :
2443 2169 2497 2223 in
2529 2169 2683 2239 cujus
2709 2170 3009 2234 cacumine,
3042 2177 3179 2223 teste
3208 2166 3467 2236 Josepbo,
3495 2180 3629 2218 arca
3655 2164 3764 2217 Nec

2170 2259 2455 2327 requievit,
2503 2274 2683 2329 quem,
2726 2267 2781 2313 ut
2834 2268 3039 2327 partem
3083 2256 3521 2316 Gordiaenorum,
3571 2252 3761 2306 ﬂuvius

2175 2348 2355 2421 Tigris
2383 2350 2592 2419 irrigat,
2624 2358 2678 2404 et
2704 2365 2826 2404 mox
2849 2349 2900 2403 in
2928 2349 3205 2418 planitiem
3229 2346 3471 2417 regionis
3500 2346 3749 2400 Gordiat-

2168 2457 2360 2497 norum
2414 2444 2565 2515 (quae
2613 2442 2844 2497 barbare
2888 2441 3049 2496 etiam
3099 2440 3300 2494 dicitur
3351 2438 3626 2508 Aramlh)
3658 2454 3760 2490 non

2169 2532 2329 2603 longe
2376 2549 2434 2587 Ill
2484 2531 2553 2586 M.
2588 2531 2650 2586 P.
2701 2530 2942 2602 przeterit
2986 2531 3260 2585 civitatem
3304 2528 3652 2592 CliaraCem,
3697 2528 3760 2579 ab

2169 2621 2477 2678 Alexandro
2517 2621 2715 2676 dictam
2758 2619 3172 2685 Alexandriam,
3222 2628 3277 2675 et
3323 2634 3353 2672 a
3402 2618 3597 2673 dextra
3649 2616 3767 2685 ejus

2169 2714 2354 2771 multis
2377 2714 2531 2770 ostiis
2554 2715 2606 2769 in
2630 2714 2808 2770 sinum
2834 2714 3109 2771 Persicum
3133 2713 3562 2783 spatiosissimus
3587 2714 3763 2781 ingreo

2171 2807 2337 2862 ditur.

2243 2899 2367 2954 255.
2402 2898 2541 2955 Nulli
2576 2906 2876 2971 temporum
2912 2899 3392 2953 Romanorum’est
3422 2896 3643 2965 sepeliri
3678 2896 3761 2949 vel

2173 2987 2255 3043 uri
2286 2989 2336 3042 in
2376 2989 2510 3043 urbe
2536 3003 2764 3058 corpora
2802 2996 3171 3053 mortuorum;
3217 2986 3313 3043 sed
3354 2985 3763 3056 sepeliebantur

2170 3088 2343 3133 extra.
2370 3077 2461 3133 Sic
2485 3077 2778 3134 Christiani
2799 3078 3126 3149 sepelierunt
3146 3085 3392 3132 sanctam
3421 3074 3755 3131 Leucadiam

2168 3166 2223 3221 in
2270 3167 2532 3237 pomario
2561 3166 2644 3222 vel
2681 3167 2974 3232 suburbio,
3019 3165 3162 3236 quod
3203 3177 3331 3221 tunc
3380 3181 3545 3221 muro
3590 3164 3759 3219 veteri

2167 3259 2379 3330 longius
2420 3259 2683 3325 distabat,
2721 3258 3011 3330 separatim
3054 3273 3286 3327 corpora
3337 3266 3658 3311 sanctorum
3706 3262 3759 3308 et

2169 3349 2508 3419 pontiﬁcum,
2537 3350 2766 3404 seorsim
2804 3348 3256 3404 Christianorum.
3287 3345 3588 3402 Dicebatur
3615 3344 3761 3401 locus

2170 3438 2258 3494 ille
2284 3438 2559 3509 sepultura
2589 3447 2920 3494 sanctorum.

2236 3531 2362 3584 256.
2392 3529 2569 3585 Macer
2598 3528 2732 3601 Δ[ιιΙ.,
2769 3528 2958 3600 Sacer]
2982 3528 3306 3584 Hierotbeus
3336 3526 3613 3596 Hispanus
3637 3525 3764 3578 Em-

2165 3622 2471 3693 puritanus,
2502 3621 2627 3675 olim
2659 3620 2759 3676 sub
2786 3621 3111 3689 imperatore
3140 3617 3359 3673 Tiberio
3382 3616 3761 3670 Tarraconem

2166 3715 2239 3769 sis
2270 3713 2618 3784 gubernator,
2645 3720 2701 3766 et
2727 3711 2851 3765 inde
2881 3710 3185 3780 porrexisse
3217 3723 3360 3762 anno
3380 3708 3454 3761 45
3478 3706 3754 3778 Cyprum;

2164 3805 2253 3860 ubi
2288 3804 2509 3858 Paulum
2539 3802 2785 3860 audiens.
2814 3816 3107 3857 conversus
3133 3810 3216 3855 est
3239 3800 3306 3854 ad
3336 3798 3524 3863 (idem,
3550 3807 3608 3852 et
3637 3810 3757 3850 eum

2167 3902 2404 3951 seetttus.

2232 3986 2360 4041 257.
2388 3985 2603 4041 Tertius
2629 3983 2830 4039 Fabius
2856 3981 3159 4047 Terentius,
3191 3978 3542 4035 amanuensis
3568 3976 3756 4040 Pauli,

2165 4078 2231 4133 de
2263 4076 2330 4129 72
2355 4074 2654 4145 discipulis,
2687 4074 2838 4142 prius
2862 4072 3049 4128 Mediae
3078 4071 3399 4141 episcopus,
3428 4076 3558 4140 post
3594 4064 3755 4121 lcouii

2167 4181 2361 4237 passus
2390 4174 2474 4221 est
2496 4166 2585 4219 die
2607 4165 2669 4219 21
2705 4162 2871 4229 Junii,
2902 4178 3044 4217 anno
3063 4162 3153 4218 88.

2235 4257 2360 4313 258.
2402 4255 2658 4310 Nervium
2693 4254 2945 4324 oppidum
2989 4268 3155 4323 prope
3192 4250 3481 4321 llliturgim
3511 4250 3755 4305 Batesta-

489 4342 793 4412 Cbristum,
843 4346 959 4417 ejus
999 4346 1289 4420 diacipulus
1338 4349 1433 4403 ﬁt:
1474 4360 1594 4420 post
1646 4349 1871 4405 Romam
1917 4351 2067 4406 venit
2099 4381 2142 4443 υ
2170 4363 2381 4414 norum,
2410 4365 2438 4401 a
2460 4346 2635 4401 Nerva
2664 4345 2963 4410 conditum,
2988 4361 3016 4397 a
3040 4342 3331 4399 Saracenis
3354 4340 3607 4397 Noeuron
3634 4338 3747 4411 [an

486 4453 612 4495 cum
658 4437 848 4503 Petro,
902 4447 958 4494 et
997 4438 1102 4494 fuit
1131 4440 1215 4495 vir
1250 4441 1503 4512 insignis,
1534 4451 1589 4497 et
1624 4458 1653 4497 a
1695 4449 1862 4513 puero
1911 4443 2065 4499 valde

485 4527 674 4583 virtuti
728 4527 977 4595 deditus;
1026 4529 1224 4585 missus
1266 4539 1350 4585 est
1390 4546 1421 4584 a
1469 4530 1528 4587 S.
1568 4531 1734 4587 Paulo
1782 4533 2064 4604 episcopus

483 4616 834 4692 Pamphyliae.
868 4616 1198 4686 Theodulus,
1226 4621 1315 4694 qui
1339 4624 1594 4692 prtedicat
1616 4623 1875 4680 Caesareae
1901 4624 2064 4679 Palae-

486 4845 610 4900 nico
633 4862 694 4923 _n_.
725 4847 851 4923 559,
884 4849 973 4905 ubi
1004 4851 1058 4923 in
1088 4849 1190 4923 illis
1219 4851 1428 4917 verbis,
1457 4854 1546 4923 qui
1575 4869 1712 4908 anno
1746 4852 1849 4908 656
1874 4853 2062 4910 electus

486 4924 568 4994 est
590 4916 768 4994 abigas,
801 4918 1009 4994 legeex
1040 4920 1369 4991 Luitprando
1394 4916 1541 4978 num.
1566 4923 1655 4989 97,
1683 4925 1772 4994 qui
1799 4941 1937 4977 anno
1960 4925 2062 4980 656

486 4984 686 5055 vel_qui
711 4984 1006 5044 anno'657.
1164 4984 1181 4991 ’
1640 4984 1651 4989 ’
1692 4984 1706 4994 ’
1916 5010 1917 5013 η

494 5122 497 5125 _
557 5052 628 5125 [ri
660 5073 754 5109 suo
789 5059 1039 5113 oratorio.
1078 5059 1321 5116 Oratoria
1368 5063 1529 5118 etiam
1579 5062 1895 5118 dicebantur
1936 5066 2064 5120 mdi-

487 5122 837 5212 gula'ahsacrae
875 5128 1041 5212 domi,
1086 5130 1179 5212 sed
1226 5130 1355 5212 foris
1395 5132 1638 5202 publicae.
1679 5131 2064 5212 [nip.rimitivge

2175 4441 2229 4495 Ν
2232 4440 2413 4513 egron]
2445 4438 2666 4495 dicitur.

2239 4532 2363 4586 259.
2396 4529 2454 4585 8.
2484 4530 2674 4585 Xistus
2696 4529 2807 4601 (qui
2831 4528 3172 4599 postmodum
3196 4526 3297 4581 fuit
3322 4523 3565 4595 pontifex
3590 4520 3748 4575 Maxi-

2170 4622 2310 4695 mus)
2339 4624 2524 4679 habito
2549 4621 2722 4679 Toleti
2745 4621 2972 4677 concilio
2994 4618 3234 4675 interfuit
3255 4626 3314 4674 ut
3337 4617 3545 4687 legatus
3566 4628 3746 4684 papzr;

2170 4861 2484 4933 martyrium
2513 4859 2570 4916 8.
2603 4857 2882 4933 Leucadiae
2915 4854 3140 4933 (radicula
3166 4869 3395 4933 sacra.)
3428 4851 3592 4933 Plena
3620 4863 3743 4933 ern-

2169 4919 2388 5003 ditaq'ue
2437 4930 2881 5003 manujcumulat
2929 4919 3080 4997 plura
3110 4919 3744 5003 doctorAAugustittuide

2169 4986 2438 5059 Alorl'anes
2465 5002 2518 5055 in
2550 5001 2867 5069 allegatione
2900 4986 2997 5068 p'ro
3022 4986 3353 5069 ecclesiauS.
3407 4986 3587 5045 Elaris:
3636 4986 3741 5069 lla-

2163 5056 2831 5143 jorisicwsaraugu‘stante
2880 5056 3030 5143 nam.
3086 5065 3190 5143 ἑξ,
3237 5064 3308 5118 46
3344 5071 3429 5143 et"
3454 5074 3607 5128 seqq.
3651 5056 3737 5143 ξτε-

2170 5127 2483 5198 liusVCaasar
2514 5127 2842 5210 Bulengerus
2875 5138 2973 5212 lib.
3026 5152 3086 5212 tu
3116 5127 3204 5212 pe
3248 5131 3462 5212 templis
3649 5127 3733 5212 53.
