3982 5292
147 365 269 424 μεθ
1167 352 1888 412 PSEUDO-MUTPHANDI
1929 317 2394 412 ammissum.
3266 367 3399 422 mo

140 493 314 556 postea
345 478 487 534 venit
515 476 732 540 Oscam,
782 475 923 528 unde
964 473 1082 528 tulit
1125 489 1306 528 secmn
1342 474 1710 534 Laurentium,
1746 475 1788 532 Λ
1820 488 1946 541 pore
1976 475 2237 545 Agilanis,
2267 491 2426 531 causa
2459 476 2606 541 ﬁdei,
2639 479 2762 548 quia
2795 479 3092 534 catholicus
3117 489 3257 545 erat,
3289 495 3408 537 cum

142 580 296 632 tilium
328 580 636 627 sanctorum
658 567 866 623 Orentii
896 577 950 621 et
977 565 1274 620 Patientiae.
1307 565 1409 619 Per
1435 565 1719 634 Hispanias
1825 566 1968 632 filiis,
2001 567 2265 631 Leandre,
2303 569 2603 626 Theodosia
2659 581 2715 626 et
2757 570 3100 637 Flerentina,
3143 581 3202 626 et
3243 589 3412 628 uxore

140 679 378 723 reversus
409 661 654 722 Romam,
689 658 749 712 fit
778 656 1024 714 Pontifex
1053 656 1351 718 Maximus;
1379 666 1431 711 et
1462 657 1718 725 przrscius
1823 656 2104 714 Tlicedera
2133 659 2397 714 Cervella.
2429 661 2744 730 Fulgentius
2780 670 2836 718 et
2875 662 3113 719 Isidorus
3151 664 3261 718 nati
3285 673 3414 720 sunt
3445 717 3450 722 ,

137 757 367 830 martyrii
403 756 460 809 S.
495 751 787 815 Laurentii,
821 749 984 818 jussit
1012 743 1326 803 diaconihus
1353 759 1409 802 ιιι
1437 748 1716 803 Orentium
1822 747 2048 817 Hispali.

137 857 406 924 parentem
449 845 822 904 admonerent,
852 851 910 895 ut
945 840 1148 896 faceret
1180 840 1433 911 templum
1476 841 1532 894 S.
1581 841 1718 894 Lau-
1888 839 2014 893 255.
2073 839 2289 894 Flavius
2347 841 2558 897 Marcus
2603 842 2842 896 Cervella
2871 883 2886 906 ,
2942 842 3047 897 dux
3111 841 3410 911 Gethieus,

136 942 304 998 retilio
331 954 574 1000 sacrum;
610 936 752 1006 quod
791 943 845 990 et
879 934 1045 988 feeit:
1077 944 1128 988 et
1156 943 1275 1002 post
1300 949 1422 986 eum
1454 934 1712 1002 conjuge,
1817 930 2255 999 splendidissime
2283 949 2498 1002 genere,
2532 934 2686 988 duxit
2719 949 2943 990 uxorem
2972 934 3217 1000 Paulam,
3258 935 3432 1004 femi:

133 1047 246 1103 qua:
273 1030 546 1102 prieccssit
575 1044 696 1082 cum
743 1027 796 1080 in
823 1025 1101 1095 martyrio,
1144 1025 1165 1077 -l
1215 1023 1334 1077 Maii
1369 1024 1467 1078 sub
1492 1023 1716 1077 Claudio
1817 1036 1942 1074 nam
1975 1022 2333 1077 clarissimam
2363 1041 2375 1076 :
2417 1038 2483 1078 ex
2511 1025 2704 1092 quibus
2734 1035 2859 1080 nata
2900 1034 2984 1082 est
3018 1025 3204 1082 Flavia
3235 1028 3412 1084 Tbee-

134 1126 347 1194 patitur.
1816 1115 1945 1167 dera
1970 1113 2233 1180 Cervella,
2261 1132 2396 1170 uxor
2419 1117 2571 1172 ducis
2601 1117 2900 1186 Severiani,
2929 1117 3132 1175 femina
3151 1119 3419 1177 Christia-

196 1215 315 1268 240.
353 1212 412 1268 S.
443 1210 756 1282 Fulgentius
781 1209 864 1263 bis
891 1207 991 1262 fuit
1016 1207 1300 1276 episcopus
1327 1206 1713 1274 Carthaginen-
1817 1205 2060 1259 nissima.
2093 1205 2237 1261 Obiit
2267 1207 2299 1261 6
2326 1207 2471 1262 Maii.

131 1311 221 1370 sis.
252 1309 371 1361 inde
404 1305 696 1360 translatus
723 1301 980 1371 Astigim,
1013 1309 1068 1353 et
1106 1307 1388 1369 postremo
1434 1298 1714 1364 Carthagi-
1886 1297 2011 1350 254.
2048 1297 2267 1352 Restitit
2299 1298 2630 1355 Severianus
2657 1300 2900 1371 Aguilaui
2922 1342 2938 1367 ,
2977 1310 3033 1355 et
3072 1302 3330 1358 obsessus
3367 1304 3418 1356 in

133 1417 272 1463 nem,
307 1399 397 1451 tibi
438 1410 636 1466 paucos
665 1408 858 1456 annos,
890 1392 1023 1446 duos
1056 1389 1333 1453 videlicet,
1367 1390 1501 1442 vixit
1532 1390 1582 1442 in
1611 1389 1712 1443 hec
1817 1387 1947 1441 urbe
1979 1389 2306 1460 Carthagine
2337 1389 2618 1459 Spartaria
2653 1391 2837 1462 (quam
2885 1392 3045 1447 Gothi
3076 1393 3291 1463 penitus
3319 1410 3416 1448 ex-

129 1492 459 1561 ρρῖερρρτιιυ,
1815 1478 2084 1547 ciderunt)
2111 1494 2275 1532 causa
2301 1480 2422 1533 fidei
2459 1481 2656 1535 missus
2685 1491 2768 1535 est
2795 1481 3053 1551 Hispalim
3085 1484 3135 1536 in
3163 1484 3416 1538 exsilium

194 1582 319 1634 2M.
367 1579 423 1633 ln
463 1577 742 1632 codicibus
785 1573 1201 1628 eorrectieribus
1229 1572 1518 1626 concilium
1552 1571 1711 1627 Tele-
1817 1584 1957 1624 anno
1984 1569 2018 1622 5
2041 1569 2339 1638 Aguilanis,
2366 1586 2487 1625 cum
2522 1573 2749 1642 conjuge
2776 1582 2830 1628 et
2866 1574 3021 1639 liliis,
3043 1575 3133 1629 ubi
3165 1582 3420 1630 mortuus

131 1683 310 1726 ianum
354 1687 387 1725 τ
427 1669 674 1733 habetur,
717 1681 824 1721 :era
869 1681 1131 1730 eetxxvr,
1170 1665 1510 1734 anneprime
1548 1664 1711 1718 Suin-
1817 1671 1920 1716 est.

131 1761 335 1814 thilani.
1887 1753 2011 1808 255.
2063 1755 2311 1809 Leander
2357 1756 2547 1810 scribit
2597 1756 2662 1810 ad
2711 1772 2952 1812 sororem
3002 1756 3411 1814 Flerentinatn.

193 1856 318 1909 242.
361 1854 542 1917 Paula,
575 1854 641 1907 de
669 1868 864 1922 genere
901 1851 1207 1906 clarissime
1236 1851 1534 1905 Gothorum
1559 1889 1571 1909 ,
1600 1863 1710 1901 ma-
1741 1837 1786 1898 Β
1819 1846 2102 1901 menialem
2140 1846 2566 1912 Benedictinam,
2601 1847 2797 1903 librum
2834 1851 2898 1903 de
2933 1850 3242 1920 virginitate
3264 1889 3278 1913 ,
3329 1848 3412 1902 vel

131 1957 207 1996 μοι’
238 1944 338 1997 fuit
373 1943 670 1998 Theodera:
717 1943 796 1995 vel
822 1941 1140 1994 Theodosia:
1163 1938 1440 2002 Cervellae,
1469 1938 1713 2008 conjugis
1816 1939 1881 1991 de
1911 1938 2245 1992 institutione
2278 1938 2544 2009 virginum
2581 1948 2635 1994 et
2688 1950 2999 2010 contemptu
3038 1942 3248 2007 mundi,
3287 1955 3411 1995 cum

130 2037 434 2099 Severiani,
479 2044 762 2105 parentum
814 2033 1068 2094 Leandri,
1117 2032 1412 2086 Theodera:
1433 2073 1446 2095 ,
1493 2030 1712 2084 Floren-
1816 2042 1957 2086 esset
1985 2032 2071 2086 illa
2105 2033 2170 2086 19
2199 2048 2488 2097 annorum,
2520 2033 2697 2103 primo
2727 2048 2871 2088 anno
2895 2033 2977 2087 sui
3009 2033 3376 2103 pontificatus.

129 2129 267 2190 time,
298 2126 570 2196 Fulgentii
601 2133 656 2178 et
681 2124 892 2187 lsideri,
924 2123 1014 2191 qui
1041 2123 1140 2175 hee
1171 2122 1359 2176 ordine
1387 2122 1497 2174 nati
1529 2129 1674 2174 sunt.
1885 2124 2012 2178 256.
2040 2125 2230 2180 Adhuc
2254 2135 2569 2179 manserunt
2592 2126 2735 2180 mdes
2757 2123 3039 2180 Severiani
3060 2125 3408 2195 Carthagine,

190 2219 318 2273 245.
364 2217 690 2273 Severianus
736 2216 888 2268 duxit
937 2229 1161 2269 livorem
1197 2215 1535 2267 Theodoram
1585 2214 1713 2267 Cer-
1815 2225 1869 2268 et
1902 2229 1988 2268 res
2021 2214 2218 2282 ampla.

127 2313 316 2367 vellam
361 2309 770 2380 quatuordecim
817 2323 1114 2369 annorum;
1155 2307 1392 2360 nascitur
1435 2321 1577 2359 anno
1627 2319 1714 2359 se-
1884 2305 2009 2360 257.
2045 2304 2288 2358 Leander
2324 2305 2632 2375 impetravit
2670 2305 3068 2360 revocationem
3111 2307 3179 2360 ab
3220 2306 3412 2360 exsilio

127 2402 308 2470 qaenti
348 2401 621 2468 Leander,
671 2398 875 2454 scilicet
923 2396 1027 2450 542.
1066 2411 1208 2450 anno
1244 2396 1487 2464 sequenti
1539 2393 1714 2448 Thee-
1817 2401 1980 2455 matri
2027 2415 2172 2462 suaz,
2224 2397 2480 2453 fratribus
2527 2408 2583 2453 et
2620 2399 2900 2454 sororibus
2928 2400 2996 2452 ab
3024 2398 3430 2469 Atbanagitdor

128 2498 280 2556 dera,
313 2492 397 2544 vel
431 2489 750 2553 Theodosia,
777 2502 912 2542 uxor
942 2485 1257 2554 Leovigildi,
1291 2494 1463 2538 mater
1493 2483 1700 2537 Herme-

1861 2490 2099 2544 licedera
2133 2497 2308 2542 mater
2336 2488 2387 2542 in
2418 2488 2633 2552 exsilio,
2663 2488 2906 2543 laborum
2931 2504 3094 2543 causa
3124 2499 3208 2543 est
3236 2490 3433 2559 magis

129 2583 318 2653 imgildi
367 2580 625 2650 martyris
652 2588 705 2632 et
737 2575 1018 2632 Recaredi.
1061 2575 1189 2630 jEra
1227 2590 1499 2628 ntxxxvm
1530 2575 1710 2629 nasci-
1816 2579 2028 2634 fn'mata
2082 2579 2136 2632 in
2187 2577 2288 2633 ﬁde
2339 2586 2394 2632 et
2428 2579 2480 2632 in
2514 2577 2841 2646 virtutibus,
2873 2595 2992 2649 qua:
3024 2579 3196 2635 noluit
3231 2581 3425 2636 redire'

131 2685 212 2728 tur
259 2672 573 2728 Florentina
610 2671 664 2724 in
712 2670 797 2724 die
843 2668 901 2724 S.
950 2667 1211 2723 Florentii
1243 2667 1538 2737 martyris;
1581 2667 1712 2721 obiit
1813 2672 2218 2742 Carthaginem.

127 2775 305 2819 sancte
331 2778 475 2817 anno
501 2761 604 2816 610
635 2773 899 2814 annorum
935 2758 1236 2828 sexaginta.
1884 2762 2010 2816 258.
2041 2761 2098 2816 S.
2137 2762 2424 2816 Montanus
2458 2763 2674 2832 scripsit
2699 2765 2765 2818 ad
2797 2763 3116 2818 Thuribium
3152 2778 3293 2818 anno
3322 2763 3407 2818 ul-

193 2856 316 2910 214.
373 2854 746 2909 Theodericus
796 2867 889 2906 rex
934 2849 1386 2921 Ostrogotliorum
1460 2852 1606 2905 venit
1657 2851 1709 2904 in
1815 2855 1945 2907 timo
1979 2853 2330 2916 Theoderici,
2376 2871 2497 2908 cum
2544 2855 2721 2910 adhuc
2751 2867 2896 2910 esset
2929 2856 2980 2908 in
3026 2855 3319 2925 Hispania,
3353 2865 3408 2910 et

127 2948 458 3018 Hispaniam,
490 2957 543 3003 ct
563 2962 660 3016 pro
687 2961 786 3000 suo
812 2952 1002 3012 nepote
1029 2941 1335 2996 Amalarice
1361 2941 1500 2994 illam
1528 2941 1710 3012 plures
1813 2945 1952 3015 Erga
1981 2956 2124 3000 esset
2146 2945 2318 3000 Toleti
2350 2948 2701 3016 gubernator.

127 3055 290 3094 annos
321 3039 487 3101 rexit,
529 3037 787 3104 duxitque
824 3050 1045 3089 uxorem
1080 3033 1250 3087 Toleti
1293 3033 1609 3094 Santinam,
1644 3032 1710 3086 de
1880 3036 2006 3090 259.
2038 3036 2179 3090 Pons
2212 3037 2468 3091 Serratus
2495 3036 2593 3091 fuit
2632 3037 2802 3092 Toleti
2833 3053 2864 3092 e
2891 3039 3109 3109 regione
3137 3039 3194 3093 S.
3228 3039 3410 3094 Mariae

129 3141 278 3198 gente
305 3130 646 3186 nobilissima
676 3126 1016 3189 Gotthorum,
1051 3141 1115 3180 ex
1159 3141 1266 3194 qua
1304 3124 1420 3178 tulit
1463 3123 1708 3178 Severia-
1812 3130 1878 3184 de
1906 3129 2134 3193 Alﬁcen,
2161 3131 2226 3184 ad
2257 3131 2418 3184 latus.

129 3239 156 3273 n
183 3239 268 3283 Im,
297 3221 646 3290 Carthaginis
669 3220 966 3273 dominum.
1736 3211 1783 3272 C
1883 3221 2007 3277 260.
2045 3221 2301 3276 Sanctina
2331 3225 2482 3293 virgo
2511 3223 2767 3279 Toletana
2787 3264 2801 3287 ,
2845 3234 2966 3292 post
2999 3239 3134 3277 uxor
3165 3223 3411 3279 Theode-

189 3313 312 3367 245.
345 3312 656 3382 Karadigna
690 3311 920 3379 primum
961 3310 1012 3363 in
1046 3309 1295 3378 Hispania
1329 3309 1709 3363 Benedictiiio-
1818 3312 1938 3376 rici,
1972 3313 2213 3365 nascitur
2243 3312 2416 3366 Toleti
2448 3329 2588 3366 anno
2617 3313 2741 3366 480.

127 3420 238 3457 rum
264 3403 577 3458 cmuobium
609 3403 720 3472 (ubi
756 3401 1006 3466 Santina,
1046 3417 1182 3454 uxor
1210 3399 1530 3454 Theoderici
1569 3403 1710 3470 regis
1882 3403 2010 3456 26L
2039 3403 2113 3456 Ex
2145 3402 2428 3466 Sauctina,
2457 3403 2540 3455 vel
2573 3402 2812 3466 Sanctia,
2853 3402 3174 3464 Theoderici
3205 3417 3440 3467 uxorc,.

127 3498 284 3564 j_;.ect,
317 3506 372 3551 et
401 3495 564 3550 habet
607 3493 711 3547 200
742 3491 1033 3546 monachos
1078 3490 1379 3560 martyres)
1422 3491 1562 3544 dicta
1611 3491 1712 3544 fuit
1817 3494 1952 3548 duos
1981 3494 2120 3548 filios
2145 3493 2392 3560 sustulit;
2427 3492 2845 3556 Theodericum,
2882 3493 2971 3562 qui
3010 3492 3225 3560 juvenis
3266 3508 3416 3547 mer-

133 3600 365 3658 tempore
395 3585 696 3642 Gothorum
727 3593 780 3637 et
826 3582 1193 3636 Romanorum
1225 3578 1567 3633 Κιινιιάὶηιηε.
1821 3597 1944 3640 tuus
1969 3593 2076 3648 est,
2103 3593 2158 3638 et
2177 3583 2334 3652 jacet
2353 3600 2478 3638 cum
2508 3594 2679 3637 matre
2703 3585 2886 3653 regina
2916 3585 3157 3650 Sanctia,
3184 3585 3323 3654 apud
3351 3583 3410 3636 S.

193 3678 321 3732 3W-
355 3678 413 3732 S-
447 3676 677 3731 Carolus
705 3675 950 3744 Magnus,
987 3672 1108 3727 Περὶ
1150 3673 1202 3726 in
1244 3671 1524 3738 l'IVCIIl'llc
1551 3670 1716 3724 fuerit
1820 3676 2512 3747 PetrumiKaradinensem,
2547 3684 2601 3728 et
2632 3675 2972 3730 lilverianum
3005 3675 3129 3740 παι,
3161 3673 3414 3730 Severia-

133 3772 209 3836 (ειῐ
239 3769 324 3822 iiii!
355 3767 461 3823 fert
492 3767 644 3835 321³8)
675 3765 885 3828 (Ιρὶιίιίε,
912 3765 1025 3835 jam
1055 3763 1228 3817 Γιιειυε
1262 3763 1364 3825 \‘il‘,
1394 3763 1564 3816 CV35"
1592 3778 1716 3816 san-
1822 3773 1996 3845 num],
2023 3774 2114 3842 qui
2149 3771 2250 3826 fuit
2277 3781 2555 3826 ιιχοηιιιιε,

133 3866 400 3920 ctissimus
426 3881 440 3919 :
485 3865 538 3918 in
575 3862 747 3919 Gallia
778 3871 834 3915 et
862 3859 1181 3919 Germania,
1231 3873 1294 3912 ac
1338 3857 1585 3910 Flandria
1605 3898 1620 3921 ,
1659 3865 1717 3910 ut
1890 3866 2017 3920 262.
2048 3865 2273 3918 Moritur
2299 3863 2557 3918 Sanctiua
2584 3881 2677 3918 vni
2702 3863 2779 3916 Id.
2809 3862 2956 3927 Maii,
2981 3877 3088 3931 que
3111 3861 3196 3916 die
3219 3860 3442 3916 festum.

134 3957 299 4010 sancti
356 3954 692 4010 confessoris
751 3951 1013 4005 int-moria
1067 3948 1279 4003 colitur.
1347 3947 1493 4002 Obiit
1547 3946 1718 4015 Aquis
1823 3955 1880 4010 S,
1915 3954 2214 4018 Michaelis,
2246 3963 2300 4008 οι
2335 3953 2546 4008 concilii
2583 3953 2826 4006 Toletani
2855 3960 2957 4006 est.

132 4045 342 4100 tiraniis
364 4045 491 4118 [al.,
517 4041 843 4113 Germaniis]
877 4041 1048 4110 major
1077 4039 1508 4109 septuagenarie,
1537 4038 1604 4090 28
1629 4036 1704 4092 Ja<

1890 4045 2014 4100 265.
2049 4044 2105 4098 S.
2142 4043 2209 4097 Μ.
2247 4043 2485 4112 Elpidius
2509 4043 2775 4109 Julianus,
2805 4043 2861 4098 S.
2889 4042 3075 4098 Jacobi
3101 4041 3414 4112 discipulus.

137 4143 331 4202 nnarii.
369 4158 516 4197 anno
542 4140 665 4194 8H.
1822 4135 2031 4205 primus
2057 4133 2364 4203 episcopus,
2393 4133 2685 4187 Toletanus
2714 4133 2831 4186 fuit.

201 4233 325 4285 247.
352 4233 512 4286 Credi
541 4247 604 4284 ur
624 4243 746 4284 esse
771 4228 828 4282 S.
857 4224 1079 4282 Carolus
1103 4223 1328 4295 Magnus
1350 4232 1467 4294 post
1490 4230 1716 4278 mortem
1893 4226 2022 4282 264.
2066 4225 2271 4282 Mamas
2305 4225 2584 4281 confessor
2612 4242 2679 4279 ex
2712 4233 2885 4279 tractu
2917 4225 3153 4281 Tudensi
3181 4226 3422 4280 creditur

138 4326 309 4380 cultus
337 4343 365 4380 a
405 4323 702 4378 Toletanis.
1824 4318 2034 4374 delatus
2059 4316 2315 4388 Cyprum.
2348 4315 2557 4370 Floruit
2589 4315 2675 4370 hic
2705 4315 2805 4369 sub
2855 4323 3096 4383 tempore
3120 4313 3419 4369 Gothorum

203 4417 324 4470 248.
355 4415 414 4470 S.
441 4414 770 4482 Torquatus,
802 4410 859 4464 S.
887 4409 1074 4466 Jacobi
1095 4409 1406 4480 discipulus,
1444 4419 1720 4478 pertrans-
1827 4427 1970 4467 anno
1993 4410 2097 4465 500
2123 4410 2203 4465 vel
2232 4408 2479 4472 circiter;
2524 4407 2660 4461 obiit
2700 4407 2902 4462 mensis
2940 4405 3167 4476 Augusti
3198 4405 3298 4469 26;
3337 4415 3424 4460 est

141 4506 200 4560 iit
241 4505 440 4560 fluinen
492 4501 838 4572 profundum,
885 4509 1041 4569 rupto
1079 4509 1276 4568 ponte,
1328 4506 1384 4552 et
1417 4497 1720 4552 celebratur
1753 4566 1787 4572 _
1825 4503 2121 4556 confessor.
2169 4499 2435 4567 Tempore
2478 4496 2820 4561 Maurorum,
2853 4497 3058 4551 relictis
3089 4495 3334 4564 reliquiis
3365 4496 3420 4548 in

143 4596 206 4648 l5
234 4595 378 4650 Maii.
493 4566 508 4572 _
951 4566 967 4569 τ
1081 4566 1091 4568 ἡ
1753 4566 1798 4625 D
1828 4592 2094 4654 Asturiis,
2137 4600 2191 4642 et
2221 4566 2318 4658 per
2341 4588 2649 4658 Hispanias,
2682 4589 2748 4643 ad
2779 4587 3017 4658 Cyprum
3041 4585 3250 4641 delatus
3277 4594 3361 4641 est
3391 4602 3420 4640 a

204 4689 327 4743 2i9.
358 4687 610 4743 Creditur
636 4685 692 4740 S.
720 4684 1051 4746 Montanum,
1079 4696 1200 4735 cum
1218 4687 1358 4735 esset
1379 4679 1720 4733 archidiaee-
1831 4681 2174 4735 Christianis.

140 4798 237 4834 nus
269 4780 561 4835 Toletanus
582 4822 594 4841 ,
641 4780 693 4859 in
709 4778 942 4832 adventu
984 4784 1038 4832 et
1069 4774 1378 4842 receptiene
1400 4771 1720 4826 Theoderici
1899 4797 2023 4852 265.
2059 4797 2249 4866 “operi
2281 4797 2334 4850 in
2361 4795 2596 4851 πρῶνες
2627 4795 2684 4850 s.
2712 4796 2770 4850 Ε.
2802 4795 3156 4852 Emerilensis
3182 4793 3427 4850 codicem

141 4871 745 4942 mgisOstrogotherum
770 4883 874 4922 non
901 4881 1088 4937 parum
1110 4864 1364 4926 valuisse,
1383 4872 1444 4916 ut
1463 4871 1606 4916 esset
1627 4877 1713 4930 pa-

1861 4888 2028 4956 itteris
2069 4885 2338 4942 Getthicis
2369 4896 2683 4947 exaratum,
2725 4886 2774 4939 in
2807 4901 2916 4953 quo
2945 4885 3230 4942 dicebatur
3269 4884 3433 4941 Gem-

143 4961 289 5016 citice
319 4972 570 5030 receptus
598 4969 655 5014 ut
684 4968 828 5014 tuter
852 4958 992 5025 regis
1022 4955 1311 5012 Amalarici
1343 4953 1552 5024 nepotis
1583 4955 1723 5046 ejus.
1836 4953 2042 5046 mutum
2071 4976 2276 5031 dmum
2321 4989 2350 5028 a
2382 4975 2582 5032 Mauris
2611 4973 3102 5043 σααάαιίαπατωη,
3143 4974 3308 5029 etiam
3337 4977 3434 5033 ai.

212 5052 336 5107 250.
365 5052 500 5108 Cum
530 5052 912 5107 Theodericus
941 5064 1036 5104 rex
1079 5047 1527 5117 Ostrogothorum
1580 5045 1730 5102 venit
1837 5045 1983 5124 ’cmm
2011 5083 2132 5126 esse
2164 5068 2470 5140 Eplaceanh

149 5143 194 5170 ξι-
219 5142 527 5170 ιΙΖι-ηηεςῖηιη
581 5145 828 5172 ιιι-τιμήσειν.
861 5141 1196 5172 Διὶδηηηι³ῆηὶ
1439 5141 1580 5172 pundo
1606 5138 1731 5172 ΓΙΛ..
