3982 5292
193 259 319 316 1177

1233 261 1953 320 PSEL'DO-LIUTPRANDI
1994 268 2430 328 ADVERSARIA

3305 294 3440 352 1178

186 376 352 436 pri-at.
409 366 536 420 inde
596 365 806 429 omnia,
862 366 946 421 vel
997 367 1159 421 multi
1203 371 1462 426 translata
1517 382 1640 428 sunt
1701 375 1751 427 in
1787 378 1829 434 Λ
1861 373 1983 428 licet
2012 392 2119 431 mra
2168 394 2380 444 ncxuv,
2416 392 2572 439 natus
2603 396 2681 440 est
2713 385 2763 441 in
2803 387 2916 445 mile
2961 401 3183 461 paterna
3216 397 3273 451 S.
3306 399 3444 458 llde-

187 463 392 514 ltatinm
417 459 660 512 codicem
688 458 1028 514 Ovetensem.

248 549 367 604 9.63.
403 547 580 618 Magni
625 546 870 602 facienda
896 558 976 604 est
1008 550 1121 604 lucc
1168 552 1434 622 synodus,
1480 556 1548 608 ad
1592 571 1753 624 quam

183 641 278 693 fuit
319 641 590 692 maximus
620 654 917 694 concursus
958 642 1509 712 archiepiscoporum,
1541 646 1752 714 episco-

179 746 396 801 porum,
448 729 703 783 abbatum
752 739 807 783 et
857 730 1250 798 palatinorum,
1311 743 1574 802 praesente
1630 751 1754 806 rege

182 823 494 876 Wambane.
519 821 630 874 Nec
657 821 828 890 potuit
863 838 966 875 non
996 822 1085 876 ditt
1109 825 1434 891 continuari,
1465 827 1589 878 dum
1622 842 1754 880 nna-

175 930 398 985 qnarque
450 913 690 972 Ecclesia
751 915 988 968 ostendit
1050 914 1184 968 lines
1228 916 1308 968 sui
1364 918 1656 986 pontificii,
1699 928 1754 973 et

174 1020 364 1057 causas
386 1003 729 1073 querelarum
769 1004 920 1057 audit
951 1006 1063 1074 ipse
1106 1021 1221 1060 rex.
1260 1006 1341 1060 Ob
1372 1007 1422 1060 id
1454 1008 1506 1062 in
1544 1009 1750 1064 duabus

175 1094 416 1148 ccclesiis
456 1101 510 1147 et
539 1092 750 1162 templis
781 1095 1105 1150 suburbanis
1129 1105 1248 1150 acta
1280 1106 1363 1150 est
1393 1101 1664 1169 synodus:
1698 1102 1751 1157 in

172 1184 337 1237 altero
365 1183 600 1251 incmpta
626 1200 639 1246 ;
676 1184 728 1236 in
756 1183 926 1237 altero
955 1184 1124 1240 finita.

237 1273 361 1328 269.
419 1273 663 1327 Concilio
704 1290 764 1328 tu
813 1275 1072 1330 Toletano
1112 1277 1474 1334 interfuerunt
1519 1279 1587 1335 68
1637 1279 1750 1349 epi-

171 1364 308 1435 scopi
334 1381 349 1428 ;
390 1379 444 1417 IV
491 1380 619 1417 vero
645 1364 904 1419 Toletano
935 1367 1002 1420 69
1040 1383 1160 1422 cum
1191 1372 1422 1434 vicariis,
1455 1373 1484 1424 7
1511 1371 1747 1441 episcopi

170 1456 314 1524 plus,
367 1462 423 1508 et
471 1454 504 1508 4
558 1455 740 1508 vicarii
791 1456 1152 1511 interfuerunt
1200 1460 1286 1514 isti
1343 1463 1602 1524 concilio,
1659 1463 1745 1516 ubi

169 1547 322 1600 sedes
363 1555 627 1614 reparatm
663 1555 789 1599 sunt
832 1555 882 1600 et
932 1549 1214 1602 restitutio.
1267 1549 1376 1605 Nec
1422 1550 1580 1605 aliter
1631 1551 1747 1605 fieri

168 1638 356 1708 potuit,
390 1638 526 1707 quin
553 1654 646 1691 rex
694 1639 1000 1709 designaret
1041 1640 1241 1709 aliquot
1267 1641 1476 1709 judices
1506 1645 1746 1713 singula—

1859 465 2065 532 fonsus,
2094 479 2216 532 post
2243 471 2533 529 Toletanus
2562 478 2822 546 pontifex.

1925 557 2049 612 277.
2093 558 2148 612 In
2195 561 2438 630 pluribus
2479 567 2756 622 codicibus
2786 569 3023 626 Liviauis
3052 574 3084 626 ’5
3123 580 3308 634 decad.
3342 583 3438 640 lib.

1854 661 1970 707 vm,
2003 647 2197 714 legitur
2218 650 2472 720 Iliturgis,
2508 655 2735 724 simplici
2761 659 2813 723 l;
2845 670 2896 715 et
2919 663 2990 716 ita
3021 664 3300 735 legendum
3333 683 3438 738 est,

1856 735 1922 788 ad
1956 735 2309 794 differentiam
2361 742 2583 797 alterius
2617 745 2847 811 Barlicar,
2880 766 3000 819 qua:
3047 756 3304 810 scribitur
3332 735 3435 814 du;

1853 825 1996 895 plici.
2029 826 2179 895 Apud
2209 830 2488 900 Eulogium
2516 834 2745 904 simplici
2777 841 3054 894 scribitur.

1921 918 2046 972 9.78.
2071 919 2428 980 Probabiliter
2468 930 2728 995 sentiunt,
2781 935 2869 1002 qui
2916 946 3108 1005 putant
3135 941 3436 999 Flaviobri-

1853 1027 1974 1077 gam
2005 1028 2124 1068 esse
2161 1017 2454 1083 civitatem,
2487 1037 2646 1090 quam
2677 1024 2845 1079 Mauri
2875 1028 3166 1086 0rduniam
3204 1051 3434 1092 vocave-

1856 1112 2010 1167 runt,
2062 1118 2223 1176 caput
2269 1111 2554 1168 Amanium
2603 1117 2950 1187 populorum,
3000 1127 3091 1193 qui
3139 1142 3265 1192 pars
3310 1141 3438 1186 sunt

1853 1191 2267 1260 Antrigonornm
2301 1201 2638 1268 populorum.

1921 1283 2043 1338 279.
2075 1286 2296 1354 L’xama,
2322 1292 2806 1364 Segisamnnclum,
2841 1303 3116 1371 Virbesca,
3147 1309 3432 1379 Antccuia,

1853 1374 2137 1465 D‘eohriga,
2182 1379 2750 1454 Vimlelia,~Salionca,
2783 1392 3011 1448 Tritium
3040 1397 3205 1465 (aliud
3237 1417 3268 1455 a
3307 1374 3430 1457 Tri;

1850 1463 1937 1518 cio
1977 1464 2210 1537 Metello)
2264 1469 2605 1545 Vindelcgra,
2651 1483 2910 1549 parebant
2951 1463 3175 1542 colonia:
3221 1491 3437 1548 Flavio-

1851 1553 2036 1624 brigte,
2068 1571 2188 1625 quae
2212 1569 2373 1631 caput
2403 1561 2593 1620 harum
2624 1579 2760 1635 erat,
2803 1581 2856 1626 et
2877 1572 3234 1640 jurisdicundi
3267 1595 3432 1637 causa

1849 1656 1912 1696 eo
1943 1647 2215 1713 petebant.

168 1747 281 1784 rum
328 1731 706 1800 metrOpolum,
755 1731 844 1800 qui
897 1747 984 1786 res
1027 1733 1356 1802 compositas
1398 1734 1464 1787 ab
1511 1735 1639 1802 ipsis
1681 1734 1746 1788 ad
1781 1747 1822 1806 Β
1919 1735 2046 1790 280.
2080 1738 2380 1809 Pugnatum
2413 1756 2496 1800 est
2544 1763 2573 1801 a
2625 1749 2883 1808 Romanis
2928 1757 2995 1811 ad
3023 1757 3317 1829 Belgidam,
3347 1763 3433 1818 vel

167 1822 338 1891 ipsum
383 1822 697 1888 deferrent;
743 1833 903 1891 atque
949 1823 1020 1876 ita
1067 1835 1247 1892 posset
1296 1826 1560 1879 sententia
1609 1827 1749 1894 regis

171 1929 232 1965 rx
265 1914 505 1967 omnium
539 1929 804 1969 consensu
831 1923 886 1968 et
915 1914 1089 1983 palam
1125 1913 1376 1983 proferri,
1405 1923 1459 1968 et
1484 1914 1551 1968 ab
1577 1916 1749 1968 omni-

166 2004 264 2057 bus
292 2005 600 2073 approbari,
626 2013 685 2059 ut
727 2013 872 2074 patet
899 2021 962 2059 ex
994 2004 1256 2073 frequenti
1291 2006 1606 2075 repetitione
1641 2008 1750 2062 sin.-

161 2095 408 2162 gulorum
455 2095 895 2160 acclamantium,
943 2111 1004 2150 ac
1047 2097 1339 2152 identidem
1385 2113 1508 2152 cum
1562 2099 1745 2152 laetitia

89 2247 94 2252 _
161 2189 452 2242 dicentium
484 2206 497 2241 :
539 2188 742 2251 Placet,
776 2189 971 2256 placet.

227 2279 354 2332 9.70.
403 2279 458 2331 lu
493 2279 594 2332 hac
637 2279 903 2335 divisione
940 2297 1043 2336 non
1073 2291 1347 2351 ponuntur
1375 2285 1588 2340 termini
1637 2301 1742 2340 me-

161 2369 614 2436 tropnlitanarum
653 2369 1038 2436 Ecclesiarum,
1083 2387 1148 2426 ea
1183 2373 1250 2428 de
1293 2389 1476 2439 causa,
1505 2376 1629 2445 quia
1660 2375 1748 2443 ju-

163 2459 404 2512 risdictio
440 2459 853 2526 metropolitana
900 2477 1004 2516 non
1051 2462 1224 2517 solum
1263 2479 1384 2520 sese
1417 2466 1744 2520 dilfundebat

164 2551 214 2604 in
244 2568 396 2606 suam
445 2553 741 2619 dimccsim,
776 2555 867 2608 sed
906 2555 958 2609 in
987 2571 1176 2612 onmes
1203 2557 1304 2613 sibi
1340 2561 1644 2629 subjectas;
1686 2570 1745 2614 ut

163 2643 303 2696 Calor
327 2644 507 2698 cordis
536 2645 747 2700 cunctis
773 2647 1030 2702 membris
1051 2650 1354 2705 communis
1388 2661 1488 2705 est.

228 2735 350 2787 27f.
403 2736 460 2788 In
503 2746 716 2791 vetusto
762 2738 948 2794 codice
996 2741 1188 2795 litteris
1229 2741 1498 2797 Gotthicis
1541 2745 1742 2815 scripto

165 2827 374 2879 memini
431 2843 517 2881 me
575 2828 768 2897 legisse
825 2830 876 2882 in
925 2830 1230 2895 Germania,
1285 2833 1336 2885 in
1390 2833 1530 2899 Vita,
1581 2850 1740 2902 quam

161 2914 324 2968 Cixila
358 2916 647 2972 Toletanus
673 2920 1106 2990 archiepiscopus
1128 2923 1366 2992 scripsit,
1400 2923 1457 2976 Β.
1493 2923 1739 2980 lldefonsi

159 3008 312 3061 etiam
363 3009 606 3064 Toletani
654 3012 962 3080 pontificis:
1044 3013 1304 3068 Leucadia
1357 3017 1530 3070 dixit:
1600 3017 1737 3072 llde-

1856 1827 2102 1920 h’elliam,
2129 1832 2213 1886 vel
2240 1833 2514 1908 Velligam,
2550 1842 2632 1895 vel
2661 1842 2931 1910 Vellicam,
2961 1845 3012 1901 in
3039 1827 3344 1920 Cantabris,
3375 1864 3434 1909 ut

1852 1913 2020 1973 refert
2069 1920 2130 1974 L.
2177 1923 2370 1980 Florus
2399 1945 2412 1981 :
2458 1930 2572 1984 haec
2602 1941 2682 1985 est
2714 1935 2872 1987 modo
2901 1935 3124 2004 Spinosa
3152 1957 3182 1995 a
3232 1913 3432 2000 Mauris

1851 2008 2013 2075 dicta,
2046 2022 2103 2067 ut
2140 2015 2470 2086 Araquellos,
2499 2021 2580 2074 vel
2615 2018 2822 2092 Racim,
2848 2026 2930 2080 vel
2958 2029 3283 2100 Arandillos,
3322 2052 3430 2091 non

1849 2103 2035 2168 procul
2065 2120 2092 2156 a
2130 2105 2368 2162 fontibus
2408 2111 2561 2165 lberi.
2598 2113 2691 2168 Est
2725 2125 2904 2170 autem
2953 2119 3300 2192 Segisamona
3335 2143 3432 2197 po-

1849 2193 2004 2261 pulus
2053 2196 2499 2270 Turmodigorum
2534 2203 2610 2276 [al
2637 2247 2654 2270 ,
2698 2207 3168 2288 Cnrmodignrum]
3215 2193 3431 2290 (vocant

1849 2279 2106 2338 Saraceni
2134 2286 2416 2359 Osornum)
2443 2308 2544 2346 non
2574 2296 2757 2363 procul
2785 2315 2811 2350 a
2837 2279 3184 2370 Segisatnona
3215 2279 3432 2366 eorum-

1848 2372 1968 2427 dem
1997 2375 2443 2448 Turmodigorum
2467 2380 2587 2453 [al.,
2607 2383 3102 2460 Curmodigoruml,
3118 2410 3252 2463 quos
3276 2410 3432 2456 vocat

1846 2463 2038 2521 Florus
2068 2467 2382 2540 Curgom’os.

1913 2555 2040 2610 281.
2092 2557 2276 2614 Aitate
2325 2578 2441 2616 mea
2490 2576 2761 2634 repertum
2809 2579 2888 2624 est
2931 2571 3192 2630 Corduba:
3231 2593 3427 2648 corpus

1847 2645 1906 2701 S.
1953 2648 2144 2704 Laurm
2189 2656 2469 2724 martyris,
2515 2667 2640 2712 ante
2689 2661 2758 2715 90
2803 2672 2858 2716 et
2897 2666 3128 2731 amplius
3176 2645 3348 2726 annos
3394 2689 3426 2727 a

1847 2737 2132 2796 Saracenis
2173 2746 2386 2800 occisa}.
2420 2748 2544 2803 Haec
2574 2760 2690 2805 erat
2737 2755 2802 2808 de
2841 2757 3175 2815 nobilissimo
3231 2779 3430 2832 genere

1845 2826 2189 2886 Muzarabnm
2223 2834 2666 2903 Cordubensium,
2699 2852 2752 2897 et
2797 2861 2916 2898 cum
2949 2847 3008 2901 S.
3039 2826 3428 2910 Aurea'Cute-

1843 2920 2072 2975 clarensi
2131 2925 2403 2981 abbatissa
2467 2931 2686 2997 speciali
2743 2938 3156 2994 necessitudinis
3211 2943 3426 2999 vinculo

1840 3012 2146 3080 conjuncta.
2175 3015 2219 3068 Λ
2251 3019 2566 3086 parentibus
2597 3021 2648 3074 in
2681 3026 3080 3082 matrimonium
3112 3029 3277 3086 nobili
3308 3034 3426 3090 viro

158 3098 324 3166 fonse,
371 3116 470 3170 per
498 3111 546 3156 te
575 3104 704 3156 vivit
739 3104 954 3159 domina
988 3120 1102 3159 mea
1127 3124 1142 3160 :
1175 3123 1294 3176 quae
1322 3108 1481 3163 lectio
1509 3109 1628 3178 plus
1655 3125 1741 3164 ar-
1769 3113 1812 3174 C
1845 3101 1991 3164 diu“,
2015 3103 2150 3157 duas
2186 3107 2426 3176 suscepit
2468 3108 2635 3176 Μῖθεὶ
2672 3127 2794 3166 cum
2825 3117 3018 3182 ‘l'libus
3043 3128 3165 3188 Ροει
3190 3121 3222 3174 6
3251 3137 3424 3178 annos

157 3190 308 3256 ridet,
339 3208 502 3261 quam
537 3194 659 3259 alia,
691 3211 809 3264 qua:
841 3198 1004 3252 habet
1034 3217 1045 3250 :
1083 3196 1227 3251 Dixit
1265 3199 1563 3269 lldefonsus
1586 3215 1604 3253 :
1633 3201 1738 3256 Per

154 3282 312 3334 vitam
341 3283 596 3338 lldefonsi
631 3287 760 3340 vivit
787 3289 1000 3342 domina
1033 3306 1172 3344 mea.

216 3373 336 3427 272.
373 3377 546 3430 Aiunt
587 3379 794 3447 aquilas
843 3381 1019 3449 regias
1064 3397 1092 3433 a
1127 3382 1250 3449 polo
1283 3383 1334 3436 in
1378 3385 1558 3453 polum
1601 3387 1736 3441 voli-

154 3471 308 3528 tasse,
339 3476 394 3522 et
433 3470 501 3522 ob
529 3469 580 3523 id
608 3470 862 3524 dicuntur
888 3472 1114 3541 apostoli
1146 3473 1355 3542 aquila’,
1389 3477 1528 3544 quod
1563 3486 1732 3532 totum

150 3558 327 3612 orbem
355 3563 726 3631 peragrarint,
750 3562 903 3630 juxta
929 3563 1055 3617 illud
1079 3563 1390 3618 Ecclesiast.
1421 3584 1434 3618 :
1466 3565 1563 3619 Via
1583 3570 1735 3638 aqui-

155 3646 216 3700 lrc
250 3650 302 3703 in
327 3653 474 3706 caelo.
509 3653 809 3721 Dicuntque
855 3652 1042 3708 Jovem
1073 3655 1206 3709 duas
1251 3655 1457 3723 aquilas
1496 3657 1732 3723 misisse,

155 3741 374 3798 alteram
402 3746 472 3799 ab
491 3753 638 3810 ortu,
666 3745 890 3800 alteram
920 3747 988 3800 ab
1013 3761 1207 3801 occasu
1239 3763 1253 3812 ;
1287 3761 1487 3815 easque
1517 3750 1730 3803 demum

157 3828 404 3902 Delphos,
435 3836 622 3890 urbem
665 3834 908 3902 Graecia),
937 3852 1058 3908 qutc
1101 3838 1298 3893 dicitur
1327 3837 1464 3892 orbis
1494 3842 1730 3906 ὀμφαλὸς,

155 3921 253 3978 hoc
283 3937 386 3993 est,
420 3928 716 3993 umbilicus,
743 3931 1077 3985 convenisse.

220 4014 340 4069 9.75.
405 4014 650 4087 lllilurgi,
701 4020 894 4074 civitas
933 4027 1014 4074 est
1060 4021 1112 4072 in
1167 4019 1488 4083 Batcstanis,
1543 4022 1732 4077 itinere

155 4104 383 4176 quinque
442 4110 652 4164 dierum
719 4111 926 4165 distans
976 4127 1007 4165 a
1053 4111 1382 4182 Carthagine
1426 4111 1729 4181 Spartaria.

155 4197 311 4265 (itijus
337 4199 521 4256 Livius
545 4202 804 4266 meminit,
839 4203 1080 4272 hancque
1111 4202 1291 4273 Spicio
1315 4205 1600 4260 detnolitus
1627 4216 1728 4260 est.

158 4284 249 4340 llic
273 4291 512 4346 creditur
539 4295 861 4362 prredicasse
897 4293 952 4348 S.
985 4294 1366 4362 Euphrasium,
1395 4297 1729 4366 episcopum-

156 4390 254 4443 que
281 4379 444 4438 fuisse
469 4384 902 4456 llliturgitannm.

1839 3205 1904 3244 eo
1937 3191 2169 3257 viduata,
2201 3196 2266 3249 ad
2291 3200 2674 3254 monasterium
2707 3200 2762 3255 S.
2785 3203 2944 3259 Anrze
2973 3221 3032 3262 se
3063 3213 3304 3280 recepit;
3328 3215 3423 3268 sed

1837 3279 2014 3334 Aurea
2073 3285 2232 3351 paulo
2275 3296 2416 3353 post,
2470 3303 2614 3342 anno
2671 3291 2918 3346 videlicet
2971 3297 3075 3350 856
3125 3279 3424 3370 martyriali

1838 3372 2104 3440 sanguine
2134 3374 2371 3430 laureata
2395 3416 2409 3441 ,
2440 3377 2614 3430 Laura
2651 3380 2704 3433 in
2745 3379 2858 3448 ejus
2888 3382 3061 3437 locum
3092 3398 3360 3458 assumpta
3389 3392 3424 3447 9

1838 3476 2010 3517 annos
2043 3468 2427 3522 monasterium
2459 3470 2779 3540 gubernavit
2807 3488 2821 3525 :
2851 3489 2959 3543 quo
2984 3484 3223 3547 tempore
3255 3482 3422 3537 miros

1837 3554 2097 3610 virtutum
2134 3561 2375 3616 onmium
2408 3563 2535 3618 fecit
2580 3580 2920 3634 progressus,
2950 3571 3181 3625 orationi
3215 3581 3270 3627 et
3303 3589 3424 3630 cor-

1838 3652 1984 3719 poris
2033 3657 2380 3711 macerationi
2419 3673 2636 3729 semper
2664 3661 2886 3717 intenta.
2917 3661 3152 3719 Tandem
3190 3668 3254 3722 ad
3278 3667 3425 3736 judi-

1837 3759 1952 3797 cent
1986 3745 2401 3814 Saracenorum,
2434 3749 2573 3804 fama
2597 3752 2967 3823 pervulgante,
2995 3755 3189 3821 delata,
3217 3773 3341 3814 cum
3365 3759 3422 3814 in

1838 3835 1960 3890 fidei
1991 3838 2326 3896 confessione
2363 3845 2800 3900 constantissime
2834 3858 3195 3916 permaneret,
3227 3850 3418 3905 verbe-

1838 3925 1986 3980 ribus
2014 3929 2308 3986 crudeliter
2333 3948 2492 3998 ctesa,
2529 3935 2581 3986 in
2623 3935 2816 3988 balneo
2866 3935 3124 3992 ferventis
3153 3938 3288 4006 picis
3325 3940 3422 3993 im-

1838 4017 2022 4083 missa,
2058 4027 2168 4074 tres
2188 4021 2350 4076 hOras
2374 4022 2423 4075 in
2449 4023 2646 4078 divinis
2674 4023 2942 4089 laudibus,
2968 4027 3148 4081 divino
3171 4043 3414 4090 munere.

1837 4109 2130 4179 complens,
2163 4112 2394 4166 evolavit
2424 4113 2476 4166 in
2520 4113 2738 4178 coelum,
2773 4116 2860 4170 die
2889 4115 2954 4171 19
2983 4115 3226 4185 Octobr.,
3273 4134 3414 4175 anno

1838 4201 2045 4256 Domini
2072 4203 2208 4258 864:
2236 4204 2390 4273 cujus
2413 4206 2629 4274 quidem
2661 4207 2719 4260 S.
2745 4207 2997 4277 Eulogius
3021 4225 3125 4264 non
3148 4211 3415 4274 meminit,

1837 4293 1961 4361 quia
2008 4294 2122 4363 ipse
2171 4311 2312 4350 anno
2339 4297 2441 4353 859
2468 4299 2729 4369 martyrio
2772 4311 3062 4356 coronatus
3091 4301 3280 4356 fuerat.
3314 4303 3421 4358 Re-

1839 4382 2015 4452 liquiae
2042 4385 2101 4438 Β.
2142 4385 2331 4441 Laurte
2371 4404 2467 4457 per
2505 4389 2700 4443 multas
2744 4389 3121 4459 Hispaniarum
3161 4393 3416 4446 ecclesias

257 4471 342 4527 74.
376 4476 432 4531 In
467 4478 688 4547 scopulo
715 4478 823 4531 alto
848 4493 941 4531 arx
972 4487 1056 4532 est
1083 4478 1221 4532 dicta
1251 4479 1440 4544 Tavia,
1471 4495 1502 4534 a
1526 4478 1729 4535 Graecis
1763 4458 1807 4515 D
1836 4477 2082 4531 distribui
2112 4489 2415 4548 coeperunt,
2448 4489 2500 4532 et
2544 4481 2655 4549 ipsa
2686 4481 2751 4550 in_
2771 4497 2964 4554 magno
2992 4483 3164 4552 pretio
3205 4483 3413 4537 haberi.

156 4556 376 4630 Ancyra,
417 4567 671 4637 profectis
717 4585 746 4620 a
791 4568 1021 4636 quadam
1063 4568 1193 4620 nrhe
1240 4568 1317 4622 sic
1359 4568 1497 4621 dicta
1523 4608 1539 4633 ,
1576 4570 1727 4638 cujus

157 4657 390 4712 meminit
422 4669 502 4714 ter
531 4659 832 4714 Antoninus
861 4656 986 4711 Pius
1014 4657 1065 4710 in
1098 4656 1402 4710 Itinerario.

220 4744 339 4799 “275.
387 4749 444 4803 S.
477 4749 776 4804 lldefonsus
813 4748 1092 4803 ordinatus
1118 4758 1197 4802 est
1229 4749 1417 4809 lector,
1449 4749 1726 4813 ostiarius,

156 4837 436 4904 t‘xorcista,
481 4841 841 4895 subdiaconus
882 4848 936 4893 et
980 4839 1163 4903 levita,
1206 4855 1234 4893 a
1284 4839 1340 4892 S.
1387 4839 1626 4894 llelladio
1673 4841 1725 4894 in

155 4925 263 4979 :l‘de
312 4934 646 4997 prmtoricnsi
703 4933 834 5005 [iege
892 4932 1228 4988 Breviarium
1272 4931 1627 5004 Biacarense]
1667 4932 1724 4987 S.

156 5009 446 5089 Leucadite,
494 5034 777 5096 postquam
825 5025 1079 5079 inviserat
1124 5023 1404 5092 Agalicnse
1450 5033 1724 5078 monaste-

157 5103 285 5160 rium
313 5125 326 5173 ;
353 5115 495 5170 unde
525 5131 708 5171 secum
743 5116 896 5170 duxit
935 5114 991 5170 S.
1037 5114 1384 5173 lldefousnm.
1413 5115 1456 5168 Α
1487 5115 1642 5170 Justo
1673 5116 1722 5169 in

157 5191 253 5232 nno
284 5203 403 5232 περ...
457 5209 652 5232 --τιε.....
683 5223 817 5232 ..κ-,ι
850 5206 950 5232 2-31.-
982 5209 1110 5232 μιν-.
1146 5208 1198 5232 ε..
1235 5205 1337 5232 ηυι.
1364 5206 1483 5232 νει...
1513 5208 1546 5232 ο
1604 5204 1698 5232 lla!

1904 4569 2029 4623 282.
2076 4567 2274 4624 Portus
2323 4569 2793 4639 Juliobrigensium
2848 4575 3086 4628 victoriae
3136 4583 3414 4641 sacratus,

1834 4657 2010 4713 dictus
2057 4669 2156 4723 est,
2211 4662 2354 4729 quod
2402 4663 2471 4716 ibi
2513 4664 2638 4716 victi
2686 4673 2810 4718 sunt
2859 4663 3116 4718 Cantabri
3162 4662 3417 4720 Juliobri-

1836 4766 2068 4820 genses,
2119 4751 2362 4805 volentes
2424 4753 2687 4822 repellere
2745 4755 2978 4807 classem
3025 4753 3414 4818 Romanorum,

1837 4851 2076 4910 tempore
2103 4841 2444 4911 imperatoris
2470 4845 2712 4914 Augusti.
2753 4842 2856 4896 Alii
2887 4845 3067 4900 verius
3095 4852 3304 4912 putant,
3329 4861 3418 4900 vu-

1832 4943 2010 4989 catum
2040 4933 2138 4994 sic,
2167 4933 2308 5001 quod
2345 4933 2766 5005 Juliobrigenses
2796 4933 3078 4990 victoriam
3110 4942 3420 5002 reportave-

1832 5034 1959 5080 runt
1987 5043 2000 5088 ;
2033 5025 2176 5094 quod
2199 5025 2423 5078 victoria
2453 5042 2554 5079 non
2587 5025 2784 5078 dicitur
2813 5026 2880 5080 de
2910 5026 3418 5096 Juliohrigensibus,

1830 5119 1923 5174 scd
1949 5116 2447 5186 Juliobrigensinm,
2477 5117 2627 5186 quasi
2657 5115 2754 5183 ipsi
2790 5117 3217 5187 reportaverint.

1905 5208 2004 5232 ωοιτ
2053 5207 2352 5232 οΑ-Αξσνιηηι
2383 5207 2528 5232 "1...-
2562 5215 2632 5232 Α...
2665 5208 2801 5232 ’.νη-,Ι
2826 5207 2866 5232 f‘
2914 5229 2920 5231 .
2953 5211 3127 5232 .-1...ηη
3153 5209 3202 5232 2...
3234 5209 3391 5232 IIS---

2053 5207 2352 5232 CA_A:MII"|
