3982 5292
546 264 695 363 ³4479

1055 303 1341 359 APPEND.
1377 303 1470 360 AD
1496 303 1993 361 LIUTPRANDUM
2019 335 2087 348 -
2108 304 2831 364 PSEUDO-LIUTPRANDI
2861 308 3319 399 ADVERSARIA.

3702 310 3831 365 1180

541 391 644 480 ⁵ιοςι
671 424 894 486 amicos,
922 430 979 475 ut
1005 422 1141 491 apud
1163 421 1480 485 Cantabros,
1531 431 1585 477 et
1630 423 1789 477 modo
1832 423 2136 477 Sarcimum
2169 430 2216 488 Λ
2311 426 2435 480 292.
2480 427 2811 483 Venerabilis
2843 429 3102 484 memoria
3131 394 3286 483 Plinii
3316 426 3583 489 Junioris,
3617 427 3711 495 qui
3740 441 3831 497 pro

557 515 698 586 apud
725 512 1049 578 Cantabros,
1077 511 1160 567 vel
1188 511 1541 567 Sacernulum
1571 512 1710 580 apud
1740 510 1987 577 Astures,
2011 512 2142 567 dici-

560 620 646 662 tur
668 607 908 662 Barcena
945 605 1027 662 vel
1057 604 1362 674 Salcedum,
1410 606 1664 677 ignobilia
1702 607 1946 678 quasdam
1993 608 2143 678 oppi-

548 674 698 756 ttillla.

621 809 745 865 284.
787 809 1172 866 Sanctissimus
1196 809 1282 864 vir
1309 808 1472 876 Vera,
1507 810 1929 877 Tarraconensis
1959 809 2140 865 archi-

548 903 854 973 episcopus,
901 901 992 972 qui
1029 900 1275 956 interluit
1318 902 1546 957 concilio
1600 901 1860 957 Toletano
1894 917 2006 966 xvt,
2057 900 2143 955 vir

548 998 692 1067 pius,
723 994 942 1050 humilis
969 1002 1026 1049 et
1066 1001 1308 1059 sanctus,
1332 992 1465 1049 obiit
1494 1011 1563 1049 xx
1595 993 1848 1059 0clobr.;
1897 991 2139 1048 celebra-

548 1097 640 1143 tur
661 1086 718 1142 in
746 1093 919 1141 tractu
942 1084 1312 1151 Aurelianensi
1336 1085 1475 1156 apud
1500 1083 1856 1155 Carpetanos.

616 1198 871 1273 285..F.st
894 1206 1083 1254 auctor
1113 1197 1203 1268 qui
1247 1197 1433 1253 credat
1465 1197 1521 1254 S.
1562 1198 1827 1254 Exubium
1857 1196 1978 1271 [al.,
2007 1196 2138 1251 Exi-

547 1289 719 1363 bium]
756 1287 1074 1359 discipulum
1108 1285 1165 1342 S.
1198 1285 1385 1349 Marci,
1431 1297 1554 1356 post
1584 1288 1701 1358 ejus
1742 1295 1968 1342 mortem
2003 1301 2139 1358 prae-

546 1382 759 1436 tticasse
788 1378 1134 1452 Evangelium
1155 1378 1483 1434 Caucasoliae
1505 1377 1627 1451 [al.,
1649 1377 2050 1450 Centumcellis]
2082 1378 2134 1432 in

540 1472 853 1538 Lusitania,
895 1479 1125 1544 postque
1174 1470 1399 1526 rediisse
1447 1470 1618 1526 solum
1655 1471 1708 1525 in
1748 1468 2001 1541 Cyprum,
2037 1462 2133 1524 .ubi

545 1561 871 1616 constitutus
910 1569 994 1617 est
1023 1558 1492 1629 archiepiscopus;
1524 1560 1871 1614 maximorum
1894 1567 2136 1629 patrator

547 1652 922 1705 miraculorum
949 1652 1124 1706 dictus
1156 1657 1239 1706 est
1260 1658 1480 1721 propter
1505 1651 1621 1721 ejus
1649 1664 1835 1720 opera.

616 1758 741 1815 286.
778 1759 907 1816 Mihi
933 1760 1086 1816 valde
1117 1760 1394 1832 probabile
1431 1769 1534 1827 est,
1584 1770 1640 1816 et
1674 1759 1775 1831 legi
1810 1759 1861 1815 in
1890 1760 2132 1815 historiis
2164 1777 2207 1836 Β
2236 1758 2491 1847 Γενετειςε

542 1850 811 1921 Elpidium
841 1867 905 1907 ac
931 1852 1167 1922 reliquos
1199 1856 1499 1925 episcopos,
1537 1869 1669 1924 quos
1700 1854 1981 1911 constituit
2005 1854 2126 1926 [al.,

548 1940 810 2014 traxerat]
852 1940 908 1997 S.
950 1940 1182 1999 Iacobus
1228 1944 1282 1998 in
1333 1942 1608 2014 llispania,
1657 1946 1724 2000 ab
1767 1945 1883 2014 ipso
1932 1944 2131 2001 Jacobo

546 2028 868 2100 baptizatos,
902 2030 1069 2087 fuisse
1096 2033 1163 2088 de
1205 2049 1431 2090 numero
1469 2034 1841 2105 religiosorum
1872 2035 2129 2091 Carmeli-

539 2118 748 2187 't:trum,
774 2123 865 2192 qui
898 2122 951 2177 in
978 2123 1234 2195 Hispania
1257 2134 1311 2180 et
1339 2141 1436 2195 per
1479 2125 1611 2180 alias
1650 2126 1901 2196 regiones
1944 2142 2129 2182 mona-

547 2213 763 2267 chatum
813 2214 1243 2271 introduxerant.
1284 2215 1420 2272 Istos
1467 2226 1619 2271 vocat
1666 2216 1760 2272 lib.
1810 2234 1869 2284 ll,
1926 2235 2042 2290 cap.
2072 2220 2125 2285 5,

540 2302 812 2360 Eusebius
839 2307 1124 2377 prophetici
1145 2307 1364 2362 ordinis.

616 2416 741 2472 287.
775 2403 964 2488 Magna
985 2433 1111 2487 pars
1154 2433 1342 2473 eorum
1372 2419 1460 2487 qui
1498 2435 1564 2473 ex
1589 2419 1774 2489 ,Judma
1805 2420 2129 2489 trajecerant

542 2509 599 2587 in
643 2508 975 2579 Hispaniam,
1004 2519 1248 2582 tempore
1290 2511 1853 2580 Nabuchodonosoris,
1879 2525 2127 2573 erantex

546 2600 820 2670 discipulis
853 2609 1160 2658 sanctorum
1192 2602 1368 2669 Elisei,
1396 2603 1525 2658 Elim
1569 2613 1624 2659 et
1669 2604 1872 2671 Enoch,
1903 2615 1959 2661 et
1998 2622 2125 2664 suc-

540 2705 795 2757 cessores
823 2690 1057 2746 illorum.

540 2846 549 2853 .
615 2801 742 2859 288.
776 2803 967 2858 Videre
991 2804 1139 2872 potui
1170 2805 1343 2858 Vitam
1369 2806 1427 2859 ὃ.
1466 2805 1799 2877 Synclelices
1827 2806 2054 2878 virginis
2074 2815 2127 2862 et

549 2891 838 2946 abbatissa:
866 2892 1129 2963 IEgyptim
1153 2892 1326 2961 (cujus
1355 2894 1470 2948 dies
1502 2893 1669 2950 festus
1693 2904 1777 2949 est
1801 2894 2123 2967 5.Januar.).

542 2981 700 3039 llanc
727 2983 940 3054 scripsit
963 2993 1178 3039 sanctus
1199 2985 1438 3054 pontifex
1470 2986 1813 3051 Athanasius,
1838 2995 1918 3052 ut,
1945 3003 2128 3057 que-t-

544 3073 838 3129 admodum
886 3074 1129 3130 monachi
1186 3074 1386 3129 habent
1432 3075 1705 3144 speculum
1753 3077 1807 3131 in
1845 3076 2120 3146 Antonio,

2244 514 2675 571 Christianorum
2737 516 3048 573 defensione
3098 517 3313 588 scripsit
3362 517 3434 572 ad
3488 514 3826 584 Trajanum;

2243 618 2402 673 quem
2432 605 2743 661 redeuntem
2771 620 2839 662 ex
2860 606 2988 663 Asia
3015 620 3330 663 conversum
3361 606 3543 662 Creta:
3573 607 3644 661 ad
3674 608 3827 662 ﬁdem

2242 695 2482 751 nonnulli
2513 696 2761 763 credunt,
2808 707 2862 754 et
2900 706 3023 767 post
3064 698 3119 752 in
3151 698 3533 770 persecutione
3575 697 3828 751 Antonini

2240 785 2345 852 Pii,
2375 787 2667 844 Novocomi
2693 805 2818 845 eum
2871 790 2993 846 aliis
3036 806 3259 862 passum
3301 790 3541 860 septimo
3572 789 3826 858 Augusti;

2242 892 2341 933 nec
2362 878 2507 934 enim
2535 887 2643 934 tam
2668 880 2875 951 insigne
2900 880 3229 937 defensionis
3251 895 3389 951 opus
3403 878 3558 948 justa
3586 878 3831 933 mercede

2241 965 2336 1021 def
2337 968 2666 1024 raudandum
2704 969 2826 1025 fuit.
3067 1015 3077 1019 μ

2309 1056 2433 1113 295.
2460 1059 2675 1130 Traiani
2712 1076 2854 1117 anno
2880 1060 2969 1131 15,
3017 1060 3231 1115 Domini
3272 1060 3376 1115 lu
3424 1059 3563 1130 (quo
3593 1066 3830 1128 tempore

2241 1147 2576 1205 Sarmaticus
2616 1151 2883 1206 Arabicus
2921 1161 3144 1208 vocatus
3178 1152 3282 1224 est)
3319 1166 3585 1206 reversus
3611 1165 3683 1205 ex
3709 1149 3827 1204 Asia

2238 1238 2456 1295 Cretam
2489 1240 2731 1307 Plinius;
2761 1242 2967 1298 exstrui
3016 1242 3144 1299 fecit
3176 1243 3390 1299 celebre
3424 1242 3548 1298 ,ιονί
3581 1242 3707 1314 [al.,
3737 1241 3827 1314 ibi]

2240 1330 2494 1401 templum
2524 1332 2577 1386 in
2605 1333 2864 1388 honorem
2908 1333 3148 1406 Traiani,
3190 1334 3332 1404 quod
3377 1333 3503 1406 [al.,
3546 1333 3825 1406 templum]

2239 1420 2391 1478 Titus
2416 1423 2603 1489 diruit,
2629 1432 2682 1479 et
2708 1434 3067 1481 restauratum
3108 1426 3163 1482 in
3200 1426 3417 1481 nomine
3441 1425 3579 1481 Jesu
3606 1426 3823 1480 Christi.

2232 1517 2442 1573 Plinius
2489 1517 2769 1575 Secundus
2807 1535 2929 1575 cum
2972 1520 3083 1575 lilio
3131 1518 3230 1592 [αι.
3283 1521 3471 1575 desunt
3528 1534 3663 1573 cum
3702 1517 3823 1589 ﬁlio]

2236 1608 2454 1664 Christo
2480 1609 2729 1677 credidit,
2756 1605 3143 1681 et'haptizatus
3166 1619 3249 1666 est
3270 1626 3305 1666 a
3332 1612 3390 1665 ὃ.
3424 1609 3578 1674 Tito,
3610 1608 3825 1663 Creten-

2237 1699 2376 1754 sium
2405 1699 2677 1769 episcopo,
2728 1708 2783 1754 ut
2829 1699 2996 1755 refert
3036 1700 3211 1755 Zenas
3238 1700 3290 1754 in
3321 1699 3442 1770 ejus
3469 1699 3620 1754 Vita.
3650 1698 3821 1768 Itaque

2542 1792 2767 1849 Romam
2811 1792 3171 1858 Christianus,
3221 1803 3406 1847 sancte
3446 1802 3501 1845 et
3551 1792 3657 1862 pie
3702 1790 3822 1843 vixit

2236 1881 2433 1938 multos
2464 1898 2657 1939 annos.
2686 1882 2991 1940 Vocabatur
3015 1881 3077 1939 C.
3105 1882 3312 1938 Plinius
3334 1897 3367 1936 a
3394 1882 3664 1951 'l‘rajano,
3690 1880 3823 1934 etab

2234 1970 2354 2027 aliis
2384 1971 2694 2038 Secundus;
2720 1987 2822 2028 nec
2845 1971 2947 2028 fuit
2979 1973 3080 2028 hoc
3105 1979 3343 2042 tempore
3369 1970 3511 2025 alter
3541 1966 3819 2024 Secundus

2234 2060 2318 2114 vir
2340 2062 2662 2118 consularis.

2302 2174 2427 2229 294.
2474 2175 2725 2246 Pompeia
2773 2177 3053 2240 Celerina,
3103 2191 3291 2232 socrus
3344 2175 3504 2230 Plinii
3557 2174 3819 2233 Junioris,

2230 2282 2387 2322 soror
2411 2266 2511 2322 fuit
2539 2268 2595 2323 S.
2636 2269 2919 2334 Celerinte,
2953 2284 3072 2338 qua:
3105 2268 3321 2336 excepit
3365 2282 3567 2336 corpus
3595 2264 3659 2319 S.
3688 2264 3818 2319 Tor-
3842 2315 3861 2325 ,

2223 2360 2369 2426 petis
2394 2361 2645 2430 martyris
2681 2376 2746 2415 ex
2788 2358 2983 2416 Tuscia
3014 2360 3067 2414 in
3099 2358 3381 2413 Sinensem
3404 2366 3629 2428 portum
3659 2356 3819 2409 mira-

2231 2448 2415 2505 culose
2440 2449 2732 2504 venientis.

2299 2564 2425 2621 295.
2469 2564 2609 2621 Sunt
2631 2566 2722 2636 qui
2753 2574 2944 2637 putent
2969 2564 3278 2641 Dionysium
3307 2579 3503 2634 papam
3534 2562 3703 2617 fuisse
3733 2578 3819 2615 na-

2232 2659 2375 2714 tione
2402 2658 2666 2725 Al‘ricum,
2713 2660 3030 2730 scriptorem
3074 2657 3196 2713 libri
3251 2656 3329 2712 De
3377 2658 3481 2711 situ
3518 2656 3682 2721 orbis,
3732 2656 3819 2726 qui

2226 2746 2356 2802 tulit
2392 2749 2720 2818 passionem.
2780 2768 2783 2769 '

2298 2865 2421 2921 296.
2445 2864 2782 2933 Theodorus,
2807 2864 3017 2931 ﬂuvius,
3041 2866 3145 2920 hoc
3165 2874 3248 2920 est
3268 2864 3464 2919 donum
3498 2863 3620 2927 Dei,
3650 2862 3819 2916 Tuder
3878 2838 3887 2847 ’

2229 2967 2282 3030 et
2309 2957 2569 3014 Staberus
2600 2958 2817 3024 dicitur,
2846 2958 2915 3014 ob
2944 2958 3196 3013 eximiam
3239 2971 3437 3026 aquam
3465 2971 3634 3025 quam
3660 2955 3820 3009 habet

2227 3052 2298 3106 ob
2317 3051 2751 3107 communionem
2782 3049 3012 3118 Muudze,
3028 3051 3118 3121 qui
3142 3049 3601 3105 Mediterraneum
3636 3047 3819 3107 intrat,

544 3179 716 3220 sacrae
750 3164 985 3235 virgines
1020 3179 1138 3219 eam
1180 3174 1432 3234 tanquam
1463 3165 1739 3235 speculum
1771 3166 2127 3222 intuerentur.
2158 3162 2204 3223 C
2235 3140 2301 3196 ad
2322 3140 2509 3196 urbem
2532 3138 2941 3210 Longunticam

551 3255 763 3311 Dicitur
787 3254 954 3309 fuisse
983 3254 1275 3311 multarum
1319 3256 1587 3325 virginum
1628 3256 1977 3326 professionis
2004 3273 2131 3329 pro-

544 3347 772 3418 phetica:
796 3355 850 3403 et
871 3345 1228 3401 Carmelitica:
1249 3361 1467 3415 parens.
1556 3351 1561 3355 ’

613 3457 738 3512 289.
772 3456 834 3512 C.
864 3456 1120 3512 Caninius
1146 3454 1270 3528 [al.,
1315 3455 1646 3529 Herminius]
1695 3457 1888 3524 Rufus,
1934 3468 2134 3530 praeter

538 3547 870 3613 Gaditanus,
899 3547 1173 3618 profectus
1202 3546 1426 3601 Romam
1460 3562 1601 3602 anno
1640 3549 1728 3606 8i.
1758 3558 1951 3618 quarto
1991 3567 2134 3608 anno

538 3632 877 3708 Olympiadis
897 3636 1023 3702 2l5,
1060 3637 1274 3691 transiit
1321 3636 1374 3689 in
1424 3637 1735 3707 Hispaniam
1765 3638 1888 3710 [al.,
1936 3643 2175 3698 mansit-

545 3726 600 3781 in
632 3725 909 3798 Hispania]
936 3726 1002 3779 ad
1029 3741 1156 3780 anu.
1181 3724 1272 3792 86,
1312 3734 1367 3780 et
1400 3726 1526 3781 dum
1568 3726 1807 3783 Gadibus
1837 3731 2133 3786 contende-

412 3848 439 3867 .
546 3823 629 3871 ret
652 3817 835 3872 venire
865 3816 1244 3880 Tarraconem,
1294 3817 1347 3870 in
1396 3817 1504 3884 via,
1549 3817 1745 3887 oppido
1791 3820 1921 3875 Villa
1954 3836 2129 3887 tenea,

536 3909 685 3965 alias
709 3909 877 3964 Alona
911 3908 995 3964 vel
1024 3908 1174 3975 Delo,
1223 3924 1368 3964 nunc
1404 3920 1658 3982 corrupte
1684 3927 1713 3965 a
1741 3911 1941 3968 Mauris
1988 3913 2131 3969 dicto

558 3997 798 4063 l'illenia,
827 4000 963 4054 obiit
988 4000 1167 4071 ibique
1185 3998 1333 4069 jacet
1356 4000 1618 4070 sepultus.

616 4112 742 4167 290.
772 4111 838 4167 Χ.
863 4112 935 4166 Μ.
972 4111 1033 4166 Ρ.
1061 4111 1324 4167 Occasum
1354 4128 1543 4168 versus
1572 4114 1640 4168 ab
1670 4112 1865 4184 oppido
1895 4113 2130 4171 Turbnla

546 4202 632 4256 vel
663 4201 869 4256 Tritubi
918 4200 1035 4272 [al.,
1085 4199 1276 4256 Tibula
1315 4202 1394 4256 vel
1434 4201 1699 4276 Tribnla],
1750 4205 1850 4258 fuit
1875 4206 2129 4276 oppidum

549 4292 718 4347 Abula
742 4291 1170 4358 Batestanorum,
1204 4308 1349 4348 nunc
1376 4293 1635 4350 dirutum.

618 4404 742 4460 29L
782 4402 905 4459 Urci
935 4402 1105 4460 fontes
1133 4403 1250 4478 [al.,
1283 4406 1460 4480 sedes]
1493 4406 1930 4479 fuitepiscopalis
1956 4410 2011 4463 Β.
2044 4408 2129 4463 ln-

2304 3251 2428 3307 297.
2467 3250 2523 3306 S.
2555 3250 2867 3319 Benedicta,
2914 3267 3034 3322 quae
3078 3260 3318 3321 tempore
3360 3249 3595 3306 Neronis
3641 3247 3817 3303 Roma:

2236 3343 2427 3398 victrix
2469 3343 2743 3409 occubuit,
2764 3343 3009 3414 patribus
3051 3342 3574 3415 Caesaraugustanis,
3604 3359 3674 3399 ex
3703 3343 3818 3397 llis-

2233 3432 2412 3503 pania,
2440 3433 2726 3503 gentilibus
2758 3444 2960 3500 tamen,
2986 3444 3113 3488 nata
3144 3433 3243 3489 luit
3270 3453 3284 3488 :
3309 3450 3577 3504 quacum
3608 3436 3677 3489 ad
3707 3437 3818 3503 pal-
3878 3442 3901 3451 ’

2233 3542 2376 3582 mam
2406 3543 2568 3598 quant
2598 3527 2686 3584 diu
2719 3526 3051 3597 multumque
3074 3528 3442 3598 concupierat,
3463 3528 3818 3597 pervenisset,

2234 3629 2316 3675 ter
2355 3629 2614 3690 quaterve
2643 3618 2823 3689 ﬂagris
2850 3635 3014 3685 caesa,
3058 3621 3200 3675 nudo
3239 3635 3467 3690 corpore
3498 3638 3598 3691 per
3635 3621 3816 3674 urbem

2230 3710 2475 3775 advecta,
2506 3711 2601 3766 sed
2630 3709 2721 3765 Dei
2750 3724 2994 3774 munere,
3022 3710 3242 3765 minime
3270 3712 3411 3767 nuda
3436 3713 3587 3776 visa;
3611 3713 3650 3767 2
3675 3712 3817 3775 Julii,

2232 3800 2370 3854 datis
2420 3800 2758 3866 cervicibus,
2802 3800 3036 3856 evolavit
3083 3801 3152 3855 ad
3208 3816 3487 3872 sponsum.
3530 3802 3719 3857 Altera
3754 3818 3816 3857 ex

2232 3890 2626 3960 antiquioribus
2660 3890 2861 3947 Christi
2892 3889 3191 3961 virginibus
3236 3889 3421 3948 Roma:
3465 3909 3569 3963 pro
3604 3893 3710 3948 [ide
3733 3910 3817 3947 oc-

2232 3981 2379 4036 cisis.
3328 4008 3329 4011 η

2234 4152 2237 4155 Α
2299 4090 2421 4145 298.
2449 4090 2504 4145 lu
2531 4091 2809 4146 codicibus
2835 4091 2991 4146 Plinii
3019 4091 3304 4157 correctis,
3332 4107 3433 4163 pro
3470 4094 3611 4164 Alga
3630 4094 3815 4155 mitior,

2231 4175 2374 4251 quod
2429 4183 2693 4253 reperitur
2750 4184 2804 4237 in
2868 4184 3046 4239 minus
3093 4185 3374 4251 correctis,
3436 4185 3640 4256 legitur
3693 4187 3813 4240 Alba

2231 4289 2424 4328 mmor.

2297 4386 2423 4442 299.
2457 4388 2581 4442 Suel
2606 4389 2744 4445 inter
2780 4390 3054 4447 Alateram
3099 4401 3151 4447 et
3187 4391 3311 4448 Siex
3341 4392 3467 4466 [al.,
3494 4395 3813 4451 Aodeteram
3916 4452 3917 4455 η

540 4490 760 4561 ’.ιυιωῑη
817 4494 1014 4550 dicitur
1061 4495 1174 4550 haec
1221 4478 1459 4552 Portella
1481 4538 1496 4563 ,
1545 4507 1600 4553 et
1645 4478 1979 4568 partiebatur
2026 4501 2127 4557 hoc

2247 4478 2310 4532 te!
2337 4479 2657 4546 Abdeeram,
2677 4490 2732 4537 et
2751 4483 2872 4556 Exi]
2900 4493 3151 4541 vocatum
3179 4495 3262 4541 est
3283 4483 3448 4541 Sudal
3475 4487 3601 4560 [al.,
3626 4489 3807 4561 Sincl].

546 4588 707 4642 modo
736 4587 994 4643 terminos
1021 4604 1142 4643 cum
1166 4590 1417 4646 sedibus:
1455 4590 1644 4646 Teneat
1688 4593 1752 4647 de
1782 4589 1972 4663 Egesta
1996 4591 2123 4667 [leg.
2157 4571 2198 4579 -
2229 4578 2283 4624 εί
2310 4580 2434 4639 pos‘
2460 4586 2488 4624 ³
2522 4571 2835 4628 mmmam"
2875 4576 3140 4632 “ominari
3171 4577 3338 4649 θωΡίί
3376 4578 3673 4634 casuum“
3717 4579 3811 4657 ﬁ?"

549 4668 785 4749 Egelesta
821 4686 875 4732 et
904 4678 1023 4733 vide
1050 4682 1385 4751 quaenotavi
1425 4682 1493 4735 ad
1524 4699 1577 4736 n.
1614 4682 1683 4738 58
1718 4685 1769 4738 in
1815 4684 2017 4740 Chron.
2071 4694 2126 4740 et

547 4769 613 4821 ad
659 4785 713 4822 n.
762 4767 891 4841 242]
942 4786 1102 4840 usque
1148 4770 1537 4841 Carthaginem,
1584 4783 1632 4828 et
1679 4775 1741 4829 de
1778 4775 2019 4846 Bigastro
2046 4778 2124 4832 vel

549 4859 755 4913 Murcia
782 4877 941 4931 usque
978 4861 1259 4918 Mundam.
1294 4863 1417 4919 Haec
1452 4865 1643 4921 civitas
1685 4877 1767 4922 est
1810 4869 1877 4922 ad
1901 4868 2120 4925 ﬂuvium

546 4950 798 5006 Mundam
860 4955 1134 5023 apposita',
1182 4971 1277 5010 vttt
1335 4954 1405 5009 M.
1457 4955 1515 5010 Ρ.
1563 4966 1848 5027 antequam
1890 4961 2125 5019 conﬂuat

538 5034 742 5097 Munda
775 5041 967 5098 ﬂuvius
1016 5045 1071 5099 in
1115 5046 1397 5115 Taderem,
1446 5063 1566 5120 quae
1599 5049 1682 5104 vel
1727 5048 1890 5106 ﬂuvio
1932 5068 2123 5109 nomen

546 5131 695 5187 dedit
716 5132 799 5188 vel
830 5135 1036 5205 accepit
1061 5136 1128 5192 ab
1151 5152 1235 5193 eo.

2228 4675 2398 4717 reum.
3662 4692 3693 4701 "

2297 4772 2422 4828 500.
2458 4776 2712 4854 Antonini
2744 4775 2823 4832 Pii
2855 4778 3079 4851 Augusti
3118 4781 3481 4848 ltinerarinm,
3523 4786 3644 4856 ejus
3663 4785 3806 4854 jussu

2226 4866 2600 4937 compositum,
2636 4876 2695 4922 ut
2726 4867 3014 4925 Theodosii
3045 4871 3257 4927 codices
3290 4871 3456 4943 leges.

2224 4956 2229 4960 δ
2295 4979 2419 5036 501.
2453 4982 2645 5037 Decem
2686 4982 2850 5054 legati
2879 4998 2947 5039 ex
2976 4983 3248 5056 Hispaniis
3287 4995 3551 5041 venerant
3591 4986 3805 5042 Jerusa-

2224 5070 2351 5137 lem,
2381 5086 2449 5126 ex
2491 5073 2776 5143 gentilibus
2804 5074 3063 5146 quinque,
3109 5090 3174 5130 ex
3217 5073 3419 5130 Iudaeis
3462 5076 3720 5151 quinque,
3746 5077 3802 5129 ait

2230 5160 2520 5229 apostolos.
