3982 5292
467 293 607 354 1183
1576 290 1904 359 FOLQUINI
1936 291 1994 345 S.
2040 285 2315 344 BERTINI
2360 283 2670 344 MONACHI
3610 281 3749 337 1484

478 408 520 464 Il
542 412 628 463 est
655 402 823 463 divise
848 420 914 461 en
942 404 1079 461 denx
1105 402 1285 468 livres,
1313 402 1570 472 precedes
1601 403 1757 457 d‘nne
1784 402 1903 457 liste
1939 401 2033 455 des
2061 400 2227 454 abbés
2270 400 2343 472 de
2366 397 2753 472 saint-Bertin.
2787 395 2861 451 Le
2887 392 3123 472 premier
3148 394 3282 449 livre
3315 409 3374 449 se
3396 407 3659 472 eornpose
3681 393 3752 446 de

481 463 728 533 soixante
779 486 833 531 et
882 493 950 529 un
990 463 1344 544 cbapitres’e't
1373 474 1422 528 le
1450 475 1645 528 second
1689 473 2297 544 dequatre-vingt-un;
2332 470 2361 524 ἐι
2387 470 2457 544 la
2495 470 2639 544 s_uite_
2667 476 2790 544 sont
2842 463 3155 544 transcrites
3181 481 3249 520 ou
3290 463 3586 544 analysées
3612 478 3753 542 onze

488 550 704 602 Charles
734 553 1039 601 constatant
1084 537 1162 597 les
1186 543 1473 597 donations
1498 558 1566 596 ou
1619 537 1973 610 acquisitions
2003 537 2319 596 immeubles
2345 539 2596 610 all'ectées
2624 539 2655 593 ὲ
2704 537 3051 610 l‘aannerie
3080 537 3148 610 du
3192 537 3622 610 tnonastere,_ee
3658 537 3753 610 qui

481 601 658 672 (lenne
692 601 764 672 un
794 614 924 670 total
962 613 1634 686 de‘quatregvingt-douze
1679 601 1948 686 c'ltapitres
1994 626 2129 680 ponr
2164 611 2212 666 le
2258 609 2540 686 demtiéme
2585 609 2738 686 livre.
2772 608 2853 662 0n
2875 608 3004 686 ,γορ
3032 606 3207 686 tnéme
3236 621 3334 675 par
3379 604 3432 658 la
3488 601 3635 686 lable
3658 605 3756 680 des

479 688 748 756 cbapitres
785 686 952 740 écrite
980 684 1010 738 ὸ
1038 676 1095 737 la"
1117 685 1223 737 téte
1252 683 1321 737 du
1354 676 1654 756 tnattpuscrit
1698 683 1763 737 de
1779 676 2081 756 "Boulogite,
2109 696 2215 756 que
2262 681 2317 756 le‘
2358 681 2641 756 deuxietne
2683 680 2818 756 livre
2859 678 2925 756 de
2953 676 3181 756 Folquin
3210 691 3268 756 se
3298 676 3609 756 composait
3640 676 3754 756 pri:

481 743 831 825 miti-remeat,
861 756 996 809 dans
1023 768 1084 809 ce
1111 754 1423 825 manuscrit,
1442 753 1541 825 de:
1567 743 2143 825 quatre-vingt-Avtreize
2163 752 2471 825 cbapitres;
2515 750 2663 825 mnis
2681 752 2732 804 le
2754 747 2972 825 dernier
3008 743 3213 825 {inridet
3235 746 3301 798 du
3325 743 3569 825 _volume
3592 748 3756 823 ayaltt

479 824 565 878 éle
601 815 850 890 arraclté,
881 825 916 877 il
939 839 1170 892 manque
1208 815 1545 892 aujourd’hui
1577 815 1626 877 le
1654 815 1987 890 chapitre'93
2013 828 2130 875 tout
2167 815 2340 892 eritier
2373 829 2431 892 et
2454 822 2504 874 la
2542 820 2615 874 fin
2633 821 2702 875 dtt
2728 818 2974 874 cbaoitre
3017 815 3107 881 92,
3163 815 3360 885 lequel,
3403 815 3553 868 ainsi
3591 815 3756 879 qu‘on

479 894 591 949 s'en
633 910 926 968 apercevra
968 891 1297 959 facilement,
1339 903 1423 947 est
1461 893 1755 963 incomplet
1794 892 1931 947 dans
1966 901 2123 947 notre
2156 891 2358 946 edition
2392 891 2492 962 (9).

551 1050 626 1122 (9)
666 1052 886 1122 Voy.p.
934 1051 1035 1108 168
1063 1052 1129 1103 de
1157 1052 1321 1108 l‘édit.
1350 1051 1613 1109 Gue’rard.
1644 1050 1718 1104 Ce
1744 1050 1985 1122 chapitre
2018 1050 2088 1106 92
2134 1058 2312 1118 porte,
2365 1049 2499 1122 dans
2524 1049 2573 1103 la
2604 1046 2745 1122 table
2788 1047 2897 1122 des
2924 1044 3198 1122 cbapitrcs
3228 1044 3297 1097 du
3351 1038 3665 1096 manuscrit
3691 1038 3761 1095 de

478 1114 775 1189 Baulogne,
808 1114 859 1177 le
889 1122 1115 1177 numero
1143 1122 1231 1190 95,
1259 1135 1309 1180 et
1337 1124 1384 1178 le
1408 1122 1652 1192 chapitre
1675 1121 1767 1190 qui
1804 1114 2038 1191 m'anque
2069 1114 2453 1175 au'manuscrit
2485 1128 2638 1188 porte
2658 1118 2708 1172 le
2741 1116 2966 1171 numero
2993 1114 3082 1168 94.

949 1304 1191 1317 ——_—

495 1297 1141 1330 E==—_.=-:.::_—-—_

1750 1380 1891 1459 I’IJ

2102 1434 2125 1439 ι-
2154 1434 2309 1443 ...φ-ιν..-

2686 1424 2957 1439 Μ...-

1009 1422 1811 1689 §OLQUINI
1852 1422 2059 1612 cH

2161 1430 2613 1612 (ira:
2622 1422 3179 1611 iam.

1403 1722 1580 1796 (Apud
1610 1722 1672 1777 Ι).
1695 1719 1963 1787 Guét‘ard,
1990 1716 2290 1774 Cartulaire
2318 1719 2382 1773 de
2408 1717 2816 1790 Sciat-Berlin.)

1390 2025 1854 2118 INCIPIT
1923 2021 2284 2113 LIBER
2354 1978 2845 2113 PRIMUS».

545 2362 601 2418 ln
626 2363 839 2419 nomine
863 2372 1065 2419 sancta:
1105 2372 1159 2420 et
1194 2362 1483 2420 individua:
1508 2366 1811 2421 Trinitatis.
1842 2365 1899 2420 In
1947 2367 2051 2421 hoc
2079 2353 2126 2414 Λ
2156 2362 2398 2418 vocabuli
2435 2363 2656 2433 ponitur
2702 2361 2917 2427 littera,
2949 2378 3014 2417 eo
3065 2361 3209 2430 quod
3248 2361 3319 2415 ab
3364 2359 3481 2431 ipsa
3535 2374 3760 2430 semper

475 2453 663 2509 codice
690 2462 838 2525 gesta
887 2455 1141 2509 abbatum
1168 2453 1457 2512 Sitbiensis
1481 2457 1710 2511 coenobii
1747 2457 2064 2526 depromere

480 2549 778 2619 cupientes,
832 2547 917 2603 vel
968 2547 1370 2618 possessionum
1402 2548 1737 2614 traditiones,
1790 2561 1962 2619 qmea
1994 2546 2061 2603 ti-

478 2638 687 2693 orlibus
743 2638 842 2694 sub
887 2638 1045 2693 unius
1093 2636 1463 2707 cujuscunque
1521 2637 1731 2711 illorum
1783 2646 2063 2706 tempore,

477 2742 636 2783 sacro
664 2728 792 2783 huic
833 2728 973 2791 loco,
1023 2743 1145 2783 cum
1194 2737 1468 2783 cartarum
1521 2712 1892 2796 inscriptione,
1940 2736 2069 2783 sunt

484 2833 770 2884 concessas,
814 2819 1127 2873 describere
1160 2819 1422 2881 volentes,
1467 2833 1497 2870 a
1533 2819 1709 2887 primo
1759 2819 1927 2886 ipsius
1958 2817 2064 2872 loci

482 2919 749 2966 structore
779 2950 797 2976 ,
844 2913 1040 2965 domno
1105 2910 1345 2976 Bertino,
1391 2909 1621 2970 abbate;
1668 2910 1845 2980 operis
1906 2911 2065 2982 hujus

476 3004 757 3063 exordium
787 3020 1065 3060 sumamus
1085 3004 1320 3060 Christo.

692 3093 733 3148 l.
766 3091 1026 3163 Prologus
1054 3092 1305 3164 Folquini
1333 3092 1498 3147 levita:
1516 3102 1564 3147 et
1587 3093 1848 3148 monachi.

551 3184 705 3252 Quod
737 3186 1078 3259 omnipotens
1127 3187 1269 3242 Dens
1314 3187 1618 3258 smpe‘suis
1666 3186 1911 3241 fidelibus
1958 3186 2065 3241 duo

485 3276 857 3332 retributionis
902 3279 1122 3349 praemia
1168 3278 1397 3345 dederit,
1440 3294 1608 3333 unum
1662 3279 1714 3333 in
1757 3278 1915 3347 hujus
1941 3279 2065 3333 vita:

483 3371 949 3441 peregrinatione,
1003 3372 1233 3426 alterum
1290 3372 1342 3425 in
1393 3380 1653 3441 perpetua
1706 3386 2064 3440 supernorum

483 3460 888 3528 tranquillitate,
922 3460 1053 3514 satis
1080 3469 1267 3514 sancta
1321 3460 1596 3531 paginula,
1645 3461 1921 3529 sapienter
1967 3475 2066 3513 an-

475 3550 643 3619 .sc‘tini
667 3550 904 3605 vomeris
925 3551 1102 3606 cultro
1127 3553 1356 3616 sulcata,
1408 3550 1874 3621 perscrutantibus
1917 3558 2062 3619 pate-

483 3640 627 3695 fccil.
652 3638 789 3695 Nam
816 3640 902 3695 hic
921 3641 1345 3710 quamplurimos
1370 3642 1509 3712 apml
1532 3643 1801 3708 homines,
1823 3641 2062 3712 quandiu

2170 2457 2347 2511 bonus
2375 2456 2636 2510 eXtiterat
2664 2454 2910 2508 infantia.
2935 2453 2981 2505 Ε
2998 2452 3042 2507 R
3064 2452 3313 2506 similiter
3338 2451 3546 2522 syllaba
3576 2451 3762 2519 sequi-

2167 2556 2270 2612 tur,
2303 2562 2423 2616 qtue
2452 2546 2611 2602 datur
2638 2546 2862 2618 intelligi
2892 2544 3214 2600 haereditarii
3242 2542 3574 2615 signiﬁcatio
3604 2553 3756 2607 tota;

2164 2647 2480 2709 mutataque
2509 2638 2547 2692 ιὶ
2577 2637 2630 2692 in
2660 2655 2748 2703 na,
2780 2628 2986 2708 syllaba
3022 2637 3197 2691 adhuc
3237 2651 3367 2699 una,
3411 2635 3482 2689 ab
3505 2648 3572 2689 eo
3611 2635 3759 2703 quod

2163 2740 2341 2796 natm,
2367 2737 2430 2784 ut
2476 2729 2550 2784 ita
2580 2728 2964 2800 eonglomerati
3013 2725 3384 2782 subinferatur
3419 2727 3538 2795 ipse
3591 2724 3759 2779 bona:

2164 2823 2329 2879 [neres
2365 2822 2521 2878 nobis
2573 2831 2749 2886 natus,
2775 2832 2831 2875 et
2858 2837 2886 2875 a
2918 2820 3143 2875 Domino
3194 2819 3324 2885 Deo,
3364 2819 3480 2873 suis
3522 2815 3760 2872 feliciter

2164 2914 2507 2985 exigentibus
2548 2913 2775 2977 meritis,
2806 2911 2860 2965 in
2901 2910 3095 2967 smcula
3142 2910 3324 2975 datus,
3357 2908 3503 2963 unde
3532 2923 3633 2978 pro
3659 2919 3760 2961 ua"-

2165 3009 2294 3064 stris
2325 3007 2655 3063 facinoribus
2702 3007 3028 3062 intercessor
3052 3004 3292 3075 quotidie
3321 3004 3574 3059 consistit
3623 3018 3759 3073 prae-

2165 3100 2374 3169 cipuus.
2401 3100 2555 3153 Nunc
2583 3099 2746 3170 igitur
2771 3113 2874 3152 non
2912 3108 2995 3151 est
3022 3111 3267 3160 necesse,
3313 3108 3417 3149 nec
3451 3094 3557 3148 hoc
3588 3094 3756 3147 etiam

2165 3202 2366 3248 nostrae
2388 3193 2505 3263 opis
2531 3202 2632 3257 est,
2676 3201 2735 3247 ut
2767 3192 2899 3246 tanti
2926 3189 3141 3261 patroni
3184 3189 3465 3254 miracula,
3511 3204 3636 3257 qua:
3661 3200 3761 3257 per

2167 3283 2315 3339 illmn
2341 3281 2619 3348 Dominus,
2649 3281 2764 3351 ipso
2799 3282 2974 3336 adhuc
3001 3281 3054 3335 in
3085 3294 3313 3350 corpore
3348 3278 3566 3333 vivente
3587 3319 3604 3342 ,
3626 3292 3757 3346 ope-

2166 3391 2290 3432 rare
2322 3376 2574 3446 dignatus
2599 3384 2867 3443 estquam
2898 3372 3151 3443 plurinta,
3201 3370 3290 3425 hic
3327 3377 3536 3423 nostra!
3569 3368 3754 3422 solidi-

2168 3469 2296 3522 tatis
2326 3482 2506 3523 sermo
2528 3467 2581 3521 in
2611 3465 2771 3534 hujus
2800 3464 3083 3519 brevitatis
3109 3462 3481 3517 succinctione
3508 3460 3596 3514 vel
3625 3460 3755 3528 quid

2165 3574 2356 3630 parum
2388 3573 2482 3613 sua
2523 3565 2817 3627 prmsumat
2849 3563 3069 3624 tangere
3095 3551 3358 3615 audacia;
3393 3564 3521 3603 nam
3568 3547 3755 3603 omnia

2166 3664 2287 3718 quae
2318 3648 2558 3719 quandiu
2589 3648 2642 3701 in
2690 3646 2796 3701 hoc
2833 3645 3034 3700 mundo
3077 3642 3291 3698 felicem
3344 3641 3542 3711 agebat
3585 3640 3754 3693 vitam

471 3732 683 3798 'vivunt,
706 3731 953 3788 almiﬂuis
975 3734 1226 3789 virtutum
1243 3734 1518 3790 miraculis
1538 3736 1873 3790 coruscando
1889 3736 2060 3790 mani-
2090 3722 2135 3781 Β
2165 3741 2248 3796 vel
2287 3741 2341 3795 in
2387 3740 2470 3794 sui
2518 3737 2779 3793 transitus
2827 3736 3069 3817 novitate
3122 3732 3338 3788 fuerant
3386 3729 3557 3793 facta,
3596 3728 3756 3782 valde

481 3821 640 3876 restat
664 3835 800 3890 quos
823 3831 1011 3891 postea
1042 3823 1095 3877 in
1125 3831 1325 3880 aeterna
1373 3825 1706 3894 quietudine,
1734 3841 1831 3896 pro
1860 3826 1941 3880 sui
1979 3826 2058 3880 la-

473 3909 623 3963 boris
647 3910 864 3975 sudore,
891 3913 1172 3981 quiescere
1198 3913 1584 3983 perpetualiter
1615 3924 1852 3985 praestat.
1903 3913 2057 3971 Unde

474 4013 688 4068 quoque
717 3999 796 4065 fit,
840 4010 919 4067 ut,
967 4016 1155 4056 eorum
1204 4004 1461 4059 memoria
1509 4003 1794 4070 laudando,
1842 4020 2057 4076 semper

477 4088 785 4158 magnificet
816 4091 867 4143 in
895 4092 1070 4155 terris,
1095 4108 1323 4161 quorum
1351 4095 1729 4164 perpetuitatis
1750 4097 1969 4151 nomina
1999 4096 2052 4151 in

482 4180 792 4235 caelestibus
823 4183 1235 4238 conscribuntur
1258 4184 1411 4239 albis.
1441 4186 1584 4240 Inter
1601 4203 1737 4256 quos
1763 4189 1917 4243 nobis
1944 4203 2054 4258 pra:

472 4272 690 4325 caeteris
712 4287 871 4341 unus,
898 4288 1080 4327 coram
1108 4273 1218 4329 Deo
1247 4277 1605 4347 praesentique
1635 4278 1851 4343 saeculo,
1876 4279 2056 4333 carior

477 4360 726 4416 consistit
754 4369 1052 4431 patronus;
1084 4363 1176 4432 qui
1228 4365 1364 4419 visui
1412 4375 1612 4421 nostra:
1658 4368 1875 4433 mentis,
1927 4384 2050 4422 cum

474 4453 583 4507 alta
640 4468 889 4523 superna:
918 4453 1283 4512 meditationis
1327 4460 1587 4523 ascendit,
1644 4459 1907 4531 gloriosus
1955 4475 2053 4530 ap-

474 4552 630 4611 paret
656 4543 818 4599 veluti
864 4559 1061 4602 aureus
1108 4545 1288 4613 Titan,
1319 4564 1440 4602 cum
1473 4566 1609 4605 novo
1656 4565 1833 4615 mane,
1863 4564 2056 4605 crocea

473 4629 781 4702 relinquens
828 4636 1021 4690 cubilia
1076 4637 1465 4709 septemplicia,
1516 4640 1755 4710 praeclari
1814 4641 2053 4708 luminis,

472 4737 571 4791 per
592 4730 765 4778 totum
799 4727 1019 4796 proclivi
1050 4728 1227 4783 saeculi
1280 4729 1561 4785 rotabilem
1605 4731 1813 4797 urbem,
1858 4731 2056 4803 fugatis

475 4813 734 4879 tenebris,
764 4829 859 4869 sua
881 4818 1079 4872 emittit
1117 4819 1354 4889 spicula;
1392 4823 1514 4890 quia
1545 4822 1596 4875 in
1622 4821 1763 4875 illius
1787 4832 1935 4892 typo,
1959 4838 2057 4893 per

476 4904 646 4958 sancti
679 4908 983 4974 pneumatis
1008 4925 1252 4977 munera,
1285 4912 1352 4965 ad
1383 4927 1618 4967 amorem
1641 4913 1732 4968 Dei
1763 4913 2054 4969 electorum

477 5010 616 5063 smpe
643 4995 974 5053 sufﬁcienter
995 5005 1367 5057 accenduntur
1387 5005 1568 5058 corda.
1628 5005 1967 5076 Quapmpter
2001 5005 2053 5059 in

477 5085 662 5153 primis
689 5086 913 5142 Latinus
943 5104 1121 5145 sermo
1161 5092 1575 5162 azthim0103iam
1604 5095 1686 5149 sui
1722 5075 1954 5147 nominis
1997 5094 2058 5147 li-
2086 5075 2131 5136 (ἶ

478 5190 601 5206 “nan
640 5177 741 5206 l':'\:
787 5179 1099 5206 Anule-Ama..-
1161 5182 1438 5206 J3':~--_l-..
1482 5186 1607 5206 ..-σξη

2159 3831 2333 3903 perita
2362 3842 2549 3883 manus
2596 3824 2873 3896 scriptoris
2918 3824 2972 3888 in
3000 3838 3096 3878 sua
3148 3820 3457 3893 legentibus
3497 3825 3756 3889 patenter

2157 3924 2324 3978 edidit
2343 3922 2453 3976 vita
2479 3919 2624 3992 (l0);
2651 3934 2747 3974 vos
2769 3916 2986 3974 interim
3011 3914 3078 3970 ad
3107 3911 3422 3984 multiplicia
3454 3908 3575 3977 eius
3598 3908 3754 3963 desu-

2157 4015 2431 4077 damenta,
2471 4026 2591 4082 qua:
2639 4024 2738 4081 pro
2788 4007 2893 4062 loci
2941 4005 3024 4061 sui
3067 4004 3343 4059 erectione
3406 3997 3755 4054 laboratione

2156 4104 2370 4159 sudavit
2418 4102 2652 4167 assidua,
2685 4108 2937 4170 optamus
2983 4096 3126 4150 dicta
3174 4091 3495 4155 reflectere,
3533 4087 3582 4143 si
3636 4086 3751 4156 ipse

2154 4192 2631 4264 quoqnedignetnr
2654 4190 2861 4244 adesse.
2878 4186 3034 4250 Nam,
3051 4198 3196 4246 cum,
3214 4181 3427 4243 relicta,
3447 4175 3750 4232 secundum

2158 4283 2364 4337 Domini
2392 4290 2740 4353 prmeeptum,
2781 4277 2956 4348 patria
3000 4273 3178 4330 Sitbiu
3209 4286 3333 4326 cum
3363 4268 3578 4323 duobus
3603 4264 3748 4319 adis-

2155 4385 2239 4431 set
2270 4376 2405 4441 loca,
2436 4385 2563 4428 tunc
2607 4371 2885 4443 temporis,
2936 4368 3005 4422 ob
3033 4365 3257 4420 nimiam
3307 4360 3607 4421 multorum
3653 4371 3749 4427 pa-

2155 4467 2335 4520 ludum
2381 4464 2720 4535 putredinem
2778 4460 2861 4516 vel
2908 4472 3188 4514 nemorum
3239 4452 3588 4512 densitatem,
3652 4461 3748 4517 per

2154 4560 2341 4617 omnia
2389 4554 2594 4612 invenit
2620 4554 2853 4614 deserta,
2911 4564 3012 4604 nec
3049 4548 3117 4602 ad
3148 4560 3279 4601 usus
3308 4540 3617 4602 hominum,
3642 4536 3745 4603 nisi

2156 4651 2298 4721 quod
2340 4655 2394 4703 et
2442 4646 2619 4701 adhuc
2661 4641 2855 4697 incolis
2904 4654 3012 4694 non
3052 4637 3208 4692 deest
3256 4648 3355 4704 pro
3399 4626 3750 4721 capescendis

2158 4718 2619 4810 sntiatttigerorutn
2649 4731 2964 4803 generibus,
2993 4729 3138 4798 quod
3159 4739 3398 4795 unquam
3426 4720 3600 4775 utilia.
3625 4718 3743 4810 Quo

2159 4808 2218 4887 in
2242 4832 2358 4886 loco
2390 4837 2609 4884 sanctus
2648 4825 2731 4879 vir
2760 4832 2970 4878 tantum
3007 4821 3059 4874 in
3092 4819 3184 4873 Dei
3235 4815 3453 4871 nomine
3502 4808 3744 4865 sudavit.

2158 4933 2215 4978 ut
2237 4921 2487 4992 primitus
2525 4916 2705 4974 nobile
2754 4913 3034 4983 templum,
3064 4907 3334 4978 lapidilms
3360 4902 3646 4996 rubrisqne
3668 4897 3745 4996 la-

2160 4991 2365 5068 teribus
2396 5009 2788 5074 interminum,
2813 5006 2867 5060 in
2899 5004 3064 5058 altum
3093 5000 3363 5068 erigeret;
3390 4991 3543 5060 cujus
3574 5005 3641 5043 ex
3668 4991 3745 5039 vi-

2163 5106 2287 5160 cino
2339 5103 2625 5161 columnae,
2656 5111 2883 5169 quarum
2933 5092 3199 5164 capitibus
3241 5084 3468 5155 singulis
3495 5079 3742 5150 imposita

3121 5182 3349 5206 Ω---.ξο..-
3394 5194 3409 5206 ι
3424 5180 3689 5206 ..ουρ-ιιςηί
3724 5187 3738 5199 ⁸
