3982 5292
173 343 305 444 “iiii

1352 389 1899 446 CHARTULAIHUM

1971 414 2034 432 ν-
2069 385 2197 440 ulli.
2239 384 2277 439 1.
3315 398 3453 454 H86

170 512 497 556 structuram
526 499 616 570 qui
659 498 798 554 forte
832 499 976 566 velit,
1025 517 1134 570 pra:
1161 499 1333 555 oculis
1365 499 1630 570 inspicere
1653 517 1747 569 po-
1780 505 1826 562 Α
1857 499 2048 566 Masto,
2080 501 2409 566 Fabricinio,
2441 501 2806 566 Losantanas,
2839 513 2892 559 ct
2939 505 3006 560 ad
3053 502 3324 562 Fundenis
3357 523 3450 562 seu

171 593 314 646 terit.
354 591 507 645 llnnc
558 592 930 646 tantummodo
983 594 1222 647 codicem
1260 593 1326 646 de
1369 592 1757 647 membranulis

172 685 222 737 in
255 683 418 736 unius
462 683 586 736 libri
619 682 1016 736 cumulavimus
1069 698 1290 753 corpus,
1342 691 1422 746 ut,
1475 682 1519 736 si
1573 681 1754 736 forsan

168 776 288 845 quis
317 777 362 829 is
389 777 470 829 ius
502 775 629 840 loci,
669 777 1070 846 possessionum
1115 775 1614 845 investigamlarum
1644 774 1756 828 fue-

168 877 249 922 rat
278 867 492 930 avidus,
525 867 590 920 ad
623 868 769 921 hunc
818 875 1060 922 recurrat
1091 886 1102 919 :
1140 867 1208 920 ibi
1243 881 1526 920 numerum
1578 875 1632 919 et
1663 880 1756 918 no-

166 959 307 1012 mina
344 959 596 1012 invenire
617 960 812 1027 poterit
841 957 1162 1028 quantocius
1193 958 1294 1012 sub
1343 956 1756 1027 pra3titu|atiune

166 1065 411 1103 amorum
462 1049 754 1104 Dominica:
803 1050 1130 1114 nativitatis,
1183 1049 1268 1104 vel
1323 1059 1450 1103 tunc
1499 1048 1758 1118 temporis

163 1139 449 1208 cujuslibet
481 1139 640 1209 regis,
672 1151 794 1209 apte
825 1141 1172 1210 conjunctum
1205 1139 1341 1210 (ll),-
1372 1146 1535 1209 prout
1557 1148 1756 1192 nostra:

165 1236 281 1280 erat
310 1228 719 1296 possibilitatis;
773 1229 864 1283 sed
897 1245 1004 1282 non
1044 1229 1249 1292 omnia,
1283 1229 1538 1296 quoniam
1587 1228 1756 1280 multa

167 1318 234 1371 ab
263 1321 701 1374 antecessoribus
732 1323 933 1376 nostris
987 1321 1228 1390 neglecta
1287 1333 1434 1383 sunt,
1470 1319 1665 1388 partim
1693 1318 1757 1372 li-

161 1408 387 1463 brorum
415 1410 746 1478 incensione,
779 1414 973 1482 partim
1005 1413 1258 1466 demolita
1288 1421 1574 1467 vetustate.

162 1520 226 1574 ll.
273 1521 349 1576 De
376 1539 434 1575 eo
470 1524 610 1590 quod
655 1523 956 1578 Adroaldus
1000 1525 1217 1578 tradidit
1243 1525 1390 1578 beato
1423 1523 1635 1576 Bertino
1661 1523 1757 1576 vil-

805 1594 911 1648 lam
934 1594 1126 1650 Sit/tiu.

230 1709 288 1763 In
322 1709 622 1778 primordio
675 1707 839 1777 igitur
866 1708 1066 1777 operis,
1098 1706 1318 1776 auspice
1351 1703 1586 1767 Christo,
1620 1718 1760 1772 pra:-

159 1798 414 1869 ponimus
446 1798 788 1852 traditionem
846 1797 1102 1851 Adroaldi
1153 1806 1277 1850 tunc
1323 1795 1582 1863 temporis
1635 1794 1753 1846 illu-

1861 594 2054 648 Ma!ros
2080 637 2094 659 ,
2141 595 2394 660 Alciaco,
2436 595 2804 650 Laudardiaca
2860 597 2984 651 villa
3011 639 3026 662 ,
3070 597 3448 662 Franciliaco,

1860 701 1982 740 cum
2013 687 2158 740 omni
2212 687 2407 741 merito
2453 701 2668 753 eorum;
2723 704 2844 742 cum
2874 688 3143 753 domibus,
3183 687 3450 754 aediﬁciis,

1861 778 2022 831 terris
2048 779 2207 832 cultis
2234 788 2286 832 et
2328 778 2576 842 incultis;
2614 781 2923 835 mansiones
2961 797 3082 834 cum
3116 779 3300 851 sylvis,
3329 796 3447 850 pra-

1863 867 1948 930 tis,
1979 868 2190 936 pascuis
2211 910 2225 933 ,
2259 869 2413 938 aquis
2445 885 2786 939 aquarumvc.
2815 871 3165 936 decursibus,
3201 886 3295 926 seu
3323 871 3447 925 fari-

1859 960 2053 1023 nariis,
2083 960 2385 1028 mancipiis,
2414 962 2731 1026 acculabus;
2759 978 2950 1033 greges
2970 979 3091 1017 cum
3117 964 3445 1033 pastoribus,

1859 1049 2183 1114 mobilibus,
2224 1050 2618 1115 immobilibus,
2651 1051 2732 1106 vel
2777 1052 3103 1121 quibuslibet
3148 1053 3445 1108 beneﬁciis.

1859 1141 1984 1196 lla‘c
2029 1141 2209 1196 omnia
2243 1142 2395 1195 vobis
2442 1142 2508 1196 ad
2542 1143 2811 1211 integrum
2860 1145 3012 1199 trado
3057 1151 3221 1214 atque
3273 1153 3449 1198 trans-

1859 1231 2016 1286 ﬁrmo
2063 1241 2122 1285 ut
2174 1232 2449 1295 habeatis,
2500 1234 2728 1287 teneatis
2778 1233 3338 1305 atqueopossideatis,
3392 1245 3448 1288 et

1858 1322 2054 1393 quibus
2107 1323 2388 1377 volueritis
2437 1323 2504 1376 ad
2553 1325 2937 1393 possidendum
2993 1325 3328 1393 relinquatis.
3387 1323 3444 1378 Si

1857 1415 1982 1485 quis
2011 1429 2158 1479 vero,
2192 1415 2335 1485 quod
2369 1415 2608 1469 futurum
2634 1431 2754 1471 esse
2791 1431 2897 1471 non
2925 1417 3118 1480 credo,
3150 1417 3195 1470 si
3225 1431 3325 1487 ego
3352 1427 3446 1470 aut

1858 1505 1997 1558 ullus
2019 1505 2086 1560 de
2113 1505 2418 1559 Incredibus
2462 1507 2618 1571 meis,
2658 1507 2744 1560 vel
2773 1507 3026 1577 quislibet
3054 1508 3297 1577 opposita
3325 1523 3447 1576 per-

1853 1609 1990 1648 sona
2022 1603 2212 1649 contra
2238 1594 2378 1649 hanc
2407 1595 2754 1650 donationem
2780 1592 2978 1650 venire
3007 1598 3308 1663 conaverit,
3337 1597 3445 1650 ullo

1854 1701 2096 1756 unquam
2125 1697 2397 1757 tempore,
2443 1688 2770 1758 imprimitus
2799 1689 2936 1743 iram
2968 1689 3061 1744 Dei
3094 1689 3359 1754 incurrat,
3389 1699 3446 1742 ct

1859 1779 2035 1832 sancti
2084 1778 2228 1832 Petri
2273 1777 2570 1845 oﬁcnsam;
2619 1788 2673 1834 et
2721 1781 2956 1851 insuper,
3006 1780 3138 1836 ﬁsco
3185 1789 3442 1851 cogente,

158 1863 434 1954 strissimi,
463 1889 575 1960 qui,
601 1889 748 1943 velut
779 1888 830 1942 in
862 1888 1027 1958 gestis
1079 1887 1201 1941 almi
1234 1886 1406 1956 patris
1437 1885 1639 1940 Bertini
1679 1884 1742 1938 Ie-

1858 1870 1976 1923 auri
2009 1869 2174 1924 libras
2203 1886 2292 1935 xv,
2322 1871 2532 1941 argenti
2569 1873 2748 1940 pundo
2779 1888 2886 1926 xxx
2925 1882 3146 1927 coactus
3177 1873 3442 1937 exsolvat,

153 1979 305 2049 gitur
332 1980 466 2050 (12),
509 1994 629 2032 cum
661 1978 1063 2032 lizcreditarium
1101 1976 1458 2047 possessionis
1495 1990 1604 2029 sua:
1645 1991 1749 2028 non

153 2061 401 2133 haberet,
431 2079 554 2139 post
575 2070 851 2124 decessum
881 2066 1192 2138 fragilitatis
1219 2069 1488 2132 humanae,
1519 2075 1750 2120 tractare

155 2160 325 2228 cmpit
355 2159 569 2214 assidue
592 2157 821 2227 qualiter
839 2157 1056 2212 Christo
1083 2157 1489 2212 commendaret
1511 2166 1746 2220 terrena,

106 2297 108 2299 ,
153 2263 211 2305 ιιι
253 2259 590 2305 mercaretur
624 2265 878 2319 superna.
935 2249 1133 2320 Igitur,
1185 2250 1504 2304 adveniente
1551 2248 1750 2303 domno

152 2342 378 2396 Bertino
423 2343 474 2395 in
525 2342 858 2395 territorium
929 2339 1282 2406 Caruaninsc,
1341 2341 1554 2394 hortatu
1602 2339 1746 2394 beati

150 2432 401 2504 pncsulis
430 2432 748 2498 Audomari,
793 2433 1014 2487 tradidit
1050 2433 1353 2488 Adroaldus
1376 2449 1764 2507 supramemo-_

151 2535 304 2580 ratus
337 2525 480 2579 almo
507 2523 726 2580 Bertino
757 2525 937 2578 villam
989 2526 1070 2579 sui
1110 2524 1270 2591 juris,
1305 2525 1481 2578 Sizhiu
1535 2542 1743 2580 nuncu-

150 2625 357 2684 patam,
390 2614 956 2670 annoincarnalionis
987 2615 1195 2669 Domini
1238 2616 1405 2670 nostri
1433 2616 1558 2670 Jesu
1591 2617 1749 2670 Chri-

150 2707 216 2760 sti
235 2706 339 2760 6-50
368 2706 477 2777 (13)
501 2708 588 2776 qui
615 2716 695 2761 est
722 2723 896 2761 annus
919 2723 971 2760 ιιι
1000 2707 1138 2776 regis
1166 2707 1421 2772 Lodovei,
1455 2708 1547 2762 ﬁlii
1576 2709 1747 2779 Dago-

147 2801 310 2866 berti,
363 2811 628 2872 quatenus
678 2803 747 2857 ibi
797 2803 1102 2857 coenobium
1154 2804 1204 2857 in
1239 2804 1442 2858 honore
1486 2803 1745 2874 principis

147 2893 519 2962 apostolorum
548 2903 909 2961 construeret,
935 2904 989 2948 et
1013 2895 1078 2949 ad
1117 2897 1361 2950 ordinem
1385 2896 1508 2951 vita:
1557 2912 1743 2950 mona-

146 2983 293 3052 alica)
343 2982 608 3052 plurimos
658 2983 978 3039 accenderet
1028 2985 1275 3053 exemplo
1312 2985 1742 3040 conversationis

145 3075 419 3145 prOpriae;
475 3072 628 3142 cujus
654 3074 956 3129 traditionis
984 3075 1262 3144 exemplar
1284 3075 1372 3129 hic
1401 3075 1563 3129 etiam
1601 3077 1742 3130 scire

147 3166 453 3222 volentibus
475 3182 587 3238 prae
629 3166 800 3221 oculis
830 3166 1130 3222 inscribere
1158 3167 1487 3222 curavimus.

352 3277 440 3332 Ill.
475 3277 758 3348 Exemplar
777 3278 1076 3332 traditionis
1101 3277 1356 3332 Adroaldi
1379 3279 1511 3350 (ιιι).

219 3408 239 3442 ι
277 3389 525 3445 Dominis
565 3390 766 3445 sanctis
796 3388 1045 3445 Patribus
1073 3391 1325 3457 Bertino,
1358 3391 1734 3458 Mammolino,

148 3482 505 3538 Eherlranno.
551 3481 665 3552 Ego
709 3482 765 3536 in
799 3481 896 3536 Dei
948 3482 1168 3537 nomine
1212 3481 1550 3545 Adroaldus,
1600 3497 1734 3536 sana

148 3586 357 3640 mente,
412 3591 651 3646 saneque
720 3575 948 3630 consilio
1012 3575 1234 3644 integrae
1296 3575 1734 3640 deliberationis,

147 3674 306 3734 prout
350 3666 626 3721 mundana
673 3674 896 3735 peccata
943 3680 1061 3720 mea
1112 3664 1379 3720 illecebris
1426 3666 1736 3736 abstergcre

148 3758 406 3814 Dominus
436 3759 707 3828 dignetur,
737 3762 880 3814 dono
909 3759 1060 3814 vobis
1087 3773 1301 3813 omnem
1329 3774 1442 3814 rem
1471 3761 1736 3830 portionis

145 3853 476 3908 hazreditatis
518 3868 652 3908 mea:
681 3854 734 3907 in
777 3867 914 3923 pago
951 3852 1334 3917 Taroancnse,
1367 3853 1509 3921 quod
1537 3853 1736 3908 domno

144 3943 290 3999 Patri
338 3945 674 4011 Audomaro,
710 3945 1021 4016 apostolico
1069 3945 1206 4010 viro,
1246 3946 1313 4000 ad
1361 3946 1733 4000 senodichium

143 4049 306 4090 suum
325 4035 705 4092 aediﬁcandum
739 4038 866 4092 dare
901 4037 1199 4102 voluimus;
1246 4037 1339 4092 sed
1377 4037 1491 4108 ipse
1518 4038 1734 4094 salubre

145 4138 206 4178 ac
245 4125 440 4180 melius
486 4127 770 4182 consilium
804 4127 960 4181 nobis
1009 4127 1266 4192 donavit,
1300 4136 1360 4182 ut
1403 4127 1574 4196 ipsam
1618 4144 1732 4184 rem

143 4218 293 4273 vobis
342 4219 668 4290 delegarem,
717 4227 774 4272 ut
823 4220 893 4275 ibi
942 4220 1328 4275 monasterium
1374 4221 1426 4274 in
1471 4221 1730 4276 honorem

144 4309 318 4363 sancti
361 4309 510 4364 Petri
543 4309 802 4378 principis
853 4310 1220 4379 apostolorum
1273 4321 1590 4367 construere
1635 4313 1729 4368 de-

124 4397 332 4466 ‘beatis,
370 4401 438 4455 ad
466 4400 918 4455 convcrsandum
941 4402 1242 4466 monachis,
1272 4403 1361 4458 ubi
1410 4404 1551 4459 beati
1599 4420 1731 4474 pau-

139 4503 294 4557 peres
342 4491 536 4560 spiritu
578 4499 634 4546 et
681 4491 962 4546 domestici
1015 4492 1137 4546 ﬁdei
1202 4495 1428 4547 adunari
1477 4496 1727 4562 debeant,

1846 1968 1908 2013 et
1946 1961 2086 2029 quod
2138 1963 2332 2030 repetit
2381 1976 2485 2015 non
2534 1962 2708 2016 valeat
2753 1962 3082 2017 evindicare.
3114 1963 3181 2016 Et
3225 1971 3284 2016 ut
3329 1963 3445 2018 ha-c

1853 2051 2074 2106 donatio
2117 2051 2368 2106 omnibus
2423 2052 2756 2120 temporibus
2798 2051 3110 2105 ﬁrmissima
3160 2051 3250 2117 sit,
3280 2067 3441 2105 manu

1853 2155 2040 2199 nostra
2090 2145 2486 2210 roboravimus,
2532 2153 2587 2199 et
2627 2144 2719 2214 qui
2765 2144 3045 2215 signarent
3084 2151 3175 2197 aut
3205 2143 3443 2198 subscri-

1845 2235 2043 2290 ‘berent
2090 2237 2156 2289 ad
2205 2251 2443 2306 przesens
2478 2236 2806 2305 rogavimus.
2856 2233 3024 2288 Facta
3075 2233 3292 2287 donatio
3343 2247 3439 2286 vm

1852 2329 1972 2384 idus
1996 2327 2330 2399 Septembris
2353 2344 2495 2384 anno
2529 2346 2578 2383 x1
2621 2328 2768 2399 regni
2800 2325 3011 2381 Domini
3054 2326 3224 2380 nostri
3245 2323 3442 2380 Cloio-

1853 2421 1935 2475 vci
1967 2422 2110 2490 regis
2136 2421 2270 2491 (El).
2498 2409 2502 2413 ’

1929 2553 1946 2585 ι
1983 2534 2176 2588 Actum
2222 2534 2408 2599 Ascio,
2453 2533 2578 2587 villa
2630 2532 2920 2596 dominica,
2966 2530 3208 2600 publice,
3255 2543 3437 2582 coram

1849 2625 2086 2680 strenuis
2133 2626 2398 2696 personis,
2453 2641 2683 2696 quorum
2739 2624 2978 2686 nomina,
3028 2638 3150 2677 cum
3201 2620 3440 2674 subscri-

1845 2718 2124 2786 ptionibus
2154 2719 2236 2793 vel
2266 2719 2581 2788 signaculis,
2613 2719 2805 2773 subter
2836 2726 3084 2772 tenentur
3113 2716 3334 2769 inserta.

1924 2829 1941 2860 ι
1985 2810 2096 2879 Ego
2135 2811 2437 2865 Adroaldus
2479 2810 2619 2864 hanc
2660 2808 3030 2869 donationem,
3066 2822 3094 2859 a
3127 2821 3212 2859 me
3239 2804 3436 2858 factam

1846 2899 2164 2968 subscripsi.
2196 2899 2250 2953 In
2281 2900 2480 2954 Christi
2521 2899 2759 2963 nomine,
2793 2906 3047 2968 peccator
3075 2895 3436 2958 Audomarus,

1845 2990 2066 3044 nomine
2123 2990 2328 3059 absque
2379 3003 2544 3058 opere
2601 2988 2924 3058 episcopus,
2978 3002 3078 3056 pro
3127 2983 3438 3038 testimonio

1845 3080 2163 3150 subscripsi.
2195 3079 2308 3148 Ego
2354 3078 2596 3149 Agoll‘us,
2643 3078 2751 3132 acsi
2802 3077 3083 3148 indignus,
3131 3075 3432 3146 presbyter,

1845 3170 2162 3238 subscripsi.
2188 3170 2300 3240 Ego
2323 3170 2662 3241 lngobertus,
2689 3170 2800 3225 acsi
2828 3169 3101 3238 indignus,
3131 3168 3431 3236 presbyter,

1839 3261 2159 3332 subscripsi.

1915 3391 1933 3422 ι
1971 3373 2010 3441 1
2053 3370 2278 3438 Signum
2321 3371 2655 3426 Chuncberti
2695 3369 2976 3442 graﬁonis.
3004 3368 3043 3437 1-
3088 3365 3241 3436 Sign.
3289 3363 3435 3418 Lan-

1838 3460 2066 3516 deberti.
2100 3460 2249 3532 Sign.
2285 3461 2641 3516 Maurilionis.
2688 3459 2837 3530 Sign.
2879 3455 3102 3511 Baboni.
3133 3455 3286 3525 Sign.
3318 3454 3428 3523 (16)

1840 3549 2218 3607 Sacebaronis.
2267 3552 2419 3621 Sign.
2485 3549 2788 3604 Adalbaldi.
2862 3546 3202 3603 Leudolenus
3261 3545 3430 3598 abbas

1837 3641 2177 3711 subscripsit.
2227 3640 2404 3714 [Sign.
2452 3639 2806 3710 Waldegisili,
2855 3638 2908 3692 in
2955 3634 3156 3692 Christi
3209 3633 3429 3689 nomine

1839 3732 2167 3802 Ragnulfus,
2191 3731 2416 3800 jubente
2457 3734 2654 3787 domno
2702 3729 3010 3784 Audomaro
3049 3726 3336 3797 episc0po,
3373 3732 3430 3778 et

1837 3833 2061 3893 rogante
2106 3823 2378 3879 Adroaldo
2428 3823 2621 3879 illustri
2677 3823 2830 3887 viro,
2887 3821 3027 3874 hanc
3079 3818 3426 3873 donationem

1835 3914 2049 3984 scripsi.

1915 4043 1932 4076 ι
1970 4025 2161 4080 Testes
2185 4025 2346 4094 hujus
2369 4025 2676 4080 traditionis
2705 4041 2719 4078 :

1910 4157 1931 4190 ι
1967 4137 2114 4208 Sign.
2158 4138 2418 4193 Babbani.
2474 4137 2622 4209 Sign.
2671 4136 2948 4207 Seoguini.
2981 4137 3022 4206 -ιδ
3055 4135 3208 4206 Sign.
3250 4133 3423 4190 Crod-

1835 4227 1992 4281 mari.
2019 4227 2059 4298 1-
2082 4228 2233 4299 Sign.
2269 4227 2646 4282 Ermemberti.
2674 4227 2714 4298 1-
2741 4227 2892 4297 Sign.
2927 4224 3179 4279 Maurini.
3204 4228 3245 4295 1-
3273 4223 3425 4296 Sign.

1834 4318 2232 4388 Adalcharii.1-
2268 4317 2417 4389 Sign.
2454 4317 2819 4387 Rigoberti.1-
2857 4317 3007 4386 Sign.
3041 4315 3424 4371 Clirodobaldi.

1831 4410 1871 4482 1-
1904 4411 2055 4482 Sign.
2096 4409 2406 4478 Vumegeri.
2434 4408 2470 4476 1-
2502 4407 2809 4462 Danoaldus
2858 4407 3142 4477 presbyter
3168 4405 3235 4458 A.
3270 4404 3423 4472 Sign.

1837 4502 2072 4557 Ormari.
2100 4501 2142 4570 1-
2188 4499 2340 4568 Sign.
2377 4497 2563 4551 lneuﬁ.
2605 4498 2646 4567 1-
2696 4497 2848 4568 Sign.
2898 4493 3228 4550 Bertolandi.
3273 4491 3423 4560 Sign.

138 4596 364 4648 quorum
396 4595 557 4637 voces
602 4582 840 4652 quotidie
883 4582 948 4636 ad
980 4597 1138 4636 aures
1180 4583 1392 4637 Domini
1436 4601 1730 4654 personare
1764 4570 1810 4628 Ι)
1838 4593 2157 4649 Tadobaldi.
2195 4592 2235 4660 -ι-
2265 4591 2417 4661 Sign.
2449 4589 2816 4644 Astrouvaldi.
2866 4588 2907 4657 1-
2954 4588 3106 4657 Sign.
3157 4583 3424 4638 Gaiberti.

137 4680 456 4737 noscuntur,
489 4688 718 4742 quorum
747 4673 1034 4741 petitiones
1065 4673 1323 4729 Dominus
1352 4675 1502 4729 audit
1539 4686 1593 4731 et
1628 4678 1730 4730 im-

135 4761 260 4830 plet.
293 4764 594 4833 Propterea
638 4763 791 4819 vobis
831 4764 883 4818 in
915 4765 1128 4821 Christo
1157 4766 1402 4835 patribus
1438 4766 1600 4834 dono,
1635 4785 1732 4840 per

136 4851 274 4908 hanc
319 4853 604 4924 epistolam
662 4855 997 4920 donationis,
1047 4856 1100 4911 in
1154 4872 1292 4928 pago
1346 4857 1727 4926 Taroanense,

135 4945 312 5000 villam
358 4948 711 5017 proprietatis
757 4963 891 5002 mete
936 4958 1283 5018 nuncnpante
1329 4949 1528 5016 Sithiu,
1560 4967 1728 5023 supra

134 5039 349 5095 ﬂuvium
403 5041 672 5112 Agniona,
700 5057 824 5097 cum
867 5042 1013 5096 omni
1061 5042 1256 5097 merito
1285 5057 1414 5109 suo,
1445 5043 1531 5099 vel
1578 5045 1726 5114 adja-

132 5133 356 5199 centiis,
406 5147 504 5188 seu
552 5133 885 5203 aspicienliis
939 5133 1110 5202 ipsius
1164 5133 1320 5187 villas.
1382 5134 1503 5190 llzec
1554 5145 1724 5193 sunt:

135 5225 253 5279 villa
296 5225 678 5290 Magnigeleca,
709 5225 984 5290 Wiciaco,
1013 5225 1238 5290 Tatinga
1275 5226 1425 5290 villa,
1456 5229 1727 5290 Ammeio,

1833 4690 1874 4760 1-
1897 4688 2049 4758 Sign.
2086 4685 2287 4740 Bainus
2308 4684 2373 4737 A.
2404 4682 2556 4753 Sign.
2583 4680 2881 4751 Madalgisi.
2907 4680 2948 4749 1
2975 4678 3125 4748 Sign.
3147 4674 3424 4745 Burgaszi.

1829 4783 1868 4851 1-
1903 4780 2054 4851 Sign.
2106 4776 2427 4832 Madalaulﬁ.
2469 4777 2505 4847 1-
2541 4775 2693 4845 Sign.
2731 4770 3030 4827 Aldeberti.
3077 4767 3227 4837 Sign.
3267 4767 3429 4821 Tras-

1830 4875 2010 4929 waldi.
2041 4877 2082 4944 1-
2107 4871 2260 4942 Sign.
2287 4870 2531 4925 Macrini.
2561 4869 2602 4938 1'
2629 4867 2778 4936 Sign.
2808 4861 3149 4918 Gislebertus
3173 4859 3240 4913 Α.
3274 4858 3431 4932 Sign.

1831 4964 2055 5020 Badoni.
2083 4965 2123 5034 1-
2152 4963 2306 5032 Sign.
2337 4959 2602 5014 Radbaldi
2635 4952 2963 5012 sacerdotis.
2991 4953 3030 5022 1-
3059 4951 3210 5018 Sign.
3237 4949 3440 5007 Vuahl-

1835 5057 1995 5111 mari.
2021 5058 2059 5128 1-
2083 5055 2235 5124 Sign.
2268 5050 2531 5106 Anchaldi
2564 5043 2869 5103 sacerd0tis
2896 5045 2952 5100 in
2973 5039 3175 5098 Christi
3201 5043 3446 5110 nomine,

1833 5161 1894 5203 ut
1943 5163 2104 5220 supra
2152 5145 2217 5200 A.
2265 5141 2416 5212 Sign.
2460 5139 2728 5194 Charrici.
2762 5133 2804 5202 τι
2830 5131 2994 5208 Sign.
3027 5128 3216 5186 lsberti
3256 5145 3451 5192 sacer-

1836 5241 1995 5292 dolis.
2028 5239 2066 5292 αἱ·
2099 5235 2251 5292 Sign.
2285 5226 2625 5290 Amalg:1rii.1
2661 5248 2679 5280 ι
