3982 5292
521 299 656 366 us":

1619 294 1940 362 FOLQUINI
1984 306 2045 352 S.
2079 294 2351 350 BERTlNl
2390 296 2697 355 MONACHI

3652 305 3778 361 “88

518 412 609 467 ιν.
640 409 941 481 Exemplar:
966 410 1411 482 continuationis
1434 406 1680 482 Villantni
1718 407 1852 463 beati
1894 407 2094 462 Berlini
2121 411 2169 471 Α
2196 422 2356 476 quam
2396 418 2450 465 et
2480 410 2544 466 de
2574 421 2728 482 parte
2756 413 2925 482 ipsius
2955 413 3177 470 Bertino
3207 416 3439 481 abbate,
3467 416 3777 473 monasterii

896 489 943 532 et
974 479 1310 534 Mummoleni
1331 479 1555 550 episcopi
1580 479 1711 551 (l7).

591 592 703 648 Sub
729 592 1062 648 Francorum
1089 605 1304 661 quoque
1340 591 1579 662 principe
1611 590 1926 664 (Cblotarto)
1953 609 2094 662 pra:-

514 686 645 742 dicti
678 685 819 756 regis
848 684 1104 742 Hlodovei
1143 684 1282 749 ﬁlio,
1334 699 1476 738 anno
1521 684 1688 754 ipsius
1718 700 1797 750 vt,
1827 683 2094 755 Verbiqne

514 779 781 834 incarnati
822 777 925 833 660
970 778 1200 847 placuit,
1233 775 1525 832 venerabili
1566 776 1683 831 viro
1736 775 2094 833 Mummoleno

515 869 863 926 Noviomensi
897 869 1178 940 episcopo,
1219 870 1522 938 domnoque
1566 868 1785 924 Bertino
1813 868 1993 924 abbati
2031 870 2096 925 de

519 960 705 1017 Sitdiu
740 961 1071 1017 monasterio
1118 961 1260 1016 inter
1302 974 1362 1016 se
1408 960 1587 1030 aliqua
1638 968 1972 1015 commutare
2018 960 2096 1015 lo-

517 1053 652 1110 cella
682 1070 697 1110 :
727 1054 980 1124 deditque
1028 1052 1348 1109 venerabilis
1392 1051 1783 1108 Mnmmolenus
1810 1054 2094 1123 cpiscopus

516 1143 717 1200 domno
765 1134 984 1197 Bertino
1030 1142 1209 1198 abbati
1266 1142 1442 1196 villam
1492 1151 1856 1212 nuncupatam
1909 1142 2092 1209 Vallis,

513 1250 677 1305 quam
708 1236 774 1290 de
818 1243 968 1304 parte
1010 1234 1236 1290 dederat
1284 1234 1399 1288 viro
1445 1234 1878 1291 reverentissimo
1924 1235 2091 1291 Eber-

514 1335 727 1381 tramno
755 1325 949 1383 abbate
977 1326 1043 1382 de
1069 1326 1245 1381 sancti
1287 1324 1530 1392 Quintini
1567 1326 1835 1391 coenobio,
1864 1342 1960 1396 pro
1989 1327 2093 1382 alia

512 1416 637 1470 villa
687 1426 1044 1488 cognomento
1085 1417 1385 1484 Tunninio,
1422 1432 1517 1474 seu
1549 1426 1604 1473 et
1644 1418 1870 1489 lnbrago
1915 1429 1969 1475 et
2011 1420 2094 1475 ln-

511 1504 794 1575 glindono,
844 1506 930 1561 vel
966 1508 1019 1562 in
1066 1506 1391 1563 Selcrciaco.
1444 1506 1569 1562 Haec
1613 1508 1854 1578 quinque
1905 1508 2093 1564 locella

511 1595 710 1652 domno
753 1598 1022 1652 concessit
1063 1596 1304 1653 Bertino.
1353 1598 1416 1653 Et
1450 1612 1481 1653 e
1519 1598 1797 1654 contrario
1824 1598 1906 1653 vir
1932 1614 2094 1655 vene-

510 1685 713 1741 randus
742 1685 994 1743 Bertinus
1038 1687 1183 1743 dedit
1215 1688 1563 1746 Mumntolino
1596 1690 1846 1760 episcopo
1887 1691 2091 1761 portio-

2195 497 2276 551 sui
2321 497 2527 566 Sitdiu,
2575 504 3009 574 quandoquidem
3063 505 3144 561 eis
3190 507 3677 576 complacuerunt,
3730 520 3779 565 et

2195 585 2370 642 locum
2402 588 2728 656 invenirent,
2751 592 3023 648 licentiam
3052 605 3292 650 nostram
3320 596 3567 650 habeant
3586 596 3782 654 facien-

2197 676 2342 731 dum.
2375 678 2699 736 Invenerunt
2738 682 2879 737 inter
2925 697 2984 739 se
3027 685 3187 740 ambo
3230 685 3420 741 locella
3464 685 3653 754 aliqua
3702 687 3781 743 his

2197 768 2548 825 nominibus:
2581 769 2765 837 Vallis,
2809 789 2970 845 quem
3015 774 3082 830 de
3128 785 3278 846 parte
3322 777 3632 836 venerabili
3672 778 3780 833 viro

2194 859 2550 918 Ebertramno
2587 864 2780 920 abbate
2818 867 2886 922 dc
2928 866 3151 923 basilica
3190 869 3363 923 sancti
3394 868 3652 935 Quiutini
3690 883 3780 937 pro

2196 952 2298 1007 alia
2329 954 2457 1009 villa
2504 957 2905 1024 cognominanti
2940 957 3229 1014 'l‘utnninio
3251 999 3266 1023 ,
3298 974 3392 1014 seu
3429 966 3488 1013 et
3534 959 3780 1029 lmbrago

2194 1055 2250 1101 et
2277 1046 2610 1117 Inglindono,
2643 1049 2725 1103 vel
2757 1050 2808 1105 in
2837 1050 3161 1117 Sclcrclaco,
3198 1052 3252 1105 in
3284 1052 3388 1107 ista
3434 1051 3557 1106 loca
3597 1052 3779 1122 quinta

2195 1136 2539 1192 denominata
2567 1140 2714 1196 dedit
2741 1140 3122 1205 Mummplinus
3162 1143 3448 1212 episcOpus
3469 1143 3591 1212 jam
3641 1142 3780 1197 dicto

2193 1225 2411 1284 Bertino
2467 1230 2680 1288 abbate.
2720 1231 2983 1288 Similiter
3008 1233 3154 1290 dedit
3196 1234 3452 1289 Bertinus
3503 1234 3651 1289 abba
3676 1247 3782 1287 me-

2195 1328 2406 1376 morato
2431 1322 2629 1377 domno
2665 1321 3015 1378 Mummolino
3044 1324 3224 1381 abbati
3255 1324 3341 1380 vel
3367 1325 3636 1395 episcopo
3661 1339 3781 1394 por-

2194 1411 2340 1467 tione
2387 1426 2481 1467 sua
2531 1413 2596 1467 de
2645 1412 2769 1467 villa
2818 1424 3162 1485 nuncupante
3210 1412 3489 1480 Vausune,
3533 1414 3591 1468 in
3649 1430 3780 1485 pago

2192 1498 2548 1559 Constantino
2595 1503 2662 1558 ad
2709 1507 3019 1574 integrum,
3068 1520 3229 1575 quem
3279 1504 3345 1559 de
3394 1505 3599 1560 illustri
3658 1519 3781 1559 vero

2193 1595 2386 1666 Agulfo
2416 1612 2513 1667 pro
2557 1597 2660 1651 alia
2694 1597 2819 1651 villa
2847 1596 3186 1653 Tranciliaco
3216 1597 3271 1652 in
3321 1597 3658 1653 concambio
3699 1612 3781 1650 ac-

2195 1687 2356 1765 cepit,
2388 1695 2442 1743 et
2469 1686 2574 1742 alio
2621 1685 2810 1743 locello
2857 1688 2948 1759 qui
2976 1697 3202 1743 vocatur
3231 1687 3606 1742 Laudardiaca
3636 1686 3779 1751 villa,

510 1791 633 1832 nem
676 1791 830 1832 suam
878 1780 944 1833 de
990 1779 1110 1833 villa
1163 1788 1504 1851 nuncupante
1541 1758 1811 1845 \‘ausune,
1857 1758 1909 1836 in
1953 1798 2090 1854 pago
2118 1758 2167 1818 Β
2195 1778 2250 1832 in
2282 1760 2543 1849 'pago.....
2590 1775 2656 1830 ad
2704 1758 2992 1847 integrum.
3041 1777 3146 1831 Isla
3192 1776 3372 1832 Omnia
3426 1775 3779 1829 denominata

509 1864 894 1933 Constantino,
939 1877 993 1924 et
1046 1869 1218 1924 locum
1267 1869 1410 1923 aliud
1460 1870 1677 1925 nomine
1725 1870 2089 1928 Lauvardiaca

511 1957 635 2011 villa
662 1958 729 2012 ad
756 1959 1048 2029 integrum,
1078 1976 1241 2030 quam
1289 1962 1768 2018 commutationem
1801 1965 1949 2034 regia
1994 1980 2092 2020 au-

506 2048 759 2103 ctoritate
784 2050 1111 2106 conﬁrmare
1154 2051 1463 2120 petierunt:
1496 2053 1638 2122 quod
1665 2062 1720 2109 et
1746 2053 1947 2109 factum
1981 2064 2081 2110 est.

506 2134 795 2208 Exemplar
848 2142 1246 2211 antemeregite
1296 2141 1728 2198 conﬁrmationis
1789 2158 2089 2215 proponere

507 2225 724 2296 placuit.

960 2324 1024 2379 V.
1056 2323 1341 2395 Exemplar
1375 2327 1632 2396 ejusdem.

579 2409 715 2482 [(18)
742 2411 1156 2469 Chlotacharius
1181 2429 1277 2471 rex
1320 2415 1653 2472 Francorum
1686 2418 1769 2471 vir
1817 2416 2086 2490 inluster.]

506 2499 646 2555 Dum
675 2509 730 2556 et
756 2517 853 2558 nos
883 2503 1142 2560 Dominus
1188 2505 1242 2560 in
1274 2505 1408 2561 solio
1451 2517 1734 2578 parentum
1774 2515 2084 2564 nostrorum

508 2589 640 2645 fecit
681 2592 892 2661 sedere,
920 2603 1135 2663 oportet
1172 2587 1329 2652 nobis
1376 2596 1665 2652 salubriter
1707 2612 1989 2670 peragere,
2027 2606 2087 2652 ut

506 2696 569 2736 ea
598 2683 651 2736 in
678 2682 771 2738 Dei
803 2685 1019 2740 nomine
1045 2685 1335 2742 debeamus
1380 2703 1707 2759 propensare
1728 2730 1743 2754 ,
1779 2697 1837 2742 ut
1880 2689 1931 2744 id
1968 2704 2088 2759 qua:

506 2770 574 2824 ad
608 2772 905 2841 profectum
931 2776 1281 2832 ecclesiarum
1308 2778 1393 2849 vel
1418 2794 1504 2834 res
1532 2790 1841 2835 sanctorum
1871 2781 2087 2836 salvan-

506 2860 632 2913 dnm
678 2864 947 2930 pertinet,
998 2865 1181 2920 libenti
1230 2868 1410 2922 animo
1457 2869 1746 2925 debeamus
1795 2872 2084 2940 praestare,

508 2949 741 3019 qualiter
786 2955 885 3009 hoc
931 2955 985 3010 in
1019 2955 1111 3011 Dei
1147 2958 1363 3013 nomine
1398 2957 1617 3013 inlibata
1648 2960 1840 3016 debeat
1872 2960 2086 3032 perma—

508 3055 659 3107 nere,
690 3053 744 3099 et
772 3045 910 3114 apud
954 3052 1217 3102 aeternum
1253 3049 1635 3105 retributorem
1680 3052 1835 3108 nobis
1880 3069 1946 3109 ex
1976 3056 2080 3110 hoc

509 3133 576 3187 ad
606 3136 908 3190 mercedem
952 3138 1122 3206 possit
1166 3139 1461 3210 pertinere,
1508 3150 1562 3197 et
1592 3146 1939 3217 congregatio
1973 3147 2083 3203 Deo

508 3233 791 3291 canentes,
815 3242 913 3297 pro
939 3228 1094 3283 nobis
1123 3228 1332 3285 Domini
1362 3232 1788 3290 miscricordiam
1834 3240 2086 3294 studeazt

507 3315 821 3385 deprecare.
850 3318 1016 3390 Igitur
1061 3316 1388 3391 apostolicus
1425 3325 1510 3380 vir
1551 3322 1942 3386 Mummolenus
1980 3330 2087 3388 No-

508 3405 801 3464 viomensis
826 3411 972 3467 urbis
1001 3413 1302 3485 episcopus,
1332 3432 1538 3473 necnon
1571 3429 1624 3475 et
1652 3424 1972 3480 venerabilis
2002 3426 2085 3481 vir

509 3494 758 3552 Bertinus
785 3500 921 3557 abba
953 3503 1018 3558 de
1062 3506 1391 3562 monasterio
1421 3506 1618 3578 Sitdiu,
1648 3513 1738 3581 qui
1786 3516 2082 3584 poniturjn

510 3599 648 3655 pago
678 3585 1060 3648 Tervuanense
1079 3634 1093 3659 ,
1123 3609 1153 3649 a
1184 3609 1412 3666 quorum
1461 3599 1743 3657 amborum
1790 3618 1953 3673 opere
1984 3605 2083 3662 visi

509 3675 731 3733 fuerunt
765 3681 1068 3751 tediﬁcare,
1102 3695 1156 3740 et
1201 3688 1366 3743 estin
1413 3690 1620 3747 honore
1664 3674 1862 3750 sanctze
1906 3696 2084 3752 Maria:

509 3767 787 3835 genitricis
835 3770 1048 3828 Domini
1100 3760 1270 3832 nostri
1315 3776 1441 3834 Jesu
1486 3780 1725 3847 Christi,
1775 3800 1981 3841 necnon
2031 3797 2086 3843 et

511 3860 684 3914 sancti
732 3859 877 3916 Petri
923 3863 1158 3921 et'Pauli
1208 3871 1591 3938 apostolorum,
1638 3873 1721 3927 vel
1766 3885 2081 3941 caeterormu

507 3950 828 4007 domnorum
875 3968 1201 4013 sanctorum
1229 3969 1598 4029 constructus,
1632 3966 1698 4019 ad
1741 3969 2080 4037 praesentiam

509 4049 751 4096 nostram
796 4045 1093 4111 venientes,
1140 4050 1439 4108 clementia:
1469 4057 1616 4125 regni
1662 4059 1831 4113 nostri
1879 4060 2082 4116 detule-

508 4136 636 4186 runt
684 4134 906 4200 notitia,
955 4146 1013 4191 ut
1057 4138 1236 4209 aliqua
1288 4140 1476 4197 locella
1524 4160 1711 4202 eorum
1749 4163 1982 4219 congrua
2028 4161 2085 4207 et

504 4232 794 4294 oportuna,
836 4233 944 4281 tam
978 4228 1031 4282 in
1058 4243 1193 4299 pago
1215 4229 1589 4298 Constantino,
1620 4250 1781 4305 quam
1811 4239 1864 4293 in
1890 4239 2074 4296 Novio-

508 4313 767 4384 maginse,
797 4315 882 4373 vel
915 4316 1329 4388 Cambracinse,
1380 4339 1474 4379 seu
1520 4324 1934 4394 Vermandinse,
1965 4331 2082 4386 ubi-

509 4417 725 4474 cunque
754 4421 1051 4479 congruum
1080 4410 1256 4467 locum
1296 4414 1647 4483 advertirent,
1682 4417 1825 4474 inter
1849 4433 1909 4476 se
1932 4435 2080 4477 com-

506 4503 717 4550 mutare
759 4496 1038 4555 deberent.
1091 4502 1213 4560 Ideo
1244 4505 1514 4573 petierunt
1556 4508 1712 4564 nobis
1755 4511 2081 4568 unanimiter

505 4596 632 4643 ante
673 4589 849 4646 dictus
904 4593 1132 4650 domnus
1181 4594 1569 4656 Mummolenus
1614 4601 1933 4673 episc0pns,
1982 4612 2078 4660 seu

506 4683 844 4739 venerandus
871 4685 956 4739 vir
987 4685 1235 4742 Bertinus
1271 4688 1439 4751 abba,
1482 4700 1541 4746 ut
1567 4692 1648 4749 eis
1681 4693 1953 4749 licentiam
1981 4695 2077 4750 tri-

504 4767 669 4825 buere
699 4773 1046 4843 deberemus,
1079 4786 1185 4832 tam
1216 4778 1282 4834 de
1320 4789 1473 4851 parte
1505 4781 1700 4837 domno
1729 4782 2076 4842 Mummolino

503 4859 776 4930 episcopo,
805 4863 888 4917 vel
911 4866 1129 4923 civitate
1152 4866 1507 4925 Noviomense
1533 4871 1701 4940 ipsius
1742 4872 2074 4943 pontiﬁcato,

580 4992 1126 5075 (lZ)_E«_lidit_lllabill.
1160 5003 1236 5075 De
1261 5021 1315 5059 re
1342 5003 1558 5073 diplom.
1588 5021 1640 5075 p.
1670 5006 1795 5060 625.

575 5064 687 5151 (l8)
702 5065 758 5119 In
783 5067 884 5151 hoc
904 5071 1200 5151 Qltlotliarii
1226 5064 1497 5151 praecepto
1518 5064 1668 5151 deest
1694 5077 1832 5144 apud
1858 5075 2078 5151 Folqni-

920 5138 1163 5234 initialis,
1186 5136 1347 5227 quam
1377 5136 1825 5234 u'tteis'ittclusarn
1856 5136 2077 5227 supple-

2196 1867 2338 1937 quod
2365 1881 2463 1920 nos
2491 1880 2588 1935 pro
2613 1867 2912 1921 reverentia
2945 1866 3112 1936 ipsius
3153 1867 3323 1920 sancti
3359 1865 3485 1929 loci,
3521 1866 3610 1920 vel
3655 1865 3781 1917 Ber-

2195 1960 2329 2026 tino,
2361 1973 2454 2015 seu
2479 1957 2791 2014 monasterii
2820 1959 2902 2014 sui
2931 1958 3128 2025 Sithiu,
3154 1968 3211 2013 ut
3236 1959 3338 2012 hoc
3366 1956 3419 2012 in
3450 1957 3783 2026 eismetipsis

2192 2050 2536 2107 Mummolino
2560 2052 2810 2122 episcopo
2851 2060 2904 2106 ct
2940 2050 3158 2106 Bertino
3187 2049 3401 2116 abbate,
3450 2049 3601 2104 sicut
3626 2064 3782 2119 supe-

2192 2145 2305 2200 rius
2342 2144 2598 2210 diximus,
2628 2145 2836 2215 integra
2869 2152 3049 2199 nostra
3082 2144 3378 2199 auctoritas
3407 2142 3633 2212 plenius
3660 2158 3783 2196 con-

2190 2235 2411 2290 ﬁrmare
2437 2235 2679 2290 deberet.
2711 2232 2874 2306 Cujus
2899 2235 3143 2305 petitioni
3181 2237 3254 2291 ita
3290 2236 3623 2305 praestitisse
3649 2244 3709 2290 et
3733 2234 3780 2288 in

2189 2324 2438 2380 omnibus
2464 2326 2814 2380 conﬁrmasse
2843 2325 3172 2396 cognoscite.
3202 2323 3597 2394 Praecipientes
3640 2324 3781 2379 enim

2190 2425 2249 2471 ut
2284 2417 2422 2473 sicut
2447 2424 2659 2473 constat
2689 2417 2755 2472 de
2803 2417 2945 2486 ipsas
2990 2430 3078 2472 res
3104 2416 3371 2488 superius,
3401 2416 3680 2487 quidquid
3710 2416 3782 2469 di-

2189 2515 2334 2562 ctum
2365 2516 2478 2573 est,
2523 2507 2578 2562 in
2628 2507 2742 2577 ipsa
2774 2505 2886 2561 loca
2936 2520 3059 2560 cum
3090 2506 3266 2561 omnia
3300 2514 3356 2560 et
3402 2520 3474 2559 ex
3524 2503 3781 2559 omnibus

2194 2605 2362 2652 totum
2392 2604 2447 2650 et
2480 2597 2547 2652 ad
2579 2596 2868 2665 integrum,
2901 2595 2955 2661 id
2997 2604 3081 2651 est
3125 2610 3245 2651 cum
3277 2595 3474 2659 terris,
3503 2595 3779 2657 domibus.

2190 2687 2493 2758 mancipiis,
2527 2686 2823 2753 farinariis,
2863 2688 3055 2752 vineis,
3088 2686 3171 2742 vel
3214 2685 3475 2757 quidquid
3530 2686 3683 2741 inter
3729 2702 3783 2740 se

2189 2788 2676 2845 commutaverunt,
2700 2779 2859 2835 cultis
2878 2787 2931 2834 et
2953 2777 3191 2844 incultis,
3213 2786 3266 2832 et
3291 2776 3396 2833 hoc
3416 2778 3485 2832 ad
3508 2786 3781 2848 praesente

2192 2879 2432 2940 tempore
2478 2870 2765 2938 possedere
2810 2868 2892 2924 vel
2949 2868 3227 2923 dominare
3278 2869 3568 2931 videntur,
3618 2870 3697 2923 ita
3732 2874 3781 2922 ct

2189 2963 2400 3017 inantea
2433 2976 2527 3032 per
2560 2970 2799 3017 nostrum
2827 2969 3152 3033 praeceptum
3182 2958 3391 3030 plenius
3428 2960 3559 3014 inde
3586 2958 3780 3015 conﬁr-

2189 3065 2390 3111 matum
2428 3065 2482 3109 et
2526 3070 2687 3125 supra
2739 3054 2924 3124 scripti
2974 3054 3201 3108 domnus
3241 3051 3632 3107 Mummolinus
3673 3052 3777 3121 epis

2191 3164 2383 3219 scopus
2420 3156 2474 3203 et
2501 3147 2753 3202 Bertinus
2797 3147 2931 3201 abba
2964 3146 3030 3201 de
3074 3147 3215 3215 ipsas
3244 3161 3331 3201 res
3376 3146 3639 3216 superius
3686 3161 3777 3200 no-

2191 3241 2443 3302 minatus,
2476 3235 2732 3307 quidquid
2784 3253 2943 3291 manu
2989 3245 3172 3291 nostra
3223 3234 3322 3290 fuit
3355 3236 3669 3305 delegatum
3700 3236 3777 3289 vel

2186 3330 2484 3395 ﬁrmatum,
2513 3328 2653 3383 sicut
2673 3343 2770 3397 per
2793 3329 2979 3382 eadem
3004 3324 3359 3389 declaramus,
3382 3326 3493 3381 hoc
3518 3327 3773 3388 habeant,

2189 3428 2426 3487 teneant,
2477 3427 2640 3490 atque
2686 3416 3030 3488 possideant,
3078 3417 3300 3486 suisque
3363 3418 3776 3473 successoribus

2186 3526 2309 3566 cum
2336 3508 2428 3565 Dei
2459 3519 2514 3564 et
2547 3516 2731 3563 nostra
2754 3507 2927 3578 gratia
2958 3505 3360 3576 derelinquant;
3401 3507 3487 3562 vel
3513 3507 3774 3578 quidquid

2186 3602 2380 3659 exinde
2405 3600 2586 3657 facere
2611 3599 2984 3663 decreverint,
3016 3599 3241 3659 liberam
3284 3598 3336 3653 in
3384 3599 3651 3655 omnibus
3678 3600 3771 3654 had

2185 3694 2349 3750 beant
2376 3701 2721 3763 potestatem,
2752 3701 2807 3748 et
2854 3690 3000 3747 nulla
3040 3691 3185 3747 inter
3213 3691 3360 3760 ipsos
3403 3689 3476 3745 lis
3516 3699 3576 3745 et
3609 3690 3770 3745 alter.

2185 3786 2326 3841 catio
2364 3792 2485 3855 post
2512 3784 2844 3855 temporibus
2885 3792 3012 3838 ante
3056 3792 3406 3853 parentorum
3457 3791 3770 3837 nostrorum

2184 3877 2400 3948 regibus
2442 3882 2690 3940 maneat,
2734 3874 2838 3929 nisi
2890 3873 2958 3929 de
2985 3881 3140 3943 parte
3182 3872 3383 3928 domno
3419 3871 3772 3927 Mummolino

2185 3968 2456 4039 episcopo,
2489 3980 2651 4036 quam
2684 3972 2741 4020 et
2777 3964 2844 4020 de
2888 3963 3292 4020 successoribus
3320 3963 3435 4018 suis
3481 3962 3772 4019 Novium:-

2183 4061 2336 4131 ginse
2373 4061 2593 4115 civitate
2639 4056 2783 4112 nulla
2828 4056 3109 4126 requisitio
3155 4070 3257 4111 nec
3299 4054 3615 4111 remallatio
3643 4054 3770 4117 ﬁat;

2184 4159 2240 4206 et
2278 4151 2345 4206 de
2389 4157 2541 4220 parte
2588 4147 2807 4203 Bertino
2849 4146 3047 4202 abbate
3096 4146 3178 4202 vel
3228 4144 3398 4215 ipsius
3448 4143 3769 4201 monasterii

2186 4242 2360 4299 Sitdiu
2396 4258 2492 4299 seu
2522 4240 2928 4298 successoribus
2968 4240 3081 4295 suis
3115 4253 3224 4294 non
3253 4237 3351 4293 ﬁat
3385 4255 3399 4290 :
3430 4245 3492 4292 et
3519 4250 3625 4292 nec
3650 4248 3771 4291 sitc-

2182 4334 2416 4391 cessoris
2483 4333 2651 4389 nostri
2713 4334 2766 4388 in
2820 4330 3128 4388 curticcllas
3176 4327 3615 4399 suprascriptas,
3672 4339 3769 4380 nee

2185 4426 2456 4497 quislibet,
2486 4428 2547 4479 ut
2584 4424 2786 4480 dictum
2814 4431 2923 4487 est,
2962 4420 3250 4492 iudiciaria
3278 4425 3526 4490 potestas
3568 4416 3767 4473 ibidem

2185 4516 2467 4588 ingredere
2492 4530 2600 4570 non
2645 4523 2932 4586 praesumat
2963 4530 2977 4568 :
3005 4511 3110 4567 nisi
3154 4526 3252 4582 pro
3297 4518 3489 4565 nostra
3516 4507 3769 4565 mercede

2185 4606 2389 4677 absque
2435 4604 2662 4661 introitu
2683 4604 2944 4674 judicium
2986 4610 3322 4660 memoratus
3353 4601 3497 4656 abba
3527 4599 3619 4655 vel
3647 4612 3768 4653 suc-

2182 4709 2427 4751 cessores
2454 4693 2536 4749 sui
2561 4693 2758 4750 ibidem
2786 4693 3142 4749 consistentes
3168 4691 3236 4746 ad
3267 4698 3422 4761 parte
3451 4688 3629 4758 ipsius
3656 4702 3766 4741 mo-

2182 4786 2404 4842 nasterii
2432 4785 2651 4841 valeant
2671 4784 2970 4855 possidere,
2997 4784 3232 4852 qualiter
3254 4783 3308 4837 in
3336 4781 3443 4838 illis
3465 4780 3766 4836 delectetur

2181 4879 2249 4934 ad
2281 4877 2396 4948 ipsa
2439 4883 2625 4931 sancta
2652 4873 3069 4946 congregatione
3110 4888 3208 4942 pro
3235 4872 3392 4926 nobis
3420 4869 3639 4924 Domini
3666 4866 3767 4922 mi.

2173 5008 2392 5064 omnino
2439 5011 2803 5060 consentanea
2838 5002 3079 5058 formula:
3105 5000 3395 5057 Carolinze.
3443 4998 3505 5052 in
3538 5008 3761 5054 conter-

2179 5088 2294 5150 tum
2327 5076 2485 5150 hujus
2514 5074 2828 5150 diplomatis
2854 5074 3105 5150 mendum
3134 5073 3421 5150 irrepsisse
3433 5069 3669 5150 nvidetur
3694 5069 3757 5121 ad

2179 5147 2294 5202 hinc
2323 5139 2509 5234 verba,
2530 5139 2748 5234 doan
2773 5139 3317 5234 Mununoli‘uooo‘bati
3351 5139 3753 5234 :
