3982 5292
157 290 284 346 H89

1370 309 1936 374 CHARTULARIUM.
1966 355 2034 365 ——
2070 325 2196 379 LIB.
2237 328 2270 381 Ι.

3263 360 3398 414 H90

151 401 496 458 sczicordiam
528 402 730 475 jugiter
759 408 1072 478 deprecare.
1107 414 1172 470 Et
1200 427 1256 472 ut
1293 421 1405 476 haec
1432 430 1718 496 praeceptio
1750 439 1790 491 Α
1826 433 2035 492 Domini
2079 441 2344 508 conflant,
2395 456 2455 502 ut
2496 451 2563 505 ad
2606 454 2824 514 cmleste
2874 466 3125 532 gaudium
3153 484 3365 531 ςοηιρη,

152 493 350 532 Γι-ι-ιιιίηι·
379 495 643 532 halm-num
687 509 735 532 AI
767 515 792 532 α
819 503 966 532 “Ald-
993 513 1386 532 ρ..,.,.----μξιηη
1627 530 1634 532 Α
1677 521 1687 532 .
1863 523 1872 532 .
1970 525 1984 532 -
2214 531 2219 532 ,

152 493 350 548 fn-mior
379 495 662 563 habeatur,
687 509 741 553 et
765 515 794 554 a
819 503 968 558 vobis
992 513 1504 586 successoribusque
1527 521 1720 577 vestris

147 601 236 654 per
271 593 515 654 tempora
557 588 607 642 in
652 592 901 647 omnibus
929 610 1282 656 conservetur
1311 622 1322 656 :
1361 622 1458 660 nos
1498 620 1550 662 et
1580 627 1718 680 prae-

144 676 280 730 celsa
308 676 520 747 jdomna
563 681 795 748 genitrix
863 697 1044 741 nostra
1106 691 1488 753 Baltbechildis
1533 705 1714 772 regina

143 765 414 834 signaculo
440 785 631 824 manus
661 782 860 827 nostrzn
884 779 1160 835 noscimur
1186 785 1522 843 adfirmasse.

206 857 398 912 Actum
423 859 523 912 sub
563 860 650 916 dic
676 863 792 918 Kal.
825 866 1124 945 Februarii,
1153 888 1296 930 anno
1325 893 1371 932 vi
1425 883 1574 951 regni
1619 901 1714 940 no-

139 946 229 999 stri
254 944 523 1003 Crisciaco
552 951 776 1019 palacio.
953 941 960 945 ’

139 1058 217 1111 VI.
270 1057 349 1111 De
395 1062 664 1146 privilfgio
717 1067 1216 1146 beqtildudomori,
1265 1080 1406 1146 quod
1457 1089 1708 1140 concessit

309 1141 488 1184 sancto
519 1131 733 1187 Bertina
764 1137 828 1189 de
855 1137 1073 1194 basilica
1095 1131 1288 1199 sancta:
1319 1131 1527 1206 Merita.

200 1219 371 1290 (662.)
401 1220 457 1274 ln
489 1223 676 1278 eodem
726 1241 938 1296 quoque
987 1246 1148 1296 anno,
1181 1236 1280 1290 sub
1317 1241 1504 1296 eodem
1554 1246 1704 1313 prin-

130 1312 242 1378 cipe
268 1308 544 1375 Lotbariu,
589 1312 716 1368 fecit
739 1317 926 1372 beatus
954 1320 1316 1392 Audomarus,
1354 1308 1701 1390 Tamen-neno

127 1403 198 1456 sis
240 1402 494 1458 Ecclesia:
539 1406 842 1476 episcopus,
886 1411 1082 1467 domno
1107 1414 1324 1472 Bertino
1365 1423 1698 1493 privilegium

124 1494 365 1548 ecclesia:
387 1511 516 1561 sua),
542 1513 701 1566 quam
726 1500 776 1554 in
804 1501 1062 1559 honorem
1087 1518 1286 1565 sancta:
1311 1513 1400 1567 Dei
1423 1517 1698 1585 genitricis

122 1583 302 1638 Maria:
332 1595 706 1642 construxerat
753 1592 803 1644 in
837 1594 1012 1648 Sithiu
1042 1597 1186 1662 villa,
1229 1602 1294 1654 ad
1326 1619 1554 1674 corpora
1584 1610 1693 1663 fra-

124 1683 259 1728 trum
290 1677 602 1733 tumulando
628 1681 760 1751 (l9),
791 1692 846 1736 ut
878 1685 989 1754 ipsa
1012 1689 1233 1746 basilica
1257 1695 1358 1749 sub
1381 1699 1695 1756 umbracufo

118 1765 396 1830 patrocinii
426 1769 664 1836 praedicti
697 1771 906 1828 abbatis
938 1775 1161 1843 Bertini,
1190 1796 1284 1834 seu
1316 1798 1689 1845 successorum
1723 1774 1766 1830 Β

114 1853 247 1920 ejus,
275 1871 375 1923 per
397 1860 742 1914 succedentia
770 1871 1008 1934 tempora
1038 1883 1207 1938 usque
1248 1873 1302 1926 in
1339 1874 1499 1930 ﬁnem
1535 1893 1689 1950 rega-

115 1952 216 2007 tur,
250 1953 309 1998 ut
337 1945 504 2014 ipsius
535 1948 794 2019 privilegii
831 1961 1060 2010 testatur
1089 1958 1278 2015 charta
1321 1979 1482 2032 quam
1522 1945 1684 2025 etiam

111 2037 194 2090 hic
235 2037 535 2094 inscribere
579 2043 886 2100 curavimus
918 2048 992 2101 uti
1027 2058 1152 2104 tunc
1195 2057 1450 2120 temporis
1483 2059 1682 2116 factam

109 2130 432 2198 accepimus.

413 2222 518 2278 Vll.
543 2224 830 2294 Exemplar
849 2228 1081 2298 ejusdem
1105 2236 1378 2309 pririlegii.

172 2313 261 2383 (14
287 2314 417 2382 Apr.
452 2316 600 2387 662.)
635 2337 652 2368 ι
685 2318 906 2376 Domnis
944 2325 1147 2380 sanctis
1177 2342 1240 2382 ac
1283 2332 1678 2390 venerabilibus

104 2403 152 2457 in
183 2402 402 2458 Christo
429 2406 559 2459 mihi
591 2407 1011 2479 adhzerentibus,
1043 2422 1153 2469 tam
1185 2417 1471 2477 abbatibus
1516 2439 1674 2492 quam

101 2506 150 2551 et
173 2499 503 2569 presbyteris
523 2501 608 2554 vel
633 2503 967 2576 diaconibus,
993 2510 1078 2565 vel
1100 2514 1245 2568 omni
1269 2514 1412 2571 clero
1437 2515 1674 2576 Tarven-

101 2589 276 2641 nensis
337 2587 589 2644 Ecclesiae
644 2607 739 2647 seu
803 2595 934 2652 viris
995 2597 1324 2669 illustribus,
1373 2607 1668 2676 Optimatis,

99 2675 337 2732 sublimis
365 2679 612 2747 personis
638 2682 719 2736 vel
750 2682 972 2755 reliquis
995 2703 1156 2758 quam
1186 2675 1446 2760 pluribus,
1485 2697 1671 2755 Audo-

98 2779 292 2829 marus,
326 2766 732 2839 Christi,gratia
767 2772 1130 2833 Tarnanensis
1171 2781 1424 2839 Ecclesia:
1460 2787 1668 2856 episco-

93 2869 205 2922 pus.
250 2855 401 2912 Licet
452 2875 549 2914 nos
595 2863 832 2932 antiqua:
879 2869 1074 2937 regula:
1121 2875 1411 2928 constituta
1460 2855 1664 2935 salubri

93 2944 463 3003 observatione
511 2952 781 3008 custodire
847 2961 1162 3026 conveniat,
1214 2972 1429 3034 tamen,
1481 2969 1663 3026 divina

93 3036 333 3109 largitate
376 3041 702 3112 inspirante,
759 3046 873 3100 utili
916 3051 1221 3118 provisione
1263 3067 1657 3130 pertractante,

89 3132 459 3189 constituimus
489 3144 578 3201 ut,
623 3138 764 3205 quod
808 3140 980 3196 sacris
1028 3144 1504 3208 deliberationibus
1540 3171 1658 3210 non

87 3221 320 3294 derogat,
369 3226 633 3297 intrepida
675 3231 1056 3291 observatione
1099 3250 1469 3297 conservetur.
1521 3245 1657 3312 Quia

87 3314 276 3382 placuit
301 3320 477 3384 nobis,
507 3320 661 3390 juxta
689 3322 1035 3382 fraternalem
1065 3345 1386 3388 consensum
1411 3346 1465 3390 et
1493 3338 1657 3394 visce-

85 3405 204 3460 ralis
245 3409 466 3476 pietatis
509 3411 757 3478 allectus,
804 3414 873 3467 ita
904 3430 999 3470 cor
1043 3426 1286 3474 nostrum
1329 3423 1655 3483 intrinsecus

81 3495 326 3565 mollivit,
374 3509 434 3555 ut
481 3502 705 3558 basilica
749 3505 802 3558 in
839 3504 1012 3560 insula
1038 3505 1246 3573 Sithiu,
1299 3511 1390 3567 ubi
1416 3513 1469 3568 in
1494 3525 1651 3572 antea

79 3591 458 3646 monasterium
492 3593 544 3646 in
582 3595 674 3648 Dei
724 3596 942 3651 nomine
981 3598 1303 3656 tedilicatum
1349 3617 1472 3659 esse
1497 3608 1648 3662 vide-

79 3687 186 3743 tur,
218 3683 305 3738 ubi
340 3684 667 3755 regulariter
695 3688 937 3744 viventes
985 3690 1209 3746 aderant
1251 3697 1500 3750 monachi
1548 3699 1647 3753 sub

75 3770 323 3832 libertate.
345 3778 650 3843 constituti,
677 3779 872 3834 ibidem
901 3781 1106 3850 pariter
1129 3799 1251 3838 cum
1291 3784 1423 3854 ipsis
1455 3803 1642 3842 mona-

74 3863 200 3932 chis,
227 3882 324 3935 pro
362 3884 553 3923 eorum
596 3871 962 3927 consolatione
999 3873 1082 3927 vel
1125 3875 1412 3945 adjutorio,
1456 3877 1642 3934 basili-

71 3972 199 4024 cam,
223 3962 496 4016 communi
523 3978 706 4033 opere,
733 3967 799 4019 ad
823 3981 1048 4035 corpora
1074 3982 1261 4021 eorum
1287 3969 1371 4023 vel
1394 3979 1639 4027 nostrum

69 4050 406 4119 quicscenda,
442 4055 825 4111 mditicavimus
852 4057 904 4111 in
931 4059 1190 4115 honorem
1228 4070 1429 4118 sanctae
1455 4065 1637 4122 Mariae

66 4142 331 4206 genitricis
363 4147 573 4201 Domini
615 4149 785 4203 nostri
827 4148 952 4204 Jesu
1003 4151 1234 4219 Christi;
1267 4164 1324 4209 ut
1353 4157 1404 4209 in
1441 4174 1634 4229 supra-

65 4233 250 4302 scripta
286 4235 534 4305 basilica,
558 4238 710 4307 juxta
737 4241 976 4311 ipsorum
1006 4242 1231 4300 fratrum
1264 4247 1632 4317 plenissimam

63 4321 395 4394 charitatem,
422 4328 476 4383 in
508 4329 623 4398 ejus
652 4332 850 4388 sacello
875 4336 1252 4404 corpusculum
1285 4355 1483 4406 meum,
1513 4355 1629 4412 post

63 4411 254 4469 obitum
287 4433 506 4484 meum;
539 4421 736 4476 ibidem
786 4424 1059 4495 depositus
1106 4428 1190 4481 vel
1239 4411 1631 4498 conditus,ide-

62 4501 202 4560 beret
231 4508 371 4564 inter
401 4511 638 4580 ipsorum
685 4515 1000 4584 corpuscula
1045 4520 1432 4574 monachorum
1452 4563 1466 4588 ,
1499 4526 1586 4594 qui
1608 4565 1622 4590 ,

59 4594 296 4666 religioso
327 4601 534 4669 habitu,
560 4605 627 4659 ad
671 4606 1056 4676 omnipotentis
1098 4607 1191 4662 Dei
1223 4609 1466 4677 verbum,
1494 4628 1626 4668 con-

57 4697 307 4746 venerunt
354 4692 421 4748 de
471 4694 818 4769 dissimilibus
867 4698 1154 4767 gentibus,
1217 4698 1283 4754 de
1338 4702 1623 4769 squalitate

57 4779 248 4845 mundi,
273 4781 327 4836 in
356 4784 515 4840 unius
553 4765 759 4856 gremio
793 4799 997 4844 sancta:
1023 4790 1296 4857 Ecclesize,
1321 4808 1418 4862 pro
1438 4809 1623 4851 amore

55 4863 240 4924 Christi
294 4876 610 4932 consolidati
659 4888 816 4946 sunt;
878 4889 938 4935 ut
979 4883 1046 4936 ab
1083 4884 1214 4954 jngo
1260 4886 1442 4940 mundi
1483 4882 1617 4944 colla

54 4968 248 5016 mentes
291 4967 593 5037 excutiant,
640 4972 819 5026 omnia
866 4975 1162 5051 deserere,
1194 4984 1418 5034 terrente
1479 4998 1620 5038 cura:

51 5053 271 5115 pondera
302 5056 587 5129 deponere,
634 5071 796 5135 atque
831 5065 897 5120 ad
926 5069 1142 5124 eteleste
1171 5069 1496 5129 desiderium
1535 5077 1617 5131 la-

54 5143 148 5199 tius
174 5149 334 5205 animi
384 5152 558 5209 sinum
608 5159 824 5224 laxent,
863 5159 1026 5217 vitam
1071 5169 1335 5218 remotam
1382 5182 1481 5237 pro
1529 5184 1618 5224 su-

48 5245 201 5292 Derna
258 5242 610 5292 retributian
669 5248 934 5292 nntinrnnt
1040 5260 1098 5292 nr
1170 5251 1219 5292 in
1284 5270 1344 5292 an

1414 5261 1611 5292 canniic

1716 5250 1954 5292 nnnlifnv
1990 5259 2084 5292 ant

1823 523 2077 590 piandum
2115 543 2173 584 se
2209 531 2485 590 innovent.
2519 537 2748 600 Proinde
2779 523 3013 621 ego‘qna
3047 556 3237 614 ﬁducia
3267 581 3394 634 pro-

1821 622 2066 680 vocatus,
2099 617 2488 681 intercessores
2534 645 2684 688 tneos
2731 641 2871 705 apud
2917 617 3390 709 clementissimum

1818 710 1871 753 et
1893 705 2314 775 omnipotentem
2341 714 2644 784 Dominum,
2671 733 2730 778 ut
2753 727 2864 782 suis
2883 734 3130 798 precibus
3152 741 3393 808 praebere

1818 791 1948 844 mihi
1980 793 2269 864 dignentur
2290 805 2714 877 amminiculum,
2748 815 3024 875 humiliter
3048 791 3302 897 depbsco,
3333 844 3388 888 et

1817 882 1996 938 taliter
2041 887 2108 942 ab
2137 890 2251 959 ipsa
2281 903 2696 970 congregatione
2739 911 2996 980 supplico,
3048 882 3137 974 ubi
3189 933 3244 978 et
3289 882 3382 981 ubi

1813 970 1959 1028 locus
1989 981 2246 1047 evenerit,
2277 984 2329 1039 in
2363 1003 2469 1056 quo
2498 992 2756 1053 Dominus
2783 1001 2848 1056 de
2876 1003 2975 1060 hac
3017 1008 3134 1065 luce
3163 1030 3248 1070 me
3282 1021 3386 1074 mi-

1810 1076 1969 1130 grare
1989 1063 2234 1135 jusserit,
2264 1080 2514 1134 consocia
2543 1084 2832 1155 cbaritate,
2857 1091 3012 1159 juxta
3040 1103 3181 1169 quod
3209 1106 3261 1159 in
3288 1124 3384 1164 au-
3430 1126 3434 1128 ·

1811 1152 1960 1208 ribus
2007 1159 2204 1216 vestris
2263 1167 2646 1239 patefecimus,
2687 1168 2845 1247 quod
2897 1152 3145 1245 voluntas
3196 1207 3380 1252 nostra

1795 1788 2087 1844 recondere
2135 1793 2386 1854 debeant.
2431 1803 2538 1859 Per
2587 1814 2728 1878 quod
2780 1817 3032 1888 decerno,
3081 1837 3168 1895 et,
3216 1831 3371 1902 juxta

1792 1889 2114 1936 consensum
2159 1886 2389 1945 fratrum
2432 1896 2751 1956 clericorum
2796 1906 3158 1972 Tarnanensis
3193 1886 3371 1979 e'ccle-

1789 1967 1901 2032 size,
1933 1971 2018 2026 vel
2044 1972 2341 2036 illustribus
2383 1985 2514 2041 viris
2555 1996 2802 2058 personis
2845 1999 3137 2070 interdico,
3167 2021 3224 2063 ut
3255 2014 3368 2082 ipsa

1789 2056 2002 2082 Ιιηηηξ--
2053 2065 2130 2082 Α-κί
2291 2071 2302 2082 ¹
2460 2075 2472 2082 ⁵

1787 2056 2008 2115 basilica
2049 2065 2150 2119 sub
2195 2071 2511 2129 umbraculo
2551 2056 2836 2148 patrocinii
2883 2091 3094 2150 abbatis
3123 2056 3362 2169 'Bertilni,

3080 2149 3086 2150 ,
3138 2149 3362 2169 ,-_-.-..,

1784 2149 1874 2216 qui
1908 2167 2049 2208 nunc
2077 2160 2336 2227 temporis
2361 2163 2414 2217 in
2447 2175 2572 2223 ante
2602 2172 2746 2228 dicto
2775 2185 3102 2239 monasterio
3134 2195 3364 2257 praeesse

1784 2236 1832 2257 -.ζ
1858 2237 1960 2257 Ι-..μ
1981 2255 1992 2257 _

1784 2236 2015 2304 videtur,
2043 2257 2140 2298 seu
2169 2261 2198 2298 a
2224 2257 2628 2313 successoribus
2655 2263 2784 2328 suis,
2815 2269 2916 2323 sub
2940 2236 3148 2328 eodeml
3168 2281 3365 2348 guber-

1783 2325 2000 2383 natione
2026 2335 2281 2402 regenda,
2307 2351 2431 2398 cum
2476 2345 2659 2402 divino
2698 2325 2844 2408 cultu
2893 2325 3198 2434 aﬂ'ectuqu;
3231 2370 3362 2439 piis-

1779 2415 1918 2472 simo
1945 2431 2001 2474 et
2029 2421 2318 2484 dilectione
2347 2446 2454 2500 qua
2498 2437 2670 2505 decet,
2720 2455 2772 2498 et
2801 2462 2923 2503 cum
2954 2415 3123 2509 οιιιιιίι
3147 2415 3357 2530 integra

1779 2505 2042 2530 αλ1;.ι2μ.-
2100 2513 2112 2524 ·
2223 2516 2236 2530 1
2345 2519 2399 2530 η.
2433 2523 2444 2530 .
2473 2523 2483 2530 .

1775 2505 2047 2566 soliditate
2097 2513 2286 2573 insula:
2344 2519 2522 2578 Sithiu
2582 2537 2910 2591 monasterio
2967 2541 3018 2594 in
3075 2546 3158 2599 sui
3215 2505 3359 2617 juoris

1777 2595 2048 2617 “Lacu-..-
2143 2603 2155 2616 .
2400 2611 2451 2617 _-
2515 2614 2524 2617 _

1773 2595 2052 2655 obtineant
2105 2603 2292 2672 vigore
2335 2611 2698 2685 arbitrioque,
2754 2625 2839 2678 vel
2886 2629 3045 2686 rebus
3101 2595 3352 2694 inibidem

1773 2685 2180 2759 aspicientibus;
2217 2703 2275 2750 ut
2295 2712 2468 2768 neque
2493 2718 2593 2774 ego
2615 2722 2789 2779 neque
2817 2713 2885 2768 ull
2895 2732 2955 2771 us
2979 2685 3352 2793 episcoporum

1769 2790 2143 2839 successorum
2175 2801 2442 2859 meorum,
2474 2810 2646 2866 neque
2672 2803 2952 2877 privilegio
2988 2823 3081 2868 aut
3111 2790 3353 2877 muneris

1769 2885 1968 2938 causa,
2000 2879 2118 2945 'pro
2165 2879 2403 2949 ejusdem
2451 2887 2736 2957 adjutorio,
2789 2912 3069 2958 servorum
3116 2906 3211 2964 Dei
3267 2915 3350 2967 vel

1765 2962 2003 3031 ipsorum
2039 2967 2288 3028 libertate
2316 2975 2525 3048 integra
2551 2988 2898 3055 reservanda,
2928 2997 3207 3065 requirere
3243 3019 3349 3059 nou

1764 3062 2073 3118 praesumat.
2108 3056 2195 3124 Et,
2225 3061 2365 3118 sicut
2409 3067 2752 3138 antiquorum
2775 3115 2789 3142 ,
2816 3079 2899 3133 vel
2929 3081 2981 3136 in
3006 3056 3167 3142 -novo
3211 3099 3350 3146 tem-

1763 3159 1914 3213 pore,
1947 3153 2274 3209 monasteria
2316 3160 2536 3228 propria
2564 3164 2841 3239 privilegia
2871 3183 2996 3228 sunt
3031 3191 3343 3248 consecuta,

1759 3234 1834 3288 ita
1870 3245 1924 3291 et
1951 3237 2054 3294 hoc
2084 3255 2114 3294 a
2145 3249 2553 3306 successoribus
2595 3234 2963 3328 custodiatur;
2998 3274 3058 3319 ut
3079 3234 3339 3339 quidquid

1758 3324 1810 3379 in
1843 3327 1957 3396 ipsa
1997 3331 2221 3388 basilica
2252 3337 2335 3392 vel
2363 3339 2481 3408 ejus
2510 3351 2838 3406 monasterio
2862 3353 3062 3410 ibidem
3095 3324 3336 3426 ἔπιθι-ἱππ,

1756 3414 1870 3483 ipse
1917 3418 2084 3476 abbas
2127 3423 2211 3478 vel
2242 3432 2495 3486 monachi
2539 3435 2740 3493 ibidem
2787 3445 3105 3515 servientes,
3137 3452 3340 3523 absque

1753 3507 1913 3563 ulius
1961 3517 2349 3575 contrarietate
2403 3523 2484 3578 vel
2537 3531 2856 3598 repetitione
2920 3507 3333 3611 episcoporum,

1751 3595 1924 3664 liberi,
1955 3617 2077 3657 cum
2116 3605 2209 3661 Dei
2241 3610 2529 3681 adjutorio,
2565 3595 2666 3674 hoc
2696 3595 3039 3696 possideant;
3073 3595 3146 3699 ei,
3177 3633 3334 3702 juxta

1747 3689 1889 3756 quod
1926 3691 2202 3749 decretum
2246 3708 2348 3763 est,
2382 3705 2643 3775 quidquid
2687 3689 2929 3781 praedicti
2970 3689 3328 3780 basiliei'mos

1747 3779 1902 3833 nachi
1937 3783 2037 3835 sub
2069 3785 2314 3844 libertate
2352 3798 2660 3867 evangelica
2707 3806 3029 3874 regulariter
3069 3814 3330 3883 viventes,

1747 3871 1893 3941 regio
1944 3891 2206 3945 munere,
2262 3897 2353 3937 seu
2402 3901 2431 3939 a
2489 3890 2815 3957 quibuslibet
2865 3899 3218 3971 Christianis,
3277 3912 3329 3964 in

1743 3963 1912 4031 agris,
1935 3970 2240 4040 mancipiis,
2272 3989 2406 4031 auro
2434 3991 2768 4054 argentoque
2793 3990 3071 4062 sacrisque
3094 3998 3323 4053 volumi-

1740 4055 1918 4124 nibus,
1946 4059 2031 4116 vel
2059 4061 2114 4154 in
2140 4066 2547 4141 quibuscunque
2575 4078 2882 4148 Speciebus,
2914 4055 3034 4154 qu-ze
3065 4089 3130 4143 ad
3161 4106 3324 4146 orna-

1739 4158 1980 4205 mentum
2007 4152 2172 4210 divini
2200 4157 2396 4227 cultus,
2426 4163 2506 4219 vel
2545 4167 2611 4220 ad
2640 4183 2776 4238 opus
2805 4152 2992 4230 eorum
3032 4184 3325 4237 monacho-

1736 4249 1853 4293 rum
1878 4243 2149 4310 pertinere
2172 4261 2487 4318 noscuntur,
2509 4257 2593 4312 vel
2619 4259 2669 4313 in
2692 4265 2906 4319 caeteris
2927 4267 3089 4324 rebus
3112 4273 3321 4329 collatis

1735 4339 1826 4383 aut
1851 4332 2103 4405 deinceps
2130 4338 2425 4408 collaturis,
2458 4345 2507 4398 in
2529 4352 2780 4414 praesenti
2810 4355 2918 4409 vita
2947 4361 3150 4415 nostris
3183 4371 3315 4416 tem-

1733 4424 1955 4491 poribus
1984 4442 2076 4482 seu
2120 4444 2492 4488 successorum
2525 4453 2800 4508 meorum,
2833 4462 3006 4516 neque
3050 4465 3166 4518 ego.
3197 4454 3315 4504 nul-

1733 4512 1924 4584 lusque
1943 4516 2044 4572 sibi
2067 4519 2327 4587 pontifex,
2353 4532 2445 4577 aut
2473 4525 2667 4597 aliquis
2691 4546 2756 4585 ex
2779 4535 2968 4589 ordine
2997 4537 3316 4596 clericorum

1731 4606 2011 4661 ordinator
2035 4607 2397 4669 Tarnanensis
2420 4615 2694 4688 Ecclesiae,
2717 4624 2830 4677 suis
2851 4626 3035 4681 usibus
3057 4643 3320 4697 usurpare

1732 4705 1824 4749 aut
1855 4698 2121 4766 minuere,
2153 4711 2247 4756 aut
2291 4705 2357 4758 ad
2386 4707 2661 4766 civitatem
2693 4713 2869 4783 aliqua
2900 4717 3078 4786 specie
3108 4719 3320 4775 deferre

1731 4800 1834 4840 non
1862 4801 2173 4855 praesumat.
2206 4792 2270 4845 Et
2301 4796 2562 4868 quidquid
2600 4803 2668 4855 ad
2715 4802 2886 4870 ipsmn
2936 4805 3108 4859 altare
3141 4807 3192 4860 in
3222 4809 3316 4865 Dei

1731 4879 1945 4934 nomine
1975 4881 2140 4935 fuerit
2184 4883 2425 4941 oblatum
2469 4905 2498 4942 a
2542 4892 2977 4967 quibuscunque,
3011 4897 3124 4951 Deo
3157 4897 3324 4966 inSpi-

1725 4983 1913 5037 rantc,
1947 4976 2364 5044 transmissum,
2414 4981 2546 5036 nihil
2604 4982 2708 5037 sibi
2757 4988 2978 5057 exinde,
3025 5002 3128 5059 pro
3178 5004 3330 5045 reve-

1723 5065 1895 5120 rentia
1927 5076 2131 5123 sancta:
2160 5067 2366 5134 Mariae,
2400 5072 2454 5126 in
2497 5070 2652 5140 cujus
2694 5073 2907 5140 honore
2949 5085 3065 5153 ipsa
3106 5077 3337 5138 basilica

1720 5159 1803 5212 vel
1842 5160 2174 5233 reliquorum
2219 5171 2528 5217 sanctorum
2571 5177 2896 5231 constructa
2941 5185 3065 5231 esse
3097 5168 3338 5239 videtur,

2128 5249 2248 5292 nine
2297 5253 2709 5292 nrnhidinnnnnc
2771 5263 2860 5292 ‘ml
2917 5259 3141 5292 ....:t:lmt
3195 5263 3312 5292 ηιηις
