3982 5292
123 369 251 425 H95

1467 349 2044 409 CIIARTULARIUM.

3249 350 3383 405 HM

121 489 182 544 ad
199 484 616 556 comparandum
635 480 875 537 invenire
891 478 1140 550 potuerit,
1150 483 1343 545 praeter
1359 472 1476 528 illos
1489 483 1701 526 mansos

1810 482 1928 536 qtae
1977 465 2407 520 ibidemlrectrix
2453 477 2571 520 esse
2600 463 2830 530 videtur,
2864 463 2966 520 hoc
2995 471 3079 521 est
3103 478 3387 521 monaste-

121 577 256 632 unde
301 588 497 644 operas
527 573 797 627 carrarias
843 578 1064 632 exeunt,
1094 567 1196 621 hoc
1244 565 1438 619 habeat
1479 562 1716 617 conccs—'

119 682 265 729 sum,
295 673 349 719 et
393 664 538 718 nullo
569 663 778 716 redditur
823 670 1012 722 terrae,
1052 672 1151 711 nec
1182 656 1354 710 nullas
1400 653 1702 707 functiones

119 758 358 831 publicas
381 757 583 810 eisdem
624 756 696 809 ob
727 755 827 806 hoc
861 751 1111 819 exigere,
1144 762 1241 800 nec
1290 746 1564 814 requirere
1593 758 1699 796 non

118 849 377 906 debeatis.
410 847 750 914 Quapropter
790 857 887 910 per
917 842 1017 894 hoc
1045 847 1368 908 [ll'tBt'Cpllllll
1415 833 1702 904 specialius

115 939 456 996 decernimus
484 934 861 997 ordinandum,
887 931 1030 1000 quod
1077 932 1126 984 in
1168 938 1426 998 perpetuo
1457 925 1703 979 volumus

115 1044 234 1086 esse
267 1042 604 1090 mansurum,
635 1035 692 1080 ut
739 1037 915 1093 neque
955 1037 1051 1076 vos
1071 1061 1086 1085 ,
1118 1036 1292 1088 neque
1333 1019 1578 1089 juniores
1607 1031 1700 1070 seu

114 1137 459 1179 successores
482 1121 670 1186 vestri,
712 1135 813 1174 nec
855 1117 1110 1188 quislibet
1139 1117 1204 1170 de
1240 1114 1524 1184 judiciaria
1553 1122 1702 1182 pote-

115 1222 252 1268 state
303 1213 613 1277 adcinctus,
645 1210 724 1266 ’de
771 1210 917 1280 ipsas
952 1217 1129 1263 terras
1170 1206 1316 1275 quod
1365 1204 1500 1258 infra
1555 1219 1703 1256 inero

114 1301 474 1357 Attiniacinse
515 1300 654 1356 infra
681 1300 798 1369 ipso
825 1299 952 1353 ﬁsco
978 1305 1165 1352 nostro
1196 1303 1524 1350 memoratus
1565 1293 1700 1347 abba

112 1401 488 1461 comparatum
522 1391 703 1453 habet,
757 1398 851 1442 aut
904 1388 1157 1456 deinceps
1202 1387 1315 1455 ipse
1363 1384 1444 1438 vel
1492 1399 1704 1438 succes-

110 1495 268 1536 sores
297 1481 404 1546 sui,
436 1488 530 1534 aut
551 1493 678 1549 pars
709 1478 876 1548 ipsius
915 1475 1225 1530 monasterii
1254 1487 1571 1542 comparare
1609 1487 1703 1540 po-

113 1571 338 1635 tuerint,
365 1579 560 1641 praeter
587 1569 706 1624 illos
744 1582 961 1623 mansos
992 1567 1131 1620 unde
1157 1574 1444 1634 carpentas
1479 1575 1698 1627 exeunt,

111 1662 290 1718 nullos
321 1663 566 1718 redditus
593 1671 771 1726 terrae,
799 1675 901 1714 nec
947 1657 1121 1714 nullas
1166 1656 1472 1711 functiones
1496 1655 1700 1710 eisdem

114 1770 224 1812 non
257 1755 575 1824 requiratis,
605 1768 705 1809 nec
745 1752 1026 1815 exactetis,
1068 1750 1169 1804 nisi
1206 1747 1465 1818 quidquid
1509 1746 1702 1801 exinde

1806 559 1944 611 rium
1983 565 2262 622 nostrum,
2294 556 2447 625 cujus
2479 559 2792 614 vocabulum
2833 569 2916 615 est
2957 558 3388 624 lluuulfocurtis,

1804 653 1856 705 in
1889 667 2026 722 pago
2070 651 2522 714 Kambrincense,
2574 667 2736 721 super
2784 653 2946 708 lluvio
2994 653 3184 717 Scald,
3225 670 3389 723 quem

1802 757 1901 812 ego
1930 741 1985 795 in
2008 743 2340 812 preprietate
2377 752 2563 797 nostra
2613 743 2665 796 in
2708 744 2913 799 honore
2953 752 3151 798 sanctae
3181 743 3389 810 Mariae,

1803 832 1888 885 vel
1933 832 2108 886 sancti
2157 831 2324 897 Petri,
2375 848 2468 886 seu
2518 835 2690 889 sancti
2741 834 2990 902 Martini,
3040 851 3134 891 seu
3188 849 3390 891 sancta:
3433 823 3447 836 ’

1804 919 2021 975 Pollina:
2049 923 2328 976 construxi
2354 963 2366 987 ,
2399 923 2485 976 ubi
2519 924 2631 994 ipsa
2667 927 2900 994 pretiosa
2931 931 3392 997 gemmarequie-

1804 1010 1907 1064 scit
1953 1010 2007 1064 in
2052 1026 2395 1094 corpore...._.
2434 1013 2500 1068 Et
2531 1015 2895 1085 supplicamus
2932 1019 3074 1088 ipsos
3116 1019 3310 1076 fratres
3339 1033 3394 1077 et

1807 1112 2044 1158 rectores
2110 1105 2458 1170 monasterii,
2515 1115 2574 1160 ut
2634 1108 2806 1176 ipsum
2869 1113 3258 1168 monasterium
3326 1117 3392 1168 de

1805 1193 1998 1258 Missa,
2026 1193 2093 1249 de
2119 1209 2308 1260 curso,
2341 1195 2408 1250 de
2452 1196 2770 1262 luminaria,
2803 1215 2988 1255 curam
3033 1203 3232 1257 habere
3278 1216 3391 1258 stn-

1804 1283 1985 1351 dcant,
2016 1294 2073 1340 et
2113 1287 2180 1341 dc
2210 1286 2512 1356 hospitibus
2556 1298 2612 1343 et
2639 1291 2938 1359 peregrinis
2961 1295 3300 1356 cbaritatem,
3334 1304 3394 1348 ut

1807 1380 2110 1434 mercedem
2163 1381 2362 1436 habere
2398 1385 2660 1448 debeant,
2696 1395 2751 1440 et
2798 1402 2990 1443 nomen
3035 1400 3277 1444 nostrum
3338 1394 3388 1445 in

1805 1473 1945 1528 libro
1971 1475 2093 1530 vitze
2127 1487 2464 1532 recenscant.
2500 1480 2691 1535 Actum
2718 1484 3060 1552 Vermandis,
3089 1491 3232 1557 quod
3260 1489 3392 1546 fecit

1807 1567 2010 1621 mensis
2040 1567 2366 1624 Februarius
2393 1571 2508 1626 dies
2535 1587 2626 1626 vin
2661 1573 2713 1628 in
2750 1591 2892 1630 anno
2920 1593 2993 1631 xtl
3028 1581 3178 1650 regni
3206 1581 3390 1636 domui

1805 1655 1974 1708 nostri
2003 1655 2282 1712 Teuderici
2314 1659 2690 1729 gloriosissimi
2721 1664 2866 1734 regis
2893 1665 3026 1738 (29).

1867 1745 2401 1816 llactraditiomijam
2418 1762 2654 1820 peracta,
2670 1763 2830 1824 atque
2845 1756 3133 1812 illustrium
3151 1760 3388 1816 virorum

111 1861 228 1916 ipse
259 1848 400 1903 abba
425 1860 510 1902 ve.
537 1861 664 1915 pars
685 1844 998 1900 monasterii
1023 1842 1106 1897 sui
1143 1841 1320 1895 Sitdiu
1355 1848 1446 1893 aut
1482 1853 1700 1892 succes-
1736 1832 1774 1888 Β
1804 1835 2197 1907 subscriptione
2226 1838 2432 1895 firmata
2475 1851 2532 1896 ut
2572 1845 2733 1899 etiam
2768 1862 2863 1917 per
2891 1852 3391 1916 succedentiatcm-

111 1953 266 1993 sores
297 1938 403 2003 sui,
431 1937 517 1992 vel
538 1936 681 2006 quod
719 1935 881 1990 ﬁscus
913 1941 1097 1988 noster
1127 1931 1406 2001 percipere
1443 1927 1700 1998 potuerit,

109 2046 176 2084 ex
226 2038 418 2084 nostro
461 2042 686 2083 munere
715 2026 983 2095 largitatis
1013 2025 1115 2079 hoc
1159 2023 1355 2079 habeat
1384 2034 1701 2076 concessum

109 2131 278 2189 atque
311 2120 598 2174 indultum.
629 2119 695 2172 Et
720 2126 776 2171 ut
800 2117 914 2171 lucc
940 2115 1226 2186 praeceptio
1259 2113 1466 2167 firmior
1501 2112 1702 2166 habea-

110 2220 224 2273 tur,
272 2219 331 2264 et
381 2225 478 2279 per
525 2217 767 2278 tempora
809 2206 998 2261 melius
1061 2212 1449 2269 conservetur,
1511 2217 1703 2256 manus

109 2309 319 2356 nostrae
347 2301 828 2370 subscriptionibus
852 2315 972 2354 eam
995 2297 1336 2353 decrevimus
1365 2295 1646 2351 roborare.

183 2395 416 2465 Signum
445 2393 666 2465 gloriosi
693 2392 836 2462 regis
860 2389 1201 2445 Theoderici.

180 2487 321 2540 Data
366 2486 469 2539 sub
513 2485 600 2540 die
655 2500 689 2538 ι
741 2483 858 2538 Kal.
907 2482 1253 2544 Novembris,
1289 2495 1429 2535 anno
1474 2496 1504 2534 ς
1552 2480 1702 2550 regni

72 2575 320 2639 nostri,
376 2573 709 2645 Compendio
771 2573 970 2644 palatio
1027 2572 1082 2627 in
1128 2572 1221 2627 Dei
1270 2572 1487 2627 nomine
1537 2571 1704 2628 felici-

110 2676 193 2721 ter
212 2663 354 2736 (26).

134 2770 140 2775 '
281 2780 284 2781 ν
513 2753 582 2808 Χ.
615 2753 694 2809 De
725 2753 855 2808 cella
887 2753 1108 2821 Hunulﬁ
1146 2763 1310 2806 curta.

175 2871 343 2926 Anno
381 2870 448 2926 ab
479 2869 849 2925 incarnatione
891 2867 1101 2923 Domini
1135 2868 1236 2921 677
1269 2867 1561 2921 indictione
1590 2865 1698 2935 (27)

106 2975 182 3024 vi,
210 2975 300 3014 νιν
329 2960 552 3030 quidam
577 2958 818 3023 inclitus,
846 2958 1066 3013 nomine
1092 2957 1440 3021 Amall‘ridus,
1481 2957 1702 3010 tradidit

107 3051 311 3106 domno
341 3051 564 3106 Bertino
596 3049 985 3105 monasterium
1010 3048 1150 3118 quod
1183 3048 1297 3116 ipse
1323 3054 1703 3102 construxerat

1806 1941 1934 1995 pora
1968 1927 2276 1986 inconvulsa
2319 1944 2660 2001 servaretur,
2703 1939 2860 1994 annis
2902 1943 3131 1997 necdum
3183 1946 3394 2004 duobus

1805 2026 1925 2086 post
1974 2020 2282 2089 praedictam
2339 2025 2682 2082 traditionem
2751 2041 3026 2100 peractam
3062 2073 3078 2100 ,
3133 2037 3222 2103 qui
3271 2048 3392 2092 erat

1805 2125 1978 2165 annus
2033 2111 2325 2170 Dominica:
2383 2116 2772 2176 incarnationis
2831 2138 3167 2192 ncuxvun,
3225 2137 3391 2200 atque

1804 2202 2045 2271 praedicti
2071 2207 2214 2277 regis
2244 2207 2560 2267 Theoderici
2599 2228 2773 2270 annus
2809 2231 2898 2271 xxv
2928 2217 3040 2289 (30)
3068 2221 3275 2290 pariter
3300 2239 3390 2279 rc-

1803 2293 1922 2364 gale
1951 2296 2207 2365 palatium
2251 2300 2304 2354 in
2355 2302 2480 2357 villa
2509 2303 2783 2363 Crisciaco
2827 2309 3070 2367 adientes
3096 2353 3109 2377 ,
3157 2315 3388 2370 domnus

1804 2388 2011 2443 scilicet
2035 2389 2282 2448 Bertinus
2311 2395 2498 2462 abbas,
2532 2407 2584 2452 et
2605 2399 2937 2459 Amalfridus
2964 2403 3191 2460 illustris
3214 2407 3391 2464 factor

1804 2474 1960 2574 hujus
2011 2480 2318 2538 traditionis
2341 2524 2354 2548 ,
2384 2487 2722 2554 postulantes
2766 2494 3191 2565 suprascriptam
3217 2497 3407 2566 dona:

1807 2566 1966 2620 tionis
1990 2577 2196 2623 cartam
2222 2571 2381 2642 regia?
2399 2577 2780 2647 praeceptionis
2801 2585 3124 2643 auctoritate
3147 2584 3296 2647 firma
3307 2602 3387 2644 re.

1804 2655 1954 2722 Quod
1980 2674 2073 2714 rex
2100 2668 2226 2716 tunc
2247 2663 2439 2719 devote
2463 2668 2829 2744 complexans,
2859 2687 2980 2729 cum
3005 2675 3165 2745 sigilli
3192 2677 3388 2749 regalis

1804 2749 2203 2819 subscriptione
2238 2755 2377 2827 apud
2409 2772 2506 2812 nos
2536 2771 2889 2830 conservata,
2923 2764 3184 2823 hactenus
3217 2777 3384 2826 testa-

1805 2850 1890 2895 tur
1915 2842 1989 2896 ita
2018 2843 2265 2904 dicendo.
3402 2839 3406 2848 1

1804 2935 1915 2989 λιι.
1935 2934 2275 3005 Conﬁrmatio
2308 2939 2612 2998 Theoderici
2634 2947 2768 3016 regis
2793 2947 2858 3002 de
2882 2950 3060 3005 eadem
3087 2952 3237 3008 cella.
3267 2954 3383 3028 (3i)

1792 3071 1801 3075 -
1873 3048 2105 3104 Veniens
2152 3052 2476 3109 venerabilis
2517 3056 2600 3109 vir
2632 3055 2883 3115 Bertinus
2912 3063 3046 3117 abba
3085 3065 3150 3119 de
3195 3046 3407 3121 mona?

109 3143 160 3194 in
209 3141 554 3212 proprietate
602 3155 719 3206 sua,
750 3139 967 3193 nomine
999 3137 1212 3192 llunulli
1259 3146 1412 3192 curte
1457 3137 1509 3190 in
1561 3151 1699 3207 pago
1727 3202 1767 3225 Π
1801 3141 1966 3196 sterio
1996 3141 2194 3209 Sitbiu,
2227 3147 2370 3214 quod
2401 3157 2486 3201 est
2512 3160 2878 3208 constructum
2910 3156 2960 3210 in
2991 3172 3126 3225 pago
3159 3160 3405 3216 Tarwa;

107 3232 536 3295 Cameracense,
565 3244 727 3300 super
763 3227 922 3283 ﬂuvio
947 3227 1140 3292 Scald;
1176 3227 1264 3281 ubi
1306 3235 1360 3281 et
1389 3225 1495 3279 filia
1531 3226 1698 3294 ipsius
1727 3203 1768 3259 (εἶ
1804 3229 1976 3296 nlnse,
2006 3231 2059 3286 in
2093 3234 2354 3289 honorem
2395 3239 2567 3293 sancti
2603 3239 2770 3308 Petri,
2803 3244 2884 3298 vel
2914 3203 3406 3305 cmleroorum'sa‘n4

107 3327 343 3384 illustris
389 3329 492 3382 viri
541 3327 779 3382 Auriana
823 3325 1058 3391 nomine,
1091 3324 1363 3379 abbatissa
1407 3323 1700 3378 sanctimo-

106 3419 335 3474 nialium
371 3418 568 3472 rectrix
605 3433 726 3472 esse
753 3415 965 3470 videtur
993 3430 1056 3469 eo
1099 3423 1288 3469 tenore
1335 3421 1392 3468 ut
1430 3413 1534 3469 hoc
1563 3411 1697 3481 ipse,

107 3508 232 3562 dum
263 3507 565 3572 adviveret,
591 3522 687 3576 per
715 3505 1013 3575 precariam
1040 3505 1286 3571 haberet,
1312 3511 1367 3558 et
1396 3511 1518 3577 post
1543 3516 1699 3556 suum

105 3599 319 3652 obitum
367 3613 432 3652 ac
471 3597 591 3651 filiae
643 3596 759 3667 ejus
805 3596 1096 3659 Aurianae,
1145 3593 1486 3664 supradictus
1535 3592 1701 3646 abbas

105 3689 371 3746 Bertinus
416 3705 511 3744 seu
556 3702 900 3744 successores
929 3685 1013 3741 sui
1061 3687 1161 3740 hoc
1198 3685 1452 3748 habeant,
1485 3691 1702 3736 teneant

105 3791 274 3852 atque
328 3781 670 3853 possideant;
716 3789 770 3834 et
813 3794 1192 3849 quemcunque
1238 3776 1582 3848 praepositum
1631 3773 1702 3828 ibi

107 3888 436 3944 przeponere
466 3873 752 3938 voluerint,
783 3871 1054 3926 licentiam
1086 3869 1344 3934 habeant,
1369 3869 1508 3924 sicut
1538 3867 1702 3922 etiam

107 3965 402 4034 eiemplar
447 3964 588 4019 illius
619 3963 923 4018 traditionis
950 3963 1088 4032 apud
1135 3977 1233 4017 nos
1279 3964 1540 4017 hactenus
1572 3977 1701 4016 conio

106 4063 417 4118 servatum,
452 4063 677 4109 testatur
715 4054 817 4108 hoc
851 4053 1030 4108 modo.

251 4167 350 4223 XI.
381 4167 619 4221 Traditio
652 4165 937 4236 Amalfridi
967 4165 1029 4218 de
1058 4164 1237 4218 cadent
1267 4163 1396 4218 Cella
1427 4163 1561 4234 (‘28).

177 4284 299 4353 Ego
326 4284 384 4337 in
417 4283 509 4338 Dei
557 4283 774 4336 nomine
803 4281 1134 4336 Amalfridus
1175 4280 1382 4335 illuster
1425 4281 1539 4342 vir,
1571 4293 1706 4332 con-

105 4374 252 4431 cessi
305 4383 476 4442 atque
515 4373 756 4442 delegavi
803 4373 868 4427 ad
922 4373 1306 4427 monasterium
1357 4371 1564 4434 Sitdiu,
1619 4367 1707 4423 ubi

105 4464 451 4522 venerabilis
479 4464 562 4517 vir
607 4462 864 4518 Bertinus
895 4464 1060 4518 abbas
1089 4477 1319 4532 prreesse
1340 4461 1571 4524 videtur,
1603 4475 1708 4514 una

104 4573 231 4612 cum
264 4556 552 4612 voluntate
581 4554 664 4609 vel
705 4555 1077 4610 convenientia
1111 4554 1230 4608 fdize
1269 4568 1400 4607 mete
1431 4551 1704 4614 Auriana},
1739 4573 1785 4631 υ

177 4728 297 4800 (26)
349 4724 674 4800 Theoderici
719 4725 974 4800 solemnis
1019 4722 1386 4800 su‘bsct'ibendi
1431 4723 1619 4800 modus
1662 4722 1706 4800 is

105 4793 254 4864 erat,
346 4796 417 4850 In
444 4797 641 4866 Christi
673 4797 887 4866 nomine
908 4793 1378 4866 T/teudericus‘i‘e;
1402 4793 1702 4859 subscripsi,

108 4879 169 4923 ut
212 4861 508 4922 e'x'relatis
549 4865 666 4934 ejus
698 4863 940 4919 formulis
986 4873 1239 4934 constat;
1267 4861 1704 4934 Undeiasserere

106 4941 256 5000 licet,
293 4936 385 4989 hic
416 4950 517 4989 non
545 4932 679 4990 bene
711 4935 970 4988 redditam
997 4935 1159 4988 fuisse
1181 4932 1498 4987 Theoderici
1534 4933 1703 5000 ipsius

105 5005 574 5075 subscriptionem
615 5021 645 5058 a
691 5004 970 5075 Folquiuo,
1001 5003 1173 5075 quiin
1215 5004 1512 5075 superiori,
1541 5004 1615 5075 uti
1651 5012 1706 5055 et

109 5078 160 5131 in
210 5071 356 5139 isto,
391 5075 689 5129 Cblotharii
738 5071 1032 5142 diplomate
1075 5071 1362 5142 formulam
1408 5073 1702 5135 initialem;

107 5147 173 5199 ad
231 5147 357 5224 haec
397 5144 568 5224 etiam
619 5144 758 5224 regis
801 5158 864 5196 ne
911 5143 949 5195 Β
988 5141 1252 5224 Itecbil'dis
1299 5144 1495 5211 regina:
1544 5153 1708 5212 atque

1803 3331 2046 3388 etorum,
2096 3341 2192 3395 per
2236 3343 2501 3384 consensu
2557 3340 2611 3386 et
2664 3333 2939 3391 voluntate
2994 3338 3218 3395 illustris
3280 3343 3386 3398 viri

1803 3410 2108 3478 Amalfridi,
2152 3424 2206 3469 et
2237 3426 2497 3472 matronae
2528 3420 2696 3489 ipsius
2725 3422 3172 3492 Childebertanze,
3207 3447 3300 3486 seu
3329 3444 3386 3487 et

1805 3503 1914 3557 ﬁlia
1964 3519 2150 3559 eorum
2195 3508 2434 3564 Auriana
2480 3512 2772 3579 abbatissa,
2825 3517 3103 3576 Car-iciaco
3151 3523 3274 3578 villa
3329 3527 3384 3580 in

1805 3594 2003 3663 palatio
2051 3607 2269 3665 nostro,
2314 3601 2366 3654 in
2406 3612 2643 3658 nostram
2693 3607 2972 3665 venientes
3016 3616 3386 3686 prcesentiam,

1807 3686 2108 3778 clementiae
2160 3692 2309 3761 regni
2359 3693 2525 3748 nostri
2577 3696 2910 3765 lntulerunt,
2961 3717 3026 3757 eo
3073 3707 3214 3773 quod
3274 3707 3390 3778 ipse

1806 3776 2136 3832 Amalfridus
2162 3790 2216 3834 et
2245 3792 2488 3837 matrona
2521 3800 2616 3839 sua
2647 3787 3060 3847 Childebertana
3095 3794 3145 3850 in
3185 3776 3390 3851 honoro

1808 3877 2012 3923 sancta:
2036 3869 2217 3924 Μανία»
2247 3874 2524 3942 genitricis
2556 3875 2765 3932 Domini
2793 3883 2958 3936 nostri
2996 3882 3121 3942 Jesu
3161 3886 3387 3952 Christi,

1809 3962 1894 4016 vel
1937 3973 2140 4017 sanctae
2187 3963 2442 4031 Pollinae,
2491 3967 2543 4020 in
2585 3968 2703 4024 loco
2740 3985 3084 4044 nuncupante
3128 3976 3388 4032 llunolfo-

1810 4065 1980 4118 curte,
2014 4070 2177 4124 super
2199 4057 2360 4111 fluvio
2384 4057 2543 4113 Scald
2573 4061 2671 4114 visi
2696 4061 2916 4117 fuerunt
2937 4066 3253 4132 aedificasse,
3282 4078 3386 4126 ctc.

1813 4146 1932 4198 Dat.
1963 4146 2185 4203 Kalend.
2218 4148 2390 4218 April.
2425 4165 2566 4205 anno
2589 4168 2678 4208 XIV
2708 4155 2858 4226 regni
2881 4157 3051 4214 nostri
3078 4158 3391 4217 Cat-iaciaco

1814 4237 2029 4306 palatio.
3299 4239 3313 4250 “’

1815 4351 1888 4404 De
1915 4350 2221 4420 fundatione
2245 4365 2291 4409 et
2315 4357 2638 4412 dedicatione
2667 4367 2969 4420 monasterii
2997 4377 3192 4427 sancta:
3222 4369 3393 4426 Berta:

2382 4427 2799 4492 Blangiacensis.

1883 4539 2386 4629 (685)7Theoderici
2431 4544 2744 4612 prsetitulati
2798 4565 2959 4619 regis,
3027 4541 3291 4607 Clodovci'
3338 4565 3394 4610 ct

1815 4713 1980 4796 refert.
2019 4715 2070 4796 in
2114 4715 2500 4796 hungmodum
2536 4741 2548 4775 :
2585 4722 2850 4788 Quantum
2890 4726 3178 4781 intellectus
3209 4747 3392 4790 sensus

1813 4787 2058 4870 humani,-
2083 4787 2470 4870 e‘tc..l_ll.aivero
2508 4787 2808 4870 resecuisse
2839 4787 3390 4870 videturFolquinus,

1813 4856 1955 4924 quod
1987 4856 2208 4932 nihilad
2239 4859 2550 4932 historicum
2575 4863 2885 4932 diplomatis
2909 4868 3150 4921 notitiam
3181 4856 3394 4928 confer:

1816 4937 1932 5010 reni
1969 4937 2075 5010 :‘at
2104 4929 2550 5010 subscriptiones
2580 4929 2833 4988 omittere
2873 4953 2978 4991 non
3021 4937 3232 4998 debuit.
3275 4958 3395 5010 quae

1815 4999 1892 5075 sic
1919 4998 2121 5075 habent
2143 4998 2509 5075 :‘Ama‘llridus
2528 5005 2624 5075 hoc
2651 5011 3012 5060 testamentum
3041 5023 3074 5059 a
3095 5022 3174 5059 me
3199 4998 3400 5075 fncltml

1814 5069 1969 5137 relegi
2001 5079 2048 5124 et
2094 5070 2234 5124 subs.
2286 5069 2394 5138 Ego
2442 5073 2684 5126 Auriana
2732 5075 3005 5132 abbatissa
3056 5069 3404 5139 consentiens

1812 5139 1959 5224 .subs.
2000 5141 2226 5224 Signini:
2259 5142 2546 5224 Adallridi,
2580 5139 2917 5224 V'Ittlfiiaidus,
2952 5146 3190 5224 i‘iivario,
3223 5148 3407 5224 Δρεη-
