3982 5292
563 354 701 411 “93

1624 351 1955 424 FOLQUINI
1984 350 2043 406 S.
2070 347 2347 405 BERTINI
2387 349 2690 407 HONACHI

3676 358 3819 413 ιιειθ

557 472 781 526 Batildis
818 482 1016 541 reginas
1050 466 1162 528 alii.
1195 466 1495 525 fundatoris
1523 468 1658 540 ('52),
1690 469 1859 525 sancti
1896 467 2138 540 praesulis
2163 468 2212 528 Α
2242 465 2394 520 tricis
2430 466 2642 520 Domini
2675 467 2842 521 nostri
2866 466 2996 522 'Jesu
3029 466 3254 534 Christi,
3286 482 3497 524 nemon
3539 478 3600 524 et
3642 469 3818 524 sancti

557 560 777 615 Vcdasti
797 559 1211 624 Attrehatcnsis,
1230 573 1372 613 anno
1393 558 1729 623 duodecimo,
1748 560 1798 610 in
1820 557 2132 625 Blangiaco,

556 650 862 704 beatissima
888 648 1044 702 Berta
1067 648 1452 702 monasterium
1471 646 1871 718 (33);ediﬁcare
1884 646 2051 715 ccepit
2079 646 2134 699 in

558 752 695 810 pago
720 739 1115 803 Taruanorum,
1141 739 1192 793 in
1228 740 1445 809 propria
1466 738 1825 809 possessione,
1858 753 2004 793 anno
2022 736 2133 791 Do-

554 831 766 889 minicze
791 830 1086 884 nativitatis
1112 830 1445 901 octogesimo
1473 830 1710 884 secundo
1733 827 1845 898 (54)
1869 827 1952 882 vel
1978 827 2136 882 circi-

556 929 658 982 ter,
694 928 750 972 ιιι
787 928 933 988 patet
974 920 1026 973 in
1076 919 1293 987 scriptis
1320 919 1564 988 praedicti
1593 918 1927 974 monasterii.
1972 915 2135 972 Com-

555 1010 746 1080 positis
780 1009 1013 1079 denique
1049 1008 1300 1063 onmibus
1350 1009 1418 1062 ad
1471 1017 1725 1063 ornatum
1771 1004 2132 1067 monasterii,

553 1102 794 1170 piissima
820 1099 977 1153 Berta
1006 1097 1324 1155 convocavit
1348 1097 1402 1152 in
1435 1112 1600 1151 unum
1645 1094 1978 1153 venerabiles
2017 1093 2140 1163 cpi-—

557 1209 748 1263 scapos
796 1195 863 1248 ad
919 1193 1262 1263 przecriptum
1310 1191 1699 1247 monasterium
1744 1189 2132 1252 dedicandum,

555 1295 804 1341 sanctum
843 1284 1092 1339 videlicet
1129 1283 1455 1337 Ausbertum
1478 1322 1492 1346 ,
1548 1281 1995 1351 Rotomagensem
2021 1278 2136 1347 epi-

561 1391 820 1446 sc0pnm;
858 1383 1101 1430 sanctum
1134 1372 1500 1437 Walaricutn;
1529 1380 1775 1428 sanctum
1808 1371 2134 1426 Germanum

555 1472 620 1523 de
651 1469 869 1523 civitate
897 1467 1125 1532 Parisii;
1155 1474 1402 1521 sanctum
1441 1464 1739 1528 Silvinutn,
1783 1464 2046 1517 advenam
2071 1462 2135 1515 de

560 1561 792 1617 Tholosa
824 1559 1163 1623 venientem;
1204 1565 1450 1612 sanctum
1480 1555 1787 1610 Pharonem
1814 1554 1880 1608 de
1910 1551 2095 1607 Meldis
2116 1591 2131 1617 ,

555 1651 779 1705 fratrem
811 1647 1075 1703 Walberti
1108 1646 1366 1717 suppositi
1393 1662 1408 1711 ;
1452 1642 1816 1700 venerabilem
1850 1640 2133 1711 Ravenga-

555 1742 722 1802 rium,
763 1739 816 1793 in
849 1738 1005 1808 cujus
1033 1736 1252 1791 dioecesi
1286 1744 1413 1789 ante
1460 1732 1686 1788 relatum
1718 1732 1877 1786 situm
1914 1738 1995 1785 est
2025 1744 2134 1784 ete-

2236 556 2378 612 Petri
2406 566 2463 613 et
2497 557 2648 613 Pauli
2687 560 3074 628 apostolorum,
3099 562 3183 617 vel
3211 571 3540 618 cancrorum
3584 564 3817 617 dom-o-

2236 666 2353 704 rum
2388 649 2710 705 Sanctorum
2737 659 3130 719 constructum,
3157 654 3222 707 ad
3259 663 3505 709 nostram
3549 654 3820 709 accedens

2236 741 2610 807 prtesentiam,
2659 741 2956 797 clementia:
3002 744 3147 811 regni
3196 743 3368 797 nostri
3398 744 3725 813 suggessit,
3756 758 3820 798 eo

2234 831 2377 897 quod
2400 845 2531 885 avus
2556 840 2741 885 noster
2765 831 3092 887 (Ihlodovins
3114 833 3385 901 quondam
3414 847 3514 887 rex
3538 833 3611 887 de
3632 847 3819 888 orum

2234 920 2539 975 curticellas
2588 922 2669 976 vel
2721 922 2875 976 villas
2929 922 3094 991 ipsius
3142 923 3498 987 monasterii,
3552 922 3819 992 quidquid

2235 1011 2482 1078 p‘ve'senti
2535 1019 2773 1080 tempore
2815 1012 3187 1081 possidebant,
3236 1021 3329 1066 aut
3365 1013 3552 1068 adhuc
3602 1013 3817 1067 inantca

2234 1115 2297 1151 ex
2338 1113 2559 1154 munere
2590 1113 2797 1171 regum,
2830 1102 2910 1155 vel
2957 1101 3146 1156 collata
3193 1102 3395 1172 populi,
3440 1118 3543 1157 seu
3572 1103 3644 1157 de
3672 1117 3818 1157 etne-

2236 1198 2427 1258 parato
2452 1200 2548 1244 aut
2573 1193 2639 1245 de
2666 1192 2905 1261 qualibet
2934 1194 3182 1248 adtracto
3210 1193 3265 1247 in
3298 1192 3647 1262 quibuslibet
3672 1193 3822 1262 pagis

2235 1291 2396 1348 atque
2430 1281 2721 1338 territoriis
2762 1282 2891 1339 inibi
2938 1293 3056 1338 erat
3102 1284 3338 1339 additum
3383 1284 3471 1338 Vel
3518 1284 3819 1346 coliatuta,

2237 1372 2440 1439 integra
2505 1373 2802 1427 comunitate
2873 1385 3212 1431 antecessore
3290 1390 3391 1431 suo
3457 1374 3818 1449 Mummoliao

2234 1463 2450 1529 quando
2487 1462 2567 1517 vel
2613 1464 2681 1519 ad
2734 1465 2989 1533 praedicto
3042 1467 3369 1522 monasterio
3414 1468 3725 1531 concessit,
3767 1478 3821 1519 ut

2236 1552 2412 1607 nullus
2443 1554 2612 1623 jndex
2659 1555 2902 1624 publicus
2940 1555 3136 1611 ibidem
3177 1557 3243 1612 ad
3272 1557 3577 1612 audiendas
3600 1570 3826 1619 causa.

2236 1641 2372 1695 freta
2393 1643 2677 1712 exigenda,
2700 1643 3040 1713 ﬁdejussores
3065 1645 3341 1709 tollendos,
3371 1661 3476 1701 nec
3502 1628 3822 1700 mansiones

2235 1742 2321 1784 aut
2352 1743 2568 1801 paratas
2599 1732 2864 1800 faciendo,
2902 1748 3002 1789 nec
3040 1735 3287 1792 homines
3331 1736 3504 1805 ipsius
3536 1744 3821 1791 monaste-

558 1830 777 1885 uobium
804 1867 820 1893 ,
880 1826 1284 1881 Taruanensem
1339 1821 1621 1895 praesulem
1649 1861 1663 1887 ,
1692 1821 1977 1891 plerosque
2006 1818 2139 1874 alios
2172 1820 2216 1879 Β
2244 1823 2330 1889 rii,
2365 1832 2471 1878 tam
2503 1825 2784 1893 ingenuos,
2815 1839 2975 1894 quam
3005 1834 3060 1880 et
3105 1826 3406 1882 servientes
3438 1840 3609 1894 super
3650 1835 3826 1879 terras

556 1898 830 1995 praeclarae
865 1918 988 1973 vita:
1020 1917 1185 1970 viros.
1216 1915 1291 1970 lbi
1319 1929 1530 1979 omnes,
1560 1911 1707 1967 velut
1753 1911 2019 1967 columnae
2044 1911 2138 1966 ﬁr-

560 2011 814 2065 missimze
864 2010 1004 2063 intra
1047 2015 1292 2061 sanctam
1334 2003 1631 2059 Ecclesium
1664 2017 1770 2058 uno
1796 2002 1852 2056 in
1897 2010 2137 2068 tempore

555 2084 962 2167 ﬁortterttnt,'et
988 2100 1056 2154 ad
1074 2105 1424 2152 memoratam
1454 2095 1692 2159 Bertam,
1722 2091 1992 2148 devotioni
2021 2090 2141 2160 ejus

556 2196 738 2250 favere
766 2194 1077 2266 gliscentes,
1105 2197 1499 2246 convenerunt.
1531 2189 1881 2257 Ravangerus
1918 2194 2095 2240 autem
2120 2226 2136 2251 ,

559 2285 886 2341 Morinorum
933 2283 1215 2352 episc0pns
1247 2281 1299 2335 in
1327 2278 1479 2351 cujus
1506 2277 1765 2348 parochia
1799 2284 1980 2329 actum
2015 2284 2099 2329 est
2123 2314 2138 2336 ,

560 2374 915 2446 interrogavit
946 2373 990 2428 si
1026 2373 1208 2426 omnia
1237 2372 1487 2426 adessent
1534 2366 1857 2423 dedicationi
1890 2379 2143 2419 necessa—

560 2454 660 2539 ria.
701 2446 1037 2533 Responsum
1094 2469 1177 2515 est
1228 2458 1373 2514 illico
1412 2473 1443 2512 a
1480 2457 1641 2513 Berla
1682 2464 1876 2513 cuncta
1929 2455 2137 2509 adesse.

555 2555 709 2610 Tune
739 2554 827 2609 ille
858 2572 871 2608 :
911 2572 928 2605 ι
961 2551 1110 2607 Alter
1133 2593 1148 2617 ,
1182 2551 1375 2620 inquit,
1420 2565 1679 2622 ysopum,
1716 2558 1776 2603 ut
1807 2554 2143 2618 praeparatur

554 2633 677 2700 usui
726 2644 1054 2699 necessario.
1099 2661 1117 2692 ι
1155 2642 1220 2695 Et
1264 2640 1351 2695 illa
1380 2681 1394 2705 ,
1446 2639 1665 2709 inquit:
1712 2657 1730 2690 ι
1768 2637 1883 2691 lluc
1931 2649 2141 2706 usque,

553 2745 711 2813 pater
767 2732 1144 2790 nesciebamus
1169 2731 1213 2784 si
1254 2729 1320 2784 de
1348 2729 1439 2784 illo
1479 2728 1655 2797 aliqua
1697 2725 1994 2782 necessitas
2022 2722 2145 2778 huic

554 2810 939 2896 adjungeretur
997 2820 1200 2890 operi.»
1237 2818 1406 2880 Tunc,
1452 2825 1597 2872 metu
1646 2816 1849 2878 divino,
1883 2810 2143 2880 angelus,

558 2918 611 2972 in
637 2916 854 2973 modum
883 2913 1100 2982 juvenis
1125 2953 1137 2975 ,
1168 2910 1360 2966 detulit
1380 2925 1606 2981 ysopum
1634 2907 1958 2963 miraculose
1983 2904 2148 2960 meri-

560 3012 629 3066 tis
654 3009 968 3065 astantinm.
1022 3007 1186 3061 Facta
1218 3015 1303 3059 est
1336 3004 1452 3057 haec
1481 3000 1747 3057 dedicatio
1775 2999 1991 3070 quando
2016 2996 2147 3053 fecit

563 3100 767 3157 mensis
803 3095 1110 3153 februarius
1141 3095 1256 3151 dies
1293 3107 1505 3148 novem.

2240 1930 2367 1969 suas
2409 1924 2815 1971 commanentes
2843 1915 3265 1987 distringendos,
3295 1930 3397 1971 nec
3425 1915 3610 1970 nullas
3636 1914 3823 1969 redhi-

2238 2005 2470 2060 bitiones
2498 2006 2870 2075 requirendas,
2904 2022 3004 2062 nec
3027 2008 3376 2073 exactandas,
3405 2023 3515 2062 nec
3559 2008 3824 2064 udiciaria

2240 2106 2477 2166 potestas
2508 2096 2704 2153 ibidem
2735 2097 3014 2167 ingredere
3041 2113 3257 2169 quoquo
3300 2108 3550 2168 tempore
3586 2113 3699 2153 non
3740 2098 3827 2151 de-

2243 2186 2415 2252 beret,
2445 2187 2546 2241 nisi
2576 2185 2679 2245 sub
2702 2188 3013 2243 emunitatis
3028 2203 3221 2244 nomen
3242 2189 3391 2244 omni
3421 2186 3687 2258 tempore
3710 2202 3826 2242 cum

2241 2278 2417 2332 omnis
2450 2277 2602 2334 iretis
2635 2278 2910 2334 concessis
2939 2295 3064 2350 pars
3089 2279 3257 2350 ipsius
3283 2279 3611 2334 monasterii
3637 2278 3831 2333 debeat

2242 2372 2537 2441 possidere.
2582 2371 2735 2427 Unde
2779 2381 2835 2427 et
2885 2372 3299 2442 praeceptionem
3345 2372 3691 2441 principum,
3737 2385 3827 2425 seu

2244 2464 2707 2520 conﬁrmationem
2771 2464 3159 2523 avunculorttm
3224 2473 3534 2523 nostrorum
3602 2461 3829 2518 Chlota-

2245 2556 2437 2621 charii,
2469 2565 2523 2611 et
2547 2556 2870 2621 Childerici,
2901 2571 2995 2613 seu
3028 2565 3085 2612 et
3112 2556 3375 2627 genitoris
3420 2553 3603 2609 nostri
3653 2552 3831 2607 Theo-

2246 2648 2412 2705 derici
2444 2648 2713 2719 quondam
2750 2647 2917 2716 regis,
2945 2647 3181 2717 qualiter
3204 2646 3320 2700 lucc
3357 2634 3444 2700 vel
3478 2644 3572 2698 illa
3614 2642 3831 2701 locella.

2245 2756 2366 2812 qua:
2402 2750 2587 2812 postea
2621 2740 2735 2811 ipse
2775 2739 3024 2795 Bertinus
3051 2738 3188 2794 abba
3217 2736 3283 2792 ad
3324 2743 3483 2806 parte
3512 2734 3695 2806 ipsius
3724 2747 3835 2788 mo-

2249 2829 2467 2885 nasterii
2528 2844 2629 2899 pro
2675 2828 3115 2885 commutationis
3168 2826 3322 2882 titulo
3376 2825 3461 2881 vel
3525 2832 3833 2880 Strumenta

2247 2918 2652 2987 aceipere.....
2698 2916 2947 2987 accipere
3001 2914 3502 2979 conﬁrmaverunt,
3560 2912 3730 2968 nobis
3785 2912 3832 2963 ia

2248 3016 2513 3078 praesente
2558 3008 2797 3064 ostendit
2844 3006 3157 3078 relegendas
3209 3024 3224 3060 :
3272 3014 3330 3062 et
3381 3005 3517 3079 ipsis
3555 3002 3837 3061 beneﬁciis

2251 3100 2523 3155 concessis
2549 3099 2617 3155 de
2647 3108 2888 3170 tempore
2926 3113 3094 3170 usque
3139 3114 3281 3154 nunc
3308 3096 3510 3152 asserit
3540 3108 3835 3151 conserva-

559 3198 697 3294 ιῇιιι.
733 3210 807 3266 De
834 3220 999 3265 morte
1033 3207 1337 3294 Theoderici
1359 3203 1751 3294 et_successione
1777 3200 2020 3257 Clodovet'
2042 3201 2140 3273 ﬁlii

2253 3199 2353 3256 tas,
2407 3188 2501 3243 sed
2546 3204 2643 3259 pro
2691 3187 2963 3242 ﬁrmitatis
3014 3187 3247 3242 studium
3296 3185 3455 3257 petiit
3496 3192 3836 3239 memoratus

1091 3282 1227 3349 ejus,
1254 3288 1301 3331 et
1332 3286 1555 3331 cwterts.

630 3373 933 3429 Decedente
954 3372 1163 3427 interea
1193 3367 1428 3441 glorioso
1450 3364 1786 3420 Francorum
1811 3376 1935 3433 rege
1953 3377 2139 3432 supra-

561 3466 765 3535 scripto
813 3463 1168 3529 Theoderico,
1225 3476 1369 3515 anno
1419 3458 1807 3515 incarnationis
1855 3456 2148 3511 Dominicac

562 3557 685 3622 682,
709 3557 801 3627 qui
821 3564 937 3612 erat
957 3571 1132 3611 annus
1155 3554 1306 3624 regni
1336 3553 1503 3624 ipsius
1530 3553 1644 3624 ('55)
1665 3552 1805 3607 ﬁlius
1827 3551 1944 3623 ejus
1958 3550 2150 3606 Clodo-

573 3665 705 3705 veos
743 3662 877 3720 puer
897 3648 950 3703 in
982 3662 1144 3718 regno
1169 3645 1505 3701 Francorum
1533 3644 1763 3713 gloriose
1811 3642 2145 3698 sublevatur.

566 3740 668 3811 Qui
716 3740 865 3813 regia
909 3738 1234 3796 auctoritate
1278 3736 1617 3808 privilegium
1649 3734 1918 3805 quoddam
1950 3733 2148 3789 domno

567 3832 790 3890 Bertino
819 3832 948 3888 fecit
982 3830 1048 3887 de
1088 3828 1414 3886 monasterio
1439 3843 1536 3883 suo
1561 3825 1757 3890 Sithiu,
1787 3826 1841 3880 in
1869 3840 1975 3895 quo
1994 3823 2152 3894 quid-

565 3925 695 3995 quid
738 3925 806 3981 ab
838 3922 1275 3979 antecessoribus
1305 3919 1415 3975 suis
1449 3918 1705 3991 praedicto
1738 3915 1856 3971 loco
1884 3910 1988 3970 fuit
2016 3928 2148 3970 con-

569 4032 779 4072 cessum
810 4057 825 4081 ,
868 4017 980 4086 ipse
1009 4013 1291 4086 privilegio
1334 4010 1494 4083 regite
1532 4006 1959 4065 conﬁrmationis
2009 4003 2151 4060 allir-

569 4107 736 4163 mavit
762 4124 775 4173 ;
803 4106 1129 4161 interdicens
1158 4103 1387 4167 scilicet,
1418 4102 1534 4155 sine
1554 4097 1837 4170 jndieiaria
1861 4105 2147 4169 potestate,

567 4188 745 4252 locum
760 4193 908 4249 illum
926 4208 1026 4262 per
1041 4191 1385 4247 succedentia
1413 4199 1653 4258 tempora
1668 4200 1908 4253 manere,
1923 4201 2021 4242 nec
2049 4186 2148 4240 ali—

571 4287 694 4360 quis
716 4285 963 4357 publicus
991 4289 1231 4347 exactor,
1257 4279 1359 4336 sub
1385 4279 1565 4349 aliquo
1592 4277 1951 4333 districtionis
1974 4275 2149 4341 freno,

570 4380 833 4450 ingenuos
860 4391 923 4432 ac
943 4376 1243 4431 servientes
1266 4372 1383 4429 loco
1406 4371 1481 4427 illi
1504 4370 1826 4440 distringere
1838 4376 2149 4439 praesumat.

570 4471 725 4540 Quod
752 4472 913 4525 etiam
945 4467 1284 4539 privilegium
1308 4465 1429 4521 istic
1459 4461 1756 4519 inscribere
1785 4459 2008 4532 placuit.
2040 4459 2148 4515 Ac-

571 4572 684 4618 tum
714 4572 800 4618 est
830 4574 972 4615 anno
1000 4559 1069 4614 ab
1112 4557 1481 4613 incarnatione
1506 4550 1720 4613 Domini
1741 4549 1848 4606 672
1870 4589 1885 4616 ,
1916 4549 2008 4620 qui
2037 4556 2156 4602 erat

574 4668 747 4709 annus
782 4668 799 4706 ι
829 4648 1039 4722 praefati
1075 4648 1236 4719 regis,
1271 4648 1372 4701 hoc
1405 4644 1583 4698 modo.

783 4742 925 4797 XIV.
970 4739 1312 4810 Privilegium
1357 4734 1599 4789 Clodorei
1640 4734 1775 4803 regis
1806 4731 1935 4802 ('56).

586 4856 591 4867 ’
646 4835 984 4890 Chlodoveus
1015 4848 1109 4888 rex
1150 4818 1479 4886 Francorum
1513 4825 1619 4897 [vir
1649 4821 1919 4894 inluster].
1951 4820 2011 4878 Si
2066 4821 2155 4875 illa

580 4914 842 4982 beneﬁcia
886 4939 1006 4996 qum
1056 4929 1310 4994 parentes
1351 4916 1523 4973 nostri
1566 4914 1635 4969 ad
1682 4912 1800 4970 loca
1841 4919 2156 4967 sanctorum

2184 4514 2233 4573 D

2253 3283 2389 3337 abba
2420 3279 2723 3337 celsitudini
2753 3288 2969 3343 nostrae,
2998 3286 3056 3333 ut
3084 3278 3188 3334 boc
3228 3276 3373 3332 circa
3420 3275 3606 3347 ipsum
3658 3274 3835 3330 locum

2253 3389 2350 3443 pro
2390 3382 2575 3427 nostra
2614 3370 2938 3425 auctoritate
2979 3368 3189 3439 plenius
3230 3365 3560 3423 conﬁrmare
3615 3365 3836 3421 debere-

2254 3482 2390 3519 mus.
2422 3462 2589 3533 Cujus
2621 3460 2866 3531 petitioni
2916 3476 3013 3531 pro
3048 3458 3312 3514 mercedis
3356 3465 3561 3512 nostra:
3616 3469 3839 3510 munere

2256 3558 2333 3613 vel
2368 3553 2667 3610 reverentia
2719 3553 2885 3623 ipsius
2935 3550 3111 3607 sancti
3142 3549 3242 3605 loci
3278 3550 3350 3604 ita
3385 3548 3721 3619 prmstitisse
3786 3555 3835 3598 et

2254 3651 2307 3705 in
2356 3646 2606 3703 omnibus
2656 3642 3004 3700 conﬁrmasse
3058 3640 3386 3712 cognoscite.
3446 3638 3835 3708 Praecipientes

2252 3738 2395 3794 enim
2428 3745 2487 3790 ut
2525 3732 2787 3805 quidquid
2819 3740 3031 3788 constat
3078 3746 3237 3801 supra
3287 3729 3525 3785 scribtns
3575 3744 3715 3781 avos
3746 3741 3835 3779 r.o-

2250 3836 2393 3885 stros
2427 3823 2750 3880 Chlodovius
2779 3821 3049 3891 quondam
3098 3835 3190 3875 rex
3237 3819 3303 3874 de
3342 3817 3459 3889 ipsa
3510 3818 3835 3879 cmunitate,

2251 3918 2394 3974 sicut
2423 3914 2669 3987 superius
2696 3920 2780 3969 est
2804 3909 3273 3983 comprehensum,
3302 3908 3536 3980 praefato
3575 3906 3837 3962 Mammo-

2253 4014 2382 4081 lino,
2423 4012 2506 4068 vel
2550 4020 2737 4083 postea
2784 4009 2897 4081 ipse
2926 4006 3173 4063 avunculi
3205 4005 3377 4061 nostri
3414 4003 3840 4059 Cblotacharins

2254 4122 2347 4161 seu
2377 4103 2732 4166 Cbildericus,
2765 4116 2857 4156 seu
2898 4096 2952 4155 et
2996 4097 3207 4169 genitor
3250 4106 3434 4151 noster
3462 4093 3837 4149 Theodericus

2255 4197 2519 4268 quondam
2551 4209 2723 4264 reges,
2750 4192 2895 4261 juste
2920 4201 2973 4247 et
2997 4190 3390 4245 rationabiliter
3416 4194 3838 4245 consenserunt,

2254 4288 2338 4344 vel
2373 4283 2865 4346 conﬁrmaverunt,
2894 4292 2950 4339 et
2974 4283 3043 4337 de
3083 4297 3151 4337 eo
3193 4289 3435 4350 tempore
3479 4292 3663 4348 usque
3702 4290 3837 4330 nunc

2259 4386 2410 4434 recto
2444 4376 2663 4431 tramite
2693 4374 2795 4429 fuit
2843 4374 3239 4439 conservatum,
3287 4370 3362 4425 ita
3386 4377 3442 4425 et
3488 4369 3715 4423 inantca
3751 4380 3839 4436 per

2261 4479 2447 4527 nostro
2471 4475 2742 4538 prmccpto
2768 4465 2980 4537 plenius
3017 4464 3069 4519 in
3115 4462 3208 4518 Dei
3251 4461 3471 4519 nomine
3489 4458 3839 4517 conﬁrmato.

2262 4564 2533 4632 inspectas
2563 4560 2706 4628 ipsas
2740 4556 3131 4626 praeceptiones
3169 4551 3669 4623 suprascribtorum
3697 4548 3838 4617 prin-

2261 4654 2472 4723 cipum,
2522 4650 2663 4706 sicut
2715 4664 2812 4718 per
2862 4646 3079 4702 easdem
3131 4644 3473 4709 declaratur,
3517 4642 3669 4697 circa
3727 4641 3840 4709 ip~o

2261 4741 2440 4797 abbati
2472 4738 2710 4803 Berlino,
2744 4736 2825 4791 vel
2856 4733 3255 4791 successoribus
3280 4732 3425 4796 suis,
3456 4739 3553 4785 aut
3581 4731 3702 4799 ipso
3724 4744 3837 4783 mo-

2260 4830 2497 4886 nasterio
2532 4826 2708 4882 Sitltiu
2742 4825 2887 4881 omni
2936 4833 3174 4892 tempore
3216 4820 3345 4890 ipsis
3388 4818 3678 4874 beneﬁciis
3718 4832 3840 4873 eon-

2262 4918 2431 4977 cessis
2484 4916 2537 4970 in
2585 4915 2837 4970 omnibus
2885 4910 3058 4966 valeat
3116 4923 3238 4965 esse
3293 4917 3682 4963 conservatum
3729 4923 3746 4958 :
3789 4915 3841 4959 et

3648 4996 3689 5014 ΑΙ*
3704 4994 3773 5014 ,σι
3786 5009 3838 5014 μ-
