3982 5292
168 319 304 376 “97

1514 313 1957 370 CHARTUIARI
1971 315 2083 369 Ui.

3292 325 3427 382 1198

165 421 430 505 genitricis
461 425 643 486 nostra
665 411 1062 484 Cliroiecliildis
1089 428 1274 496 regina
1318 424 1509 481 manus
1549 433 1746 482 nostra
1775 431 1822 490 Α
1852 425 2071 481 liberius
2102 438 2315 480 vacaret
2341 428 2465 482 Deo.
2499 427 2597 482 llic
2618 429 2718 485 sub
2744 437 2983 500 tempore
3013 431 3289 503 regiminis
3318 439 3427 504 sui,

165 524 460 595 signaculis
501 526 687 578 subter
731 537 848 576 eam
901 521 1238 576 decrevimus
1279 520 1622 576 confirmare.
1655 519 1744 575 δί·-

163 630 329 684 gnum
382 614 600 684 gloriosi
645 613 932 668 Chlndovei
985 613 1145 683 regis.
1193 613 1416 682 Signum
1475 607 1745 680 prmcclste

161 707 447 776 genitricis
469 717 666 760 nostra:
692 703 1100 760 Clirodechildis
1130 704 1326 774 reginae
1353 703 1487 773 (57).

233 797 434 850 Actum
465 795 563 850 sub
588 795 672 849 die
698 810 714 847 ι
743 794 859 848 Kal.
886 792 1094 858 Juuias,
1133 807 1275 846 anno
1304 808 1318 844 ι
1355 792 1502 861 regni
1550 791 1741 846 nostri.

162 909 280 964 XV.
323 908 404 962 De
428 920 592 961 morte
625 905 869 961 Clodovei
897 916 944 959 et
975 905 1298 959 successione
1337 904 1626 958 llildeberti
1649 945 1663 968 ,
1696 917 1742 958 et

683 975 948 1048 privilegio
978 976 1229 1046 ejusdem.

233 1087 412 1161 (698.)
449 1090 605 1142 Anno
650 1086 811 1140 etiam
854 1086 1144 1140 Dominicac
1173 1086 1556 1140 mcarnatiouis
1598 1085 1741 1148 681,

159 1197 284 1237 cum
333 1179 626 1234 decedente
660 1178 885 1249 praefato
933 1192 1058 1247 rege
1094 1178 1380 1243 Clodoveo,
1423 1194 1564 1232 anno
1596 1178 1742 1248 regni

157 1275 278 1345 ejus
306 1273 420 1346 (58)
460 1288 521 1338 tt,
565 1271 731 1326 frater
754 1269 869 1338 ejus
898 1269 1237 1324 Hildebertus
1266 1269 1596 1324 Francorum
1633 1270 1745 1339 glo-

163 1367 310 1421 riose
337 1365 655 1436 sumpsisset
685 1363 989 1432 imperium,
1022 1377 1162 1416 anno
1184 1377 1242 1416 Ill
1274 1362 1420 1430 regni
1451 1362 1586 1432 ejus,
1619 1362 1746 1416 fecit

160 1457 304 1512 idem
349 1472 444 1510 rex
483 1456 680 1510 domno
709 1454 928 1508 Bertino
957 1451 1288 1522 privilegium
1320 1451 1477 1521 regiae
1507 1453 1744 1506 auctori-

158 1547 310 1612 tatis,
337 1545 628 1601 sccundum
657 1544 1038 1614 suprascripto
1059 1543 1473 1611 conscriptionis
1503 1552 1742 1597 tenorem

158 1655 324 1710 quam
372 1641 439 1695 ab
489 1647 832 1694 antecessorc
879 1653 979 1693 suo
1024 1637 1461 1706 Clodoveo.i-ege
1506 1637 1740 1701 factam,

159 1745 322 1801 supra
351 1729 464 1798 jam
493 1728 931 1799 conscripsimus.
963 1727 1114 1794 Quod
1145 1726 1482 1796 privilegium
1514 1725 1601 1780 hic.
1625 1727 1743 1780 ideo

154 1821 480 1887 omittimus,
511 1834 577 1874 ne
602 1818 907 1887 conscripta
929 1818 1127 1871 iterare
1153 1816 1450 1870 videamur.
1480 1815 1587 1870 Nos
1608 1817 1746 1871 inte-

157 1911 262 1966 rim
301 1914 370 1966 ad
394 1911 774 1982 subsequentia
803 1909 1138 1965 festinemus.

157 2025 296 2083 XVI.
317 2027 470 2091 Quod
491 2026 654 2079 multa
672 2025 798 2090 alia,
820 2040 874 2078 se
898 2024 1109 2088 vivente,
1127 2023 1444 2090 acquisierit,
1461 2032 1504 2075 et
1529 2023 1590 2078 de
1612 2021 1743 2078 cella

309 2096 653 2150 Woromhold
684 2096 844 2158 dicta,
869 2103 915 2147 et
955 2103 1135 2147 sancto
1157 2093 1412 2147 Winnoco
1453 2094 1586 2164 (39).

226 2189 357 2244 Haec
383 2196 436 2242 et
459 2187 562 2241 alia
588 2201 747 2255 quam
776 2184 1027 2254 plurima,
1057 2199 1115 2238 se
1142 2183 1318 2238 adlmc
1364 2184 1597 2249 vivente,
1623 2201 1741 2238 mo-

154 2281 401 2336 nasterio
427 2295 524 2334 suo
552 2277 775 2332 adauxit
793 2290 916 2331 cum
942 2275 1144 2344 ingenti
1169 2274 1543 2330 desudationc.
1577 2275 1739 2330 Multa
1765 2335 1772 2342 ,

155 2372 322 2427 etiam
355 2378 638 2438 praeterea,
671 2365 867 2436 partim
894 2365 1292 2435 praecedentum
1333 2365 1572 2430 incuria,
1619 2381 1743 2435 par-

157 2464 250 2518 tim
283 2474 500 2530 quoque
547 2457 800 2511 diuturna
825 2465 1096 2510 vetustate
1126 2456 1378 2511 demolita
1398 2497 1412 2522 ,
1445 2457 1602 2512 nobis
1645 2458 1741 2513 ha-

157 2559 347 2605 ctenus
374 2555 594 2602 manent
629 2544 918 2614 incognita.
966 2542 1187 2600 Certum
1233 2553 1316 2598 est
1361 2553 1542 2600 autem
1594 2548 1735 2615 quod

154 2639 301 2693 omni
332 2639 458 2692 vita:
499 2649 608 2691 suae
659 2645 899 2705 tempore
930 2633 981 2689 in
1012 2635 1408 2704 praeparatione
1431 2635 1532 2690 loci
1565 2637 1666 2690 sibi
1708 2655 1736 2690 a

156 2727 384 2784 Domino
416 2726 600 2782 traditi
630 2725 908 2786 sudasset;
955 2723 1095 2778 unde
1125 2739 1223 2778 nec
1271 2725 1477 2778 abstitit
1513 2765 1526 2790 ,
1565 2725 1739 2781 donec

155 2818 348 2888 priscis
398 2815 742 2872 monasteriis
792 2815 956 2886 regali
1009 2815 1335 2870 auctoritate
1370 2818 1738 2882 constructis,

158 2909 427 2980 regalibus
447 2906 741 2980 privilegiis
755 2916 810 2962 et
829 2915 1092 2961 terrarum
1117 2906 1388 2976 opulentia
1411 2918 1735 2979 coacquaret.

157 2998 292 3065 Quin
323 2999 488 3056 etiam
525 3006 580 3052 ct
603 2997 707 3052 alia
744 2996 1134 3053 monachorum
1165 2997 1410 3052 caanobia
1433 3037 1448 3064 ,
1477 3013 1537 3054 se
1563 2999 1739 3054 adhuc

154 3090 387 3154 vivente,
435 3087 758 3151 construxit,
788 3102 853 3143 cx
879 3086 1076 3158 quibus
1104 3101 1269 3141 unum
1293 3095 1379 3142 est
1407 3088 1550 3157 quod
1581 3103 1738 3143 voca-

154 3191 240 3237 tur
259 3182 640 3248 Woromhold,
663 3182 805 3252 quod
831 3181 1046 3252 quidam
1079 3181 1162 3236 vir
1191 3182 1342 3236 dives
1367 3222 1381 3247 ,
1410 3181 1737 3236 iieremarus

151 3274 408 3338 nomine,
450 3273 625 3328 eidem
655 3272 772 3327 viro
804 3272 893 3327 Dei
929 3273 1278 3328 contradidil.
1325 3271 1558 3327 Sanctus
1609 3288 1736 3327 vero

148 3361 406 3417 Bertinus
453 3377 728 3418 servorum
777 3363 872 3417 Dei
900 3363 1255 3432 multiplicare
1295 3362 1481 3418 volens
1521 3362 1735 3416 habita-

149 3453 262 3508 cula
285 3494 300 3520 ,
349 3455 462 3508 hoc
492 3455 665 3523 ipsum
707 3454 1010 3510 cceuobium
1061 3463 1293 3524 quatuor
1320 3455 1449 3509 viris
1475 3495 1489 3520 ,
1521 3453 1588 3508 ad
1616 3469 1674 3508 sc
1705 3471 1736 3509 a

147 3547 444 3602 Britanniae
468 3547 714 3617 partibus
741 3547 1178 3610 advenientibus,
1210 3562 1270 3600 se
1312 3547 1735 3600 construendum

153 3641 555 3710 rogantiumque
576 3639 868 3704 commisit,
888 3638 1217 3706 Quadonoco
1237 3639 1485 3694 videlicet
1508 3647 1564 3693 et
1586 3639 1736 3710 lnge-

152 3745 309 3798 noco,
336 3732 561 3787 Madoco
593 3739 887 3801 sanctoque
912 3730 1197 3796 Winnoco,
1225 3739 1284 3784 ut
1311 3730 1440 3785 inibi
1472 3730 1738 3798 receptio-

152 3840 270 3880 nem
295 3842 592 3897 pauperum
609 3825 988 3892 construendo,
1013 3824 1283 3894 hospitum
1306 3825 1737 3895 peregrinorum-

151 3937 255 3990 que
316 3936 504 3976 curam
539 3926 788 3988 gererent
837 3933 944 3972 non
990 3918 1256 3973 modicam
1315 3918 1367 3971 in
1410 3917 1736 3973 necessariis

153 4010 601 4067 administrando.
640 4010 768 4064 Post
806 4010 1086 4064 decessum
1125 4025 1256 4065 vero
1303 4011 1733 4080 supradictorum

153 4105 314 4161 trium
355 4105 596 4162 virorum
622 4144 636 4170 ,
687 4103 996 4170 Quadonoci
1025 4102 1272 4158 videlicet
1305 4112 1360 4158 et
1389 4101 1637 4173 ingenuei
1682 4113 1732 4156 ct

155 4195 377 4264 Madoci,
401 4206 621 4254 sanctus
643 4195 915 4261 Bertinus,
937 4194 1316 4251 conventiculo
1343 4195 1572 4250 fratrum
1598 4197 1730 4252 inibi

154 4289 458 4362 degentium
486 4332 501 4357 ,
530 4290 748 4346 beatum
799 4288 1066 4345 concessit
1115 4303 1348 4359 praeesse
1373 4287 1696 4344 Wiunocum
1718 4329 1732 4353 ,

152 4383 272 4454 quia
304 4385 370 4441 de
395 4385 512 4456 ejus
539 4385 646 4440 vita
673 4391 730 4437 et
774 4381 1014 4438 moribus
1051 4396 1158 4436 non
1210 4381 1530 4447 dubitabat,
1571 4396 1730 4451 quem

153 4491 333 4532 secum
364 4477 433 4533 ab
491 4474 719 4530 infantia
769 4474 868 4529 sub
918 4472 1197 4527 Dominica
1229 4473 1545 4527 monasterii
1585 4473 1729 4528 scola
1766 4487 1811 4544 ι)

153 4567 465 4624 nutriebat:
499 4582 654 4635 enjus
697 4572 865 4620 Vitam
910 4571 967 4618 et
1007 4563 1234 4617 virtutes
1260 4603 1274 4626 ,
1317 4563 1408 4631 qui
1448 4562 1732 4633 diligenter

154 4660 474 4732 investigare
517 4659 782 4725 voluerit,
815 4673 846 4712 a
881 4655 1120 4728 quodam
1165 4655 1554 4725 eligentissime
1604 4670 1732 4709 con-

153 4750 401 4822 scriptam
427 4794 442 4819 ,
482 4750 725 4808 invenire
776 4750 918 4822 apud
966 4762 1064 4803 nos
1103 4745 1323 4818 poterit.
1374 4744 1485 4801 Nos
1516 4747 1728 4800 interim

150 4851 323 4911 coepta
344 4858 747 4913 percurramus.

218 4932 374 4990 XVII.
415 4935 588 5002 Quod,
625 4952 680 4990 se
723 4935 938 4998 vivente,
972 4935 1152 4989 beatus
1191 4929 1435 4986 Her/inus
1479 4931 1726 5002 Rigober-

501 5016 610 5060 tum
638 5006 874 5061 abbatem
895 5002 1212 5059 ordinauerit
1236 5002 1371 5072 (40).

221 5088 382 5147 Beato
409 5094 570 5165 igitur
599 5093 818 5150 Bel-tino
854 5090 966 5161 jam
996 5095 1047 5149 in
1089 5091 1300 5146 senium
1340 5100 1619 5163 vergente,
1647 5107 1732 5146 re-

1849 516 2046 580 domuo
2071 516 2288 574 Bcrtino
2319 519 2601 576 ordinante
2638 530 2693 576 ct
2713 520 2950 592 jubcnte,
2979 528 3280 581 construxit
3312 545 3432 584 mo.

1847 608 2140 663 nasterium
2180 609 2231 662 in
2278 609 2480 664 honore
2523 612 2692 666 sancti
2731 612 2964 678 Martini,
2999 615 3089 685 qui
3137 632 3279 672 nunc
3326 619 3430 675 loci

1846 707 2004 766 caput
2031 705 2086 752 et
2131 700 2293 753 totius
2323 698 2552 753 abbatitc
2583 701 2913 770 principatus
2943 704 3147 770 existit,
3193 721 3334 761 anno
3374 724 3427 764 Vt

1848 787 1994 857 regni
2023 786 2338 852 Hildeberti,
2379 789 2467 856 qui
2495 798 2611 842 erat
2639 807 2810 845 annus
2857 791 3146 848 Dominicze
3175 795 3424 852 incarna-

1849 881 2009 938 tionis
2035 881 2137 938 689
2175 883 2310 954 (il),
2343 883 2441 937 sub
2471 885 2721 954 pontifice
2770 885 3148 942 Tarwanensis
3177 888 3429 946 Ecclesiae

1848 975 2183 1044 ltavangero.
2202 976 2296 1030 liic
2317 977 2480 1032 etiam
2504 979 2602 1031 sub
2630 995 2770 1034 anno
2795 979 3083 1034 Dominicze
3101 981 3428 1036 incarnatio-

1847 1065 1929 1119 nis
1957 1065 2083 1130 695,
2112 1076 2367 1137 regnante
2405 1068 2636 1138 glorioso
2671 1085 2794 1139 rege
2845 1071 3156 1126 llildebcrto
3202 1087 3343 1126 anno
3371 1089 3426 1137 x,

1847 1156 1978 1210 emit
2001 1171 2030 1210 a
2060 1156 2176 1211 viro
2198 1158 2453 1226 quodam,
2476 1159 2742 1215 Eodbcrto
2771 1163 3007 1228 nomine,
3033 1162 3208 1216 villam
3241 1180 3430 1236 quam.

1847 1246 1969 1300 dam
2023 1248 2282 1303 vocabulo
2329 1249 2630 1314 liumliaco,
2677 1251 2862 1306 solidis
2909 1253 3054 1308 mille
3085 1255 3425 1326 quingentis;

1847 1335 2004 1404 cujus
2026 1337 2316 1408 emptionis
2342 1348 2487 1394 carta
2513 1340 2691 1396 taliter
2719 1341 2982 1397 estfacta.

1887 1468 2066 1524 xvm.
2098 1469 2305 1541 Emptio
2341 1470 2607 1542 Rigoberti
2636 1474 2835 1530 abbatis
2862 1475 2924 1530 de
2947 1441 3227 1532 ’Ναηιίαεο
3252 1479 3388 1550 (η).

1923 1602 2147 1657 Domino
2169 1612 2357 1657 sancto
2387 1612 2440 1657 ct
2466 1605 2517 1658 in
2547 1604 2766 1660 Christo
2793 1610 3084 1664 venerabili
3116 1611 3232 1666 viro
3258 1611 3422 1685 Rigo-

1848 1693 2020 1758 bcrto,
2053 1694 2233 1750 abbati
2265 1697 2329 1749 de
2360 1699 2691 1752 monasterio
2714 1698 2912 1766 Sithin,
2943 1701 3276 1759 Eodebertns
3294 1722 3427 1761 ven-

1781 1789 1820 1847 B
1849 1785 2009 1838 ditor.
2043 1785 2270 1840 Constat
2309 1801 2393 1840 tne
2425 1804 2530 1841 non
2561 1789 2882 1859 imaginario
2918 1790 3060 1859 jure,
3093 1795 3186 1847 sed
3227 1795 3427 1862 plenis-

1849 1878 1985 1931 sima
2019 1877 2291 1932 voluntate
2325 1878 2473 1933 vobis
2496 1879 2820 1945 vendidisse,
2851 1891 2904 1936 et
2943 1882 3018 1937 ita
3050 1886 3285 1950 vendidi,
3316 1895 3430 1941 tra-

1849 1966 2069 2033 didisse,
2123 1975 2176 2022 et
2229 1967 2299 2020 ita
2335 1967 2527 2023 tradidi
2575 1969 2640 2024 de
2664 1981 2937 2040 presente,
2981 1974 3194 2039 hocest
3215 1992 3432 2033 omnem

1850 2072 1961 2110 rem
1999 2057 2262 2126 portionis
2308 2073 2444 2122 mee.
2495 2059 2548 2113 in
2594 2059 2713 2115 loco
2755 2073 3097 2134 nuncupante
3128 2066 3429 2134 Rumliaco,

1849 2146 1901 2199 in
1942 2161 2080 2216 pago
2127 2146 2520 2212 Taruauninse,
2551 2149 2804 2219 quamde
2829 2161 2981 2220 parte
3005 2154 3096 2208 filii
3121 2157 3223 2210 mei
3261 2156 3432 2213 Char-

1846 2237 2056 2292 dcbcrti
2103 2237 2398 2307 quondam,
2435 2254 2503 2292 ex
2548 2239 2792 2295 luctuosa
2825 2243 3124 2301 hereditate
3164 2247 3296 2304 mihi
3334 2250 3433 2305 ob-

1845 2332 2015 2396 venit,
2043 2332 2096 2386 id
2126 2339 2230 2398 est,
2269 2347 2391 2386 cum
2442 2333 2623 2398 terris,
2658 2335 2925 2400 domibus,
2952 2335 3199 2400 ediﬁciis,
3228 2341 3432 2396 manci-

1845 2424 1968 2492 piis,
1993 2422 2166 2489 silvis,
2213 2423 2405 2493 pratis,
2436 2424 2670 2493 pascuis,
2702 2425 2857 2494 aquis
2886 2441 3216 2495 aquarumve
3238 2430 3432 2486 decur-

1845 2514 2017 2579 sibus,
2066 2513 2359 2570 mobilibus
2383 2522 2438 2568 et
2473 2514 2858 2578 immobilibus,
2904 2516 3200 2583 farinariis,
3233 2535 3427 2591 greges

1845 2620 1966 2659 cum
2017 2604 2355 2675 pastoribus,
2401 2619 2514 2658 rem
2563 2603 2968 2675 itiquuisitum,
3016 2609 3084 2661 ad
3135 2609 3428 2680 integrum,

1843 2704 2342 2764 qu:intu.r.1cumquc
2375 2694 2567 2764 conjux
2595 2710 2709 2748 mea
2739 2696 2932 2750 ibidem
2963 2698 3132 2752 tenuit
3159 2699 3430 2756 moriens-

1844 2801 1948 2855 que
2003 2786 2310 2856 dereliquit,
2371 2785 2454 2837 vel
2485 2784 2551 2838 ad
2592 2784 2759 2840 lilium
2793 2795 3035 2841 nostrum
3064 2789 3310 2858 superius
3332 2805 3430 2846 no-

1845 2878 2106 2932 minatum
2151 2878 2216 2933 de
2270 2884 2424 2947 parte
2444 2891 2542 2931 sua
2589 2877 2656 2932 ad
2703 2877 2879 2947 ipsum
2919 2879 3184 2947 pervenit,
3229 2881 3332 2936 hoc
3373 2890 3431 2936 et

1845 2969 2113 3039 integrate
2158 2968 2350 3022 ordine
2409 2967 2522 3036 ipse
2562 2967 2731 3022 abbas
2785 2967 2867 3022 vel
2927 2984 3055 3038 pars
3109 2971 3432 3026 monasterii

1845 3060 1950 3125 sui,
2005 3059 2058 3113 in
2098 3057 2223 3128 jure
2270 3065 2326 3112 et
2354 3056 2724 3112 dominatione
2763 3071 2972 3120 eorum,
3007 3074 3036 3112 a
3067 3057 3154 3113 dic
3192 3059 3430 3129 presenti

1765 3139 1812 3201 C
1843 3149 2051 3206 faciant
2105 3151 2351 3220 recipere
2404 3147 2488 3203 vel
2534 3147 2854 3212 dominare;
2889 3149 3029 3202 unde
3057 3149 3368 3217 accepimus
3395 3165 3426 3204 a

1839 3243 1994 3299 vobis
2029 3242 2082 3296 in
2109 3242 2291 3312 precio
2321 3249 2524 3304 taxato,
2548 3241 2704 3310 juxta
2727 3241 2868 3311 quod
2922 3241 3074 3296 izobis
3112 3241 3250 3296 bene
3285 3256 3428 3296 com-

1840 3334 2042 3404 placuit
2088 3343 2249 3401 atque
2289 3330 2563 3396 convenit,
2607 3331 2744 3385 inter
2790 3346 2979 3384 aurum
3030 3339 3084 3386 et
3119 3341 3424 3402 argentum,

1839 3422 2040 3476 solidos
2094 3419 2236 3474 mille
2265 3420 2586 3490 quingentos
2612 3428 2840 3485 tantum,
2881 3420 2951 3474 ita
2983 3429 3040 3474 ut
3063 3419 3131 3474 ab
3163 3421 3426 3477 hodierna

1838 3513 1925 3568 die
1980 3513 2094 3583 ipse
2147 3513 2304 3575 abba,
2359 3511 2440 3565 vel
2485 3527 2613 3582 pars
2662 3513 2977 3567 monasterii
3027 3514 3133 3578 sui,
3164 3513 3424 3577 habendi.

1841 3600 2084 3666 tenendi,
2115 3601 2296 3664 dandi,
2325 3601 2611 3665 vendendi,
2649 3604 3038 3670 commutandi,
3067 3605 3148 3658 vel
3169 3606 3429 3676 quicquid

1836 3694 2033 3750 exinde
2075 3695 2252 3749 facere
2305 3693 2536 3748 voluerit
2580 3693 2805 3749 liberam
2847 3705 2901 3750 et
2950 3695 3317 3752 ﬁrmissimam
3371 3700 3426 3754 in

1836 3785 2089 3840 omnibus
2144 3785 2382 3839 habeant
2427 3793 2774 3856 potestatem.
2837 3785 2896 3841 Si
2944 3787 3067 3857 quis
3103 3803 3253 3854 vero,
3281 3790 3430 3858 quod

1837 3876 2076 3932 futurum
2129 3891 2249 3931 esse
2297 3891 2402 3931 non
2439 3877 2731 3941 credimus,
2781 3878 2825 3931 si
2871 3893 2966 3934 nos
2995 3879 3116 3950 ipsi,
3149 3890 3243 3935 aut
3279 3880 3421 3934 ullus

1837 3967 1903 4022 de
1933 3966 2221 4021 heredibus
2245 3975 2339 4020 aut
2381 3967 2771 4037 prohcredibus
2802 3970 3022 4036 nostris,
3063 3971 3146 4025 vel
3168 3971 3428 4042 quislibet

1834 4057 2081 4127 opposita
2139 4072 2400 4128 persona,
2466 4057 2556 4127 qui
2613 4066 2803 4114 contra
2865 4060 3004 4115 hanc
3050 4061 3424 4116 vendicionem

1835 4163 1998 4217 quam
2051 4162 2151 4219 ego
2192 4147 2500 4218 plenissima
2545 4149 2822 4205 voluntate
2866 4151 2982 4207 ﬁeri
3027 4151 3109 4207 vel
3155 4153 3425 4208 conscribi

1837 4240 2048 4310 rogavi,
2099 4238 2283 4294 venire
2310 4248 2402 4294 aut
2433 4239 2720 4310 effringere
2767 4242 3175 4314 presumpserit,
3199 4252 3253 4299 et
3277 4260 3304 4298 a
3338 4260 3425 4300 me

1834 4333 1919 4389 vel
1973 4349 2003 4388 a
2059 4333 2194 4388 meis
2247 4333 2540 4389 heredibus
2565 4334 2901 4389 defensatum
2947 4351 3055 4392 non
3086 4335 3269 4402 fuerit,
3299 4347 3424 4394 tunc

1837 4426 2132 4481 inferamus
2164 4441 2262 4479 nos
2287 4424 2369 4478 vel
2392 4425 2618 4479 heredes
2651 4425 2824 4480 nostri
2847 4434 3054 4480 tantum
3083 4435 3138 4480 et
3165 4427 3268 4480 alia
3297 4436 3419 4481 tau-

1841 4526 1976 4580 tum,
2011 4525 2269 4585 quantum
2299 4529 2328 4566 a
2362 4514 2512 4567 vobis
2561 4514 2884 4584 accepimus.
2918 4515 2996 4565 vel
3023 4524 3280 4584 quantum
3307 4516 3422 4585 ipsa

1842 4622 1928 4662 res
1947 4621 2014 4661 eo
2039 4616 2279 4674 tempore
2307 4605 2588 4660 meliorata
2606 4606 2853 4671 valuerit,
2889 4605 3101 4674 duplam
3133 4608 3422 4676 pecuniam

1840 4706 2040 4752 statuta
2063 4703 2315 4750 servante
2340 4705 2648 4765 componat,
2666 4705 2717 4750 et
2739 4695 2882 4764 quod
2909 4695 3354 4764 repetitevindica
3365 4715 3424 4755 re

1839 4804 1944 4842 non
1973 4787 2164 4849 valeat,
2209 4787 2303 4840 sed
2325 4801 2549 4856 presens
2580 4788 2829 4843 vendicio
2861 4788 2972 4842 haec
2993 4786 3143 4841 onmi
3179 4795 3425 4860 tempore

1840 4881 1994 4935 firma
2017 4888 2072 4934 et
2104 4877 2361 4934 inviolata
2401 4887 2736 4949 permaneat,
2769 4895 2893 4934 cum
2927 4877 3271 4948 stipulatione
3299 4884 3427 4938 sub-

1835 4988 1981 5028 nixa.

1905 5088 2096 5143 Actum
2119 5084 2289 5140 Sitdiu
2317 5082 2664 5144 monasterio,
2693 5084 2837 5150 quod
2867 5084 2994 5141 fecit
3024 5081 3227 5136 mensis
3257 5083 3439 5147 Maius
