3982 5292
490 240 625 297 I199

1568 223 1891 292 FOLQUINI
1928 224 1985 277 S.
2030 219 2303 276 BERTINI
2346 216 2649 273 MONACHI

3614 201 3753 255 ηυξ)

488 369 610 414 nem
645 352 761 407 ﬁeri
806 349 1032 420 rogavit.
1081 346 1302 415 Signum
1329 340 1652 396 Fladeberti.
1680 337 1903 407 Signum
1943 335 2058 388 Ma-
2088 342 2134 399 Α
2165 330 2366 401 rogavi.
2429 328 2795 396 llavaugerus,
2843 338 2904 378 ac
2933 322 2976 377 si
3003 322 3256 420 indignus
3277 318 3589 420 episcopus,
3620 316 3751 418 sub-

488 443 746 501 dalchari.
765 437 986 509 Signum
1008 434 1293 491 Erleberti.
1310 431 1533 504 Signum
1548 426 1817 485 Childolli.
1839 426 2063 495 Signum

490 535 781 591 li'a’urianc.
822 530 1046 596 Signum
1068 524 1358 596 Sigeberti.

538 618 961 679 ’Ercbembodus
997 615 1166 671 lector
1214 614 1355 669 hanc
1378 608 1740 666 vindicioncm
1761 605 1980 663 scribsit
2012 613 2068 658 et

491 711 828 772 subseribsit.

490 829 630 885 XIX.
690 824 841 892 Quod
892 821 1159 891 Erlefrido
1222 814 1334 888 post
1377 815 1728 900 .Rigobertum
1780 811 2066 867 cmitobium

1019 907 1172 947 suum
1202 897 1534 943 commiserit.

561 981 851 1044 Crescente
887 984 1090 1037 interea
1122 978 1461 1033 multitudine
1508 973 1915 1035 monachorum,
1942 970 2071 1024 bea-

494 1092 582 1137 tus
612 1088 765 1149 pater
792 1075 1059 1137 Bcrtiuus,
1087 1069 1310 1141 picel'ato
1333 1067 1626 1137 Rigoberto
1648 1064 1888 1133 requiem
1910 1063 2071 1116 desu-

495 1170 727 1226 dationis
750 1165 1027 1235 indulgens
1051 1162 1182 1232 (45),
1198 1156 1488 1215 venerabili
1511 1156 1627 1209 viro
1647 1152 1912 1207 Erlcfrido
1934 1151 2069 1221 (44),

496 1282 527 1318 a
555 1278 612 1318 se
638 1259 860 1322 nutrito,
909 1252 1140 1310 etenobii
1185 1250 1268 1304 sui
1308 1248 1544 1319 regimen
1592 1242 1892 1306 commisit;
1933 1243 2069 1312 ipse,

497 1349 747 1406 arctioris
790 1346 911 1399 vitze
959 1358 1074 1396 vnas
1121 1340 1403 1402 incedens,
1445 1343 1683 1389 semotus
1730 1349 1760 1386 a
1803 1333 2073 1413 mundana

495 1441 919 1512 perturbatione,
953 1441 1065 1487 tota
1102 1440 1279 1484 mente
1313 1428 1589 1483 insisteret
1622 1424 1815 1480 divinae
1836 1422 2075 1493 philoso-

496 1533 657 1605 phiae.
682 1527 941 1584 Praefatus
956 1536 1139 1578 autem
1163 1522 1244 1574 vir
1262 1517 1733 1574 reverentissimus
1754 1512 2071 1579 Erlcfridus,

500 1626 639 1677 inter
677 1628 871 1674 cmlera
917 1631 1037 1686 qua:
1073 1613 1260 1684 gessit,
1307 1611 1438 1666 emit
1475 1625 1505 1664 a
1544 1609 1776 1680 quodam
1818 1607 1954 1672 viro,
1979 1620 2076 1660 no-

2167 422 2406 491 scripsit.
2437 422 2476 490 -ί-
2508 417 2768 473 Fulberti.
2798 417 2838 485 οι·
2866 412 3202 469 Madalharii.
3230 412 3271 481 -ι-
3301 409 3590 465 Humberti
3611 410 3757 461 vica-

2169 512 2300 566 rius.
2342 511 2711 566 Chrodbertus
2743 505 3282 563 hanc‘vendiciouem
3305 500 3527 558 scribsit
3548 508 3607 554 et
3630 501 3761 554 sub-

2169 600 2405 656 scribsit.
2610 660 2615 665 ,

2481 688 2621 743 XXI.
2655 688 2730 742 De
2758 689 2984 742 transitu
3012 688 3191 742 domui
3216 685 3442 739 Bertini.

2242 779 2355 835 Sub
2406 777 2563 848 hujus
2619 778 2827 848 prazfati
2878 777 3126 832 Erlel‘ridi
3163 772 3441 846 regiminis
3493 780 3764 840 tempore.

2169 874 2361 928 beatus
2391 882 2543 943 pater
2568 872 2820 927 Bertiuns
2862 871 3056 942 plenus
3095 871 3301 929 dierum
3344 875 3399 923 et
3442 866 3765 924 sanctitate.

2170 976 2294 1037 post
2318 967 2631 1021 diuturnum
2660 965 2711 1031 in
2743 964 2955 1019 Domini
2986 963 3244 1018 servitute
3266 960 3623 1021 famulatum.
3655 972 3770 1011 car-

2172 1072 2272 1110 nea
2301 1054 2663 1124 relinquentes
2710 1053 3005 1123 ergastula,
3050 1051 3301 1122 migravit
3341 1050 3411 1104 ad
3459 1047 3767 1107 Christum,

2172 1152 2524 1213 percepturus
2574 1142 2644 1196 ab
2691 1142 2807 1211 ipso
2858 1150 3074 1194 aeterna:
3131 1136 3593 1194 remunerationis
3648 1136 3771 1188 bra-

2176 1234 2343 1296 vium,
2375 1232 2465 1302 qui
2493 1241 2611 1286 erat
2638 1246 2811 1285 annus
2832 1230 3121 1284 Doniinica:
3147 1227 3540 1283 incarnationis
3565 1224 3699 1289 (398,
3720 1234 3773 1277 ct

2175 1325 2380 1394 pra-fati
2410 1323 2549 1393 regis
2576 1321 2866 1377 llildeberti
2894 1337 2959 1374 xv
2986 1320 3120 1391 (46),
3149 1317 3441 1374 indictione
3466 1332 3545 1369 II.
3577 1314 3775 1385 Sepul-

2178 1431 2369 1488 tusque
2399 1418 2559 1472 estin
2604 1415 2825 1471 basilica
2853 1415 3025 1469 sancti
3060 1412 3296 1477 Martini,
3333 1410 3424 1465 ubi
3465 1409 3723 1480 plurima:
3745 1424 3773 1459 a

2179 1509 2408 1564 Domino
2434 1509 2661 1574 virtutes
2682 1522 2781 1577 per
2805 1504 2925 1573 ejus
2948 1504 3139 1558 merita
3168 1512 3295 1556 sunt
3321 1508 3556 1571 patrata:
3582 1515 3596 1550 :
3630 1498 3775 1566 quod

2180 1611 2357 1656 textus
2402 1600 2519 1670 ejus
2540 1597 2676 1653 Vita:
2714 1596 2970 1668 patefecit
3006 1592 3431 1664 elegantissime.
3477 1590 3561 1645 Eo
3603 1589 3780 1641 etiam

501 1714 645 1767 mine
674 1677 1001 1771 Darnumdo,
1040 1677 1126 1759 res
1156 1702 1421 1774 portionis
1465 1677 1597 1765 suae,
1637 1700 1692 1753 in
1732 1698 1850 1753 loco
1879 1712 2081 1752 uuucu-
2110 1690 2154 1748 B
2186 1700 2425 1759 tempore
2455 1688 2589 1759 (47),
2627 1686 2946 1742 venerabilis
2982 1699 3075 1738 rex
3124 1677 3779 1774 llildebcrtus‘nniigravit

500 1810 663 1875 pante
706 1799 1126 1862 Saroaldselusa,
1170 1812 1330 1866 super
1376 1794 1536 1850 ﬂuvio
1585 1792 1811 1859 Simma,
1858 1792 1910 1846 in
1942 1806 2080 1862 pago

505 1892 926 1955 Vermandense,
958 1891 1092 1945 etin
1130 1888 1435 1959 Appiliaco,
1479 1902 1638 1954 snper
1684 1884 1844 1939 ﬂuvio
1886 1881 2078 1947 Ysara,

503 1989 556 2041 in
587 2002 721 2055 pago
743 1984 1120 2045 Noviomensc,
1152 1997 1243 2036 Seu
1274 1982 1325 2033 in
1361 1980 1486 2033 Diva
1509 1988 1562 2033 et
1583 1978 1931 2032 Corbunaceo
1960 1975 2084 2032 soli-

504 2080 587 2133 dis
617 2077 761 2132 mille
789 2075 1117 2146 quingentis,
1162 2087 1280 2142 qua:
1326 2070 1634 2126 vinditionis
1678 2079 1828 2124 carta
1874 2069 1962 2125 hic
2002 2071 2085 2124 est

504 2169 729 2223 inserta.

578 2254 721 2330 XX;
755 2275 963 2346 Emptio
1018 2273 1274 2344 Erlcfridi
1322 2273 1523 2346 abbatis
1569 2271 1633 2326 de
1685 2270 1833 2326 rebus
1874 2269 2015 2340 infra

1111 2346 1318 2415 scriptis
1347 2344 1482 2414 (45).

554 2429 804 2494 ’Domino
824 2438 879 2493 et
901 2432 1195 2492 venerabili
1230 2437 1345 2491 viro
1369 2436 1637 2500 Erlifrido,
1667 2435 1848 2490 abbati
1876 2434 1943 2488 de
1968 2448 2085 2488 mo-

506 2530 745 2585 nasterio
797 2527 992 2593 Sitdi‘u,
1039 2529 1377 2583 Darmundus
1429 2528 1697 2582 venditor.
1741 2525 1968 2581 Constat
2002 2538 2089 2579 me

506 2637 613 2675 non
666 2619 984 2689 imaginario
1024 2617 1167 2686 jure,
1213 2619 1307 2674 sed
1339 2617 1648 2689 plenissima
1685 2614 2087 2671 voluntate'tibi

506 2710 835 2775 vendidisse,
881 2717 935 2763 et
985 2710 1059 2763 ita
1108 2709 1318 2764 vendidi
1351 2723 1365 2762 :
1392 2710 1495 2763 hoc
1516 2717 1619 2772 est,
1650 2708 1782 2762 duas
1815 2715 1996 2777 partes
2025 2705 2090 2760 de

510 2802 865 2871 re'po‘rtionis
890 2816 1029 2866 mee,
1062 2802 1113 2855 in
1144 2799 1262 2855 loco
1291 2810 1631 2871 nu‘ucupante
1659 2800 2088 2864 Saroaldsclusa,

510 2888 673 2959 super
694 2881 857 2943 Iluvio
896 2889 1117 2954 Sumua,
1156 2890 1208 2944 in
1231 2904 1365 2959 pago
1392 2890 1779 2946 Vermandinse
1803 2907 1817 2955 ;
1844 2889 2092 2944 similiter

512 2993 568 3037 et
609 2982 661 3034 in
708 2981 986 3050 Appiliaco
1023 2998 1184 3050 super
1211 2982 1371 3036 ﬂuvio
1400 2982 1541 3037 Isara
1575 2983 1707 3037 duas
1748 2990 1932 3052 partes
1957 2983 2092 3038 sitas

512 3077 567 3130 in
591 3090 729 3144 pago
772 3072 1136 3139 Noviomensi,
1162 3090 1255 3130 seu
1287 3075 1337 3128 in
1379 3075 1508 3129 Diva
1541 3084 1593 3130 et
1618 3075 1933 3132 Corbunaco
1959 3077 2093 3132 duas

514 3166 700 3236 partes
746 3166 810 3218 ad
875 3166 1163 3235 integrum,
1197 3165 1298 3219 hoc
1344 3175 1445 3228 cst,
1476 3173 1585 3219 tam
1627 3166 1679 3221 in
1713 3167 1891 3232 terris,
1924 3167 2095 3222 domi—

516 3258 635 3321 bus,
678 3254 985 3321 .zediileiis,
1027 3255 1338 3324 mancipiis,
1402 3255 1594 3321 vineis,
1642 3256 1868 3328 eampis,
1919 3256 2092 3324 silvis,

515 3346 704 3414 pratis,
762 3345 996 3415 pascuis,
1044 3345 1197 3414 aquis
1231 3361 1563 3415 aquarumve
1601 3347 1935 3412 decursibus,
1969 3349 2099 3402 fari-

520 3435 707 3498 uariis,
734 3434 976 3503 peculiis,
1003 3434 1161 3489 cultis
1184 3444 1237 3488 et
1277 3434 1515 3500 incultis,
1558 3436 1953 3504 suprascribtas
1975 3450 2095 3506 por-

520 3523 703 3577 cioncs
749 3538 779 3576 a
831 3523 915 3576 die
967 3524 1201 3593 presenti
1232 3524 1326 3577 tibi
1364 3525 1515 3578 tiado
1547 3534 1709 3594 atque
1739 3527 2102 3580 transcribere

440 3655 454 3671 .
520 3618 652 3686 rogo
694 3614 1076 3686 perpetualiter
1102 3616 1170 3670 ad
1203 3615 1624 3684 possidendum;
1660 3617 1800 3671 unde
1821 3618 2001 3685 accepi
2044 3617 2095 3669 iu

521 3707 704 3777 pre'cio
725 3706 871 3776 quod
892 3706 1032 3760 inter
1056 3721 1156 3761 nos
1178 3704 1314 3761 bene
1334 3706 1678 3775 complacuit,
1706 3708 1808 3760 hoc
1828 3717 1932 3770 est,
1959 3707 2099 3761 inter

525 3810 714 3854 aurum
745 3808 799 3854 et
853 3807 1152 3868 argentum,
1204 3797 1405 3853 solidos
1436 3797 1579 3853 mille
1623 3798 1942 3868 quingentos
1984 3807 2098 3852 tan-

527 3901 662 3955 tum,
694 3892 768 3944 ita
823 3904 883 3944 ut
907 3907 935 3943 a
961 3890 1046 3944 die
1093 3890 1350 3959 presenti,
1378 3890 1519 3958 ipsas
1549 3889 1821 3959 portiones
1845 3889 2098 3953 babemli,

525 3982 763 4043 tenendi,
791 3980 973 4044 dandi,
1000 3981 1282 4045 vendendi,
1318 3982 1707 4047 commutandi,
1734 3982 1817 4037 vel
1847 3984 2100 4053 quicquid

528 4068 721 4123 exinde
747 4067 979 4122 volueris
1004 4069 1180 4123 facere
1203 4069 1426 4123 liberam
1454 4079 1508 4124 et
1534 4071 1923 4139 ﬁrmissimam,
1946 4072 2102 4128 Chrie

528 4164 616 4210 sto
644 4155 898 4225 propitio,
938 4156 990 4209 in
1021 4157 1268 4212 omnibus
1298 4158 1498 4212 habeas
1521 4168 1856 4228 potestatem.
1897 4161 1952 4216 Si
1985 4163 2106 4232 quis

528 4263 679 4313 vero,
710 4247 852 4316 quod
901 4246 1138 4300 futurum
1183 4262 1302 4303 esse
1347 4265 1450 4303 non
1480 4251 1661 4315 credo,
1692 4251 1737 4305 si
1760 4265 1859 4322 ego
1882 4252 1994 4322 ipse
2015 4263 2108 4307 aut

532 4339 671 4395 ullus
697 4338 764 4395 de
800 4339 1088 4394 heredibus
1138 4340 1294 4406 meis,
1342 4340 1422 4396 vel
1473 4341 1724 4411 quislibet
1750 4344 1992 4413 Opposita
2018 4357 2107 4399 aut

535 4439 793 4485 extranea
822 4444 1072 4498 persona,
1096 4437 1282 4483 contra
1317 4431 1453 4486 hanc
1484 4432 1849 4487 vendicionem
1876 4433 2105 4499 venerit,
2140 4431 2160 4445 "

531 4517 828 4571 inferamus
855 4517 1006 4573 vobis
1033 4526 1265 4583 tantum,
1292 4528 1347 4573 et
1372 4519 1472 4574 alia
1508 4530 1734 4587 tantum,
1781 4531 2041 4591 quantum
2074 4538 2105 4576 a

537 4604 688 4662 vobis
738 4608 1063 4677 accepimus,
1117 4607 1439 4677 duplamque
1491 4613 1804 4679 pecuniam,
1857 4613 2114 4666 consocio

537 4700 674 4754 ﬁsco
699 4700 1074 4769 distringente,
1126 4711 1348 4756 coactus
1375 4701 1632 4765 exsolvat,
1667 4712 1722 4757 et
1750 4705 1890 4772 quod
1921 4706 2115 4773 repetit

538 4788 849 4843 evindicare
895 4805 999 4843 non
1047 4790 1260 4858 valeat;
1302 4792 1393 4846 sed
1420 4791 1519 4846 hec
1546 4791 1786 4847 venditio
1805 4793 1952 4848 omni
1984 4803 2116 4847 tem-

537 4891 669 4946 pore
687 4876 839 4930 lirina
872 4889 1208 4946 permaneat,
1232 4895 1354 4934 cum
1384 4878 1726 4948 stipulatione
1756 4881 2003 4935 subnixa.

609 4965 803 5020 Actum
832 4964 1010 5022 Sitdiu
1040 4969 1384 5031 monasterio,
1410 4984 1461 5021 v1
1494 4966 1676 5022 Nonas
1700 4968 1848 5035 Maii,
1865 4984 2006 5024 anno
2024 4985 2113 5023 XIV

542 5058 758 5126 imperii
787 5059 966 5114 domui
1001 5061 1172 5114 nostri
1221 5059 1515 5116 Hildeberti
1554 5060 1775 5131 gloriosi
1808 5061 1969 5131 regis.
2004 5062 2114 5131 Ego

548 5148 888 5206 Darmundus
936 5153 1201 5219 venditor,
1258 5154 1348 5223 qui
1400 5154 1539 5211 hanc
1592 5153 1961 5209 vendicionem
1997 5154 2115 5209 ﬁeri

2183 1781 2250 1836 ad
2284 1757 2587 1842 Dominum,
2624 1793 2748 1833 cum
2800 1781 3076 1847 regnasset
3115 1771 3272 1826 annis
3320 1786 3430 1824 xvi.
3476 1757 3779 1838 Regnavit-

2182 1887 2285 1943 que
2334 1871 2669 1943 Dagobertus
2729 1882 2880 1937 puer,
2938 1864 3078 1918 [ilius
3125 1862 3261 1932 ejus,
3311 1874 3411 1929 pro
3457 1874 3549 1922 eo,
3613 1859 3777 1910 annis

2184 1978 2215 2015 v
2232 1957 2382 2034 ($3);
2407 1960 2507 2014 sub
2534 1956 2687 2028 cujus
2711 1963 2947 2026 tempore
2971 1951 3252 2024 pnndictus
3280 1949 3448 2004 abbas
3465 1945 3780 2001 Erlel‘ridus

2183 2051 2459 2106 basilicam
2490 2049 2663 2105 sancti
2692 2046 2904 2101 Martini
2945 2059 3107 2114 supra
3145 2042 3313 2097 sancti
3356 2040 3536 2095 Patris
3567 2037 3778 2092 Beitiui

2187 2142 2446 2199 tumulum
2469 2139 2716 2212 ampliori
2746 2154 2908 2210 opere
2934 2136 3261 2193 retediiicare
3290 2134 3476 2204 θάψει.

2188 2253 2346 2308 XXII.
2381 2253 2458 2308 De
2488 2251 2865 2307 Erkenbodone
2912 2250 3115 2309 abbate,
3163 2261 3460 2302 successore
3487 2244 3777 2313 Erlefridi.

2255 2345 2383 2400 Post
2427 2342 2740 2412 multiplicia
2789 2340 2952 2411 igitur
2999 2336 3209 2408 prmfati
3261 2334 3523 2391 Erlel'ridi
3565 2334 3782 2388 abbatis

2186 2438 2593 2501 desudanienta,
2624 2450 2743 2504 qua:
2765 2441 3050 2505 postquam
3082 2430 3325 2502 magistri
3356 2437 3644 2499 superstes
3688 2442 3782 2483 ex-

2187 2527 2419 2589 stiterat,
2442 2524 2723 2580 desudavit
2768 2530 2947 2578 mente
2983 2519 3403 2590 proruptissima,
3441 2518 3693 2588 migrans
3716 2516 3783 2570 ad

2190 2619 2472 2674 Dominum
2492 2657 2506 2681 ,
2538 2629 2906 2673 successorem
2939 2614 3039 2669 sibi
3075 2613 3287 2682 reliquit
3316 2608 3781 2673 Erchembodun.

2189 2711 2452 2780 sapientia
2483 2716 2539 2763 et
2565 2706 2807 2763 bonitate
2832 2704 3182 2775 coaequalem.
3205 2702 3306 2768 Qui
3355 2711 3608 2771 tempore
3636 2700 3785 2769 regis

2192 2802 2442 2871 Ililperici
2470 2799 2800 2855 successoris
2829 2796 3071 2868 przedicti
3099 2796 3242 2867 regis
3280 2793 3580 2865 Dagoberti
3612 2792 3783 2862 quod-

2190 2895 2314 2949 dam
2338 2892 2671 2963 privilegium
2704 2891 2851 2961 regia
2893 2890 3214 2945 auctoritate
3255 2888 3325 2943 ab
3365 2887 3490 2957 ipso
3534 2884 3783 2957 poposcit

2197 3000 2320 3057 rege
2353 2994 2746 3049 constructum,
2778 2982 2921 3053 quod
2951 2982 3128 3036 taliter
3147 2990 3231 3036 est
3259 2981 3492 3036 factum.

2233 3095 2412 3150 XXIII.
2445 3094 2781 3164 Pririlegium
2805 3092 3084 3164 Cliilperici
3111 3093 3244 3163 regis
3272 3102 3505 3162 tempore
3534 3090 3752 3162 praefati

2797 3162 2997 3218 abbatis
3032 3162 3178 3234 (Ηυξ
3320 3190 3323 3193 π

2267 3256 2602 3326 Cbilpericus
2629 3271 2721 3310 rex
2751 3255 3082 3309 Francorum
3112 3254 3218 3326 (νὴ
3241 3251 3519 3324 inluster}.
3551 3251 3614 3307 Si
3644 3252 3782 3307 facta

2198 3354 2543 3417 parentorum
2593 3354 2939 3407 nostrorum,
2985 3344 3127 3412 quod
3174 3341 3244 3396 ad
3297 3341 3414 3396 loca
3465 3351 3781 3397 sanctorum

2199 3437 2563 3506 priestiterunt
2614 3434 2694 3490 vel
2738 3443 3144 3497 concesserunt,
3174 3448 3270 3502 per
3312 3432 3520 3487 nostris
3550 3432 3785 3488 oraculis

2200 3530 2604 3594 confirmamus,
2634 3527 2783 3598 regia
2811 3526 3196 3581 consuetudine
3228 3526 3334 3579 hoc
3361 3540 3709 3591 exercemus,
3732 3535 3785 3580 et

2200 3617 2356 3673 nobis
2383 3619 2449 3672 ad
2480 3618 2695 3674 laudem
2732 3617 2813 3672 vel
2843 3617 3187 3691 stabilitatem
3217 3616 3368 3685 regni
3394 3618 3575 3671 nostri
3609 3618 3666 3671 in
3695 3617 3786 3671 Dei

2203 3710 2418 3763 nomine
2446 3707 2716 3777 pertinere
2752 3706 3090 3762 conﬁdimus.
3136 3705 3298 3776 Igitur
3329 3706 3667 3761 venerabilis
3710 3706 3787 3758 vir

2203 3798 2607 3854 Ercliemhodus
2635 3798 2766 3851 abba
2796 3798 2860 3852 de
2894 3796 3219 3852 monasterio
3249 3795 3451 3860 Sitdiu,
3480 3796 3581 3865 qui
3621 3807 3707 3850 est
3734 3796 3786 3848 in

2205 3906 2340 3959 pago
2367 3888 2748 3942 Tervannense
2775 3887 2828 3941 iu
2856 3888 3056 3942 honore
3079 3898 3281 3943 sanctae
3303 3886 3490 3941 Maria:
3513 3887 3788 3955 genitricis

2205 3981 2416 4035 Domini
2463 3981 2629 4034 nostri
2658 3978 2782 4035 Jesu
2813 3979 3035 4044 Christi,
3068 3994 3277 4034 necnon
3316 3988 3369 4032 et
3418 3979 3604 4034 sancti
3648 3979 3786 4033 Petri

2205 4084 2260 4128 et
2319 4073 2467 4128 Pauli
2513 4072 2894 4142 apostolorum,
2946 4072 3028 4125 vel
3081 4080 3399 4127 caeterorum
3459 4072 3785 4127 damnorum

2208 4172 2517 4217 sanctorum
2549 4169 2911 4227 constructus,
2955 4160 3020 4213 ad
3069 4170 3313 4215 nostram
3349 4160 3623 4215 accedens
3651 4144 3785 4229 pras-

2209 4254 2469 4317 sentiam,
2520 4252 2817 4307 clementia:
2866 4253 3013 4322 regni
3073 4252 3246 4307 nostri
3298 4253 3598 4322 suggessit,
3649 4251 3785 4321 quod

2211 4358 2344 4398 avus
2374 4352 2555 4397 noster
2601 4341 2938 4398 Chlodoveus
2969 4343 3237 4411 quondam
3286 4356 3376 4397 rex
3425 4341 3496 4395 de
3524 4340 3787 4397 omnibus

2209 4433 2376 4488 curtis
2409 4432 2501 4487 vel.
2538 4432 2677 4486 villis
2720 4432 2886 4501 ipsius
2936 4431 3270 4496 monasterii,
3298 4430 3557 4502 quicquid
3600 4432 3786 4485 eodem

2211 4534 2451 4592 tempore
2479 4521 2846 4592 possidebant,
2874 4531 2968 4577 aut
2995 4521 3168 4576 adhuc
3200 4521 3413 4575 inantea
3458 4534 3526 4574 ex
3570 4535 3789 4573 munere

2210 4627 2396 4683 regum
2430 4613 2509 4666 vel
2536 4613 2726 4668 collata
2753 4613 2954 4682 pepuli,
2987 4629 3079 4668 seu
3107 4615 3173 4667 de
3215 4620 3547 4682 comparato,
3588 4619 3685 4664 aut
3728 4610 3789 4664 de

2211 4704 2450 4774 qualibet
2476 4707 2722 4759 adtracto
2747 4706 2800 4759 in
2844 4705 3167 4774 quibuslibet
3204 4703 3355 4774 pagis
3381 4714 3547 4771 atque
3578 4702 3791 4757 territo-

2217 4796 2313 4849 riis
2334 4794 2465 4849 inibi
2490 4802 2573 4849 est
2595 4795 2832 4849 additum
2856 4795 2939 4849 vel
2966 4795 3240 4859 collatum,
3266 4794 3473 4859 integra
3495 4793 3789 4847 emunitate

2220 4883 2545 4938 antece'ssori
2573 4899 2670 4938 suo
2695 4883 2893 4938 domno
2920 4883 3157 4949 Bertino,
3184 4882 3456 4953 quondam
3483 4881 3655 4950 ipsius
3679 4894 3789 4934 nio-

2220 4971 2445 5026 nasterii
2470 4971 2685 5037 abbate,
2714 4972 2795 5027 vel
2825 4973 2890 5026 ad
2918 4972 3230 5042 prmdictum
3254 4971 3643 5026 monasterium
3669 4983 3786 5023 con-

2219 5063 2492 5126 cessisset,
2527 5070 2587 5115 ut
2610 5061 2786 5116 nullus
2813 5060 2979 5130 judex
3010 5061 3253 5130 publicus
3282 5059 3483 5114 ibidem
3504 5060 3577 5114 ad
3603 5073 3790 5113 causas

2222 5155 2539 5218 audiendas,
2565 5163 2659 5208 aut
2682 5154 2834 5223 freta
2859 5153 3176 5218 exactanda,
3204 5151 3286 5205 vel
3324 5150 3674 5221 ﬁdejussores
3699 5149 3789 5203 tol-
