3982 5292
224 218 347 273 19.1)!

1545 200 2110 261 CHARTULARIUM.

3323 189 3459 266 eos

222 330 420 394 leudos,
456 341 558 382 nec
604 325 911 381 mansiones
947 332 1038 378 aut
1084 331 1300 396 paratas
1349 322 1639 387 faciendas,
1686 337 1785 376 nec
1815 329 1857 386 Λ
1891 336 1963 374 xu
2007 319 2125 373 Kal.
2174 315 2366 388 April,
2422 315 2633 383 Deoquc
2653 312 2875 382 iuvante
2899 311 3038 369 victo
3072 309 3373 385 Chilperico
3405 318 3462 380 et

224 421 462 478 homines
493 419 659 488 ipsius
688 417 1024 480 monasterii,
1057 426 1163 470 tam
1212 416 1495 484 ingenuos,
1523 429 1683 483 quam
1734 422 1788 467 et

218 511 529 573 servientes,
551 509 640 578 qui
662 521 822 576 super
846 516 1019 561 terras
1039 521 1164 560 suas
1186 514 1544 567 commanent,
1568 503 1788 557 distrin-

219 598 432 670 gendos,
465 611 564 650 nec
601 595 738 648 ullas
765 595 1112 649 redibitiones
1147 593 1500 662 requirendas
1526 607 1625 646 nec
1659 606 1788 643 exa-

217 690 436 744 etandas
474 687 760 754 judiciaria
813 696 1051 756 potestas
1098 687 1292 740 ibidem
1335 685 1612 755 ingredere
1658 697 1790 751 quo-

217 792 372 846 quam
427 786 666 844 tempore
699 791 804 829 non
856 776 1075 830 deberet
1124 789 1139 828 :
1195 776 1296 828 nisi
1345 774 1445 828 sub
1479 773 1790 832 emunitatis

217 881 409 925 nomen
455 865 601 920 omni
651 875 890 934 tempore
920 880 1040 918 cum
1079 879 1267 920 omnes
1306 863 1470 918 fretas
1506 876 1790 916 concessas

213 972 337 1026 pars
367 957 535 1026 ipsius
562 957 874 1011 monasterii
904 957 1218 1026 perenniter
1245 957 1465 1010 deberet
1494 955 1787 1024 p05sidere.

216 1045 368 1103 Unde
391 1055 449 1099 et
479 1047 866 1115 praeceptioues
906 1047 1072 1117 ipsius
1112 1045 1362 1102 videlicet
1402 1045 1661 1114 principis
1705 1043 1792 1097 avi

210 1137 386 1194 nostri
435 1137 761 1203 Chlodovei,
816 1145 870 1192 et
924 1139 1362 1193 conlirmationes
1415 1136 1789 1206 prmcelsortttn

214 1225 602 1280 avunculorum
632 1237 940 1283 nostrorum
963 1227 1338 1292 Chlodocharii
1369 1239 1420 1282 et
1449 1227 1788 1291 Theoderici,

216 1331 308 1370 seu
334 1325 390 1370 et
419 1317 680 1386 genitoris
713 1319 880 1372 nostri
907 1318 1216 1382 Childerici,
1247 1319 1408 1372 etiam
1439 1327 1492 1372 et
1515 1318 1791 1372 consobri-

213 1423 405 1463 norum
435 1419 740 1464 nostrorum
767 1409 1055 1473 Chlodovei
1082 1419 1138 1465 et
1166 1412 1492 1467 Childeberti
1518 1412 1788 1479 quondam

211 1513 400 1569 regum
427 1514 487 1554 se
513 1514 579 1554 ex
609 1501 711 1556 hoc
755 1517 864 1570 prae
913 1502 1161 1558 manibus
1211 1502 1412 1556 habere
1460 1500 1708 1564 afﬁrmat,
1738 1507 1792 1556 et

210 1592 358 1662 quod
409 1592 527 1662 ipsa
570 1593 829 1648 beneﬁcia
859 1608 1112 1654 concessa
1145 1595 1213 1648 ab
1239 1609 1304 1647 eo
1337 1603 1576 1663 tempore
1622 1608 1792 1664 usque

1891 408 2254 480 Rageml‘rido,
2302 407 2584 461 victoriam
2625 404 2850 473 accepit.
2895 403 2951 457 In
2987 403 3088 456 hoc
3119 410 3296 456 autem
3329 411 3461 464 tem-

1891 517 2018 569 pore
2064 501 2252 555 beatus
2296 498 2550 562 Silvinus,
2591 495 2992 559 Tarucunensis
3025 495 3330 563 episcopus,
3361 492 3460 566 ﬁo-

1891 591 1999 643 ruit
2045 589 2336 646 virtutibus
2375 596 2432 641 et
2457 587 2742 640 sanctitate
2793 584 3010 654 plenus;
3054 583 3205 653 cujus
3237 597 3377 637 nunc
3408 583 3463 637 in

1891 680 2064 735 Sithiu
2089 679 2470 734 venerabiliter
2490 678 2766 730 humatum
2784 687 2975 745 pausat
2999 689 3210 743 corpus.
3239 673 3464 728 Peracta

1891 782 2068 827 autem
2096 787 2257 842 supra
2300 779 2594 826 memorata
2644 785 2845 840 pugna,
2902 769 3092 821 iterum
3129 765 3465 834 Chilpericus

1891 879 1985 918 rex
2029 879 2151 920 cum
2208 862 2556 934 Ragemfrido
2584 863 2860 916 Eudonctn
2910 863 3097 914 ducem
3124 859 3173 912 in
3206 857 3464 911 auxilium

1889 964 2224 1026 expetentes,
2275 965 2461 1009 contra
2496 955 2745 1008 Carohnn
2802 954 2880 1007 ire
2921 954 3232 1021 disponunt.
3261 950 3466 1016 Quibus

1889 1046 2113 1102 Carolus
2143 1061 2435 1101 occurrens
2465 1047 2782 1116 intrepidus,
2839 1045 3037 1116 fugatis
3077 1047 3268 1098 iterum
3293 1044 3462 1107 hostj—

1889 1142 2012 1206 bus,
2069 1142 2399 1211 triumphum
2450 1150 2532 1196 est
2578 1143 2823 1210 adeptus.
2885 1141 3111 1196 Carolus
3141 1150 3466 1194 autemcum

1890 1234 2112 1287 Eudone
2161 1233 2296 1287 duce
2327 1233 2592 1287 amicitias
2635 1243 2818 1302 postea
2851 1233 3067 1292 feriens,
3096 1241 3291 1285 etcum
3323 1229 3468 1299 Chiis

1890 1325 2072 1393 perico
2121 1339 2245 1392 rege
2291 1324 2622 1393 paciﬁcatus,
2645 1339 2765 1377 eum
2799 1326 2850 1377 in
2878 1338 3041 1393 regno
3069 1322 3338 1380 restituit.
3361 1320 3471 1381 Sed

1891 1431 1995 1468 non
2048 1415 2136 1468 diu
2184 1417 2235 1468 in
2279 1416 2382 1469 hac
2421 1417 2528 1469 vita
2573 1416 2793 1478 mansit,
2824 1425 3067 1468 mortuus
3099 1427 3330 1482 namque
3361 1425 3465 1476 esr,

1890 1522 2012 1570 cum
2031 1513 2312 1576 regnasset
2340 1506 2496 1560 annis
2513 1521 2547 1583 _v
2568 1513 2621 1560 et
2643 1506 2880 1561 dimidio.
2911 1504 3105 1561 Franci
3129 1518 3258 1556 vero
3289 1499 3467 1556 Theo-

1891 1596 2153 1657 dericum,
2214 1595 2502 1665 Dagobcrti
2556 1595 2696 1665 regis
2747 1593 2976 1661 junioris
3021 1589 3469 1662 supramemorati

210 1696 358 1737 nunc
383 1682 601 1738 videant
634 1699 756 1742 esse
800 1696 1113 1741 conservata
1149 1705 1160 1739 :
1197 1686 1288 1740 sed
1327 1701 1424 1756 pro
1457 1686 1669 1756 integra
1701 1684 1793 1739 ﬁr-
1827 1688 1871 1746 Β
1902 1687 2092 1750 ﬁliuni,
2144 1700 2307 1753 super
2359 1700 2417 1740 se
2465 1700 2646 1754 regem
2688 1693 2950 1736 statuunt.
2981 1683 3084 1749 Qui
3114 1682 3339 1751 prseran
3366 1680 3469 1734 Er-

207 1771 400 1828 mitate
429 1774 590 1842 petiit
632 1775 1009 1831 celsitudinem
1043 1785 1284 1830 nostram
1327 1787 1656 1831 memoratus
1696 1778 1793 1831 ah-

205 1862 326 1928 bas,
351 1872 412 1932 ut
444 1865 544 1920 hoc
570 1866 716 1921 circa
745 1866 919 1936 ipsum
945 1867 1122 1922 locum
1149 1883 1246 1938 pro
1268 1876 1451 1923 nostra
1478 1868 1795 1927 aueloritate

202 1957 425 2026 plenius
453 1962 778 2018 conﬁrmare
809 1960 1146 2019 deberemus.
1195 1961 1358 2030 Cujus
1399 1962 1642 2031 petitioni
1699 1978 1795 2030 pro

201 2048 484 2104 mercedis
525 2059 724 2106 nostra:
749 2059 1114 2120 augmentum,
1147 2051 1228 2106 vel
1277 2053 1582 2111 reverentia
1631 2053 1796 2122 ipsius

198 2137 308 2192 loci
336 2138 413 2194 ita
468 2141 815 2209 praestitisse,
845 2151 900 2196 et
947 2142 998 2195 in
1038 2143 1285 2198 omnibus
1318 2144 1671 2200 conﬁrmasse
1705 2161 1789 2199 co-

199 2229 477 2295 gnoscite.
503 2231 886 2300 Praecipientes
909 2233 1050 2287 enim
1077 2233 1436 2302 praecipimus,
1463 2251 1493 2288 ιι
1505 2246 1521 2288 ι,
1542 2236 1793 2306 quicquid

202 2327 427 2386 constat
466 2324 894 2391 suprascr-ibtum
947 2338 1102 2379 avuu'.
1137 2335 1378 2379 nostrum
1432 2325 1793 2381 Chlodovcum

202 2408 485 2476 quondam
533 2425 713 2477 regem
751 2412 815 2465 de
865 2412 975 2479 ipsa
1023 2415 1338 2477 emunitatc,
1368 2415 1506 2468 sicut
1551 2419 1797 2484 superius

204 2508 289 2561 est
314 2501 798 2577 comprehensum,
832 2501 1054 2571 prtul'ato
1085 2503 1324 2562 Bertino,
1357 2504 1440 2558 vel
1481 2515 1663 2574 postea
1697 2507 1795 2576 ipsi

203 2591 466 2656 avunculi
497 2592 667 2655 nostri
715 2590 1136 2648 Chlodocharius
1178 2604 1230 2648 ct
1280 2595 1664 2661 Theodericus,
1703 2613 1794 2651 seu

201 2688 260 2734 et
300 2679 522 2750 genitor
563 2690 750 2736 noster
789 2681 1146 2749 Childericus,
1178 2685 1340 2738 etiam
1387 2695 1438 2738 et
1489 2689 1795 2743 consobrini

204 2771 382 2836 nosth
428 2770 772 2831 Chlodoveus
817 2781 874 2826 et
918 2772 1294 2829 Childehertus
1327 2778 1596 2844 quondam
1646 2794 1799 2848 rcges

196 2860 349 2928 jpste
377 2867 433 2912 et
466 2860 860 2916 ratioua‘-ilitcr
883 2864 1152 2932 quondam
1177 2877 1559 2920 concesserunt
1581 2875 1635 2921 ct
1664 2885 1796 2923 con-

203 2950 592 3024 ﬁrmaverunt,
641 2961 695 3005 et
743 2954 809 3006 de
853 2967 918 3007 eo
973 2964 1210 3023 tempore
1259 2970 1426 3026 usque
1463 2973 1603 3013 nunc
1648 2969 1796 3014 recto

1899 1777 2254 1834 chembodoni
2281 1775 2462 1831 abbati
2505 1775 2840 1846 privilegium
2887 1774 3154 1843 quoddam
3183 1770 3470 1832 concessit,

1898 1869 2043 1939 regia
2074 1868 2399 1924 auctoritate
2423 1866 2754 1921 conﬁrmans
2783 1880 2845 1918 ea
2867 1879 2986 1933 quae
3010 1866 3076 1918 ab
3107 1862 3438 1917 antecessori
3455 1891 3472 1899 -

1897 1960 1996 2014 hns
2045 1959 2158 2015 suis
2210 1968 2398 2014 sancto
2439 1957 2564 2012 huic
2619 1956 2736 2010 loco
2792 1964 2877 2011 est
2923 1969 3284 2018 concessum;
3334 1953 3473 2022 quod

1897 2050 1985 2105 hic
2020 2050 2186 2104 etiam
2220 2064 2330 2120 prae
2356 2047 2526 2103 oculis
2555 2046 2733 2102 taliter
2762 2047 2990 2102 habetur
3018 2047 3304 2100 insertum.

2234 2139 2398 2194 XXV.
2425 2137 2709 2209 Exemplar
2727 2138 2981 2208 privilegii
3013 2135 3145 2208 (5'1).

1969 2234 2024 2306 (5
2049 2235 2205 2289 Mart.
2231 2232 2379 2303 72!.)
2408 2251 2425 2283 ι
2457 2232 2819 2288 Theodericus
2851 2247 2944 2286 rex
2971 2228 3478 2295 Francorum,viris

1899 2327 2194 2382 illustribus
2222 2325 2588 2398 gravionibus,
2637 2339 2730 2380 seu
2773 2331 2828 2379 et
2871 2322 3124 2378 omnibus
3174 2321 3477 2392 agentibus,

1899 2418 1979 2470 vel
2004 2416 2307 2484 junioribus
2331 2430 2539 2481 eorum,
2571 2424 2678 2468 tam
2708 2413 3059 2484 praesentibus,
3079 2427 3239 2484 quam
3259 2410 3477 2473 futuris,

1901 2513 1949 2564 in
1979 2509 2480 2580 cujuscunquelibet
2505 2508 2808 2562 actionibus
2838 2504 3154 2560 monasterii
3187 2502 3360 2566 Sithiu
3403 2511 3478 2556 te-.

1899 2616 2026 2655 nere
2056 2600 2138 2653 vel
2169 2599 2368 2653 habere
2394 2599 2623 2660 videtur.
2655 2597 2708 2651 Si
2759 2597 2897 2652 facta
2947 2606 3226 2666 parentum
3269 2601 3482 2658 nostro:

1899 2706 2041 2754 rum,
2072 2705 2190 2760 qua:
2219 2690 2283 2743 ad
2319 2688 2433 2743 loca
2473 2697 2781 2743 sanctorum
2817 2687 3180 2756 prasstiterunt
3217 2684 3300 2739 vel
3342 2699 3478 2738 cou-

1898 2787 2199 2842 cesserunt,
2257 2793 2352 2847 per
2398 2787 2580 2831 nostra
2614 2776 2828 2828 oracula
2876 2774 3284 2837 conﬁrmamus,
3336 2774 3480 2842 regia

1899 2869 2288 2928 censuetudine
2311 2882 2626 2926 exercemus
2651 2883 2664 2927 ;
2688 2882 2771 2936 per
2790 2867 2958 2919 tiucre
2985 2864 3337 2919 conﬁdamus.
3384 2863 3484 2932 Ιείτ

1901 2971 1988 3016 ιιιι·
2010 2961 2329 3016 venerabilis
2346 2961 2426 3013 vir
2451 2960 2852 3019 Ercheuhodus,
2880 2958 3045 3012 abbas
3073 2959 3138 3011 de
3156 2959 3485 3027 monasterio

201 3040 430 3112 tramite
460 3039 565 3094 fuit
595 3049 998 3108 conservatum,
1029 3042 1102 3096 ita
1130 3052 1184 3098 et
1215 3043 1430 3099 inantea
1479 3061 1576 3115 per
1611 3058 1796 3103 nostro
1824 3040 1867 3101 C
1902 3052 2209 3122 S.‘thiu,qui
2240 3061 2323 3106 est
2353 3052 2405 3105 in
2437 3067 2572 3121 pago
2599 3050 2955 3112 'l‘aruanensi,
2975 3049 3026 3102 in
3055 3048 3258 3102 honore
3286 3055 3484 3108 sanctae

199 3139 484 3200 praecepto
513 3130 725 3197 plenius
749 3132 803 3186 in
838 3132 926 3188 Dei
959 3133 1175 3188 nomine
1206 3134 1532 3204 conﬁrmare
1576 3137 1796 3192 debere-

201 3238 344 3278 mus.
379 3223 666 3294 lnspectas
713 3225 857 3294 ipsas
887 3228 1276 3296 przeceptiones
1304 3231 1794 3300 suprascriptorum

199 3313 574 3384 principum,
626 3315 767 3369 sicut
835 3332 929 3386 per
980 3319 1195 3372 easdem
1255 3319 1600 3383 declaratur,
1652 3321 1793 3374 circa

199 3409 381 3477 ipsum
411 3408 670 3480 abbatem
715 3409 1108 3477 Erltembodunt
1141 3412 1220 3465 vel
1269 3427 1612 3467 successores
1648 3428 1795 3477 suos,

195 3507 254 3553 et
283 3501 354 3554 ad
383 3500 572 3570 ipsum
612 3500 999 3563 monasterium
1029 3500 1203 3554 Sitdiu
1232 3501 1380 3555 omni
1412 3510 1651 3572 tempore
1683 3503 1796 3571 ipsa

195 3588 474 3644 beneﬁcia
506 3603 769 3657 con-icessa
820 3590 870 3642 in
902 3589 1152 3645 omnibus
1186 3590 1400 3645 valeant
1433 3605 1551 3646 esse
1579 3606 1799 3647 conser-

193 3691 346 3749 vata,
375 3690 435 3736 et
462 3681 613 3736 nulla
651 3680 1034 3748 refragatione,
1065 3697 1164 3738 nec
1207 3682 1413 3736 nullum
1444 3684 1801 3752 impedimen-

198 3783 318 3827 tum
369 3789 401 3828 a
445 3772 729 3843 judicibus
753 3773 979 3841 publicis
1011 3773 1204 3828 exinde
1245 3788 1514 3842 quoquam
1539 3775 1799 3844 ltempore

198 3867 414 3920 habere
465 3881 579 3919 non
627 3864 862 3920 debeant
909 3883 922 3917 :
967 3865 1110 3919 unde
1158 3865 1271 3935 ipsa
1322 3867 1666 3936 congregatio
1704 3882 1802 3935 pro

197 3956 514 4012 stabilitate
563 3956 709 4025 regni
757 3956 950 4020 nostri,
996 3956 1077 4008 vel
1129 3956 1304 4011 salute
1358 3957 1542 4024 patria:
1594 3959 1812 4018 Domini,

198 4047 654 4103 misericordiam
691 4046 896 4115 jugitcr
943 4046 1177 4102 debeant
1206 4062 1453 4102 exorare.
1502 4048 1564 4102 Et
1597 4059 1654 4102 ut
1691 4050 1805 4104 haec

198 4140 520 4195 auctoritas
552 4137 758 4190 ﬁrmior
787 4137 1070 4200 habeatur,
1102 4145 1158 4191 et
1208 4137 1260 4190 in
1293 4137 1543 4195 omnibus
1584 4153 1805 4192 conser-

195 4239 386 4296 vetur,
441 4244 644 4283 manus
690 4235 889 4282 nostrae
940 4227 1423 4282 subscribtionibus
1470 4245 1590 4292 eam
1623 4230 1807 4284 subter

198 4323 568 4376 decrevimus
623 4319 901 4374 robor-are.
967 4319 1157 4372 Datum
1216 4335 1358 4390 anno
1417 4321 1568 4390 regni
1634 4322 1801 4376 nostri

196 4430 259 4471 ιιι
287 4416 434 4488 (50).

224 4573 226 4575 _
451 4506 653 4563 XXlV.
688 4505 763 4564 De
789 4524 963 4583 pugna
989 4506 1168 4562 Caroli
1193 4510 1247 4562 in
1287 4507 1550 4564 Vinciaco.

269 4598 457 4671 ςΉἹ.)
496 4598 560 4653 1η
586 4597 792 4668 praefati
823 4607 1000 4661 autem
1037 4599 1178 4670 regis
1217 4599 1504 4669 Chilperici
1540 4607 1802 4667 tempore,

200 4690 444 4744 Carolus
489 4689 625 4753 dux,
671 4688 814 4744 ﬁlius
857 4689 1088 4758 Pippini,
1146 4689 1214 4743 ab
1260 4691 1455 4744 Auster
1489 4689 1800 4752 adveniens,

197 4791 492 4836 commoto
543 4780 810 4844 exercitu,
842 4792 1027 4835 contra
1071 4783 1181 4852 jam
1217 4781 1416 4836 dictum
1440 4780 1802 4850 Chilpericum

196 4890 394 4946 regem
426 4884 486 4928 ct
516 4871 924 4942 Ragemfridum
971 4873 1111 4928 illius
1154 4877 1363 4939 ducem,
1403 4890 1634 4943 pugnam
1660 4872 1800 4927 iniit.

199 4969 310 5021 Sed
340 4966 506 5037 prius
533 4978 676 5017 czeso
698 4962 812 5030 ejus
848 4964 1106 5031 exercitu,
1135 4973 1280 5033 terga
1315 4964 1493 5017 vertit.
1517 4964 1803 5033 Postquam

197 5067 392 5111 autem
446 5056 746 5122 resumptis
789 5061 976 5108 contra
1010 5052 1372 5125 Chilpericum
1401 5053 1610 5108 hostem
1639 5051 1806 5108 movit

1276 5139 1310 5154 η
1368 5142 1382 5154 ο
1412 5143 1446 5154 Α

1899 3142 2097 3208 Marum,
2139 3141 2416 3210 genitricis
2456 3140 2664 3194 Domini
2711 3139 2881 3194 nostri
2921 3136 3048 3193 Jesu
3095 3138 3320 3204 Christi,
3352 3152 3482 3192 nec-

1896 3251 2001 3290 non
2030 3243 2083 3289 et
2112 3234 2281 3288 sancti
2314 3234 2454 3288 Petri
2485 3242 2539 3286 et
2579 3233 2726 3286 Pauli
2771 3233 3156 3300 apostolorum,
3196 3232 3278 3286 vel
3317 3239 3485 3292 caateg

1900 3327 2424 3392 rorumdomnorum
2469 3335 2800 3389 sanctorum,
2855 3333 3220 3387 constructus,
3273 3323 3338 3377 ad
3385 3337 3485 3376 no-

1898 3427 2066 3483 stram
2106 3417 2334 3482 accessit
2359 3416 2723 3485 praesentiam,
2755 3414 3055 3494 clementiae
3106 3414 3256 3484 regni
3311 3414 3484 3468 nostri

1899 3513 2190 3584 suggessit,
2222 3528 2288 3567 eo
2317 3511 2460 3582 quod
2493 3525 2726 3580 proavus
2755 3517 2940 3564 noster
2965 3508 3284 3574 Clodoveus,
3316 3523 3486 3577 quon-

1899 3607 2021 3660 dam
2052 3621 2144 3660 rex
2177 3605 2242 3658 de
2267 3604 2515 3663 omnibus
2541 3603 2713 3657 curtis
2759 3603 2843 3656 vel
2889 3602 3028 3656 villis
3080 3601 3247 3671 ipsius
3290 3617 3485 3656 mona-

1901 3697 2071 3761 sterii,
2124 3695 2383 3765 quidquid
2431 3694 2618 3748 eodem
2680 3701 2919 3761 tempore
2969 3690 3350 3760 possidebant,
3394 3700 3485 3744 aut

1903 3788 2080 3848 adhuc
2101 3786 2313 3844 inantea
2345 3800 2409 3842 ex
2443 3799 2669 3838 mtmere
2702 3798 2913 3853 regum,
2940 3782 3024 3836 vel
3047 3781 3357 3855 decollatis
3388 3797 3484 3850 po-

1902 3878 2042 3948 pulis
2066 3892 2157 3931 seu
2187 3878 2251 3931 de
2276 3885 2608 3944 comparato,
2641 3882 2733 3927 aut
2777 3873 2844 3926 de
2879 3873 3266 3942 comparando,
3296 3882 3388 3926 aut
3422 3871 3487 3925 de

1903 3966 2141 4036 quolibet
2175 3974 2425 4026 attracto,
2475 3965 2527 4018 in
2569 3963 2898 4033 quibuslibet
2941 3963 3092 4032 pagis
3137 3971 3298 4032 atque
3329 3962 3488 4016 terri-

1907 4057 2078 4122 toriis,
2105 4057 2230 4112 inibi
2263 4066 2345 4110 est
2368 4055 2606 4109 addittnu
2639 4055 2722 4109 vel
2748 4055 3023 4119 collatum,
3059 4054 3261 4126 integra
3289 4055 3485 4116 immu-

1907 4152 2094 4215 nitate,
2115 4150 2442 4206 autecessori
2471 4165 2567 4204 suo
2594 4135 2813 4204 Bertino
2834 4149 3128 4218 quondam,
3154 4148 3238 4203 vel
3263 4147 3327 4202 ad
3351 4164 3489 4220 prte-

1906 4244 2106 4299 dictum
2150 4243 2534 4298 monasterium
2567 4241 2765 4306 Sithiu,
2797 4243 3172 4306 concessisset,
3219 4248 3280 4294 ut
3310 4242 3489 4295 nullus

1903 4339 2063 4408 judcx
2089 4339 2333 4409 publicus
2364 4339 2558 4391 ibidem
2594 4339 2658 4390 ad
2689 4352 2882 4391 causas
2907 4335 3203 4391 audiendas
3234 4342 3326 4387 aut
3349 4333 3487 4386 freta

1908 4430 2229 4492 exactauda,
2273 4429 2354 4482 vel
2381 4426 2722 4495 ﬁdcjussores
2754 4428 3034 4492 tollendos,
3063 4442 3159 4480 nec
3183 4423 3490 4479 mansiones

1909 4531 1999 4573 aut
2025 4527 2238 4589 paratas
2264 4518 2554 4582 faciendas,
2576 4534 2671 4572 nec
2697 4519 2940 4573 homines
2958 4517 3122 4587 ipsius
3151 4514 3485 4578 monasterii,

1908 4620 2014 4663 tam
2055 4609 2312 4678 ingenuos
2337 4623 2500 4677 quam
2525 4617 2577 4662 et
2617 4609 2932 4672 servientes,
2985 4606 3075 4675 qui
3118 4619 3278 4672 super
3316 4613 3490 4658 terras

1908 4715 2033 4756 suas
2054 4705 2417 4763 commaneut,
2449 4699 2862 4769 distringendos.
2912 4711 3011 4751 nec
3055 4693 3229 4748 nullas
3256 4693 3492 4749 reddibi-

1908 4791 2080 4844 tiones
2105 4787 2454 4856 requirendas
2473 4806 2567 4842 nec
2582 4784 3227 4856 exactandas,judiciaria
3255 4792 3495 4852 potestas

1908 4880 2103 4935 ibidem
2135 4879 2419 4948 ingredere
2451 4894 2554 4933 non
2588 4885 2897 4947 przesumat,
2926 4878 3026 4932 nisi
3057 4874 3157 4929 sub
3181 4873 3500 4928 emunitatis

1907 4972 2143 5036 nomine,
2182 4969 2332 5024 omni
2366 4977 2628 5039 tempore,
2658 4982 2778 5022 cum
2805 4970 3060 5026 omnibus
3088 4964 3242 5018 fretis
3269 4979 3500 5023 conces-

1907 5061 2004 5126 sis,
2048 5076 2176 5131 pars
2209 5059 2377 5129 ipsius
2406 5057 2719 5114 monasterii
2749 5061 3066 5125 perenniter
3090 5053 3285 5108 debeat
3328 5060 3512 5123 possi-
