3982 5292
556 298 693 358 i903

1621 288 1952 373 recount.
1985 293 2043 350 s.
2081 289 2362 361 BEBTINI
2400 289 2701 372 mensem

3674 293 3805 350 ἔξω

551 413 935 471 avunculorum
985 396 1290 465 nostrorum
1335 396 1660 466 Clotbacarii
1710 416 1760 461 et
1814 403 2125 467 Childerici,
2154 405 2203 467 Α
2231 405 2478 461 abbatem
2517 405 2584 460 de
2612 403 2940 460 monasterio
2967 402 3140 459 Sitdiu
3174 418 3274 474 per
3307 402 3504 459 missos
3533 416 3670 459 suos
3702 405 3804 462 de-

547 516 644 565 s'cu
670 517 725 564 et
750 521 971 562 avorum
1001 512 1309 558 nostrorum
1341 500 1659 556 Theoderici
1696 496 2121 562 ethildeherti,

546 605 710 669 atque
753 593 1060 652 consobrini
1096 592 1264 648 nostri
1312 590 1600 662 Cbilperici
1634 588 1901 659 quendam
1954 586 2122 656 regis,

544 696 612 744 e‘x
639 687 742 742 hoc
782 701 890 755 prae
926 682 1175 738 manibus
1207 695 1268 739 sc
1317 681 1520 739 habere
1568 677 1818 742 aﬁirmat,
1873 685 1927 732 et
1979 675 2123 745 quod

547 778 662 852 ipsa
684 778 943 835 beneﬁcia
970 791 1225 832 concessa
1254 775 1322 829 ab
1362 789 1427 829 eo
1471 781 1709 842 tempore
1762 784 1929 841 usque
1978 783 2122 825 nunc

541 870 826 925 videantur
849 884 971 924 esse
996 874 1346 931 conservata;
1394 866 1510 929 sed,
1544 880 1641 935 pro
1674 862 2003 933 integritatis
2031 860 2124 916 ﬁr-

542 962 748 1025 mitate,
784 959 939 1031 petiit
960 956 1264 1019 celsitudini
1290 956 1460 1010 nostri
1492 960 1824 1009 memoratus
1856 951 2122 1006 Erchem‘

540 1048 716 1105 bodus
741 1047 926 1112 abbas,
945 1055 1002 1102 ut
1022 1048 1142 1113 hoc,
1167 1047 1309 1102 circa
1336 1046 1508 1115 ipsum
1536 1045 1734 1123 locum,
1761 1057 1859 1123 per
1880 1050 2119 1099 nostram

544 1141 957 1205 auctoritatem,
1012 1138 1221 1209 plenius
1277 1138 1331 1193 in
1388 1136 1483 1193 Dei
1532 1137 1746 1191 nomine
1795 1132 2123 1190 conﬁrmare

546 1233 889 1287 deberemus.
921 1230 1084 1300 Cujus
1140 1230 1406 1302 petitioni,
1458 1246 1554 1301 pro
1603 1228 1869 1285 mercedis
1922 1236 2120 1309 nostra:

544 1332 891 1393 augmentum
921 1332 976 1379 et
999 1323 1297 1378 reverentia
1328 1322 1496 1392 ipsius
1526 1322 1694 1375 sancti
1725 1319 1846 1384 loci,
1878 1319 1949 1372 ita
1974 1332 2119 1388 pra:-

541 1414 743 1469 stitisse
764 1421 819 1468 et
848 1414 902 1468 in
937 1413 1187 1468 omnibus
1213 1411 1563 1468 conﬁrmasse
1609 1409 1939 1480 cognoscite.
1976 1407 2121 1462 Prae-

543 1505 803 1574 cipicntcs
854 1505 994 1558 enim
1045 1505 1423 1574 przucipimns,
1494 1512 1553 1557 ut
1602 1500 1861 1570 quidquid
1909 1505 2120 1579 constat

541 1595 964 1664 suprascriptum
982 1609 1237 1664 proavum
1258 1593 1586 1649 Clodoveum
1613 1592 1883 1661 quendam
1911 1604 2116 1660 regem,

543 1685 609 1738 de
637 1684 752 1755 ipsa
772 1676 1088 1749 emun'itate,
1116 1683 1257 1739 sicut
1278 1683 1524 1752 superius
1544 1689 1627 1737 est
1645 1673 2114 1750 comprehensum,

2226 497 2441 553 mentite
2465 496 2613 566 regni
2642 496 2813 551 nostri
2847 494 3005 551 talem
3037 494 3216 549 intulit
3237 494 3510 560 notitiam,
3543 496 3689 564 quod
3712 497 3805 550 tri-

2224 596 2380 643 tavus
2402 595 2587 642 noster
2615 584 2981 650 Theodericus
3019 585 3290 655 quendam
3334 599 3455 653 rex,
3484 600 3589 655 per
3609 601 3805 655 praece-

2221 682 2461 752 ptionem
2508 695 2659 736 suam
2710 694 2806 736 sua
2844 692 3003 733 manu
3037 669 3429 755 'subscribtam,
3469 678 3807 749 antecessori

2221 791 2320 834 suo
2346 776 2566 833 Bcrtino
2596 773 2863 845 quondam
2885 772 3088 835 abbati,
3117 770 3200 825 vel
3236 769 3495 841 praedicto
3534 781 3807 824 monaste-

2222 871 2304 926 rio
2335 866 2505 925 Sitdiu
2536 851 2638 924 tale
2662 864 3377 941 beneﬁciumcoucessissct,
3400 871 3463 917 ut
3489 863 3639 933 quod
3671 862 3803 917 infra

2222 960 2354 1017 ﬁsco
2374 969 2579 1025 nostro,
2609 958 2697 1015 ubi
2720 965 2775 1013 et
2800 956 2910 1021 ubi,
2941 957 2993 1010 in
3019 954 3524 1025 quascumqnelibet
3543 956 3706 1026 pagis
3728 954 3805 1008 vel

2222 1039 2513 1108 territoriis
2573 1057 2940 1120 comparatum
2997 1047 3269 1109 habebat,
3321 1053 3414 1100 aut
3461 1045 3690 1101 inantea
3742 1045 3805 1100 ad

2217 1143 2639 1219 comparandum
2702 1140 2945 1195 invenire
3006 1138 3244 1208 poterit,
3309 1135 3391 1191 vel
3464 1134 3617 1206 quod
3680 1134 3801 1189 beati

2219 1236 2467 1300 homines
2517 1234 2681 1289 Deum
2733 1233 2984 1286 timentes
3030 1246 3129 1301 pro
3182 1227 3466 1284 animabus
3511 1241 3711 1282 eorum
3743 1226 3804 1280 ad

2218 1327 2641 1396 supr.:scribtmn
2695 1322 3080 1379 monasterium
3123 1320 3401 1382 dederunt,
3441 1328 3539 1372 aut
3590 1324 3803 1371 inantea

2218 1416 2481 1481 dederint,
2534 1414 2634 1469 hoc
2681 1413 2958 1469 habuisset
3005 1424 3318 1467 concessum
3348 1448 3363 1473 ,
3421 1416 3479 1463 et
3526 1408 3681 1477 quod
3747 1408 3806 1464 ὼ

2220 1506 2349 1561 ﬁsco
2379 1515 2566 1561 nostro
2592 1511 2957 1577 comparatum
2999 1499 3254 1571 habebat,
3277 1508 3370 1554 aut
3409 1500 3635 1553 inantea
3660 1511 3807 1552 cost»

2216 1608 2482 1668 parasset,
2511 1607 2708 1668 pnetcr
2736 1596 2878 1653 illam
2929 1606 3150 1659 terram,
3194 1593 3333 1647 unde
3356 1604 3525 1671 opera
3571 1604 3802 1659 carpen-

2220 1690 2355 1743 taria
2387 1698 2606 1752 exeunt,
2638 1689 2740 1742 hoc
2773 1687 3049 1742 habuisset
3078 1686 3362 1750 indultum,
3396 1693 3457 1739 ut
3483 1683 3632 1738 nulla
3658 1682 3805 1753 judi-

543 1774 892 1831 concessione
932 1774 1156 1845 prmfato
1192 1774 1428 1838 Bertiuo,
1482 1770 1808 1828 antecessori
1864 1784 1985 1837 suo,
2032 1768 2110 1825 vel

2223 1780 2388 1836 ciaria
2437 1768 2694 1849 potestas,
2727 1777 2899 1832 nullos
2942 1776 3183 1831 redditus
3236 1784 3417 1840 terrm,
3476 1788 3582 1829 nec
3632 1772 3807 1854 nullas

542 1875 730 1936 postea
758 1867 856 1936 ipsi
886 1866 1153 1932 avunculi,
1175 1865 1258 1921 vel
1288 1881 1421 1921 avus
1463 1874 1650 1921 noster
1680 1862 2012 1922 Clotbarius.
2064 1869 2122 1915 et

544 1960 926 2026 Theodericus,
947 1958 1322 2015 Childcbertus
1352 1969 1406 2015 ct
1428 1959 1762 2015 Childericus
1790 1955 1926 2029 (52),
1955 1954 2117 2011 etiam

540 2057 595 2103 et
623 2050 1058 2105 conﬁrmationes
1082 2049 1391 2106 consobrini
1415 2049 1586 2104 nostri
1607 2046 1920 2125 Chilperici,
1948 2060 2118 2115 quon-

542 2142 664 2195 dam
712 2142 875 2213 regis,
912 2141 1059 2211 juste
1101 2152 1157 2196 et
1180 2140 1573 2197 rationabiliter
1604 2145 1989 2197 concesserunt
2034 2136 2117 2200 vel

539 2232 1012 2300 conﬁrmaverunt,
1041 2241 1114 2299 et,
1141 2233 1206 2288 de
1231 2247 1296 2288 eo
1319 2240 1556 2303 tempore
1582 2243 1752 2301 usque
1777 2244 1941 2293 nunc,
1965 2236 2116 2284 recte

538 2324 756 2379 tramite
783 2334 906 2379 sunt
933 2334 1285 2397 conservata,
1328 2322 1402 2378 ita
1430 2333 1486 2379 et
1522 2323 1574 2377 in
1612 2321 1976 2394 postmodum,
2019 2335 2115 2392 per

536 2422 782 2470 nostrum
808 2425 1132 2485 praeceptum
1164 2415 1372 2486 plenius
1394 2415 1448 2471 in
1474 2414 1569 2470 Dei
1594 2415 1810 2470 nomine
1828 2412 2114 2473 conﬁrma-

537 2519 698 2562 mus:
743 2506 1015 2579 inspectas
1063 2520 1187 2576 psas
1212 2506 1599 2576 prmceptiones
1624 2502 2112 2574 suprascripterum

532 2598 862 2668 principum,
901 2599 1038 2654 sicut
1065 2614 1160 2670 per
1187 2600 1401 2654 easdem
1425 2598 1748 2661 declaratur,
1773 2596 1916 2652 circa
1938 2595 2111 2667 ipsum

502 2691 967 2747 Erebembodum
1006 2692 1276 2758 abbatem,
1317 2691 1401 2747 vel
1443 2705 1786 2746 successores
1828 2702 1974 2754 suos,
2019 2694 2113 2743 aut

531 2782 679 2836 circa
707 2782 880 2853 ipsum
908 2781 1084 2837 locum
1114 2781 1310 2848 Sithiu,
1345 2783 1491 2857 omni
1526 2791 1765 2853 tempore
1794 2780 1910 2851 ipsa
1942 2780 2110 2836 bene-

529 2871 654 2927 ﬁcia
681 2886 938 2927 concessa
975 2873 1027 2927 in
1061 2874 1309 2929 omnibus
1348 2874 1562 2928 valeant
1592 2888 1713 2928 esse
1756 2881 2105 2936 conservata;

529 2968 587 3014 et
622 2961 823 3015 nullam
852 2962 1261 3032 refragationem
1293 2978 1393 3017 nec
1417 2962 1582 3016 ullum
1612 2962 2054 3031 impedimentum
2077 2975 2108 3016 a

523 3047 798 3119 judicibus
830 3044 1058 3122 publicis
1082 3054 1275 3109 exinde
1322 3067 1591 3123 quoquam
1629 3061 1870 3122 tempore
1908 3052 2110 3109 habere

2224 1872 2528 1927 functiones
2563 1871 2804 1941 publicas
2838 1869 3010 1924 cidem
3049 1869 3119 1924 ob
3162 1867 3264 1922 hoc
3295 1868 3517 1938 esigere
3547 1874 3646 1923 aut
3680 1879 3807 1920 esa-

2220 1970 2369 2016 ctarc
2396 1962 2482 2017 vel
2513 1962 2790 2031 requirere
2818 1974 2922 2015 non
2948 1959 3166 2015 deberet
3192 1977 3208 2013 :
3236 1958 3376 2013 unde
3396 1965 3452 2013 et
3472 1958 3651 2028 ipsam
3680 1972 3807 2026 pras-

2220 2053 2520 2122 ceptioncm
2548 2051 2660 2121 jam
2702 2052 2828 2108 dicti
2864 2052 3043 2107 tritavi
3094 2051 3264 2107 nostri
3317 2065 3378 2106 se
3409 2065 3523 2120 pne
3551 2050 3805 2105 manibus

2219 2141 2418 2197 habere
2440 2158 2505 2197 ex
2535 2143 2635 2197 hoc
2658 2141 3204 2205 atiirmavit,etnohis
3222 2141 3273 2194 in
3297 2141 3589 2209 pncsentia
3621 2148 3804 2194 osten-

2218 2233 2296 2288 dit
2336 2234 2401 2287 ad
2435 2232 2743 2303 legendum,
2784 2241 2837 2288 et
2866 2234 2981 2305 ipsa
3023 2231 3281 2312 beneﬁcia
3320 2246 3582 2286 concessa
3632 2230 3704 2285 de
3744 2245 3806 2293 ee

2219 2334 2458 2397 tempore
2486 2341 2657 2396 usque
2686 2340 2830 2383 nunc
2863 2324 3096 2387 asseruit
3136 2338 3257 2381 esse
3291 2331 3623 2380 conservata
3666 2340 3685 2376 :
3712 2322 3804 2383 sed

2215 2431 2312 2486 pro
2346 2400 2613 2474 ﬁrmitatis
2653 2415 2886 2471 studium
2932 2413 3084 2484 petiit
3127 2414 3505 2480 celsitudinem
3534 2422 3801 2476 nostram,

2216 2517 2274 2562 ut
2299 2507 2401 2565 hoc
2422 2510 2563 2563 circa
2592 2508 2766 2579 ipsum
2797 2507 2971 2563 locum
2992 2516 3237 2584 sanctum
3268 2521 3368 2576 pro
3398 2506 3606 2560 nostris
3635 2506 3800 2559 debe.

2217 2612 2396 2667 remus
2423 2599 2745 2656 conﬁrmare
2765 2598 3034 2659 oraculis:
3063 2599 3203 2668 quod
3224 2612 3325 2652 nos
3348 2605 3576 2667 propter
3603 2611 3799 2651 nomen

2217 2690 2424 2745 Domini
2449 2699 2504 2745 et
2528 2692 2825 2747 reverentia
2843 2690 3009 2762 ipsius
3021 2691 3192 2746 sancti
3219 2690 3318 2745 loci
3347 2689 3589 2759 gratanti
3620 2690 3800 2764 animo

2215 2783 2286 2837 ita
2315 2783 2630 2852 praestitisse
2655 2793 2708 2838 ct
2737 2784 2789 2837 in
2819 2782 3069 2850 omnibus
3086 2781 3441 2838 conﬁrmasse
3458 2782 3793 2852 cognoscite.

2212 2871 2590 2943 Praecipientes
2615 2872 2755 2927 enim
2777 2882 2838 2928 ut
2860 2873 3114 2943 quicquid
3128 2881 3341 2929 constat
3361 2873 3794 2944 suprascribtum

2213 2964 2464 3018 tritavum
2494 2975 2734 3019 nostrum
2772 2966 3159 3021 Theodericum
3182 2966 3450 3038 quondam
3488 2982 3697 3037 regem,
3731 2972 3793 3022 de

2212 3052 2327 3121 ipso
2376 3053 2661 3119 beneﬁcio,
2705 3055 2841 3110 sicut
2893 3056 3139 3125 superius
3181 3067 3263 3112 est
3310 3056 3791 3126 comprehensum,

527 3156 638 3195 non
669 3142 1075 3211 pertimescant.
1126 3144 1279 3201 Unde
1326 3155 1382 3201 et
1430 3145 1544 3217 ipsa
1589 3145 1957 3217 congregatio,
2008 3160 2106 3217 pro
2133 3139 2177 3200 C
2208 3143 2430 3215 praefato
2451 3141 2668 3201 Bertino
2697 3145 2776 3201 vel
2807 3146 2873 3200 ad
2904 3146 3790 3216 suprascribtmnlocumsanctum

532 3231 823 3289 stabilitate
845 3236 992 3306 regni
1017 3237 1183 3292 nostri
1208 3237 1284 3292 vel
1308 3238 1481 3293 salute
1516 3238 1728 3310 patriae,
1761 3239 1970 3294 Domini
2002 3238 2103 3293 mi-

528 3326 877 3382 sericordiam
894 3327 1095 3399 jugiter
1119 3330 1309 3386 debeat
1329 3347 1574 3389 exorare.
1604 3332 1672 3389 Et
1696 3341 1755 3389 ut
1785 3334 1897 3389 haec
1926 3342 2108 3405 aucto-

525 3419 663 3475 ritas
687 3418 893 3474 ﬁrmior
927 3406 1213 3486 habeatur,
1245 3431 1299 3477 et
1340 3423 1392 3478 in
1438 3425 1684 3481 omnibus
1730 3435 2101 3492 conservetur,

527 3526 717 3567 manus
751 3521 948 3569 nostra:
974 3514 1453 3585 subscriptionibus
1493 3532 1612 3573 eam
1649 3518 1838 3574 subter
1864 3517 2105 3574 decrevi-

526 3617 649 3658 mus
683 3602 966 3660 atiirmare.
1778 3600 1779 3605 “
1931 3595 1937 3601 ’
2090 3594 2096 3601 ’

603 3713 623 3747 ι
670 3693 889 3765 Signum
921 3696 1139 3768 gloriosi
1170 3696 1314 3770 regis
1337 3694 1674 3763 Theoderici.

599 3803 619 3835 ι
665 3784 799 3841 Data
830 3789 1045 3857 quando
1072 3788 1201 3843 facit
1238 3788 1464 3844 Martius
1490 3788 1605 3845 dies
1641 3803 1724 3857 ιιι,
1753 3802 1895 3847 anno
1923 3789 2102 3861 primo

522 3875 673 3945 regni
701 3877 893 3944 nostri,
920 3876 1224 3955 suessienis
1249 3878 1465 3937 civitate
1504 3879 1558 3934 in
1598 3878 1692 3935 Dei
1737 3881 1956 3938 nomine
1983 3880 2102 3938 feli-

524 3965 678 4021 citer.
725 3987 745 4021 ι

558 4077 747 4134 XXVI.
777 4079 853 4135 De
883 4079 987 4137 alie
1015 4084 1279 4156 privilegio
1305 4086 1535 4155 ejusdem
1574 4089 1708 4159 regis
1734 4087 2059 4165 Theoderici.

596 4190 798 4246 Eodem
848 4207 1061 4263 quoque
1105 4212 1243 4254 anno
1292 4199 1345 4254 in
1376 4214 1560 4255 mense
1584 4202 1928 4269 Novembrio,
1968 4202 2097 4257 fecit

522 4277 667 4334 idem
710 4294 802 4334 rex
843 4279 1205 4340 Theodericus
1246 4284 1472 4355 praefato
1501 4287 1679 4345 abbati
1720 4288 2094 4347 Erehembodo

530 4371 673 4426 aliud
722 4364 788 4427 de
834 4373 993 4428 terris
1035 4390 1168 4444 quas
1211 4375 1437 4434 domnus
1490 4377 1759 4448 Bertinus,
1811 4394 1870 4435 se
1920 4382 2093 4438 adhuc
2149 4396 2153 4401 ‘

518 4461 756 4529 vivente,
790 4460 854 4516 de
885 4464 1297 4532 prrcccdcntium
1326 4483 1510 4540 regum
1560 4469 1711 4536 ﬁsco,
1762 4470 1815 4525 in
1869 4473 2095 4541 quibus-
2121 4484 2170 4543 ι)

519 4548 729 4623 cunque
756 4553 907 4633 locis,
944 4565 1171 4624 emerat,
1202 4559 1288 4613 vel
1327 4561 1393 4615 de
1424 4561 1675 4618 omnibus
1701 4563 1882 4633 rebus,
1914 4565 2089 4621 conti-

517 4647 733 4701 nentem
751 4662 810 4702 se
834 4648 889 4702 in
925 4647 1039 4704 haec
1066 4650 1247 4707 verba.
1704 4648 1709 4653 ’

674 4754 885 4811 XXVII.
924 4756 1208 4830 Exemrrlar
1250 4759 1481 4830 ejusdem
1508 4764 1761 4837 privilegii
1792 4767 1928 4839 (55).

589 4864 954 4923 Theodericus
979 4885 1075 4925 rex
1100 4869 1429 4927 Francorum
1462 4873 1567 4947 [vir
1600 4877 1870 4952 inluster].
1912 4880 2083 4947 Quem

512 4954 693 5011 divina
719 4957 895 5026 pictas
940 4959 1194 5046 sublimat
1237 4963 1305 5029 ad
1353 4979 1577 5035 regnum
1624 4960 1890 5046 condecet
1939 4970 2084 5027 facta

513 5059 731 5094 servare
761 5057 1057 5094 narentnm-
1102 5048 1369 5094 “mimica
1396 5068 1513 5094 num
1541 5059 1870 5094 nnmnanrliic
1912 5061 2081 5094 οηηιιι,

2210 3250 2307 3307 pro
2331 3247 2620 3308 augmento
2651 3238 2913 3293 mercedis
2960 3255 3069 3293 sua:
3110 3240 3461 3307 concessisse,
3514 3250 3574 3295 et
3618 3242 3683 3296 de
3730 3256 3791 3295 eo

2210 3338 2450 3399 tempore
2471 3343 2639 3397 usque
2664 3342 2807 3383 nunc
2839 3337 2983 3385 recte
3011 3329 3229 3384 tramite
3259 3328 3360 3384 fuit
3384 3342 3786 3393 conservatum,

2208 3419 2280 3473 ita
2321 3428 2374 3472 et
2402 3419 2616 3483 inantea
2664 3419 2908 3490 inspecta
2959 3419 3073 3489 ipsa
3125 3412 3489 3491 prmccptionc
3548 3418 3787 3493 ιιι-πεδιοιί

2206 3512 2488 3582 principis,
2519 3512 2782 3582 sicutper
2814 3512 3001 3566 eadem
3030 3513 3359 3577 declaratur,
3406 3513 3481 3568 ita
3539 3523 3597 3571 et
3642 3514 3788 3568 inan—

2206 3613 2288 3658 tea
2339 3619 2436 3674 per
2483 3612 2726 3659 nostrum
2780 3612 3105 3674 praeceptum
3154 3603 3361 3674 plenius
3414 3605 3469 3659 in
3530 3604 3634 3660 Dei
3697 3588 3786 3660 no-

2204 3696 2348 3767 mine
2393 3696 2463 3750 sit
2493 3695 2893 3760 conﬁrmatum,
2929 3694 3028 3748 sub
3057 3708 3124 3748 eo
3174 3694 3363 3749 ordine
3410 3694 3564 3749 circa
3618 3695 3783 3763 ipsum

2204 3776 2601 3859 Erkembodum
2673 3786 2971 3849 abbatem,
3035 3784 3118 3839 vel
3167 3785 3234 3839 ad
3291 3783 3467 3856 ipsum
3516 3796 3784 3839 monaste-

2209 3878 2348 3932 rium
2377 3892 2531 3931 suum
2575 3864 2749 3932 Sitdiu
2779 3869 2925 3941 omni
2959 3885 3198 3945 tempore
3226 3862 3337 3943 ipsa
3383 3872 3657 3930 beneﬁcia
3682 3874 3779 3928 sint

2199 3981 2475 4031 concessa,
2520 3976 2576 4021 et
2616 3967 2668 4021 in
2720 3966 2971 4021 omnibus
3010 3965 3225 4019 valeant
3268 3979 3387 4019 esse
3435 3974 3777 4027 conservata,

2198 4064 2253 4114 et
2279 4058 2477 4113 nullam
2497 4058 2932 4129 refragationem,
2971 4072 3071 4112 nec
3100 4056 3302 4110 nullum
3335 4056 3776 4127 impedimentum

2197 4140 2226 4205 a
2252 4149 2519 4219 judicibus
2540 4148 2765 4227 publicis
2792 4149 2987 4227 exinde
3010 4162 3279 4220 quoquam
3307 4156 3559 4218 tempore
3581 4149 3775 4203 habere

2197 4256 2301 4297 non
2323 4224 2732 4312 pertimescant:
2764 4224 2905 4297 unde
2931 4242 2983 4294 et
3014 4232 3126 4309 ipsa
3156 4239 3504 4310 congregatio
3540 4254 3643 4309 pro
3670 4247 3776 4293 sta-

2195 4318 2400 4389 bilitate
2435 4334 2582 4403 regni
2639 4324 2806 4388 noStri
2850 4332 2927 4387 vel
2984 4345 3083 4403 pro
3124 4328 3297 4385 salute
3324 4330 3514 4405 patria:
3567 4329 3771 4384 Domini

2196 4425 2616 4481 misericordiam
2663 4422 2868 4494 jugiter
2910 4428 3137 4476 exurare
3189 4420 3435 4476 delectet.
3470 4419 3538 4475 Et
3575 4428 3635 4474 ut
3665 4421 3771 4474 hac

2197 4516 2489 4571 auctoritas
2520 4515 2727 4570 ﬁrmior
2748 4502 3031 4579 habeatur,
3059 4513 3140 4567 vel
3171 4513 3483 4582 perenniter
3514 4512 3569 4565 iu
3594 4512 3768 4565 omni-

2196 4608 2297 4663 bus
2325 4617 2691 4679 conservetur,
2715 4604 2906 4662 m’anns
2929 4615 3124 4661 nostra:
3146 4605 3639 4671 subscribtienibus
3653 4619 3771 4661 eam

2193 4689 2385 4779 subter
2409 4698 2747 4754 decrevimus
2784 4685 3091 4753 adﬁrmare.
3154 4680 3161 4685 ”
3382 4690 3383 4693 “

2264 4810 2483 4884 Signum
2513 4812 2732 4884 gloriosi
2762 4812 2942 4867 donmi
2975 4810 3315 4867 Theoderici.

2263 4903 2457 4959 Datum
2481 4894 2621 4979 quod
2638 4904 2763 4958 facit
2784 4902 3041 4978 Novemb.
3059 4904 3174 4960 dies
3193 4904 3399 4968 decem,
3423 4918 3565 4957 anno
3589 4902 3766 4971 primo

2191 4995 2337 5066 regni
2375 4995 2539 5049 nostri
2571 4994 2898 5051 Conlelentis
2935 5002 3130 5050 castro.
