3982 5292
185 150 331 204 120³5

1570 143 2130 200 CHARTULARIUM.

3297 143 3434 199 1206

184 260 372 315 bodus
400 259 536 329 (54),
558 259 960 316 Taruennensis
980 241 1232 314 Ecclesiae
1255 265 1567 328 susceperat
1591 256 1769 326 ponti-
1797 258 1843 314 A
1874 253 2011 308 facta
2040 270 2366 310 conservare
2395 265 2697 325 parentum,
2739 255 3003 324 praecipue
3047 269 3165 325 qua
3211 256 3438 311 comdiis

185 351 438 404 ﬂeatum.
458 350 555 405 Hic
572 358 749 405 autem
771 349 1025 420 priefatus
1040 351 1443 405 Erchembodus
1462 349 1768 419 episcopus,

186 456 319 495 cum
351 441 665 512 episcopatu
708 443 978 496 abbatiam
1018 451 1224 505 tenens,
1270 457 1410 497 anno
1459 457 1519 495 ιιι
1567 439 1772 510 praefati

192 531 344 600 regis
373 531 714 597 Theoderici,
736 532 868 586 emit
895 548 925 586 a
953 530 1185 600 quodam
1205 531 1339 594 viro,
1366 529 1656 599 Rigoberto
1679 543 1775 582 no-

196 621 354 676 mine
382 662 397 687 ,
448 637 538 678 res
595 623 940 694 proprietatis
986 638 1096 678 suae
1148 623 1202 677 in
1264 622 1380 676 loco
1436 628 1776 690 nuncupante

191 713 500 780 Sethtiaco,
553 730 711 785 super
757 715 975 771 ﬂuvium
1004 717 1266 787 Agniona,
1297 730 1419 770 cum
1471 714 1772 782 adjacentia

190 801 442 856 Kelmias
467 812 524 859 et
553 803 766 870 Strato;
797 812 851 859 et
891 804 1028 858 infra
1062 805 1353 874 Mempisco
1381 803 1776 872 Leodredingas

191 895 533 959 mansiones,
576 910 669 951 seu
707 897 961 962 Delrinio,
994 911 1156 966 super
1189 895 1348 949 ﬂuvio
1368 894 1618 962 Quantia,
1647 894 1778 947 sitas

193 986 248 1038 in
280 1000 426 1056 pago
457 985 830 1053 Taruanense,
872 1003 994 1043 cum
1024 987 1326 1056 adiacentia
1363 1001 1479 1048 sua,
1508 985 1650 1053 quod
1697 994 1780 1038 est

191 1076 248 1142 in
279 1091 424 1148 pago
453 1077 706 1144 Pontivo,
737 1079 791 1133 in
840 1079 961 1135 loco
988 1088 1326 1149 nuncupante
1375 1077 1567 1137 Monte,
1618 1092 1779 1144 super

194 1168 365 1223 ﬂuvio
389 1170 584 1235 Alteia,
618 1172 822 1236 solidis,
847 1174 984 1228 inter
1013 1188 1200 1226 aurum
1223 1180 1278 1226 et
1309 1179 1610 1238 argentum,
1636 1168 1779 1221 mille

192 1260 533 1330 quingentis.
555 1261 705 1329 Cujus
720 1263 1040 1332 venditionis
1059 1271 1208 1318 carta
1233 1263 1333 1317 sub
1359 1261 1549 1316 borum
1571 1259 1781 1330 apicum

195 1358 395 1414 tenore
422 1360 504 1407 est
528 1351 690 1406 facta.

268 1461 466 1517 XXIX.
519 1463 730 1534 Emptio
768 1465 997 1545 ejusdem
1018 1465 1251 1587 lepiscopi
1276 1464 1340 1516 de
1384 1462 1532 1518 rebus
1572 1462 1712 1532 infra

879 1551 1014 1587 scrin
1041 1551 1105 1587 ιε.

879 1551 1105 1602 scrtpm.

1870 348 2223 402 ecclesiarum
2272 357 2365 402 aut
2403 348 2532 402 locis
2578 357 2886 402 sanctorum
2939 346 3104 418 regali
3157 346 3440 400 clementia

1871 450 1981 505 pne
2024 446 2224 490 :ctcrna
2265 437 2615 492 retributione
2666 437 2923 506 probatur
2977 452 3095 492 esse
3156 436 3441 502 indultum,

1871 540 2083 601 oportet
2125 547 2445 587 conservare
2485 533 2537 586 in
2583 549 2774 586 aevum.
2820 533 2985 603 Igitur
3008 541 3299 601 cognoscat
3331 549 3449 588 ma-

1873 619 2096 690 gnitudo
2142 636 2236 676 seu
2284 631 2338 676 et
2375 622 2576 676 utilitas
2606 630 2800 686 vestra,
2829 623 2970 691 quod
3011 623 3336 678 venerabilis
3363 623 3446 680 vir

1876 709 2186 764 Waimarus
2223 711 2389 765 abbas
2430 712 2494 765 de
2542 713 2869 767 monasterio
2900 711 3100 778 Sithiu,
3149 711 3446 766 clementia:

1877 801 2026 871 regni
2060 801 2226 855 nostri
2260 800 2445 856 detulit
2482 801 2533 855 in
2565 803 2838 872 notitiam,
2871 803 3012 872 quod
3044 817 3240 873 parens
3268 812 3449 858 noster

1879 890 2242 946 Theodericus
2265 893 2532 961 quondant
2569 907 2656 947 rex
2706 907 2798 963 per
2842 910 2994 948 suam
3037 894 3448 964 praeceptionem

1879 1001 1974 1041 sua
2003 1003 2161 1040 manu
2206 984 2470 1040 [innatant
2504 986 2829 1041 antecessori
2868 1002 2964 1041 suo
2994 985 3326 1041 Erltembodo
3352 986 3448 1040 ab-

1880 1079 1987 1133 bati
2023 1078 2104 1132 vel
2135 1079 2199 1132 ad
2221 1079 2530 1148 praedictum
2558 1079 2938 1133 monasterium
2961 1094 3114 1133 suum
3144 1078 3318 1132 Sithiu
3352 1076 3454 1132 tale

1881 1171 2197 1226 benefit-ium
2237 1172 2612 1235 concessisset,
2660 1180 2718 1226 ut
2751 1172 2892 1241 quod
2941 1171 3080 1226 infra
3123 1169 3310 1228 fiscum
3355 1184 3454 1224 no-

1882 1272 2076 1324 strum,
2109 1261 2196 1315 ubi
2226 1270 2279 1316 et
2319 1261 2431 1326 ubi,
2469 1262 2521 1316 in
2564 1262 3124 1331 quibuscumquelibet
3175 1261 3326 1332 pagis
3364 1269 3456 1316 aut

1884 1351 2171 1412 territoriis
2201 1362 2571 1420 comparatum
2600 1352 2845 1414 habebat,
2871 1361 2962 1407 aut
2989 1352 3203 1406 inantea
3225 1353 3291 1405 ad
3318 1367 3460 1406 com-

1884 1443 2181 1514 parandum
2214 1437 2457 1496 invenire
2485 1449 2716 1510 poterat,
2745 1442 2826 1496 vel
2861 1442 3002 1512 quod
3048 1442 3172 1497 boni
3214 1443 3458 1497 homines

1885 1535 2054 1590 Deum
2085 1535 2354 1600 timentes,
2379 1549 2474 1603 pro
2510 1535 2790 1590 animabus
2830 1551 3014 1590 eorum
3046 1536 3111 1589 ad
3157 1536 3458 1604 suprascri-

268 1624 503 1678 Domino
529 1632 690 1694 atque
711 1626 1002 1693 apostolico
1038 1625 1174 1694 patri
1200 1623 1518 1678 Erkenbodo
1533 1622 1782 1692 episcopo
1815 1625 1857 1684 Β
1886 1625 2037 1680 btum
2089 1625 2475 1678 monasterium
2519 1625 2801 1689 dederunt,
2831 1634 2922 1679 aut
2949 1627 3165 1680 inantea
3193 1626 3456 1691 dederint,

193 1723 366 1782 atque
379 1717 608 1786 emptori
625 1723 677 1770 et
690 1717 1213 1786 ejuscongregationi
1234 1715 1429 1770 ibidem
1444 1715 1757 1770 consistenti
1768 1754 1782 1779 ,

191 1818 300 1872 ego
313 1803 644 1876 Rigobertus
657 1806 868 1860 vendidi
894 1806 1024 1860 etin
1052 1807 1302 1876 praesenti
1331 1805 1662 1869 tradidi,lioc
1678 1813 1781 1870 est,

189 1908 397 1949 omnes
421 1895 579 1952 villas
606 1911 756 1951 meas
783 1906 1156 1965 nuncupantes,
1185 1897 1462 1961 Sethiaco,
1500 1911 1660 1965 super
1693 1895 1787 1949 ﬂu-

191 1985 639 2056 viumAgniona,
655 2002 776 2042 eum
795 1984 1108 2054 adjacentiis
1129 1986 1238 2041 suis
1260 1985 1492 2042 Kelmias
1511 1995 1565 2040 et
1581 1985 1783 2054 Strato,

193 2085 252 2130 ct
277 2075 424 2132 infra
459 2077 749 2148 Mempisco
777 2078 1174 2148 Leodedringas
1207 2079 1533 2142 mansiones,
1567 2094 1659 2132 seu
1689 2077 1787 2131 Bc-

195 2168 402 2233 brinio,
430 2185 593 2240 super
623 2169 781 2224 ﬂuvio
812 2170 1039 2237 Quantia
1087 2172 1236 2235 sitas,
1280 2171 1330 2224 in
1364 2186 1498 2242 pago
1544 2170 1786 2225 Taruan-

195 2273 394 2323 nense,
424 2274 543 2314 cum
573 2261 891 2331 adjacentiis
922 2261 1034 2316 suis
1059 2276 1178 2327 qum
1219 2271 1344 2316 sunt
1373 2262 1424 2315 in
1469 2276 1604 2332 pago
1642 2261 1785 2316 Pon-

196 2354 314 2406 tivo
347 2353 398 2406 in
422 2351 539 2409 loco
565 2364 903 2422 nuncupante
932 2353 1162 2417 Mentek,
1198 2369 1359 2422 super
1389 2353 1551 2408 ﬂuvio
1573 2354 1787 2415 Eteva.

199 2443 401 2497 Actum
452 2441 624 2498 Sithiu
658 2445 1006 2508 monasterio,
1060 2445 1292 2514 publice,
1352 2461 1405 2500 tv
1459 2445 1575 2500 Kal.
1634 2445 1784 2514 Sept.

201 2549 261 2589 Ill
295 2535 448 2602 regni
478 2535 677 2590 domini
707 2537 876 2591 nostri
907 2536 1222 2591 Theoderici
1256 2537 1470 2607 gloriosi
1499 2537 1655 2599 regis.
1678 2536 1790 2606 Ege

201 2623 532 2694 Rigobertus
557 2625 693 2680 hanc
721 2628 1080 2682 venditionem
1119 2643 1146 2681 a
1180 2643 1264 2682 me
1292 2627 1490 2682 factam
1537 2628 1697 2699 relegi
1735 2637 1788 2682 et

201 2715 522 2784 subscripsi.
555 2715 613 2770 S.
645 2717 871 2771 Dodoni.
911 2717 968 2771 S.
1005 2717 1357 2786 Leudegesili.
1399 2716 1455 2770 S.
1486 2716 1788 2771 Cliimbaldi

203 2805 526 2859 centenarii.
564 2804 622 2859 S.
654 2805 990 2860 Cherebaldi.
1037 2806 1092 2859 S.
1124 2806 1490 2860 Ellemherlhi.
1535 2805 1592 2860 S.
1641 2806 1790 2875 lngo-

204 2895 741 2952 mari.Winidmarus
759 2897 1021 2952 diaconus
1045 2898 1183 2968 hanc
1210 2899 1570 2954 venditionem
1597 2899 1788 2967 scripsi

201 2995 258 3040 et
286 2987 603 3057 subscripsi.

213 3092 381 3152 XXX.
418 3095 494 3151 De
521 3108 682 3153 marte
721 3098 1079 3158 Erchembodi.
1123 3111 1168 3155 et
1197 3102 1259 3155 de
1291 3103 1609 3156 successione
1637 3102 1788 3156 Wai—

571 3171 726 3234 mari,
765 3180 811 3224 et
837 3170 1103 3240 privilegio
1136 3171 1413 3225 Ililderici.

277 3259 585 3314 Deccdente
620 3260 822 3314 interea
854 3262 904 3314 in
933 3263 1192 3315 extremis
1225 3264 1448 3332 prmfato
1475 3279 1596 3334 rege
1623 3265 1791 3318 Theo-

207 3352 388 3406 derico
417 3392 432 3416 ,
486 3351 790 3409 llildericus
837 3352 1164 3411 Francorum
1225 3357 1459 3425 suscepit
1507 3356 1787 3425 imperium

207 3458 350 3496 anno
378 3443 450 3496 ab
505 3443 876 3506 incarnatione
916 3443 1122 3498 Domini
1164 3443 1266 3497 642
1298 3445 1430 3514 (55).
1479 3444 1686 3500 Interea
1736 3455 1789 3502 et

206 3532 464 3599 praefatus
491 3532 916 3596 Erehembodus,
949 3533 1230 3603 episcopus
1257 3542 1311 3587 et
1341 3534 1525 3598 abbas,
1558 3532 1790 3589 decessit

209 3640 238 3674 ει
282 3624 481 3679 saeculo
511 3624 722 3695 (56),ct
768 3624 819 3677 in
869 3624 1196 3678 monasterio
1249 3624 1420 3679 sancti
1473 3625 1785 3690 Audomari,

208 3728 391 3768 coram
417 3713 584 3770 altare
615 3722 814 3768 sanctre
855 3713 946 3770 Dei
991 3714 1266 3784 genitricis
1302 3712 1466 3785 [quod
1491 3714 1688 3768 dicitur
1721 3717 1792 3770 ad

209 3803 560 3875 Campanas],
615 3803 910 3857 tumulatur
956 3819 984 3858 a
1026 3805 1220 3874 populo
1272 3804 1383 3876 [ubi
1420 3821 1592 3875 usque
1633 3807 1788 3860 hodie

207 3895 522 3960 cjustomba
551 3897 789 3950 cernitur
832 3895 1083 3967 lapidea],
1114 3897 1199 3951 cui
1233 3897 1284 3950 in
1329 3897 1638 3968 episcopatu
1663 3914 1788 3953 suc-

210 3985 375 4040 cessit
417 3984 735 4056 Adalgerus.
761 3985 1051 4040 Abbatiam
1078 4001 1203 4041 vero
1235 3989 1520 4058 regendam
1554 3991 1790 4059 suscepit

215 4072 549 4140 Waimarus,
603 4076 729 4145 qui,
774 4087 1015 4146 tempore
1060 4077 1270 4147 praefati
1324 4080 1462 4149 regis
1509 4080 1784 4147 llilderici,

213 4166 548 4237 privilegium
577 4169 840 4237 quoddam
872 4177 1196 4224 consecutus
1225 4178 1306 4224 est
1355 4170 1513 4239 regize
1548 4173 1785 4226 auctori-

216 4255 360 4321 tatis,
391 4261 681 4313 sccundum
719 4267 914 4313 statuta
963 4261 1378 4329 praecedentium
1410 4277 1618 4330 regum,
1667 4278 1785 4332 quae

1888 1717 1989 1771 hoc
2031 1713 2308 1769 habuisset
2339 1730 2650 1768 concessum
2680 1735 2692 1768 ε
2731 1726 2784 1770 ct
2820 1717 2962 1785 quod
2993 1717 3059 1771 de
3112 1715 3240 1771 fisco
3276 1725 3460 1771 nostro

1887 1814 2252 1876 comparatum
2281 1806 2526 1869 habebat,
2550 1814 2638 1860 aut
2666 1805 2876 1861 inantea
2907 1816 3290 1876 comparasset,
3327 1822 3462 1877 pra:-

1888 1905 1972 1952 ter
2016 1896 2160 1950 illam
2209 1905 2406 1951 terram
2448 1897 2588 1951 unde
2616 1910 2776 1965 opera
2819 1898 3059 1950 carraria
3095 1906 3314 1962 exeunt,
3361 1898 3461 1951 hoc

1889 1987 2165 2042 habuisset
2193 2002 2529 2052 concessum,
2547 1995 2600 2040 et
2627 1987 3057 2058 nnllajudiciaria
3073 1996 3328 2058 potestas,
3346 1988 3463 2041 nul-

1889 2081 1968 2137 los
2003 2081 2243 2136 redditus
2287 2089 2465 2146 terrae,
2515 2096 2614 2136 nec
2661 2081 2832 2135 nullas
2873 2081 3175 2136 functiones
3223 2079 3465 2152 publicas

1888 2172 2060 2226 eidem
2092 2171 2160 2225 ob
2202 2171 2304 2225 hoc
2331 2172 2548 2242 exigere
2577 2178 2667 2224 aut
2711 2179 2986 2235 exactare,
3036 2184 3134 2225 nec
3187 2170 3465 2239 requirere

1889 2277 1994 2316 non
2020 2261 2261 2316 deberet.
2299 2261 2450 2316 Unde
2501 2271 2555 2316 et
2605 2261 2772 2331 ipsam
2827 2261 3240 2331 praeceptionem
3297 2260 3466 2329 ipsius

1884 2351 1994 2420 jam
2036 2351 2165 2406 dicti
2194 2353 2431 2422 parentis
2467 2353 2634 2408 nostri
2667 2351 2980 2407 Theoderici
3010 2352 3278 2421 quondam
3323 2351 3466 2421 regis

1891 2460 1947 2498 se
1972 2460 2080 2513 pra
2109 2445 2356 2499 manibus
2382 2457 2444 2498 ex
2479 2444 2579 2498 hoc
2608 2446 2804 2498 habere
2835 2446 3104 2507 adfirmat,
3133 2454 3188 2497 et
3216 2443 3369 2497 nobis
3412 2443 3461 2493 in

1891 2537 2138 2606 przesenti
2171 2551 2288 2590 eam
2316 2537 2549 2591 ostendit
2576 2539 2642 2589 ad
2682 2537 3043 2608 relegendttm,
3071 2547 3123 2590 et
3151 2537 3262 2608 ipsa
3301 2537 3462 2590 bene-

1893 2629 2010 2684 ficia
2036 2643 2291 2683 concessa
2323 2629 2388 2682 dc
2409 2644 2472 2682 eo
2504 2637 2739 2697 tempore
2771 2643 2937 2696 usque
2961 2644 3099 2682 nunc
3132 2627 3322 2682 asserit
3346 2642 3464 2680 esse

1891 2729 2206 2775 conservata
2235 2738 2246 2770 :
2281 2718 2372 2772 sed
2409 2735 2506 2788 pro
2539 2719 2810 2773 firmitatis
2840 2719 3073 2773 studium
3116 2719 3268 2788 petiit
3308 2718 3465 2772 celsi-

1895 2809 2132 2863 tudinem
2156 2818 2418 2871 nostram,
2450 2818 2507 2862 ιιι
2532 2810 2631 2862 hoc
2659 2809 2801 2862 circa
2828 2812 2997 2877 ipsum
3025 2808 3198 2862 locum
3220 2818 3462 2862 sanctum

1893 2913 1988 2967 per
2025 2899 2224 2952 nostris
2265 2899 2580 2952 deberemus
2629 2898 2952 2952 confirmare
3007 2899 3277 2953 oraculis:
3326 2900 3465 2967 quod

1891 3006 1990 3045 nos
2044 3000 2263 3058 promer
2316 3004 2511 3042 nomen
2570 2989 2778 3043 Domini
2833 2999 2888 3044 et
2947 2991 3242 3042 reverentia
3302 2991 3467 3058 ipsius

1890 3081 2058 3136 sancti
2093 3080 2191 3135 loci
2221 3080 2293 3133 ita
2325 3080 2658 3150 praestitisse,
2681 3089 2736 3133 et
2760 3081 2810 3133 in
2842 3080 3090 3135 omnibus
3115 3081 3466 3134 confirmasse

1889 3171 2216 3242 cognoscite.
2242 3170 2626 3239 Praecipientes
2667 3172 2808 3225 enim
2840 3171 3199 3240 praecipiti-ius,
3233 3179 3292 3223 ut
3319 3173 3467 3239 quic-

1891 3263 2015 3332 quid
2042 3273 2253 3318 constat
2275 3263 2698 3332 suprascribtum
2721 3271 2998 3332 parentem
3025 3271 3263 3315 nostrum
3289 3261 3466 3316 Theo-

1891 3357 2128 3412 dericum
2180 3357 2450 3424 quondam
2499 3369 2679 3424 regem
2728 3353 2793 3408 de
2845 3353 2960 3423 ipso
3009 3351 3290 3415 beneﬂcio,
3327 3353 3465 3407 sicut

1889 3448 2138 3518 superius
2194 3457 2277 3502 est
2330 3447 2807 3515 comprehensum,
2863 3443 3085 3514 pnefato
3132 3443 3464 3499 Erkembodo

1890 3538 2067 3593 abbati
2103 3537 2184 3592 vel
2223 3537 2592 3607 suprascrith
2639 3537 2757 3592 loco
2800 3546 2989 3592 sancto
3039 3551 3135 3608 pro
3180 3547 3463 3594 aucmento

1889 3629 2153 3685 mercedis
2199 3645 2308 3684 suae
2359 3630 2641 3694 concessit,
2691 3639 2742 3684 et
2789 3629 2854 3683 de
2904 3644 2968 3684 eo
3008 3638 3249 3699 tempore
3295 3645 3464 3698 usque

1890 3735 2032 3774 nunc
2062 3727 2207 3772 recto
2239 3718 2454 3772 tramite
2483 3717 2584 3772 fuit
2605 3729 2982 3773 conservatum
3010 3735 3023 3772 :
3060 3719 3130 3773 ita
3162 3727 3215 3773 et
3246 3719 3460 3772 inantea

1889 3811 2146 3882 inspectis
2197 3811 2326 3881 ipsis
2379 3812 2832 3880 prazceptionibus
2896 3811 3134 3880 praedicti
3178 3811 3458 3882 principis,

1888 3903 2029 3956 sicut
2075 3917 2170 3972 per
2218 3903 2433 3956 easdem
2481 3903 2808 3966 declaratur,
2877 3903 2950 3956 ita
2994 3912 3049 3957 et
3098 3902 3314 3957 inantea
3359 3918 3454 3972 per

1890 3999 2131 4047 nostrum
2163 4000 2488 4061 praeceptum
2517 3991 2727 4062 plenius
2758 3992 2810 4046 in
2855 3993 2948 4048 Dei
2975 3993 3192 4047 nomine
3217 3992 3288 4048 sit
3327 4007 3459 4048 con-

1890 4085 2183 4151 ﬁrmatum,
2233 4086 2333 4141 sub
2379 4087 2661 4142 eoordine
2703 4087 2848 4141 circa
2901 4087 3073 4157 ipsum
3125 4085 3462 4141 Waimarnm

1886 4181 2155 4246 abbatem,
2188 4181 2274 4236 vel
2312 4179 2381 4236 ad
2421 4180 2596 4251 ipsum
2637 4181 3022 4235 monasterium
3070 4194 3225 4234 suum
3258 4181 3460 4244 Sithiu,

1887 4273 2033 4326 omni
2067 4281 2306 4340 tempore
2348 4271 2462 4340 ipsa
2501 4269 2758 4326 beneficia
2803 4284 3060 4328 concessa
3111 4270 3163 4324 in
3211 4270 3462 4324 omnibus

215 4347 436 4414 praefato
481 4361 861 4406 concesserunt
905 4350 1080 4406 Sithiu
1115 4354 1475 4418 monasterio;
1525 4356 1666 4423 quod
1716 4356 1785 4408 ab
1819 4323 1862 4379 Ι)
1889 4361 2102 4415 valeant
2129 4375 2250 4415 esse
2286 4359 2627 4423 confirmata,
2675 4369 2729 4414 et
2776 4361 2973 4416 nullam
3021 4359 3458 4430 refragatiouem,

219 4437 328 4503 ipso
359 4457 483 4510 rege
516 4442 783 4496 firmatum
811 4450 1024 4496 constat
1060 4442 1112 4496 in
1139 4442 1240 4498 hoc
1268 4445 1448 4510 modo,
1477 4460 1618 4499 anno
1649 4445 1784 4514 ejus-

219 4528 334 4582 dem
370 4533 508 4602 t‘egis
533 4533 738 4602 imperii
771 4533 964 4602 primo.

285 4615 467 4673 XXXI.
510 4621 790 4690 Exemplar
819 4621 1070 4691 privilegii
1099 4623 1379 4677 Childerici
1410 4626 1539 4694 regis
1571 4627 1706 4697 (57).

285 4705 583 4765 Hilderiens
634 4727 728 4766 rex
758 4711 1109 4780 Francorum,
1152 4715 1282 4769 viris
1315 4715 1628 4772 inlustribus
1659 4735 1781 4789 gra-

219 4794 487 4865 vionibus,
518 4811 680 4870 atque
721 4801 969 4856 omnibtts
1012 4804 1309 4874 agentibus,
1358 4805 1441 4858 vel
1477 4805 1781 4874 junioribus

219 4902 422 4956 eorum,
456 4904 559 4947 tam
592 4895 942 4962 praesentibus
971 4909 1131 4964 quam
1174 4895 1386 4960 futuris,
1423 4898 1472 4952 in
1503 4899 1778 4968 quiscum-

222 4997 320 5046 que
347 4988 654 5042 accionihus
677 4990 1060 5044 monasterium
1091 4989 1266 5044 Sithiu
1317 4991 1515 5045 habere
1548 4992 1774 5048 videtur.

221 5071 382 5136 Quem
423 5077 600 5134 divina
636 5081 810 5150 pietas
857 5079 1110 5134 sublimat
1155 5079 1223 5132 ad
1254 5095 1496 5150 regnum,
1521 5080 1780 5142 condecet

250 5252 260 5292 ἰ
287 5185 818 5292 (ὅθιΕτρΙιριιιὺοιιιιε
840 5207 930 5272 seu
957 5193 1327 5292 [Erchembodo
1349 5194 1516 5249 abbas
1537 5195 1774 5292 Sithieii.

269 5269 290 5292 ς
318 5271 368 5292 In
413 5276 566 5292 1\n|nn
641 5278 906 5292 ηυηηιηηω
958 5264 970 5278 ’
1004 5263 1349 5292 ...υ-,ηιηιηιι-ἒμ
1379 5283 1389 5292 ,
1412 5267 1610 5292 ..:....,...:
1657 5282 1716 5292 ρ..

223 5254 290 5292 εἷς
318 5254 368 5292 in
400 5257 566 5292 l1\nnn\
595 5261 906 5292 l,n‘1‘1:ntv..n:
958 5264 1026 5292 'l‘..
1039 5280 1132 5292 ιιι-ιι

1889 4466 1986 4505 nec
2013 4451 2214 4504 nullum
2231 4450 2670 4518 impedimentum
2688 4465 2716 4504 a
2732 4448 3004 4518 judicibus
3017 4448 3245 4518 publicis
3269 4449 3460 4502 exinde

1885 4556 2155 4612 quoquam
2189 4549 2426 4609 tempore
2475 4540 2674 4595 habere
2723 4557 2826 4594 non
2869 4541 3286 4608 pertimescant:
3321 4540 3460 4596 unde

1886 4642 1942 4686 et
1981 4632 2094 4700 ipsa
2141 4632 2487 4700 congregatio
2515 4646 2613 4700 pro
2644 4631 2931 4684 stabilitate
2963 4629 3108 4697 regni
3158 4630 3325 4683 nostri
3378 4631 3461 4683 vel

1889 4724 2057 4780 salute
2085 4723 2272 4793 patriae
2303 4723 2511 4778 Domini
2548 4723 2974 4778 misericordiam
3000 4721 3200 4791 jugitcr
3229 4722 3462 4778 debeant

1889 4830 2134 4874 exorare.
2168 4815 2235 4870 Et
2264 4824 2322 4869 ut
2363 4817 2478 4872 lucc
2508 4814 2796 4870 auctoritas
2831 4813 3035 4870 firmior
3070 4813 3354 4880 habeatur,
3380 4818 3462 4870 vel

1890 4923 1985 4982 per
2026 4918 2267 4978 tempora
2320 4905 2374 4961 in
2420 4905 2669 4963 omnibus
2710 4912 3082 4967 conservetur,
3133 4919 3324 4958 manus
3365 4923 3462 4959 no-

1892 5011 2016 5058 straa
2042 4996 2524 5057 subscribtionibus
2568 5007 2686 5046 eam
2713 4993 2901 5050 subter
2934 4991 3263 5050 decrevinms
3304 4997 3467 5048 adfir-

1895 5108 2059 5151 mare.

1900 5201 2414 5292 “arcessentes?
2437 5196 2824 5292 russea
2848 5199 3107 5292 mea

2279 5283 2319 5292 ,η
2349 5263 2408 5292 ﬁl
2465 5263 2811 5292 ρι.;1.ιη..;ηι;11
2848 5270 2956 5292 ηιξ..
