3982 5292
492 107 515 160 I
525 105 625 163 20'!

562 222 784 292 Signum
808 183 1022 294 gloriosi
1046 224 1189 295 regis
1227 223 1504 281 Hilderici.

561 317 753 372 Datum
780 317 996 387 quando
1026 317 1153 373 fecit
1177 318 1376 390 Aprilis
1399 319 1516 376 dies
1547 336 1701 385 χχιιι,
1727 336 1869 377 anno
1896 323 2073 394 primo

490 407 644 473 regni
681 408 875 473 nostri,
924 407 1197 473 Crisciaco
1232 408 1432 480 palatio
1472 410 1527 465 in
1567 409 1659 465 Dei
1690 412 1907 468 nomine
1954 411 2072 468 feli-

490 496 646 551 citet‘.
679 496 852 552 Amen
883 496 1016 569 (58).

488 627 717 700 XXXII:
744 629 822 700 De
868 628 1171 685 Nantlum'o
1194 632 1399 698 abbate,
1432 644 1480 687 et
1510 645 1676 690 morte
1696 636 1997 700 Waimari;
2023 645 2072 691 et

591 699 657 753 de
681 697 1022 766 Rokashemo,
1038 718 1189 771 quem
1213 704 1428 773 quidam
1445 703 1600 761 Felix
1623 706 1766 760 dedit
1792 706 1960 761 nobis.

554 819 684 875 Post
712 821 991 875 decessum
1036 829 1215 876 autem
1266 822 1475 892 praefati
1529 825 1741 880 abbatis
1784 824 2071 891 Waimari,

483 910 818 966 Nantharius
850 912 1013 967 totius
1055 912 1282 967 abbatis:
1315 914 1636 971 sublimatus
1673 926 1756 973 est
1798 917 2070 988 dignitati.

482 1002 583 1057 tlui
615 1018 757 1058 anno
786 1018 845 1058 ιιι
872 1003 1081 1073 pmfati
1117 1005 1259 1075 regis
1304 1004 1580 1072 llilderici,
1606 1007 1823 1077 quidam
1852 1009 2075 1079 presby-

485 1109 593 1162 ter,
624 1096 777 1152 Felix
810 1098 1050 1163 nomine,
1081 1098 1321 1160 tradidit,
1346 1100 1411 1154 ad
1442 1115 1597 1155 usum
1632 1102 1941 1156 monasterii
1990 1104 2071 1156 sui

484 1188 686 1254 Sithiu,
741 1188 929 1243 cellam
975 1190 1056 1243 sui
1111 1188 1250 1257 juris
1293 1192 1587 1261 propriam,
1634 1194 1896 1249 vocabulo
1944 1194 2077 1250 Hro-

481 1278 743 1334 kashamo
764 1280 877 1335 Sive
911 1279 1211 1335 Therealdo
1254 1280 1392 1347 loco,
1438 1291 1496 1337 ut
1527 1293 1757 1339 testatur
1782 1285 1928 1341 illius
1958 1295 2074 1341 tra—

481 1370 702 1424 ditionis
721 1380 896 1432 carta,
923 1386 1085 1440 quam
1116 1371 1205 1426 hic
1233 1372 1301 1426 ad
1343 1373 1809 1431 conﬁrmationem
1836 1377 2074 1433 creduli-

484 1461 610 1516 tatis
649 1461 1026 1529 describimus,
1062 1463 1161 1518 sub
1213 1470 1400 1518 tenore
1439 1466 1674 1539 antiquae
1719 1467 1861 1524 illius
1908 1469 2077 1525 dicta-

482 1553 667 1610 tionis.

605 1663 843 1720 XXXIII.
881 1664 1116 1721 Trnditio
1150 1666 1342 1725 Felicis
1367 1669 1431 1725 de
1455 1669 1783 1728 Roltasltamo
1811 1674 1946 1747 (59).

554 1779 649 1850 (25
674 1780 785 1835 Jul.
819 1781 966 1852 745.)
1010 1801 1028 1834 ι
1078 1782 1231 1838 Sicut
1259 1784 1520 1842 Dominus
1547 1787 1599 1842 in
1631 1787 1923 1860 Evangelia
1952 1790 2029 1845 ait
2057 1808 2072 1845 :

491 1875 596 1940 Qui
616 1874 707 1929 dat
737 1891 950 1945 parum,
985 1889 1254 1946 comparat
1283 1878 1380 1933 sibi
1412 1896 1646 1950 regnum,
1688 1892 1737 1935 et
1779 1884 1867 1953 qui
1893 1882 2074 1938 tribuit

401 2008 405 2012 .
482 1981 671 2035 parum
696 1967 953 2036 pecuniae,
995 1969 1182 2038 accipit
1228 1970 1340 2024 sine
1379 1969 1486 2038 ﬁne
1535 1988 1853 2040 mensuram,
1913 1968 2074 2044 igitur

485 2073 608 2129 ego,
655 2058 708 2113 in
760 2059 856 2113 Dei
901 2062 1138 2125 nomine.
1190 2062 1362 2129 Felix,
1413 2065 1719 2135 presbyter,
1778 2066 2074 2137 inspirante

484 2149 668 2204 divina
698 2148 1006 2217 clementia,
1043 2160 1204 2222 atque
1242 2169 1341 2223 pro
1382 2155 1577 2211 animae
1627 2173 1759 2213 mea:
1812 2159 2071 2225 remedio,

480 2240 730 2310 deputavi
755 2250 812 2297 et
836 2244 1079 2300 concessi
1111 2252 1273 2315 atque
1316 2246 1579 2317 delegavi,
1608 2262 1706 2317 per
1734 2248 1875 2304 hanc
1919 2250 2068 2320 pagi-

481 2351 606 2393 nam
635 2334 964 2400 donationis,
997 2336 1063 2391 ad
1104 2340 1491 2394 monasterium
1542 2324 1744 2406 Sithiu,
1798 2343 1940 2410 quod
1989 2353 2075 2401 est

478 2428 534 2483 in
561 2429 768 2484 honore
794 2430 968 2485 sancti
998 2431 1143 2485 ‘Pctri
1191 2440 1246 2486 et
1286 2433 1458 2488 sancti
1503 2433 1650 2489 Pauli
1684 2436 2069 2504 apostolorum,

475 2528 529 2573 et
558 2519 728 2574 sancti
762 2518 976 2575 Martini
1012 2521 1094 2577 vel
1140 2524 1313 2578 sancti
1362 2524 1567 2579 Bcrtini
1599 2526 1946 2593 confessoris,
1979 2529 2072 2584 ubi

476 2608 592 2679 ipse
613 2611 844 2669 domnus
877 2616 932 2667 in
973 2628 1197 2684 corpore
1242 2617 1557 2687 requiescit,
1604 2618 1688 2671 vel
1721 2619 1810 2673 ubi
1841 2634 2070 2676 venera-

476 2701 606 2757 bilis
629 2702 714 2755 vir
737 2702 1106 2759 Nanthuarius
1130 2705 1296 2760 abbas
1322 2721 1554 2775 prmcsse
1587 2707 1820 2773 videtur,
1857 2709 1961 2764 hoc
1990 2719 2075 2765 est

479 2791 670 2846 cellam
702 2806 878 2848 meam
914 2794 964 2848 in
1013 2794 1132 2850 loco
1177 2805 1523 2864 nuncupante
1569 2797 1910 2853 Rocbasbem
1960 2801 2074 2856 sive

478 2881 782 2940 'l‘herealdo
815 2885 934 2941 loco
957 2885 1069 2957 (60)
1097 2886 1148 2941 in
1173 2902 1312 2956 pago
1333 2887 1675 2955 Flandrinse,
1707 2905 1867 2960 quam
1891 2904 1992 2961 ego
2017 2891 2071 2947 in

1554 110 1878 183 FOLQUINI
1915 112 1973 170 s.
2017 113 2294 170 BERTIM
2333 114 2641 172 nossem

2099 232 2147 304 Α
2175 229 2425 299 pascuis,
2477 229 2634 299 aquis
2693 228 3025 298 aquarumve
3075 228 3414 293 decursibus,
3476 224 3782 293 farinariis,

3634 111 3783 168 £208

2174 320 2418 389 pecnliis,
2458 320 2745 390 praesidiis,
2786 319 3076 375 mobilibus
3108 328 3167 374 et
3220 317 3625 385 immobilibus;
3657 333 3786 373 om-

2174 411 2265 482 nia
2312 418 2368 464 et
2426 424 2494 464 ex
2527 408 2799 477 omnibus,
2855 424 2970 465 rem
3040 408 3453 478 iuexquisitam,
3509 409 3783 479 quidquid

2175 501 2279 558 dici
2308 501 2392 556 vel
2409 502 2679 557 nominari
2701 510 2900 574 potest,
2933 503 3051 558 haec
3078 501 3237 556 nobis
3268 500 3351 557 vel
3390 500 3462 555 ad
3493 514 3639 569 opus
3662 515 3786 554 Ino-

2174 594 2399 650 nasterii
2439 593 2641 660 Sithiu,
2673 609 2705 650 a
2751 594 2839 650 die
2880 594 3152 665 prmsenti.
3184 594 3347 656 dono,
3404 591 3566 646 trado
3615 601 3785 660 atque

2177 686 2498 742 transfundo
2541 686 2925 758 perpetualiter
2972 685 3039 740 ad
3078 685 3492 757 possidendum.
3540 684 3612 738 Et
3658 692 3786 752 post

2176 794 2359 833 meum
2391 779 2596 834 obitum
2616 819 2631 844 ,
2662 779 2778 849 ipse
2818 778 2908 849 qui
2954 788 3079 833 tunc
3121 778 3334 833 abbatis
3361 777 3632 848 fungetur
3659 788 3781 832 nlo-

2175 872 2472 937 deramiae,
2497 872 2580 927 vel
2596 872 2792 931 fratres
2814 873 2879 928 de
2896 870 3008 940 jam
3033 880 3217 929 taxato
3236 869 3581 926 monasterio
3600 868 3782 923 Sith'n

2175 962 2372 1016 ifidem
2399 964 2774 1029 consistentes,
2802 963 3156 1034 complaceat,
3178 962 3392 1033 qualem
3420 961 3780 1033 praepositum

2176 1057 2242 1109 ad
2273 1055 2441 1124 ipsam
2476 1055 2667 1116 cellam
2690 1056 3021 1113 constituere
3044 1054 3333 1119 voluerint,
3358 1062 3697 1123 potestatem
3725 1055 3779 1106 in

2174 1148 2423 1202 omnibus
2445 1147 2642 1203 habere
2670 1156 3000 1203 mereantur.
3017 1147 3084 1202 Et
3102 1148 3476 1216 supplicamus
3498 1148 3651 1214 ipsos
3673 1145 3781 1198 fra-

2176 1249 2289 1296 tres
2310 1252 2365 1296 et
2384 1249 2622 1297 rectores
2643 1241 2808 1311 ipsius
2826 1241 3132 1296 monasterii
3149 1240 3348 1302 Sithiu,
3366 1248 3596 1309 propter
3609 1238 3780 1293 Deum

2176 1341 2229 1388 et
2256 1331 2559 1387 mercedem
2590 1341 2827 1387 nostram
2854 1331 3189 1395 lucrandam,
3212 1339 3272 1384 ut
3294 1331 3409 1399 ipsa
3428 1329 3592 1395 cella,
3614 1342 3777 1397 quam

2177 1423 2375 1479 ibidem
2402 1422 2912 1488 trausfirmavimus,
2960 1422 3025 1476 de
3066 1422 3266 1485 missis,
3297 1422 3365 1475 de
3392 1435 3581 1485 curse,
3615 1418 3671 1473 id
3697 1427 3781 1473 est

2176 1515 2397 1585 psalmis
2418 1515 2550 1586 (61),
2571 1524 2625 1568 et
2644 1515 2709 1570 dc
2732 1514 3034 1569 luminariis
3062 1528 3248 1568 curam
3270 1513 3478 1567 habere
3496 1510 3776 1575 studeant,

2178 1615 2232 1661 ct
2277 1607 2343 1662 de
2393 1607 2693 1676 hospitibus
2743 1615 2799 1662 et
2838 1606 3138 1677 peregrinis
3181 1605 3511 1660 charitatem
3543 1614 3601 1659 et
3638 1618 3781 1658 mer-

2180 1698 2364 1755 cedem
2390 1699 2586 1755 csinde
2614 1699 2814 1754 habere
2838 1699 3087 1754 debeant.
3120 1696 3355 1751 Tantum
3387 1696 3522 1750 inea
3540 1695 3775 1755 ratione,

2178 1789 2435 1861 quamdiu
2463 1804 2563 1859 ego
2606 1790 2657 1844 in
2704 1791 2805 1846 hoc
2833 1788 3052 1856 szecnlo,
3084 1787 3301 1844 Christo
3333 1786 3597 1857 pr0pitio,
3630 1786 3787 1840 adri-.

2177 1898 2327 1949 vero,
2363 1882 2534 1953 ipsam
2562 1882 2756 1937 cellam
2799 1881 3078 1945 nsualiler,
3136 1895 3235 1950 pro
3281 1878 3559 1935 beneﬁcio
3608 1877 3781 1947 ipsius

2178 1972 2514 2036 monasterii,
2539 1971 2670 2026 mihi
2698 1971 2860 2026 liceat
2887 1971 3195 2041 possidere;
3226 1969 3278 2023 in
3296 1985 3360 2022 ea
3378 1983 3512 2022 vero
3542 1967 3777 2029 ratione,

2175 2072 2237 2119 ut
2266 2062 2429 2118 aliubi
2454 2079 2554 2118 nec
2580 2063 2750 2133 ipsam
2774 2061 2964 2117 cellam
2992 2076 3154 2131 quam
3184 2062 3251 2114 ad
3288 2061 3469 2130 ipsum
3500 2067 3782 2113 monaste-

2176 2157 2317 2211 rium
2347 2155 2621 2226 delegavi;
2648 2169 2752 2210 nec
2782 2154 2928 2225 ipsas
2964 2167 3073 2214 res,
3099 2167 3217 2222 qua:
3245 2151 3312 2204 ad
3367 2153 3552 2219 ipsum
3601 2148 3778 2203 locum

2174 2245 2470 2317 pertinent,
2497 2243 2661 2300 aliubi
2696 2258 2798 2298 nec
2825 2244 2973 2308 dare,
3015 2257 3117 2296 nec
3162 2240 3424 2304 vendere,
3481 2253 3591 2293 nec
3637 2253 3784 2293 eom-

2177 2345 2419 2399 mutare,
2459 2350 2560 2389 nec
2610 2333 2883 2397 alienare,
2938 2345 3039 2387 nec
3078 2328 3407 2401 naufragare
3448 2338 3780 2397 potestatem

2176 2428 2426 2483 habeam.
2460 2426 2527 2481 Et
2578 2424 2945 2495 supplicamus
2981 2431 3041 2477 ut
3071 2436 3265 2477 nomen
3309 2419 3596 2475 incumin
3640 2417 3781 2473 libro

2176 2520 2299 2574 vitae
2326 2518 2424 2590 ipsi
2454 2517 2787 2583 sacerdotes,
2828 2531 2918 2586 qui
2959 2514 3011 2569 in
3032 2514 3161 2584 _ipso
3203 2511 3540 2567 monasterio
3577 2510 3780 2580 degunt

2177 2612 2379 2668 habere
2402 2611 2726 2681 dignentur;
2760 2617 2834 2674 et,
2866 2616 2987 2679 post
3013 2619 3193 2660 meum
3236 2603 3472 2666 obitum,
3516 2611 3689 2672 atque
3717 2601 3780 2658 de

2176 2704 2279 2757 hac
2315 2702 2434 2757 luce
2456 2702 2777 2766 discessum,
2803 2699 3170 2770 suprascripta
3200 2696 3357 2761 cella,
3381 2711 3513 2751 cum
3537 2694 3691 2750 omni
3719 2710 3778 2749 re

2176 2791 2493 2848 emeliorata
2522 2800 2687 2861 atque
2716 2790 3082 2860 supraposita,
3134 2802 3264 2858 pars
3306 2787 3556 2856 praedicti
3587 2801 3777 2842 mona-

2178 2882 2331 2939 sterii
2356 2881 2556 2946 Sithiu,
2584 2881 2670 2938 vel
2690 2883 2809 2952 ejus
2837 2890 3093 2947 rectores,
3119 2895 3151 2934 a
3176 2879 3263 2935 die
3289 2879 3553 2948 pncscnti
3575 2879 3778 2948 absque

477 2972 687 3030 honore
717 2976 889 3031 sancti
915 2976 1192 3033 Michaelis
1220 2977 1565 3049 Archangeli,
1598 2979 1679 3035 vel
1710 2981 1884 3036 sancti
1913 2980 2074 3037 Joan-
2102 2967 2146 3029 C
2178 2973 2284 3028 ulla
2350 2981 2636 3044 expectata
2690 2973 2962 3028 audientia
3014 2972 3099 3027 vel
3151 2971 3447 3026 traditione
3479 3012 3496 3036 ,
3564 2972 3675 3027 hoe
3725 2974 3777 3026 ia

478 3065 566 3119 nis
594 3063 866 3136 Baptista,
900 3065 983 3121 vel
1036 3075 1241 3122 sancta:
1282 3066 1485 3134 Mariae,
1533 3069 1812 3141 genitricis
1861 3070 2070 3127 Domini

478 3154 652 3210 nostri
678 3152 803 3210 Jesu
833 3154 1056 3222 Christi,
1081 3155 1164 3211 vel
1192 3167 1513 3213 ceterorum
1544 3162 1879 3227 sanctorum,
1907 3176 2074 3232 Opere

478 3244 776 3309 constrinxi,
808 3259 972 3316 quam
1002 3245 1072 3302 ab
1099 3246 1375 3302 extraneis
1410 3248 1686 3317 personis,
1722 3250 1849 3305 dato
1870 3253 2069 3322 pretio,

479 3336 793 3408 comparavi
823 3353 839 3403 ;
875 3336 969 3403 ita,
1004 3345 1062 3392 ut
1091 3338 1221 3392 mihi
1250 3337 1596 3409 complacuit,
1626 3340 1681 3396 in
1739 3340 1832 3395 tali
1862 3343 2072 3398 ratione

480 3436 543 3482 ut
590 3427 656 3482 ad
700 3427 878 3498 ipsum
909 3428 1294 3484 monasterium
1336 3428 1540 3497 Sithiu,
1595 3430 1662 3486 ad
1718 3447 1856 3502 opus
1898 3436 2070 3490 sancti

478 3517 650 3584 Petri,
670 3519 781 3588 jam
812 3517 954 3573 dicta
981 3518 1138 3585 cella,
1173 3535 1297 3575 cum
1315 3520 1459 3575 omni
1488 3519 1799 3591 integritate
1825 3522 1907 3577 vel
1937 3524 2069 3579 soli-

480 3608 651 3666 ditate
677 3624 774 3664 sua
800 3611 853 3665 in
878 3625 938 3666 se
958 3610 1256 3681 aspicieute
1282 3611 1363 3666 vel
1393 3612 1721 3682 pertinente,
1749 3614 1946 3670 ibidem
1972 3617 2067 3671 de-

479 3700 663 3772 legare
685 3702 1036 3768 deberemus.
1056 3701 1208 3769 Quod
1246 3702 1319 3756 ita
1345 3711 1400 3757 et
1431 3700 1657 3758 fecimus
1678 3704 1745 3759 ad
1777 3706 2066 3778 integrum,

478 3795 866 3866 perpetualiter
891 3796 958 3852 ad
985 3796 1389 3867 possidendum,
1423 3805 1483 3852 ut
1509 3797 1710 3854 ibidem
1738 3809 1958 3869 aspecta
1983 3797 2067 3852 vel

480 3884 723 3956 subjecta
751 3889 899 3943 omni
932 3898 1174 3959 tempore
1194 3901 1315 3944 esse
1344 3887 1571 3955 debeat;
1597 3904 1701 3943 una
1732 3903 1853 3944 cum
1886 3889 2069 3954 terris,

482 3979 709 4045 mansis,
759 3980 922 4046 casis,
978 3980 1242 4044 aediliciis,
1277 3981 1584 4051 mancipiis,
1640 3980 1917 4047 acolabus,
1960 3989 2068 4036 tam

486 4069 737 4140 ingenuis
762 4084 921 4138 quam
951 4079 1007 4125 et
1029 4071 1846 4143 servientibus,campis,sylvis,
1873 4074 2067 4143 pratis,

565 4201 680 4273 (58)
720 4200 1021 4273 Notandum
1044 4203 1152 4273 hoc
1180 4202 1230 4258 in
1260 4202 1567 4272 diplomate,
1591 4206 1822 4272 parentis
1850 4220 2069 4271 nomen,

485 4272 628 4346 quad
655 4272 996 4346 Childericns
1039 4272 1469 4346 Merovingorum
1519 4284 1705 4346 regum
1764 4284 2073 4344 postremus

479 4342 823 4400 Theoderico
872 4344 1083 4399 Calensi
1127 4342 1397 4400 decessori
1446 4360 1544 4401 suo
1586 4342 1857 4401 ascribit:
1913 4362 2073 4416 quem

483 4416 649 4469 etiam
676 4416 964 4485 principem
994 4416 1199 4484 absque
1228 4416 1435 4484 paterni
1475 4416 1712 4473 nondnis
1741 4417 1942 4472 indicio
1982 4418 2074 4473 de-

483 4484 681 4560 signat.
706 4484 871 4560 _llinc
900 4486 1119 4560 _q_uippe
1150 4495 1355 4560 certum
1378 4555 1390 4560 _
1413 4489 1622 4560 eruitur
1668 4496 2070 4560 argumentum,

484 4554 844 4628 thldericum
899 4554 1237 4628 Theodorico
1298 4555 1512 4628 Calcnsi
1571 4554 1909 4628 progenitum
1964 4554 2073 4614 non

485 4624 673 4697 fuisse,
696 4627 1146 4697 quemadmodum
1166 4625 1449 4697 plerisque
1476 4624 1868 4684 recéntibribus
1894 4629 2072 4685 visum

486 4704 588 4751 est.
620 4696 753 4768 Nam
785 4712 852 4752 ex
880 4698 1133 4768 omnibus
1160 4696 1589 4767 Merovingorum
1638 4715 1822 4768 regum
1869 4699 2072 4754 instru-

485 4767 685 4837 mentis
711 4767 960 4837 superius
986 4768 1147 4823 editis
1171 4776 1380 4823 constat
1426 4769 1568 4821 hunc
1607 4767 1744 4836 apud
1784 4768 1901 4824 illos
1945 4770 2076 4825 scri-

484 4836 646 4908 bendi
674 4853 878 4891 morem
916 4837 1171 4907 viguisse,
1201 4847 1260 4892 ut
1290 4846 1497 4907 patrem
1530 4840 1800 4908 genitoris,
1841 4854 2076 4895 consan-

485 4906 710 4988 guineos
738 4906 1013 4988 parentant
1039 4906 1691 4988 vocabulodesignarent.
1712 4908 1908 4988 Itaque
1928 4910 2076 4965 Chil-

484 4977 726 5044 pericum
755 4987 962 5047 patrem
1000 4978 1190 5033 habuit
1225 4977 1584 5045 Childericus,
1633 4979 1725 5047 qui
1763 4977 1926 5035 sortis
1965 4996 2075 5035 sua:

486 5061 596 5122 non
626 5047 967 5122 praescius,ei
992 5048 1109 5122 loco
1139 5049 1466 5105 concedebat
1491 5049 2074 5122 innnunitatem,quam

488 5115 605 5185 ipse
629 5115 787 5184 paulo
816 5127 935 5185 post
972 5118 1247 5172 subiturus
1275 5126 1412 5173 erat.
1896 5115 1899 5116 ⁷
1930 5115 1939 5133 τ

563 5184 835 5271 Ejusdem,
870 5187 1165 5271 Childerici
1191 5188 1350 5271 .rcgis
1385 5204 1527 5271 anno
1574 5206 1631 5244 ιιι
1657 5190 1826 5271 felix
1856 5191 2071 5271 quidam

489 5256 774 5292 urpchvtnr
796 5254 1091 5292 Nnnlhqpin
1120 5254 1296 5292 nlslsnI—I
1341 5258 1529 5292 ιωΙΙιιιη
1554 5260 1772 5292 inm-Hm.
1830 5277 1851 5292 ο

2177 3078 2365 3119 eorum
2385 3063 2509 3133 jure
2536 3073 2591 3119 et
2619 3063 2989 3119 dominatione
3013 3064 3079 3117 ad
3105 3063 3376 3131 integrum
3408 3062 3687 3131 recipiant
3712 3064 3777 3117 ad

2175 3153 2582 3223 possidendum,
2619 3162 2675 3208 et
2724 3153 2928 3210 faciant
2971 3153 3168 3209 exinde
3196 3154 3462 3223 quidquid
3512 3153 3653 3209 utile
3700 3162 3778 3208 est

2174 3245 2317 3318 quod
2344 3246 2627 3317 elegerint.
2656 3244 2713 3302 Si
2745 3247 2868 3316 quis
2892 3261 3039 3311 vero,
3073 3247 3215 3315 quod
3244 3244 3490 3299 futnrmn
3518 3260 3649 3301 esse
3674 3261 3775 3300 non

2174 3337 2372 3403 credo;
2404 3336 2447 3394 si
2488 3346 2702 3408 egomet
2733 3337 2868 3408 ipse,
2914 3346 3007 3391 aut
3046 3336 3188 3391 ullus
3220 3338 3291 3392 de
3321 3336 3643 3392 hacredibus
3689 3346 3776 3391 aut

2174 3427 2583 3484 successoribus
2629 3430 2785 3492 meis,
2816 3442 2911 3485 seu
2952 3428 3205 3498 quaelibet
3230 3438 3497 3483 extranea
3544 3442 3776 3499 persona

2175 3519 2337 3576 fuerit
2362 3536 2488 3590 qum
2506 3529 2692 3576 contra
2722 3522 2865 3577 hanc
2882 3521 3226 3577 donationem
3244 3521 3433 3575 venire
3458 3520 3774 3583 tcutarerit,

2172 3617 2265 3663 aut
2295 3624 2417 3664 eam
2444 3610 2739 3681 infringere
2765 3620 2958 3669 conata
2999 3609 3184 3677 fuerit,
3218 3611 3355 3664 iram
3386 3609 3483 3664 Dei
3514 3610 3773 3679 omnipo-

2173 3703 2340 3759 tentis
2377 3717 2603 3759 summa:
2643 3701 2947 3769 majestatis'
2988 3702 3228 3756 incurrat
3287 3710 3342 3755 et
3394 3698 3674 3768 judicium
3727 3703 3777 3753 et

2174 3792 2470 3860 ollensam;
2512 3802 2567 3848 et
2619 3792 2922 3862 cum-ipsis
2968 3792 3172 3847 sanctis
3219 3790 3479 3861 apostolis
3509 3789 3680 3847 Petro
3724 3801 3776 3845 et

2174 3887 2363 3953 Paulo,
2409 3893 2465 3942 et
2514 3896 2705 3942 sancto
2755 3885 3007 3951 Martino,
3055 3893 3352 3954 sanctoque
3400 3884 3652 3947 Bertino,
3689 3885 3774 3941 cui

2173 3981 2341 4051 ipsam
2370 3978 2560 4034 cellam
2591 3978 2979 4049 delcgavimns,
3012 3986 3137 4031 ante
3161 3976 3395 4031 tribunal
3424 3976 3636 4032 Christi
3670 3992 3766 4046 pro

2174 4072 2275 4127 hoc
2297 4070 2529 4126 deducat
2571 4068 2840 4135 rationes;
2868 4077 2923 4124 et
2959 4068 3027 4123 de
3053 4082 3240 4123 eorum
3267 4066 3515 4143 ecclesiis
3542 4081 3763 4124 exarm-

2173 4204 2249 4259 νει
2310 4213 2598 4257 ceterorum
2642 4209 2943 4255 sanctorum
2989 4215 3140 4268 opere
3187 4198 3456 4253 construa‘i
3480 4238 3494 4251 .
3521 4238 3535 4251 .
3563 4238 3580 4251 .
3609 4237 3624 4250 .
3650 4237 3666 4252 .
3707 4196 3772 4251 Et

2176 4273 2550 4343 supplicamus,
2583 4281 2639 4325 ut
2671 4287 2855 4325 nomen
2884 4286 3058 4343 meum
3075 4271 3129 4323 in
3158 4269 3290 4343 libro
3312 4268 3429 4343 vita!
3464 4268 3571 4343 ipsi
3593 4285 3770 4322 sacer.

2104 4321 2150 4380 D
3024 4321 3239 4413 (legunt,
3258 4338 3446 4413 habere
3465 4321 3767 4413 dignentur.

2181 4406 2580 4469 Actum'SitItiu'
2601 4413 2918 4467 monasterio
2952 4406 3154 4479 publice
3176 4425 3268 4479 vul
3300 4406 3422 4461 Kal.
3455 4406 3596 4476 Aug.
3630 4425 3769 4461 αηιιο

2184 4502 2241 4540 ιιι
2277 4482 2420 4554 regni
2444 4483 2624 4554 domui
2654 4482 2836 4554 nostri
2868 4480 3152 4554 Childerici
3194 4478 3572 4554 gloriosissimi
3613 4480 3767 4554 regis.

2185 4545 2404 4625 Signum
2433 4550 2748 4623 Clirodgnrii
2778 4545 3303 4627 illustrant-iii.
3346 4547 3456 4627 ligo
3505 4545 3768 4627 _Ifioradua

2180 4617 2431 4679 diaconus
2480 4617 2694 4697 rogatus
2734 4622 2940 4697 scripsi:
2992 4621 3084 4697 Ex_
3124 4621 3207 4674 his
3238 4617 3434 4697 litteris
3486 4617 3768 4697 discimus,

2181 4711 2289 4766 quo
2318 4688 2558 4766 tempore
2600 4692 2852 4766 Bgertinus
2902 4690 3085 4766 sancti
3119 4690 3348 4766 nomine
3377 4688 3611 4766 donatus
3656 4688 3765 4741 sit:

2180 4758 2613 4835 quandoquidem
2637 4764 2697 4835 in
2729 4763 2845 4835 hac
2864 4762 3094 4830 primum
3121 4758 3530 4835 chartalegitur
3550 4759 3770 4835 de_rno-

2184 4823 2701 4890 uastcrio'Sithiensi
2733 4847 2747 4885 :
2776 4832 2845 4885 ad
2864 4823 3239 4885 monasterium
3272 4823 3467 4889 Sit/tiu,
3503 4827 3643 4897 quod
3690 4838 3764 4880 est

2180 4908 2235 4959 in
2261 4908 2457 4959 honore
2485 4904 2659 4976 sancti
2683 4901 2855 4976 _Petri,
2884 4912 2930 4954 et
2977 4901 3146 4976 sancti
3194 4897 3355 4976 _Prmli
3391 4897 3761 4976 apostolorum,

2181 4988 2226 5031 et
2256 4976 2423 5030 sancti
2474 4973 2713 5032 Martini,
2756 4972 2836 5026 vel
2864 4973 3029 5025 sancti
3061 4969 3261 5023 Bertini
3294 4968 3631 5036 confessoris,
3676 4968 3762 5018 ubi

2178 5050 2287 5115 ipse
2310 5048 2532 5099 domnus
2559 5044 2611 5095 in
2641 5040 3332 5115 ωνρονιξΔιςειῃιὶεδιςὶιη(εις.Δ
3371 5037 3540 5115 l_’orro
3564 5037 3761 5115 .Sitdiu

2180 5105 2523 5178 vocabulum,
2557 5114 2697 5181 quod
2727 5105 2824 5181 pro
2849 5105 3025 5181 Sit/lin
3057 5108 3253 5181 passim
3279 5108 3364 5181 his
3387 5108 3439 5161 in
3470 5107 3609 5162 actis
3632 5105 3763 5176 legi-

2183 5197 2288 5249 tur,
2319 5187 2483 5238 etiam
2511 5178 2974 5237 habeut'Annalcs
2999 5178 3314 5249 Bertiniani.

2254 5244 2365 5292 {Rm
2403 5255 2532 5292 mlitl
2589 5251 2923 5292 ὶνειμο-Λελιηεη
2979 5251 3030 5292 in
3075 5264 3170 5292 sua
3215 5246 3438 5292 lt’lmulr-
3479 5246 3620 5292 Ηὶιι-
3651 5244 3758 5292 LI-
