3982 5292
162 264 292 318 1Ξο9

1504 276 2080 334 (ΖΙΙΑΠΤΠῙΑΒΙΗΜ.

3287 289 3450 366 mo

158 377 420 435 municata
447 387 502 434 et
529 389 783 438 extranea
825 383 1110 452 eﬂiciatur,
1155 403 1222 442 ne
1247 388 1318 448 ibi
1354 390 1549 448 exinde
1583 408 1729 449 com-
1760 400 1801 458 Α
1836 396 2063 454 Domino
2097 400 2204 455 Deo
2231 402 2356 460 Jesu
2387 406 2604 465 Christo
2643 412 2838 467 tradita
2877 412 3169 489 obligavit;
3220 431 3277 477 et
3327 425 3426 481 ob-

154 478 366 538 pareat;
392 481 445 524 et
469 471 686 541 insuper
715 474 910 528 inferat
932 476 1175 545 partibus
1203 479 1368 547 ipsius
1393 484 1729 549 monasterii,

153 570 372 630 cogente
407 560 558 624 fisco,
583 571 796 618 tantum
829 575 885 620 et
922 567 1025 621 alia
1070 577 1300 634 tantum,
1328 581 1586 639 quantum
1619 573 1730 642 ipsa

152 648 279 704 cella
305 658 430 704 tunc
455 654 712 722 temporis
741 655 1054 712 emeliorata
1085 659 1334 728 valuerit,
1365 662 1446 716 vel
1471 674 1730 732 quantum

150 756 244 811 ego
276 741 327 795 in
367 742 469 796 hoc
503 745 698 802 sarculo
731 749 968 804 moriens
1009 751 1366 821 dereliquero,
1390 754 1604 825 duplam
1636 771 1729 826 pe-

148 832 380 894 cuniam,
398 845 655 902 quantum
685 839 795 908 ipsa
822 840 954 896 cella
985 850 1108 896 tunc.
1135 846 1392 916 temporis
1415 847 1729 902 emeliorata

150 921 393 988 valuerit,
422 941 544 980 cum
577 930 829 986 omnibus
880 934 1041 988 rebus
1092 935 1286 990 ibidem
1321 938 1728 1007 aspicientibus,

145 1010 306 1065 multa
338 1027 647 1085 componat,
673 1028 727 1073 et
749 1021 890 1090 quod
915 1024 1111 1093 repetit
1151 1026 1458 1082 cvindicare
1486 1044 1589 1082 non
1631 1044 1728 1082 va-

141 1103 264 1156 t'cat.
318 1103 422 1159 Sed
452 1108 566 1162 lucc
594 1110 833 1176 donatio,
873 1123 930 1168 ut
982 1115 1096 1168 haec
1147 1132 1354 1170 merces
1392 1133 1529 1182 mea,
1582 1118 1728 1172 omni

141 1200 383 1261 tempore
421 1194 572 1249 firma
603 1211 1058 1266 pernianeatcum
1089 1203 1433 1272 stipulatione
1474 1206 1726 1261 subnixa.

210 1302 229 1334 ι
274 1283 471 1339 Actum
503 1286 678 1341 Sitbiu
709 1294 1054 1357 monasterio,
1084 1295 1318 1365 publice,
1346 1312 1436 1350 \‘lll
1472 1295 1588 1350 Kal.
1619 1298 1728 1350 Au-

139 1383 278 1444 gust.
312 1391 457 1432 anno
483 1394 542 1432 ιιι
577 1380 725 1450 regni
759 1382 941 1437 domui
988 1387 1155 1439 nostri
1204 1386 1456 1444 llilderici
1506 1388 1722 1458 gloriosi

139 1467 301 1538 regis.
702 1477 710 1485 '

212 1577 231 1610 t
276 1559 394 1631 Ego
421 1560 569 1617 Felix
594 1565 696 1621 hoc
723 1573 1122 1636 testamentum,
1142 1588 1171 1627 a
1191 1589 1277 1630 me
1301 1573 1526 1645 factum,
1557 1581 1723 1651 relegi

135 1655 188 1702 et
213 1650 532 1721 subscripsi.

1840 497 2063 544 testatus
2089 501 2192 557 est,
2226 504 2284 549 ut
2310 512 2586 566 nunquam
2623 501 2690 556 de
2733 504 2904 560 altera
2940 508 3127 579 stirpe,
3177 525 3275 582 per
3303 529 3424 571 suc-

1830 581 2140 638 cedentium
2171 594 2472 658 temporum
2500 595 2791 661 curricula,
2844 599 2947 668 ipsi
2991 603 3076 658 vel
3125 606 3325 677 quique
3354 624 3424 665 ex

1834 685 2021 726 eorum
2059 678 2314 747 progenie
2332 681 2438 735 orti
2465 697 2644 752 regem
2673 701 2836 757 super
2869 705 2928 746 se
2962 707 3297 762 praesumant
3324 699 3422 756 ali-

1825 776 1940 830 ,quo
1963 765 2122 821 modo
2142 770 2495 839 constituere,
2511 776 2613 832 nisi
2647 779 2711 832 de
2739 773 2926 837 eorum
2943 789 3257 859 propagine,
3285 807 3422 862 quos

1833 859 1888 914 et
1930 853 2108 909 divina
2150 856 2514 928 Providentia,
2545 866 2608 920 ad
2648 853 3422 948 sanctissimam—apostolicam

1825 944 2014 1005 sedem
2040 950 2316 1014 tuendam,
2359 954 2576 1024 eligere,
2627 969 2680 1013 et
2710 975 2808 1028 per
2846 976 2968 1018 eum
3002 944 3250 1024 videlicet
3279 972 3422 1028 vica-

1833 1034 1971 1090 rium
2010 1041 2182 1095 sancti
2223 1042 2392 1108 Petri.
2436 1047 2545 1102 imo
2572 1049 2988 1112 Doniini'nostri
3032 1057 3158 1115 Jesu
3195 1049 3415 1133 Christi,

1830 1122 1884 1177 in
1954 1138 2274 1195 potestatem
2332 1136 2533 1204 regiam
2587 1141 2806 1212 dignata
2865 1156 2948 1202 est
2984 1149 3301 1221 sublimare,
3363 1122 3422 1211 ei

1830 1217 2084 1274 unctione
2113 1225 2481 1281 sacratissima
2521 1245 2864 1289 consecrare.
2912 1237 3090 1308 Atque
3131 1255 3256 1311 post
3285 1217 3419 1301 'hznc

1830 1307 1998 1364 isdem
2024 1311 2262 1379 pontifex
2282 1315 2507 1372 Romam
2528 1322 2798 1390 reversus,
2840 1307 3097 1398 Pippinus
3127 1307 3251 1387 cum
3289 1335 3415 1392 filiis

1829 1401 1942 1461 suis
2017 1404 2180 1458 tutius
2246 1407 2487 1465 Francia:
2554 1419 2930 1475 mouarchiam
3005 1422 3262 1495 deinceps
3331 1437 3418 1484 est

1829 1494 2074 1563 adeptus.

2198 1589 2412 1650 XXXV.
2444 1595 2523 1651 De
2553 1598 2817 1656 Dadberlo
2844 1603 3050 1662 abbate.

1900 1677 2413 1750 Supramemoratus
2443 1699 2624 1745 autem
2661 1693 2962 1754 Dadbertus
2983 1699 3171 1769 abbas,
3198 1709 3259 1758 ut
3281 1704 3419 1760 dixi-

207 1761 226 1792 ‹
274 1741 498 1811 Signum
539 1745 891 1817 Chrodgarii,
939 1749 1184 1808 illustris.
1235 1754 1292 1810 S.
1325 1756 1606 1814 Bimberti.
1656 1759 1714 1816 S.
1748 1766 1796 1826 B
1828 1741 1994 1834 mus,-
2018 1781 2138 1838 post
2191 1772 2542 1834 Nantharium
2583 1781 2798 1837 abbatia
2841 1795 2924 1840 est
2968 1741 3312 1848 subliniatus‘:
3340 1794 3418 1847 De

133 1829 375 1922 deerti.
415 1833 472 1890 S.
497 1835 808 1894 Godoberti.
849 1840 906 1896 S.
938 1842 1230 1904 Gumvvini.
1261 1847 1318 1901 S.
1346 1847 1623 1922 Waningi.
1661 1851 1720 1908 S.

129 1917 438 1977 Guntherti.
463 1923 520 1979 s.
547 1925 828 1981 Chramni.
860 1929 917 1983 s.
952 1931 1142 1986 Erlarii
1171 1934 1306 2004 (62).
1335 1935 1392 1990 s.
1418 1917 1720 1996 Clodbaldi.

127 2010 184 2063 S.
220 2009 520 2069 Clidebaldi
546 2015 680 2087 (65).
724 2017 782 2072 S.
811 2017 1118 2086 Guntharii,
1145 2026 1462 2092 sacerdotis,
1494 2028 1551 2084 S.
1585 2030 1724 2085 Che-

123 2102 341 2157 rewini.
371 2103 428 2158 S.
451 2105 760 2162 Austroaldi
791 2112 1111 2166 centenarii.
1143 2114 1199 2168 S.
1235 2115 1557 2173 'l'heodherti
1585 2121 1717 2194 (64).

201 2212 220 2245 t
269 2195 384 2265 Ego
425 2196 712 2266 Viodarus,
770 2202 1051 2272 diaconus,
1115 2218 1356 2277 rogatus,
1413 2214 1606 2284 scripsi
1665 2226 1721 2272 et

121 2284 441 2357 subscripsi.
488 2308 506 2340 ι

157 2392 400 2450 XXXIV.
436 2397 512 2452 De
554 2411 719 2454 morte
758 2401 1039 2527 H‘ildetl'ici,
1089 2416 1135 2459 et
1174 2410 1416 2464 unctione
1465 2410 1681 2484 Pippini

775 2488 801 2526 e
849 2489 923 2527 cm
948 2491 1064 2527 era.

775 2488 822 2526 ει
849 2488 1038 2528 cratera
1052 2517 1064 2529 .

188 2580 308 2638 Non
339 2586 508 2641 multo
556 2598 677 2657 post
727 2600 909 2646 autem
959 2601 1221 2664 tempore,
1262 2600 1566 2656 antedictus
1619 2619 1715 2659 rex

119 2675 424 2732 liiltlericus
455 2679 580 2734 vitae
605 2682 851 2738 ultimam
875 2685 1134 2741 claudens
1160 2697 1379 2756 metam,
1399 2691 1573 2747 Sithiu
1600 2711 1717 2750 mo-

119 2769 379 2833 nasterio,
407 2770 459 2824 in
495 2772 640 2826 beati
677 2772 883 2828 Bertini
912 2777 1206 2833 tumulatur
1233 2781 1485 2836 ecclesia.
1505 2784 1715 2840 I‘lortuo

119 2872 333 2926 quoque
369 2859 594 2928 praefato
619 2863 813 2919 abbate
847 2865 1166 2935 Nautkario,
1193 2871 1492 2928 Dadbertus
1539 2876 1590 2930 in
1623 2893 1710 2934 re-

117 2949 318 3012 gimine
364 2955 629 3008 successit
654 2957 704 3009 in
729 2957 842 3026 jam
881 2959 1028 3014 dicto
1057 2967 1403 3022 monasterio.
1436 2968 1531 3024 His
1573 2979 1709 3025 tem—

115 3043 339 3108 pan-ibus
373 3043 681 3115 Stephanus
729 3049 1006 3108 Romanus
1045 3057 1308 3124 pontifex,
1345 3075 1444 3128 per
1485 3077 1710 3132 oppres-

1829 1857 1980 1927 cujus
2011 1869 2250 1932 tempore
2281 1866 2354 1920 nil
2393 1868 2444 1920 in
2476 1869 2634 1940 hujus
2672 1879 2986 1931 monasterii
3025 1890 3282 1936 narratur
3320 1899 3417 1954 ge-

1826 1950 1943 2016 stis,
1978 1968 2152 2022 ueque
2189 1970 2255 2009 ex
2285 1957 2641 2026 acquisitione
2687 1963 2946 2033 regalium
2985 1950 3414 2042 privilegiortim,

1825 2059 1999 2113 neque
2043 2047 2093 2098 in
2130 2048 2361 2103 factione
2399 2051 2624 2107 aliarum
2669 2066 2978 2125 cat-tarum,
3022 2062 3118 2117 sed
3158 2077 3334 2134 neque
3360 2066 3417 2119 in

1824 2129 2002 2204 ai.qua
2037 2136 2193 2207 hujus
2223 2143 2454 2197 emtiubii
2490 2145 2739 2200 utilitate.
2772 2146 2968 2205 Nescio
2995 2167 3176 2207 annon
3212 2157 3416 2225 permi-

1822 2227 1952 2282 serit
1984 2226 2219 2285 brevitas
2244 2232 2384 2297 vitte,
2415 2250 2482 2287 an
2513 2235 2653 2291 forte
2681 2238 2749 2291 ab
2788 2238 2878 2294 illo
2921 2243 3185 2311 acquisita
3213 2258 3418 2314 praece-

1822 2317 2064 2374 dentituu
2102 2333 2409 2378 uestrorum
2442 2326 2550 2380 sint
2577 2328 2785 2383 incuria
2810 2329 3072 2401 neglecta.

1820 2435 2060 2510 XXXVI.
2107 2438 2184 2492 De
2225 2457 2522 2496 successore
2568 2443 2852 2510 Dadberli,
2901 2445 3188 2500 Ilnrdrado
3232 2447 3416 2502 abbate

1893 2507 1960 2586 [et
1988 2510 2052 2586 de
2079 2527 2376 2586 successore
2406 2513 2634 2582 Pippini,
2677 2507 2898 2586 Carolo,
2920 2516 3034 2585 ﬁlia
3062 2518 3210 2586 ejus,
3234 2529 3282 2572 et
3305 2519 3418 2586 pri-

1889 2579 2070 2648 vilegio
2100 2583 2238 2650 quod
2269 2579 2516 2636 concessit
2547 2586 2668 2640 huic
2689 2584 2850 2658 loco].
2885 2579 2893 2583 ν
2920 2579 2931 2585 ⁷
3082 2579 3100 2586 ⁷
3195 2579 3206 2583 ⁷
3283 2618 3288 2624 ο

1889 2670 2164 2726 Dadberto
2207 2690 2422 2744 quoque
2463 2675 2574 2743 jam
2613 2678 2756 2733 dicto
2803 2693 2832 2732 a
2881 2681 3078 2735 sacculo
3125 2681 3414 2754 migrante,

1817 2759 2128 2815 IIat‘tII'azltts
2162 2766 2212 2817 in
2241 2765 2458 2819 abbatia
2492 2769 2771 2832 successit,
2804 2770 2887 2824 vir
2913 2770 3138 2842 insignis
3162 2772 3212 2826 in
3243 2773 3415 2829 extol—

1817 2851 1971 2907 Icut'la
2025 2857 2339 2910 monastcrLi
2377 2858 2460 2912 sui
2511 2857 2793 2929 dignitate.
2837 2860 3002 2929 Cujus
3040 2862 3191 2918 labor
3233 2872 3288 2918 et
3331 2865 3414 2918 in-

1815 2943 2022 2998 dustria
2071 2947 2240 3002 euitet
2298 2948 2352 3002 in
2406 2950 2609 3017 eartis,
2670 2967 2789 3022 qua:
2843 2953 3106 3011 hactenus
3152 2957 3251 3012 sub
3297 2956 3416 3026 ejus

1815 3043 1956 3109 apud
1994 3057 2091 3096 nos
2137 3056 2536 3099 conservantur
2565 3049 2848 3102 memoria.
2897 3049 3030 3104 Nam
3072 3065 3224 3116 cum,
3257 3055 3414 3106 dece-

115 3133 324 3188 δίοηειη
356 3145 560 3190 sanctae
590 3139 863 3206 Ecclesim’
907 3159 936 3198 a
969 3159 1093 3214 rege
1120 3124 1462 3205 ml.0ciss'imo
1500 3124 1572 3206 c'l'
1595 3150 1710 3209 ωξι,
1738 3124 1784 3186 C
1816 3132 1975 3186 dente
2019 3134 2244 3203 praefato
2275 3151 2400 3206 rege
2431 3137 2656 3206 Pippiuo
2676 3178 2691 3203 ,
2725 3138 2950 3194 Carolus
2978 3140 3118 3196 filius
3153 3141 3270 3210 ejus
3290 3181 3305 3206 ,
3338 3141 3411 3196 illi

112 3225 338 3292 sphemo
360 3235 418 3282 et
445 3244 546 3284 nec
584 3230 810 3289 dicendo
839 3233 1129 3304 llatstulfo,
1162 3241 1227 3295 ad
1251 3241 1506 3299 domuum
1531 3244 1711 3317 Pippi-

112 3335 238 3373 num
293 3321 446 3377 venit
494 3323 549 3378 in
611 3324 863 3393 Francia,
923 3329 1012 3384 ubi
1070 3335 1351 3403 :egrotavit
1403 3352 1573 3406 usque
1640 3342 1707 3393 ad

111 3421 364 3481 mortem,
392 3424 448 3472 et
467 3418 669 3472 mansit
688 3419 895 3488 aliquot
919 3432 1128 3491 tempus
1155 3427 1295 3493 apud
1325 3442 1520 3498 pagum
1553 3430 1704 3484 Pari-

109 3502 360 3571 siacum,
418 3506 471 3560 in
523 3510 812 3566 venerabili
868 3514 1200 3568 monasterio
1241 3518 1410 3572 sancti
1452 3522 1708 3587 martyris

108 3596 592 3656 CbristiDionisii.
640 3603 717 3657 De
766 3619 874 3672 quo
917 3604 1030 3674 jam
1084 3607 1277 3663 medici
1329 3609 1706 3680 desperarent,

109 3693 285 3748 subito
312 3693 623 3750 interventu
668 3695 836 3765 ipsius
864 3698 1006 3754 beati
1054 3701 1332 3771 martyris,
1369 3717 1468 3771 per
1508 3705 1710 3759 revela-

107 3784 331 3850 tionem,
356 3771 580 3842 curatus
599 3797 703 3853 est,
728 3797 787 3842 ut
811 3789 980 3859 ipsius
1001 3791 1144 3845 beati
1173 3793 1445 3860 pontificis
1477 3805 1708 3852 testatur

104 3875 353 3943 epistola,
384 3893 503 3946 qua:
533 3880 696 3932 etiam
722 3882 860 3950 apud
895 3897 990 3936 nos
1013 3881 1152 3936 beati
1186 3884 1426 3956 Dyonisii
1451 3889 1704 3950 passione

109 3976 320 4024 tenetur
347 3970 574 4025 inserta.
622 3973 677 4026 ln
709 3988 814 4042 qua
846 3974 1181 4030 revelatione
1227 3975 1294 4030 ab
1345 3977 1463 4048 ipso
1501 3977 1704 4034 Christi

108 4068 348 4131 martyre
375 4062 685 4118 admonitus
721 4073 829 4128 est,
859 4072 915 4118 ut
947 4064 1246 4135 principale
1279 4067 1407 4122 illud
1437 4068 1612 4123 altare
1647 4069 1702 4124 in

107 4160 419 4208 sanctorum
455 4155 824 4224 apostolorum
855 4155 1000 4211 Petri
1032 4167 1087 4212 et
1110 4158 1262 4214 Pauli
1293 4161 1567 4217 dedicaret
1602 4163 1699 4218 ho-

107 4259 258 4310 nore,
284 4246 379 4314 qui
410 4247 574 4301 etiam
603 4246 652 4300 ei
677 4263 801 4301 cum
824 4249 1048 4318 prtefato
1070 4261 1330 4323 martyre,
1349 4253 1400 4307 in
1421 4254 1532 4324 jam
1557 4255 1699 4310 dicta

105 4348 474 4406 apparuerunt
519 4340 746 4396 visione.
781 4343 883 4408 Qui
931 4359 1054 4398 mox
1093 4361 1323 4416 surgens
1366 4363 1532 4404 sanus
1563 4350 1701 4406 indi-

105 4429 245 4481 cavit
291 4430 404 4499 regi
435 4432 692 4499 praedicto
721 4430 944 4502 Pippiuo
991 4445 1046 4488 et
1087 4437 1199 4490 suis
1235 4439 1609 4506 optimatibus,
1645 4455 1699 4496 et

104 4517 346 4588 implevit
373 4522 553 4574 omnia
581 4537 701 4590 quae
733 4521 910 4578 fuerat
937 4524 1140 4594 jussus.
1171 4527 1269 4593 Qui
1303 4527 1502 4592 Christi
1543 4534 1699 4589 robo-

104 4622 255 4666 ratus
313 4614 554 4681 virtute,
612 4617 756 4672 inter
805 4618 1221 4674 celebrationem
1272 4625 1699 4680 consecrationis

103 4703 312 4769 prtefati
349 4703 539 4760 altaris
574 4717 628 4762 et
662 4707 989 4764 oblationem
1033 4702 1388 4766 sacratissimi
1417 4715 1694 4779 sacrificii,

102 4795 258 4849 unxit
306 4795 363 4850 in
409 4812 591 4868 regem
635 4799 968 4856 Francorum
1011 4802 1326 4872 praedictum
1372 4804 1694 4861 florentissi-

103 4901 251 4941 mum
284 4903 469 4959 regem
499 4891 782 4962 Pippinum
813 4903 868 4948 et
897 4895 1032 4950 duos
1079 4897 1219 4951 filios
1248 4895 1385 4964 ejus,
1437 4899 1694 4974 Carolmn

101 4987 157 5032 et
175 4979 626 5037 Carlomannum.
651 4983 758 5039 Sed
796 4994 850 5039 et
875 5001 1100 5042 uxorem
1148 4988 1316 5056 ipsius
1348 4989 1515 5044 incliti
1548 4991 1698 5060 prin-

104 5067 236 5136 cipis
270 5068 486 5139 Pippini
518 5073 734 5128 nomine
771 5073 1150 5140 Berthradam,
1185 5076 1422 5131 inclitam
1455 5081 1695 5150 cycladi-

103 5156 202 5212 hus
231 5161 422 5230 regiis,
453 5165 622 5231 gratia
649 5164 980 5235 septiformis
1021 5168 1256 5240 Spiritus
1297 5170 1488 5236 sancti,
1519 5173 1571 5226 in
1602 5172 1695 5226 Dei

106 5252 326 5292 numina
382 5254 712 5292 onncimmrit
782 5269 922 5292 qnnn
957 5258 1253 5292 ῐὶη...ς.ιῐιυιι
1306 5258 1695 5292 ἕιιηηη..ηιεη.ι’,.

1815 3223 2147 3280 Francorum
2179 3227 2568 3298 gloriosissime
2591 3232 2942 3286 successisset
2968 3232 3018 3285 in
3053 3247 3238 3301 regno,
3267 3249 3412 3288 anno

1816 3315 2108 3372 Dominiczc
2157 3319 2548 3374 incarnationis
2596 3335 2898 3388 DCCLXVI”,
2947 3324 3202 3392 praefatus
3243 3324 3410 3379 abbas

1806 3408 1916 3477 jam
1949 3409 2150 3464 dictum
2181 3412 2370 3466 adiens
2399 3427 2580 3482 regem
2620 3414 2904 3479 Carolum,
2949 3416 3156 3484 rogavit
3184 3416 3302 3471 haec
3340 3417 3409 3472 ab

1813 3500 1903 3554 illo
1949 3502 2093 3571 regia
2127 3503 2450 3558 auctoritate
2480 3504 2709 3570 firmari,
2750 3520 2870 3574 quae
2905 3515 3279 3561 antecessores
3322 3507 3407 3560 sui

1812 3594 2084 3665 regalibus
2114 3595 2410 3665 privilegiis
2434 3611 2592 3651 sacro
2621 3597 2749 3652 huic
2778 3597 2895 3651 loco
2920 3598 3018 3651 visi
3045 3597 3258 3652 fuerant
3277 3613 3408 3652 cou-

1812 3688 2062 3743 donasse.
2114 3688 2267 3755 Quod
2314 3690 2483 3744 isdem
2533 3691 3022 3746 excellentissimus
3073 3706 3164 3747 rex
3209 3706 3407 3762 magna

1809 3781 2142 3849 benignitate
2192 3781 2594 3851 complectens,
2642 3783 2835 3837 devote
2866 3784 3191 3852 complevit,
3242 3792 3300 3838 tit
3350 3783 3405 3839 id

1812 3871 1986 3940 ipsimi
2021 3872 2198 3942 regale
2240 3871 2661 3938 ﬁrmamentum,
2692 3889 2814 3928 cum
2843 3874 3002 3943 sigilli
3031 3873 3148 3943 ejus
3172 3875 3403 3946 impres-

1809 3965 1984 4029 sione,
2013 3965 2170 4019 nobis
2200 3965 2466 4020 hactenus
2500 3965 2576 4020 ita
2606 3964 2882 4036 patefecit.

1961 4076 2224 4132 XXXVII.
2256 4078 2546 4148 Exemplar
2575 4079 2809 4150 ejusdem
2841 4080 3094 4151 privilegii
3124 4081 3260 4152 (65).
3372 4157 3373 4160 η

1877 4171 2110 4226 Karolus
2153 4171 2326 4240 gratia
2363 4171 2456 4225 Dei
2500 4184 2594 4225 rex
2640 4171 3004 4237 Francorum,
3037 4172 3123 4226 vir-
3149 4172 3399 4229 inluster.

1807 4262 1864 4318 Si
1913 4262 2054 4318 facta
2104 4272 2513 4318 antecessorum
2564 4271 2874 4319 nostrorum
2926 4279 3110 4334 regum
3142 4267 3286 4335 quod
3333 4267 3398 4319 ad

1805 4357 1920 4412 loca
1971 4365 2283 4410 sanctorum
2333 4357 2705 4425 praestiterunt
2734 4356 2819 4411 vel
2857 4367 3270 4423 concesserunt,
3304 4372 3400 4440 per

1729 4483 1777 4540 υ
1805 4450 2006 4504 nostris
2054 4447 2292 4502 oraculis
2338 4447 2759 4513 confirmamus,
2811 4448 2954 4518 regia
3007 4447 3399 4502 consuetudine

1803 4557 2140 4601 exercemus,
2167 4550 2222 4594 et
2249 4540 2407 4593 nobis
2429 4539 2496 4592 ad
2522 4533 2732 4593 laudem
2749 4533 2844 4594 vel
2869 4539 3220 4594 stabilitatem
3245 4539 3394 4608 regni

1803 4631 1976 4684 nostri
2029 4631 2082 4682 in
2129 4629 2220 4682 Dei
2270 4629 2488 4682 nomine
2533 4630 2806 4698 pertinere
2847 4627 3185 4682 confidimus.
3231 4627 3400 4698 Igitur

1801 4720 2128 4774 venerabilis
2147 4720 2228 4772 vir
2251 4718 2567 4774 Ilartlradus
2587 4721 2725 4774 abba
2749 4721 2814 4773 de
2838 4719 3172 4773 monasterio
3197 4717 3396 4785 Sithiu,

1801 4813 1888 4882 qui
1921 4821 2006 4867 est
2037 4812 2088 4865 in
2112 4827 2248 4882 pago
2279 4810 2637 4877 Tervauiuse,
2669 4813 2720 4864 in
2755 4811 2958 4866 honore
2985 4819 3188 4866 sanctm
3216 4811 3400 4868 Maria:

1803 4904 2084 4974 genitricis
2119 4904 2328 4958 Domini
2361 4904 2531 4959 nostri
2556 4903 2678 4957 Jesu
2712 4901 2937 4969 Christi,
2968 4918 3178 4958 necnon
3201 4912 3255 4958 et
3275 4920 3402 4960 sau-

1804 4995 1872 5048 cti
1906 4993 2048 5050 Petri
2079 5003 2134 5047 et
2162 4992 2312 5046 Pauli
2340 4991 2705 5063 apostolorum
2737 4990 2812 5043 vel
2837 5002 3146 5049 ceterorum
3176 4993 3404 5050 domno-

1805 5105 1922 5142 rum
1969 5095 2282 5145 sanctorum
2329 5093 2706 5147 constructus,
2747 5083 2812 5137 ad
2858 5083 3103 5143 nostram
3138 5088 3410 5147 accedens

1804 5182 2147 5252 prmsentiam
2169 5180 2469 5233 clementia:
2495 5179 2643 5248 regni
2668 5177 2837 5232 nostri
2862 5175 3152 5253 suggessit,
3176 5191 3240 5231 eo
3264 5187 3413 5248 quod

2063 5285 2179 5292 -...-..
2213 5269 2359 5292 ...ιιι-..ξ
2396 5268 2564 5292 ..ηρ-..εί
2602 5281 2751 5292 ..Αιι-ΛΠ
2792 5268 2852 5292 ,ῘΑ
2905 5281 3083 5292 -..-..Λη
3115 5274 3296 5292 Λιι-ισιιη
3329 5289 3342 5292 -
3378 5275 3414 5292 _I
