3982 5292
148 308 279 363 iii?»

413 423 542 479 XLI.
576 424 859 487 Exemplar
886 424 1119 494 ejusdem
1146 422 1437 491 emptionis.

208 512 339 583 (Jul.
381 514 527 583 776.)
567 534 585 566 ι
628 515 851 568 Ι)οωὶηο
899 513 1187 569 venerabili
1237 513 1354 566 viro
1400 512 1452 565 in
1495 510 1713 565 Christo

144 604 440 667 llardrado,
469 606 649 660 abbati
688 606 754 660 de
780 605 1106 660 monasterio
1135 605 1344 668 Sithiu,
1391 613 1551 673 atque
1595 616 1711 657 em-

142 695 297 765 ptori.
324 694 433 765 Ego
457 695 818 763 Waldbertus,
850 698 1109 758 venditor,
1145 712 1240 763 per
1270 696 1408 750 hanc
1435 693 1714 765 epistolam

138 786 459 840 venditionis
485 799 694 843 constat
722 804 807 842 me
833 803 936 841 non
974 787 1290 855 imaginario
1308 787 1452 855 jure,
1477 785 1570 839 sed
1593 798 1717 853 pro-

139 876 265 946 pria:
289 876 578 933 voluntatis
603 877 845 941 arbitrio,
879 880 1032 933 vobis
1060 880 1138 933 vel
1171 879 1499 933 monasterio
1536 887 1718 932 vestro

142 963 315 1019 Sithiu
344 968 666 1031 vendidisse,
702 977 754 1021 et
784 969 856 1021 ila
897 969 1105 1022 vendidi
1145 977 1199 1020 et
1233 968 1297 1022 de
1324 966 1572 1036 prmsettti
1604 974 1716 1019 tra-

140 1056 278 1120 didi,
308 1056 411 1112 hoc
440 1066 550 1124 est,
582 1073 793 1113 omnem
826 1074 937 1114 rem
978 1059 1335 1129 possessionis
1378 1073 1543 1121 more,
1585 1057 1718 1111 duas

138 1158 322 1218 partes
353 1150 407 1205 in
436 1150 554 1207 loco
579 1161 924 1222 nuneupante
953 1152 1006 1206 in
1038 1150 1483 1221 Loningaheimo,
1504 1150 1555 1203 in
1582 1162 1719 1218 pago

140 1238 497 1306 Bononiense,
527 1241 578 1296 id
602 1251 703 1307 est,
732 1251 837 1295 tam
867 1241 1043 1305 terris,
1068 1241 1289 1305 mansis,
1318 1240 1546 1296 castitiis
1568 1253 1720 1291 man-

140 1331 337 1400 cipium
384 1331 439 1397 I,
482 1334 698 1387 nomine
740 1333 1079 1397 Blidinarus,
1120 1350 1239 1388 cmn
1271 1332 1417 1388 omni
1455 1330 1635 1386 etnika
1666 1342 1721 1388 et

139 1418 395 1489 peculiari
438 1436 564 1484 suo;
604 1422 807 1489 pratis,
840 1421 1036 1491 sylvis,
1068 1423 1312 1491 pascuis,
1357 1420 1716 1486 communiis;

140 1509 342 1577 perviis
389 1518 443 1564 et
470 1510 830 1579 vailriscapis;
861 1512 1039 1564 omnia
1082 1521 1134 1563 et
1172 1525 1236 1564 ex
1278 1511 1561 1573 onmibus,
1605 1525 1719 1564 rem

140 1600 543 1670 inexquisitam,
582 1611 748 1656 totum
776 1604 841 1656 ad
872 1603 1163 1671 integrum,
1194 1604 1294 1657 hoe
1322 1603 1475 1656 vobis
1501 1602 1582 1657 vel
1609 1618 1723 1657 mo-

141 1691 379 1743 nasterio
404 1700 585 1745 vestro
615 1690 810 1755 Sithiu,
852 1710 881 1745 a
914 1692 997 1745 die
1036 1694 1307 1761 praesenti,
1338 1692 1530 1757 vendo,
1566 1693 1720 1747 trado

1484 302 2066 362 CHARTULARIUM.

1744 425 1788 483 Α
1819 434 2004 485 unum,
2032 419 2174 487 quod
2204 418 2396 472 exinde
2425 417 2491 470 ad
2515 416 2672 470 aliam
2704 431 2815 471 rem
2848 414 3114 469 reservavi
3143 416 3208 470 ad
3240 416 3381 470 intc-

3244 306 3379 373 I2”

1815 525 1969 580 grum
2002 527 2014 563 :
2050 509 2101 562 id
2124 518 2206 562 est
2237 518 2345 562 tam
2371 508 2546 569 terris,
2588 507 2809 571 mansis,
2842 506 3090 570 castitiis,
3120 506 3380 569 aediliciis,

1815 597 2039 667 campis,
2074 595 2257 667 sylvis,
2312 597 2499 665 pratis,
2549 596 2786 665 pascuis,
2817 596 3158 660 communiis,
3187 596 3384 665 perviis

1815 696 1870 741 et
1900 686 2272 755 wadriscapis.
2315 685 2505 741 Omnia
2533 696 2587 740 et
2610 701 2675 739 ex
2704 686 2973 752 omnibus,
3000 702 3114 740 rem
3138 686 3379 754 inexquiv

1814 776 1973 832 sitam
2012 786 2180 832 totum
2219 779 2284 830 ad
2334 776 2621 846 integrum,
2650 777 2752 830 hoc
2790 776 2943 831 vobis
2984 775 3069 830 vel
3133 776 3387 846 praedicto

1816 868 2146 929 monasterio
2175 883 2203 923 a
2228 868 2314 921 die
2344 868 2593 937 prtesenti
2623 868 2814 932 vendo,
2846 867 3000 921 trado
3030 875 3190 936 atque
3210 874 3388 921 trans-

1816 960 1975 1013 lirmo
2004 957 2389 1028 perpetualiter
2417 958 2483 1011 ad
2535 957 2937 1027 possidendum.
2969 954 3122 1010 Unde
3150 955 3329 1025 accepi
3357 970 3389 1009 a

1818 1052 1971 1106 vobis
2002 1046 2067 1104 de
2107 1066 2165 1105 re
2191 1050 2504 1105 monasterii
2560 1051 2745 1114 vestri,
2778 1066 2877 1120 pro
2900 1050 3013 1120 jam
3044 1050 3185 1105 dicta
3231 1065 3312 1111 re.
3336 1049 3390 1103 in

1818 1144 1997 1215 pretio
2021 1152 2202 1199 taxato
2230 1143 2313 1199 vel
2336 1144 2483 1209 dato,
2514 1144 2566 1198 in
2596 1158 2705 1214 quo
2728 1145 2855 1199 mihi
2885 1144 3022 1200 bene
3044 1143 3391 1215 complacuit,

1820 1238 1920 1293 hoc
1936 1244 2040 1301 est,
2056 1236 2195 1290 inter
2215 1252 2401 1291 aurum
2418 1245 2471 1291 et
2487 1245 2766 1307 argentum
2792 1235 2990 1292 solidos
3003 1253 3031 1291 c
3051 1245 3287 1303 tantum;
3319 1236 3393 1291 ita

1820 1339 1881 1383 ut
1903 1330 1970 1383 ab
1995 1330 2095 1383 hac
2112 1328 2195 1383 die
2217 1328 2320 1383 hoc
2338 1328 2603 1393 habeatis,
2626 1329 2853 1385 teneatis
2877 1338 3038 1399 atque
3052 1330 3391 1399 possidentis,

1818 1422 1905 1476 vel
1951 1420 2208 1490 quidquid
2248 1420 2441 1475 exinde
2466 1420 2643 1476 facere
2661 1421 2959 1487 volueritis,
3013 1421 3257 1476 habeatis
3301 1435 3396 1490 po-

1821 1520 2070 1566 testatem
2094 1510 2159 1565 ad
2194 1510 2519 1565 faciendum.
2553 1510 2611 1565 Si
2644 1511 2767 1580 quis
2791 1525 2940 1577 vero,
2987 1511 3128 1581 quod
3157 1510 3397 1566 futurum

1820 1615 1940 1657 esse
1976 1615 2080 1654 non
2126 1600 2319 1666 credo;
2342 1601 2386 1655 si
2414 1615 2512 1671 ego
2535 1600 2648 1671 ipsa
2683 1609 2777 1654 aut
2826 1600 2969 1655 ullus
3001 1601 3068 1656 de
3099 1600 3399 1657 heredibus

1823 1708 1885 1747 ac
1900 1706 1995 1761 pro
2020 1690 2323 1745 incredibus
2335 1691 2488 1756 meis,
2521 1688 2605 1757 vel
2626 1688 2878 1760 quaelibet
2908 1690 3011 1745 alia
3034 1704 3264 1761 persona
3281 1701 3401 1758 quae

141 1788 301 1848 atque.
369 1780 677 1834 transﬁrmo
744 1782 1126 1852 perpetualiter
1189 1783 1253 1835 ad
1314 1782 1717 1850 possidendum.
1749 1765 1795 1826 Β
1824 1792 2010 1841 contra
2040 1784 2179 1837 hanc
2199 1782 2562 1837 venditionem
2584 1783 2769 1837 venire
2783 1780 3033 1848 voluerit,
3062 1789 3291 1836 auteam
3321 1780 3403 1833 in-

142 1866 295 1925 Undc
321 1870 503 1940 accepi
528 1888 556 1924 a
587 1871 737 1926 vobis
765 1872 828 1926 de
856 1874 1017 1927 rebus
1059 1872 1370 1927 monasterii
1397 1873 1585 1935 vestri,
1625 1888 1724 1941 pro

135 1959 243 2028 jam
279 1960 420 2013 dicta
454 1977 541 2022 re,
591 1961 762 2027 pretio
812 1970 993 2015 laxato
1022 1962 1105 2015 vel
1151 1961 1301 2022 dato,
1350 1961 1401 2014 in
1446 1975 1552 2029 quo
1594 1960 1723 2015 mihi

140 2052 277 2109 bene
308 2052 648 2122 complacuit,
682 2054 782 2108 hoc
806 2064 912 2119 est,
947 2056 1085 2108 inter
1110 2072 1299 2108 aurum
1341 2065 1397 2109 et
1422 2065 1721 2125 argentum,

137 2143 341 2197 solidos
369 2160 429 2198 cc
456 2152 693 2211 tantum;
729 2145 802 2199 ita
831 2154 910 2210 ιιι,
940 2146 1007 2199 ab
1036 2147 1137 2199 hac
1168 2146 1270 2209 die,
1302 2147 1468 2215 ipsam
1505 2162 1613 2199 rem
1640 2162 1727 2201 su-

138 2235 328 2303 perius
358 2236 707 2303 nominatam,
750 2252 866 2300 vos,
900 2236 982 2290 vel
1024 2252 1372 2291 successores
1402 2237 1597 2297 vestri,
1636 2237 1728 2291 ha-

139 2325 334 2389 beatis,
365 2326 592 2379 teneatis
612 2366 625 2389 ,
662 2335 819 2394 atque
864 2326 1199 2395 possidentis,
1233 2327 1314 2380 vel
1343 2327 1601 2396 quidquid
1630 2342 1727 2380 ex-

142 2413 266 2466 inde
298 2412 474 2467 facere
504 2412 800 2481 volueritis,
832 2414 1055 2470 liberam
1099 2418 1148 2469 iu
1191 2416 1441 2471 omnibus
1488 2416 1733 2470 habeatis

140 2511 466 2572 potestatein
488 2504 554 2558 ad
584 2504 904 2560 faciendum.
932 2506 988 2560 Si
1014 2507 1134 2577 quis
1157 2524 1301 2569 vero,
1329 2508 1470 2576 quod
1493 2507 1730 2561 futurum

145 2608 265 2646 esse
293 2608 401 2647 non
432 2595 629 2659 credo,
664 2595 707 2650 si
736 2606 949 2667 egomet
985 2598 1099 2668 ipse
1126 2607 1215 2651 aut
1247 2598 1384 2653 ullus
1416 2600 1481 2653 de
1507 2598 1733 2653 ha:redi~

144 2681 245 2736 bus
272 2692 368 2736 aut
397 2684 797 2752 prolueredihus
847 2687 1001 2755 meis,
1037 2688 1119 2742 vel
1150 2689 1401 2758 quzelibet
1435 2689 1537 2744 ulla
1568 2704 1731 2760 oppo-

145 2773 247 2831 sita
295 2789 556 2842 persona;
596 2793 715 2847 quze
758 2788 942 2833 contra
974 2779 1114 2836 hanc
1143 2782 1501 2837 venditionem
1547 2782 1733 2837 venire

146 2866 408 2931 voluerit,
458 2877 551 2922 aut
592 2884 710 2924 eam
755 2870 1046 2941 infringere
1076 2875 1381 2939 conaverit;
1426 2884 1482 2929 et
1509 2875 1555 2930 si
1586 2889 1616 2928 a
1649 2890 1733 2928 me

145 2957 231 3013 vel
262 2958 662 3014 ab.h:credibus
691 2962 823 3016 meis
852 2962 1069 3019 defensa
1099 2980 1204 3018 non
1237 2964 1426 3028 fuerit,
1460 2976 1570 3018 tum
1602 2965 1733 3019 inle-

148 3064 331 3103 ramus
367 3050 538 3113 vobis,
568 3063 793 3121 cogente
837 3054 999 3121 ﬁsco,
1038 3065 1244 3111 tantum
1288 3068 1341 3115 et
1383 3056 1486 3112 alia
1523 3066 1730 3112 tantum

144 3153 410 3213 quantum
441 3161 469 3199 a
503 3147 654 3202 vobis
689 3149 1022 3218 accepimus,
1056 3150 1136 3206 vel
1166 3161 1422 3219 quantum
1462 3150 1573 3219 ipsa
1610 3164 1733 3219 por-
1761 3129 1806 3191 (ἶ

149 3236 222 3288 tio
273 3245 403 3291 tunc
453 3239 708 3309 temporis
752 3240 1065 3297 emcliorata
1110 3241 1365 3306 valuerit;
1416 3250 1469 3295 et
1517 3241 1737 3311 insuper

146 3326 362 3395 tluplam
413 3330 694 3397 pecuniam
724 3340 943 3387 coactus
968 3332 1245 3401 exsolvat,
1286 3341 1336 3387 et
1368 3332 1508 3401 quod
1541 3332 1737 3402 repetit

145 3420 461 3486 evindicare
507 3437 610 3476 non
651 3422 852 3487 valeat;
890 3425 982 3479 sed
1014 3424 1126 3478 haec.
1153 3425 1390 3478 venditio
1417 3424 1561 3478 omni
1598 3434 1734 3478 tem-

148 3522 279 3578 pore
306 3510 465 3565 ﬁrma
495 3520 809 3580 permaneat
831 3530 951 3569 eum
986 3514 1333 3583 stipulatione
1364 3513 1612 3569 subnixa.

224 3621 243 3654 ι
271 3603 467 3658 Actum
500 3603 672 3658 Sithiu
704 3606 1031 3660 monasterio
1061 3605 1288 3675 publice.

223 3711 243 3745 ι
278 3694 475 3749 Datum
505 3695 555 3749 in
590 3712 772 3752 mense
805 3694 979 3761 Julio,
1023 3713 1166 3751 anno
1212 3714 1305 3752 vnt
1359 3698 1507 3769 regni
1555 3696 1736 3753 domui

152 3786 323 3847 nostri
357 3786 536 3840 Caroli
570 3786 941 3859 gloriosissimi
974 3790 1135 3858 regis.

226 3895 243 3925 ι
278 3875 503 3945 Signum
546 3876 838 3941 Walbet'li,
887 3880 977 3949 qui
1024 3880 1161 3934 lianc
1212 3878 1571 3935 ventlilionem
1622 3877 1737 3933 ﬁeri

154 3971 380 4035 rogavit.

228 4078 245 4107 ι
278 4059 501 4129 Signum
526 4057 830 4115 Trndtnar-i.
857 4061 1004 4131 Sign.
1031 4062 1243 4134 Bugini.
1270 4061 1423 4132 Sign.
1448 4060 1736 4132 Randgeri.

154 4148 307 4218 Sign.
345 4153 587 4208 Udmari.
619 4153 767 4222 Sign.
799 4154 1082 4209 Ermnulﬁ.
1113 4156 1264 4226 Sign.
1297 4155 1617 4225 Winidgeri.

232 4260 249 4293 ί
278 4243 391 4312 Ego
418 4243 677 4298 llenricus
707 4246 965 4301 diaconus
994 4247 1182 4315 scripsi
1214 4255 1269 4301 et
1297 4247 1608 4315 subscripsi.
1645 4266 1664 4299 ι

427 4334 582 4388 XLII.
615 4333 768 4399 Quod
790 4345 836 4389 et
867 4335 1234 4407 Fresingeltem
1259 4338 1459 4390 emerit.

227 4422 371 4478 Emit
399 4434 452 4479 et
482 4424 639 4478 aliam
674 4433 873 4480 terram
900 4426 1085 4481 solidis
1113 4442 1173 4490 c,
1216 4426 1430 4479 nomine
1461 4425 1741 4494 Fresinge-

1829 1878 2061 1946 fringere
2082 1873 2507 1945 praesumpserit,
2556 1872 2846 1927 inferamus
2875 1873 3026 1927 vobis
3055 1873 3137 1928 vel
3184 1887 3403 1927 succes-

1827 1969 2040 2024 soribus
2086 1968 2303 2031 vestris,
2354 1976 2582 2037 cogente
2631 1966 2783 2030 ﬁsco,
2838 1975 2982 2019 tanta
3022 1975 3076 2020 et
3110 1966 3212 2019 alia
3258 1972 3406 2019 tanta

1827 2070 2089 2130 quantum
2121 2075 2150 2112 a
2186 2059 2339 2114 vobis
2366 2058 2693 2127 accepimus,
2721 2057 2803 2113 vel
2837 2066 3097 2126 quantum
3138 2058 3253 2127 ipsa
3281 2072 3407 2128 por—

1832 2150 1905 2204 tio
1938 2158 2065 2203 tunc
2111 2148 2368 2218 temporis
2418 2146 2730 2203 emeliorata
2785 2147 3044 2212 valuerit;
3082 2156 3135 2203 et
3188 2148 3408 2216 insuper

1833 2241 2045 2310 duplam
2092 2242 2378 2311 pecuniam
2424 2249 2645 2295 coactus
2684 2240 2942 2305 exsolvat,
2968 2240 3183 2309 etquod
3213 2240 3409 2309 repetit

1830 2334 2138 2388 evindicare
2173 2348 2276 2386 non
2306 2332 2518 2396 valeat;
2577 2332 2669 2386 sed
2702 2332 2814 2385 hate
2838 2332 3073 2387 venditio
3098 2334 3249 2386 lirma
3279 2346 3406 2399 pcr-

1834 2435 2052 2479 maneat
2076 2440 2195 2479 cum
2227 2424 2571 2493 stipulatione
2594 2424 2840 2477 subnixa.

1908 2538 1926 2571 ι
1963 2518 2156 2572 Actum
2191 2516 2365 2572 Sithiu
2404 2517 2728 2571 monasterio
2756 2516 2985 2586 publice.

1910 2628 1929 2661 ‹
1962 2611 2092 2664 Data
2116 2610 2167 2663 in
2192 2624 2377 2665 mense
2396 2608 2576 2672 Iunio,
2609 2609 2695 2663 die
2722 2625 2775 2672 x,
2799 2624 2941 2662 anno
2964 2624 3032 2661 xx
3062 2608 3209 2679 regni
3232 2606 3410 2661 domui

1834 2701 2002 2757 nostri
2034 2701 2214 2755 Caroli
2244 2700 2460 2770 gloriosi
2486 2700 2649 2769 regis.

1912 2814 1930 2845 ι
1962 2793 2188 2863 Signum
2239 2792 2626 2863 Sigebertanm,
2681 2808 2801 2861 qua:
2858 2790 2997 2845 hanc
3051 2789 3413 2844 venditionem

1834 2882 1951 2937 ﬁcri
1979 2883 2201 2953 rogavit.

1910 2996 1929 3029 ι
1965 2976 2192 3047 Signum
2244 2975 2563 3031 Hildeberti.
2613 2973 2767 3044 Sign.
2814 2972 3080 3043 Snelgeri.
3119 2972 3270 3044 Sign.
3305 2971 3417 3025 iiii-

1839 3072 1987 3128 dulli.
2021 3072 2135 3143 Sig.
2171 3069 2497 3142 Regenbari.
2529 3070 2681 3138 Sign.
2721 3067 3000 3123 llildtnari.
3032 3065 3181 3135 Sign.
3221 3063 3415 3118 Madal-

1839 3162 1926 3218 lci.
1976 3162 2125 3233 Sign.
2186 3160 2360 3216 Baini.
2415 3162 2565 3229 Sign.
2596 3158 2902 3215 Guntherti.
2947 3156 3059 3226 Ego
3094 3153 3415 3216 Gerbaldus,

1838 3253 2116 3313 diaconus.
2148 3255 2338 3323 scripsi
2366 3262 2423 3307 et
2446 3251 2761 3320 subscripsi.
2809 3269 2827 3301 ι

1841 3342 2018 3398 XLIV.
2042 3343 2119 3397 De
2148 3342 2393 3397 Odlamlo
2422 3341 2606 3394 abbate
2647 3350 2696 3393 et
2731 3337 2995 3409 privilegio
3032 3333 3211 3390 Caroli
3255 3333 3412 3403 reg’s.

1911 3433 2037 3487 Haec
2085 3434 2151 3485 ad
2201 3430 2585 3485 monasterium
2634 3428 2808 3482 Sithiu
2865 3424 3107 3497 prasdicti
3153 3422 3417 3477 liardradi

1840 3526 2051 3581 abbatis
2085 3523 2272 3578 labore
2306 3522 2558 3583 adducta,
2584 3519 2847 3575 decedens
2878 3534 2907 3572 a
2950 3515 3162 3579 saeculo,
3211 3513 3415 3570 Odlan-

1839 3620 1991 3681 dum,
2033 3614 2275 3669 bonitate
2297 3622 2353 3666 et
2376 3610 2640 3680 sapientia
2682 3608 3031 3679 coaequalem,
3061 3606 3164 3662 sibi
3189 3606 3241 3660 in
3267 3604 3415 3674 regi-

1840 3711 1986 3766 mine
2012 3705 2326 3763 monasterii
2347 3703 2558 3771 reliquit
2582 3715 2947 3756 successorem
2978 3697 3115 3769 (67),
3138 3712 3281 3751 anno
3307 3695 3417 3749 Do-

1840 3803 1973 3857 mini
2016 3800 2138 3862 798,
2185 3798 2339 3867 cujus
2370 3795 2544 3849 laudis
2599 3792 2860 3847 memoria
2886 3791 3027 3861 apud
3055 3802 3154 3843 nos
3178 3784 3418 3840 manebit

1842 3895 1894 3947 iu
1928 3890 2144 3947 szecula.
2180 3888 2302 3951 llic,
2330 3887 2473 3941 inter
2503 3884 2710 3954 reliqua
2739 3897 2860 3952 qua:
2897 3879 3084 3950 gessit,
3113 3892 3295 3948 regem
3322 3891 3418 3931 su-

1839 3980 2204 4052 prascriptum
2228 3976 2483 4032 Carolum
2512 3974 2723 4038 adiens,
2759 3972 3080 4041 deprecatus
3102 3976 3187 4024 est
3213 3966 3415 4038 regiam

1838 4067 2253 4133 sublimitatem,
2301 4076 2362 4121 ut
2414 4063 2738 4121 concederet
2789 4060 3078 4117 abbatibus
3128 4057 3418 4115 Sithiensis

1840 4160 2074 4217 emnobii
2120 4159 2346 4230 ejusque
2368 4155 2703 4219 hominibus,
2733 4153 2785 4208 in
2815 4153 2977 4208 totius
3003 4151 3235 4206 abbatis:
3257 4147 3422 4220 sylvis

1840 4254 2182 4310 venationem
2244 4264 2521 4307 exercere.
2577 4248 2731 4317 Quod
2785 4245 3275 4301 excellentissimus
3325 4256 3419 4296 rex

1839 4345 2168 4409 concedens,
2194 4341 2359 4413 regali
2391 4342 2553 4397 etiam
2581 4338 2857 4409 privilegio
2891 4334 3260 4397 conﬁrmavit;
3286 4346 3422 4402 prte-

1842 4436 2048 4505 eipiens
2104 4443 2163 4489 ut
2188 4432 2364 4487 nullus
2407 4432 2488 4486 eis
2526 4444 2797 4499 quoquam
2850 4436 3093 4496 tempore
3121 4422 3190 4477 ob
3220 4421 3423 4475 hocin-

159 4510 305 4583 hem,
336 4531 367 4568 a
397 4516 625 4583 quadam
655 4515 902 4581 muliere,
944 4517 1160 4571 nomine
1190 4515 1466 4586 Sigeborta
1486 4554 1500 4581 ,
1546 4532 1739 4571 secun-
1771 4498 1817 4557 Ι)
1843 4498 2029 4581 [absus
2062 4538 2184 4580 esse
2223 4498 2593 4591 pmsumerei,
2621 4517 2714 4573 sed
2763 4516 2831 4570 ad
2867 4530 2997 4569 usus
3036 4511 3206 4581 ipsius
3229 4523 3421 4562 ηιοηςι-

162 4602 285 4657 dum
318 4604 458 4661 hanc
481 4616 705 4661 eartam.

696 4695 875 4750 XLIII.
901 4695 1203 4766 Exemplar.

234 4785 323 4855 (ιο
345 4784 475 4839 Jun.
505 4787 651 4857 788.)
678 4807 695 4838 t
740 4788 947 4842 Domno
998 4788 1291 4841 venerabili
1322 4788 1375 4843 in
1410 4786 1624 4842 Christo
1646 4801 1740 4857 pa-

161 4883 228 4949 tri
285 4878 582 4944 llardrado,
634 4881 813 4937 abbati
868 4882 934 4935 de
978 4881 1305 4936 monasterio
1348 4880 1544 4940 Sithiu.
1576 4890 1739 4949 atque

158 4971 411 5040 emptori.
445 4972 555 5042 Ego
600 4970 902 5043 Sigeberta,
934 4972 1219 5036 venditrix,
1252 4988 1349 5041 per
1380 4973 1517 5026 hanc
1541 4972 1740 5042 epistoo

162 5063 267 5120 Iam
294 5065 621 5121 venditionis
642 5074 853 5121 constat
876 5082 981 5130 tne,
1013 5082 1115 5120 non
1141 5065 1459 5135 imaginario
1478 5062 1622 5130 jure,
1647 5065 1741 5119 sed

162 5157 375 5178 ..ι-...ωε⁴
410 5157 492 5178 -...I
519 5166 679 5178 ,μγ--.α
717 5157 922 5178 ..ριειμεε
978 5158 1126 5178 -.AL_-_
1159 5157 1237 5178 ..ΑΙ
1264 5170 1369 5178 ..-ΝΑ
1395 5157 1426 5178 12
1450 5164 1518 5178 -I...
1558 5172 1710 5178 --_._....

1844 4617 1997 4672 sterii
2046 4615 2246 4676 Sithiu,
2278 4612 2345 4665 ad
2389 4610 2603 4666 codices
2646 4604 3034 4677 contegendos,
3067 4600 3148 4654 vel
3179 4600 3424 4654 manicas

1842 4717 1900 4763 et
1935 4721 2102 4761 zonas
2149 4704 2443 4767 faciendas,
2491 4701 2761 4756 licentiam
2821 4698 3084 4752 haberent
3115 4690 3167 4744 in
3193 4690 3425 4760 propriis

1844 4798 2013 4870 sylvis
2034 4797 2375 4851 venationem
2410 4808 2686 4849 exercere.
2718 4788 2871 4856 Quod
2906 4781 3247 4857 privilegium
3280 4781 3426 4849 regia

1846 4890 2171 4947 auctoritate
2212 4887 2505 4946 ﬁrmatum,
2558 4883 2610 4937 id
2650 4884 2825 4951 ipsum
2866 4880 2941 4934 ita
2966 4879 3218 4935 testatur,
3244 4870 3433 4927 hacte-

1845 4998 1946 5038 nus
1975 4980 2115 5052 apud
2143 4994 2260 5040 nos,
2289 4993 2412 5031 cum
2434 4973 2609 5044 sigillo
2630 4969 2821 5042 regali,
2850 4974 3147 5028 servatum.

1847 5075 2007 5133 XLV.
2042 5071 2332 5142 Exemplar
2369 5068 2621 5142 privilegii
2661 5066 2849 5142 curati
2895 5065 3032 5138 regis
3072 5058 3135 5110 de
3169 5060 3451 5117 venatione

2437 5135 2573 5174 oulnh
2583 5155 2638 5174 νη
2647 5156 2691 5174 ιη
2721 5135 2817 5174 (RQ
2829 5153 2842 5172 ι
