3982 5292
574 330 712 390 1215

1605 331 1925 404 FOLQUINI
1964 336 2023 390 s.
2066 313 2342 390 ιιιςιιτιΝι
2377 322 2684 389 ιιοΝΑοιιι

3686 316 3819 372 1⁸Ξί5

574 434 892 505 eratannus
937 447 1141 518 praefati
1199 448 1336 521 regis
1370 448 1547 506 Caroli
1585 430 1832 517 suismet
1868 451 2141 523 regiminis
2169 461 2216 518 Α
2244 449 2374 506 dare
2420 448 2502 504 vel
2551 445 2913 503 transsolvere
2964 443 3292 508 debeamus;
3338 448 3395 495 et
3449 437 3628 494 aliubi
3654 438 3821 507 ipsam

569 543 683 612 jam
735 542 860 596 dicti
917 542 1128 597 abbatis
1178 558 1269 607 ut,
1334 537 1548 612 quidam
1594 545 1840 610 clericus,
1874 546 2146 603 Deodatus

574 638 817 699 nomine,
850 649 935 688 res
958 635 1312 703 possessionis
1340 651 1470 703 suae,
1503 647 1724 707 accepto
1749 639 1945 707 pretio,
1967 638 2145 694 eidem

578 722 777 785 abbati,
813 723 879 777 ad
901 738 1035 792 opus
1082 725 1397 779 monasterii
1464 727 1543 780 sui
1573 726 1774 792 Sitbiu,
1821 730 2061 784 vendidit
2090 730 2143 785 in

575 810 709 866 locis
762 811 848 867 his
906 814 1213 870 nominibus
1270 819 1608 888 nuncupatis,
1660 819 1712 874 in
1755 820 2034 888 Sanctum,
2089 822 2146 897 in

574 900 758 966 Asciu,
788 916 950 971 super
983 901 1143 959 ﬂuvio
1170 903 1453 972 Widolaci,
1483 916 1537 961 et
1566 908 1616 962 in
1647 908 1955 977 Fresinnio,
1983 928 2147 985 super

575 990 740 1047 ﬂuvio
770 993 1058 1063 Capriuno,
1108 996 1237 1069 etin
1297 997 1699 1068 liiidwaldcurt,
1730 1012 1784 1057 et
1810 1004 1862 1057 in
1888 1003 2146 1073 Louasto,

575 1095 737 1149 snper
783 1081 941 1138 fluvio
1000 1082 1440 1161 Abbunfontana,
1496 1105 1547 1143 ιιι
1586 1104 1723 1161 pago
1771 1091 2143 1151 Tarvanensc.

570 1164 703 1223 Hmc
753 1171 959 1227 omnia
988 1172 1055 1227 ad
1091 1188 1222 1229 usus
1272 1175 1498 1230 fratrum
1540 1179 1800 1240 vendidit.
1858 1191 2017 1252 atque
2053 1200 2150 1255 per

575 1261 908 1317 venditionis
984 1271 1189 1318 cartam
1245 1270 1664 1335 transhrmavr‘t;
1715 1286 1833 1340 quae
1893 1273 2147 1343 praefatus

574 1353 748 1408 abbas
804 1355 1064 1412 Otlandus
1108 1357 1178 1412 ad
1224 1354 1667 1415 vestimentorum
1736 1345 1963 1419 fratrum
2020 1383 2143 1423 mox

575 1457 708 1497 usus
754 1438 1055 1515 delegavit:
1078 1446 1132 1500 in
1158 1461 1222 1502 ea
1251 1448 1503 1504 videlicet
1547 1451 1778 1517 ratione,
1812 1463 1871 1507 ut
1897 1454 2009 1509 haec
2034 1457 2147 1526 ipse

576 1534 867 1601 Deodatus,
886 1539 1011 1591 dum
1041 1538 1337 1602 adviveret,
1363 1554 1460 1609 per
1477 1542 1781 1610 precariam
1810 1544 2058 1610 haberet,
2081 1563 2148 1603 ac

576 1630 699 1692 post
720 1638 880 1680 suum
909 1625 1114 1681 obitum
1138 1628 1452 1684 emeliorata
1496 1632 1678 1687 omnia
1713 1633 1780 1688 ad
1799 1631 1916 1703 jam
1941 1636 2145 1695 dictum

577 1721 977 1770 reverterentur
1000 1718 1407 1774 monasterium.
1430 1720 1431 1723 “

815 1807 1043 1912 ’Χινιι
1078 1846 1361 1920 Exemplar
1379 1850 1539 1921 hujus
1566 1852 1885 1912 traditionis.

645 1983 704 2055 (3
726 1984 858 2054 Aug.
890 1985 1041 2058 800.)
1068 2005 1087 2038 ‹
1124 1988 1424 2046 Venerabili
1450 1992 1501 2047 in
1524 1992 1742 2050 Christo
1771 1996 1911 2066 patri
1937 1996 2140 2054 Odlan-

574 2077 668 2143 do,
694 2078 874 2132 abbati
919 2080 986 2135 de
1030 2084 1359 2139 monasterio
1405 2083 1605 2151 Sithiu,
1628 2085 1713 2143 vel
1746 2089 1891 2144 omni
1917 2105 2147 2162 congre-

573 2168 777 2236 gationi
826 2167 1053 2224 fratrum
1114 2181 1418 2227 vestrorum
1467 2174 1666 2231 ibidem
1710 2179 2143 2248 consistentium,

577 2272 680 2326 ego
715 2258 980 2315 Deodatus
1029 2256 1283 2330 clericus,
1330 2274 1601 2335 peccator,
1642 2268 1769 2324 dum
1809 2278 1864 2325 et
1897 2274 2148 2329 omnibus

575 2362 681 2415 non
731 2358 814 2404 est
851 2350 1205 2420 incognitum,
1228 2354 1459 2423 qualiter
1489 2371 1575 2412 res
1602 2361 1962 2428 possessionis
1992 2379 2145 2431 mete,

577 2437 629 2491 in
690 2438 820 2495 locis
869 2444 1308 2510 nuncupantibus
1368 2445 1420 2500 in
1474 2444 1753 2517 Sanctum,
1789 2459 1843 2506 et
1880 2452 1933 2507 in
1960 2454 2143 2521 Ascio,

573 2544 736 2599 super
770 2529 931 2585 ﬂuvio
968 2531 1251 2600 Widolaci,
1284 2544 1339 2590 et
1367 2536 1421 2590 in
1467 2537 1771 2607 Fresinnio,
1801 2556 1965 2611 super
1983 2543 2147 2598 ﬂuvio

572 2619 869 2691 Capriuno,
917 2632 974 2679 et
1021 2623 1430 2693 llildtvaldcurt,
1486 2638 1542 2682 et
1592 2628 1644 2683 in
1685 2629 1942 2697 Lonasto,
1984 2648 2148 2703 super

569 2713 732 2770 ﬂuvio
776 2714 1213 2785 Abbunfuutana,
1241 2718 1296 2773 in
1356 2734 1494 2791 pago
1534 2721 1920 2779 Tarvanense:
1957 2726 2144 2793 idest,

570 2804 625 2859 in
652 2806 924 2875 praedictis
946 2807 1099 2875 locis,
1130 2818 1238 2864 tam
1270 2811 1449 2875 terris,
1492 2814 1716 2879 mansis,
1739 2816 1985 2882 castitiis,
2017 2818 2148 2872 tedi-

571 2894 709 2949 ticiis
731 2903 787 2949 et
809 2896 1093 2953 ecclesiam
1123 2900 1294 2954 sancti
1318 2899 1554 2968 Martini,
1576 2918 1697 2972 qua:
1724 2912 1808 2959 est
1830 2914 2143 2962 constructa

571 2983 627 3037 in
648 2985 856 3042 honore
882 2987 1051 3042 iusius
1081 2989 1321 3057 praedicti
1378 2992 1581 3045 domini
1608 3001 1664 3047 et
1689 2996 1865 3050 sancti
1902 2994 2142 3064 Martini,

571 3075 626 3129 in
649 3092 762 3144 tam
810 3078 955 3134 dicto
981 3078 1120 3145 loco,
1147 3082 1348 3136 sanctis
1377 3096 1468 3136 seu
1509 3083 1757 3139 ecclesiis
1780 3086 2022 3156 reliquis,
2047 3104 2145 3144 seu

2246 553 2363 594 rem
2412 554 2511 593 nec
2550 538 2699 601 dare,
2746 551 2844 590 nec
2896 535 3143 597 vendere,
3186 547 3286 587 nec
3330 538 3822 591 eommutare,nec

2247 629 2566 702 naufragare
2597 628 2928 700 pontiﬁcium
2982 641 3087 681 non
3138 626 3388 700 habeam,
3416 636 3526 678 nee
3551 619 3822 691 possessio

2248 737 2368 778 mea
2397 722 2592 776 nullam
2622 736 2687 776 ex
2709 721 2812 775 hoc
2841 720 3161 774 calumniam
3190 729 3457 788 generare
3480 728 3594 768 non
3618 711 3820 781 possit;

2246 815 2351 870 nisi
2374 823 2602 880 tantum,
2646 822 2706 869 ut
2746 812 2947 868 dictum
2975 821 3080 878 est,
3130 805 3368 882 quandiu
3403 806 3699 863 advixero,
3730 816 3821 869 pro

2246 914 2429 962 vestro
2473 905 2736 961 beneﬂcio
2785 904 3109 976 possideam,
3157 911 3212 957 et
3250 909 3372 971 post
3401 912 3592 953 meum
3619 894 3822 955 obitum

2247 1004 2408 1067 atque
2432 994 2623 1051 dchac
2667 994 2787 1049 luce
2829 982 3146 1057 discessum,
3192 1004 3393 1046 omnes.
3418 985 3822 1057 suprascriptas

2246 1101 2352 1149 res,
2379 1086 2580 1154 absque
2605 1085 2763 1140 ullius
2791 1084 3191 1146 contrarietate,
3222 1096 3339 1146 vos,
3361 1080 3447 1135 vel
3474 1090 3823 1133 successores

2248 1175 2449 1247 vestri,
2471 1170 2618 1230 a'die
2648 1175 2897 1245 praesenti
2929 1174 2995 1228 ad
3019 1174 3302 1243 integrum,
3332 1169 3586 1238 recipere
3618 1165 3822 1219 faciatis

2245 1265 2632 1336 perpetualiter
2675 1266 2742 1320 ad
2798 1264 3197 1336 possidendum.
3269 1261 3337 1316 Et
3387 1261 3508 1315 bzec
3563 1256 3822 1327 praecari:

2247 1338 2393 1410 omni
2456 1366 2697 1426 tempore
2746 1355 2899 1411 arma
2940 1362 3250 1429 permaneat
3295 1367 3422 1409 cum
3470 1347 3824 1430 stipulatione

2245 1445 2500 1500 subnixa.

2327 1580 2347 1616 ι
2373 1562 2568 1617 Actum
2595 1560 2808 1617 Sanclis
2831 1560 3063 1633 publice.

2323 1670 2344 1706 ι
2375 1650 2567 1706 Datum
2590 1651 2643 1706 in
2675 1666 2858 1707 mense
2887 1650 3149 1722 Augusto,
3175 1666 3259 1705 ore
3279 1663 3362 1713 ιιι,
3386 1660 3537 1702 anno
3561 1656 3724 1699 unt
3748 1655 3825 1696 re-

2248 1742 2337 1814 gni
2364 1743 2537 1798 nostri
2564 1742 2743 1798 domui
2765 1741 2940 1799 Caroli
2974 1740 3343 1814 gloriosissimi
3367 1738 3538 1810 regis.

2177 1808 2225 1870 Β
2253 1808 2277 1814 “
2326 1847 2346 1882 ι
2383 1829 2608 1909 Signum
2638 1830 2880 1899 Deodati,
2921 1808 3011 1907 qui
3040 1830 3178 1885 banc
3207 1808 3531 1900 pnecarian:
3580 1824 3706 1880 ﬁeri
3745 1837 3830 1879 ro-

2245 1931 2598 2083 μϊιέῑειιιιιιι
2624 2012 2810 2084 David,
2839 2011 2933 2067 lilii
2960 2009 3075 2081 eius
3103 2009 3516 2075 consentientis.

2324 2118 2342 2152 ι
2378 2099 2601 2173 Signum
2656 2099 2940 2157 Guntardi.
2992 2097 3143 2172 Sign.
3200 2098 3450 2153 llerradi.
3509 2096 3676 2171 Sign.
3725 2095 3831 2149 Wi-

2231 2175 2617 2271 gmariaSigu.
2642 2192 2962 2248 Eremberti.
2986 2190 3286 2263 Sign..item
3316 2189 3654 2244 Eremberti.
3680 2188 3826 2258 Sign.

2247 2280 2490 2356 Egelulfi.
2523 2281 2675 2353 Sign.
2705 2280 2958 2352 Bigfridi.

2321 2389 2341 2423 ι
2373 2371 2485 2442 Ego
2510 2371 2563 2427 in
2593 2371 2689 2427 Dei
2733 2371 2970 2436 nomine,
3024 2370 3377 2435 Guutbcrtus,
3416 2367 3687 2447 indignus
3721 2365 3831 2420 diae

2246 2475 2434 2528 conus,
2466 2460 2657 2518 scripsi
2680 2468 2735 2517 et
2760 2460 3076 2533 subscripsi.
3110 2481 3127 2512 ι

2245 2591 2475 2653 XLVIII.
2514 2591 2594 2647 De
2630 2592 2809 2650 labore
2852 2594 3086 2663 ejusdem
3144 2592 3377 2649 Odlandi
3425 2593 3645 2647 abbatis
3692 2591 3829 2645 circa

2838 2664 3013 2719 villam
3035 2664 3250 2718 Arecas.

2318 2792 2491 2863 Hujus
2525 2804 2705 2850 autem
2758 2796 2970 2852 abbatis
3021 2796 3251 2854 Odlandi
3294 2795 3451 2851 labor
3479 2806 3539 2851 et
3566 2794 3829 2851 industria

2244 2886 2482 2942 maxime
2508 2886 2678 2942 enitet
2702 2887 2754 2942 in
2784 2887 2908 2942 villa
2929 2903 3048 2957 qua:
3094 2887 3294 2943 dicitur
3311 2888 3544 2953 Arecas,
3568 2902 3696 2958 quae
3720 2896 3831 2943 erat

2247 2990 2352 3030 una
2378 2977 2444 3032 de
2468 2977 2860 3047 principalibus
2882 2979 3111 3034 abbatiae
3138 2977 3414 3043 membris,
3447 2962 3707 3046 quani-et
3730 2976 3826 3030 sibi

2245 3066 2430 3124 sedem
2458 3069 2667 3132 statuit,
2690 3069 2946 3140 omnique
2986 3068 3267 3124 nobilitate
3307 3056 3655 3124 nobilitavit.
3691 3068 3831 3122 Basi-

570 3165 828 3235 quidquid
872 3167 941 3222 ad
981 3167 1094 3236 jam
1139 3168 1340 3224 dictum
1389 3170 1563 3225 locum
1608 3172 1823 3228 Sanctis
1861 3186 2139 3245 aspectum
2167 3162 2213 3224 Ο
2246 3158 2513 3229 ιίοειιηειυο
2539 3160 2670 3214 mihi
2703 3160 2755 3214 in
2804 3161 3007 3217 δοηοτε
3047 3161 3220 3217 ⁸²¹¹⁰ιί
3245 3160 3464 3216 "amni
3497 3160 3826 3221 ⁰⁰⁸³⁵⁸Γ¹¹ῙῘίυ

567 3252 653 3306 vel
698 3254 996 3325 subjectum
1038 3271 1157 3313 esse
1200 3258 1452 3325 videtur,
1486 3260 1568 3316 vel
1615 3262 1836 3332 reliquis
1874 3266 2146 3334 prasdictis

568 3340 729 3409 locis;
792 3345 1065 3414 mancipia
1136 3361 1260 3402 cum
1316 3350 1462 3403 omni
1520 3352 1842 3417 ethuikeet
1887 3356 2144 3425 peculiari

568 3448 756 3489 eorum
805 3438 1032 3507 campis,
1089 3439 1274 3510 sylvis,
1318 3443 1511 3510 pratis,
1569 3446 1802 3515 pascuis.
1851 3450 2052 3519 perviis
2090 3460 2147 3507 et

568 3525 938 3596 vvadriscapis,
955 3530 1112 3598 aquis
1134 3545 1467 3600 aquarumve
1491 3533 1827 3604 decursibus,
1844 3538 2142 3609 farinariis,

568 3614 905 3685 adjacentiis,
953 3622 1303 3691 appenditiis,
1331 3623 1489 3680 cultis
1517 3635 1571 3682 et
1594 3627 1831 3695 incultis,
1879 3633 2060 3687 omnia
2089 3644 2146 3689 et

567 3724 638 3764 ex
662 3710 911 3766 omnibus
930 3713 1188 3791 quidquid
1206 3715 1309 3768 dici
1337 3716 1424 3770 vel
1448 3718 1713 3774 nominari
1735 3729 1936 3789 potest,
1967 3738 2142 3792 quan-

569 3809 900 3873 tumcunque
928 3804 983 3860 in
1025 3805 1297 3875 praedictis
1322 3808 1455 3866 locis
1480 3826 1599 3866 mea
1630 3812 1730 3867 fuit
1760 3816 2031 3883 possessio
2057 3818 2144 3873 vel

566 3892 885 3960 dominatio,
915 3905 1024 3951 tam
1055 3896 1123 3957 de
1144 3897 1298 3955 alode
1321 3909 1606 3969 parentum
1630 3902 1871 3959 meorum
1901 3921 2062 3976 quam
2088 3917 2144 3963 et

565 3980 636 4037 de
683 3995 999 4055 comparato
1046 4001 1141 4043 seu
1198 3989 1266 4044 de
1306 3991 1643 4057 concambio,
1695 3993 1780 4047 vel
1816 3995 1881 4049 de
1906 3995 2145 4064 quolibet

566 4078 827 4141 attracto,
855 4076 923 4130 ad
952 4091 1039 4131 me
1084 4077 1291 4150 legibus
1323 4082 1567 4137 noscitur
1608 4087 1949 4153 pervenisse;
1979 4085 2143 4142 fabri-

565 4167 784 4219 caturas
809 4167 1181 4237 ecclesiarum,
1210 4188 1343 4227 auro
1377 4184 1728 4247 argentoque,
1756 4177 2036 4249 drappalia
2059 4180 2144 4235 di-

566 4264 738 4307 versae
783 4253 937 4312 faciei
979 4257 1061 4312 vel
1092 4260 1310 4328 speciei,
1353 4260 1522 4318 libros
1565 4263 1832 4333 diversos,
1860 4268 1945 4323 vel
1973 4269 2140 4339 quid-

564 4341 691 4411 quid
714 4342 769 4398 in
793 4349 1175 4418 suprascriptis
1196 4352 1447 4409 omnibus
1468 4353 1601 4411 locis
1626 4355 1871 4427 aspicere
1890 4359 2136 4429 videtur;

563 4433 744 4488 omnia
789 4445 845 4491 et
888 4451 955 4491 ex
1003 4440 1277 4508 omnibus,
1319 4458 1434 4499 rem
1474 4445 1876 4517 inexquisitam,
1905 4450 1977 4505 ad
1999 4451 2136 4508 inte-

2244 3252 2403 3322 eujus
2431 3252 2619 3322 templi
2653 3268 2796 3308 nunc
2833 3252 3008 3308 solum
3059 3251 3407 3307 fundamenta
3447 3251 3828 3306 tantummodo

2243 3356 2303 3397 se
2354 3342 2595 3412 praebent
2642 3342 2813 3399 oculis
2865 3344 3218 3409 intuentium;
3267 3345 3699 3415 constituitque,
3756 3344 3826 3397 uti

2245 3433 2296 3488 hi
2325 3442 2590 3491 testantur
2617 3451 2847 3506 quorum
2904 3436 3273 3507 progenitores
3310 3446 3365 3492 et
3389 3452 3631 3492 avorum
3658 3436 3743 3491 avi
3778 3436 3828 3490 in

2244 3526 2608 3595 suprascripta
2648 3525 2772 3579 villa
2805 3525 3022 3580 fuerant
3053 3524 3425 3589 mansionarii,
3459 3534 3525 3578 ut
3567 3523 3708 3578 inibi
3737 3525 3830 3577 bc-

2242 3614 2597 3671 bdomadibus
2626 3615 2872 3687 singulis,
2899 3616 3138 3685 quinque
3171 3629 3241 3670 ex
3258 3614 3435 3669 sancti
3476 3613 3699 3669 Bertini
3719 3627 3828 3668 mo-

2242 3706 2507 3772 nasterio,
2566 3706 2897 3777 totidemque
2943 3721 3011 3761 cx
3051 3706 3224 3761 sancti
3272 3704 3606 3769 Audomari,
3635 3703 3707 3758 ad
3728 3716 3831 3758 ser-

2242 3796 2494 3852 viendum
2538 3796 2766 3851 Domino
2795 3796 3184 3866 deputarentur
3203 3793 3474 3850 monachi.
3522 3794 3605 3849 Ibi
3645 3794 3827 3857 etiam,

2240 3888 2385 3957 quod
2407 3887 2656 3943 mirabile
2698 3888 2899 3943 nostris
2930 3888 3192 3949 hactenus
3232 3892 3577 3941 monstratur
3620 3893 3824 3954 tempo-

2243 3980 2414 4045 ribus,
2466 3978 2831 4036 molendinum
2866 3980 2995 4035 fecit
3025 3980 3241 4034 volvere
3262 3977 3419 4047 aquis
3451 3986 3654 4032 contra
3677 3990 3825 4030 mou-

2243 4077 2349 4124 tem
2378 4070 2741 4134 currentibus,
2785 4070 3170 4138 constituitque
3210 4078 3270 4122 ut
3308 4066 3490 4122 nullus
3545 4065 3825 4121 hominum

2244 4159 2608 4215 molendinum
2656 4170 2813 4215 extra
2881 4160 3057 4216 locum
3096 4158 3210 4228 jam
3249 4160 3454 4215 dictum
3502 4168 3827 4215 construere

2241 4258 2609 4321 praesumeret.
2628 4249 2782 4317 Quod
2808 4249 2877 4305 ad
2897 4251 3186 4306 utilitatem
3211 4248 3534 4304 monasterii
3563 4246 3749 4303 Sithiu
3762 4246 3824 4299 ad

2243 4352 2452 4414 tempus
2477 4342 2576 4397 fuit
2602 4350 3007 4398 conservatum.
3038 4341 3209 4411 Hujus
3255 4348 3438 4394 autem
3470 4339 3699 4395 abbatis
3722 4337 3822 4392 tale

2244 4433 2415 4489 fertur
2452 4434 2616 4489 fuisse
2669 4434 2964 4504 ingenium,
3008 4441 3068 4487 ut
3121 4440 3303 4502 posset
3341 4431 3537 4486 audire
3598 4432 3820 4486 auribus

561 4538 741 4594 grum,
762 4527 916 4583 vobis
940 4544 1037 4599 per
1061 4532 1386 4590 venditionis
1431 4536 1668 4603 titulum,
1692 4548 1913 4609 accepto
1935 4542 2132 4612 pretio,

2251 4538 2346 4593 quo
2381 4539 2519 4593 aqua
2550 4521 2809 4578 deﬂueret
2856 4538 2954 4593 per
2998 4522 3201 4577 inscios
3252 4522 3610 4592 occultosque
3664 4532 3818 4576 terra

561 4615 809 4673 ecclesia:
845 4629 1056 4688 vestrae,
1111 4639 1143 4678 a
1184 4625 1271 4681 die
1310 4630 1559 4695 praesenti
1617 4631 1956 4700 transﬁrmo;
1992 4635 2043 4689 in
2070 4650 2134 4690 ea

561 4719 696 4764 vero
749 4710 980 4774 ratione,
1003 4720 1077 4768 ut
1111 4732 1199 4771 res
1225 4727 1435 4773 cuncta:
1463 4721 1710 4790 superius
1732 4724 2135 4792 comprehensae

561 4799 631 4853 ad
657 4814 795 4869 opus
839 4804 1226 4862 monachorum
1284 4808 1336 4862 in
1379 4811 1636 4880 pracdicto
1681 4814 2012 4869 monasterio
2049 4814 2136 4870 Si-

562 4890 680 4946 thiu
735 4892 1042 4963 degentium
1091 4900 1411 4957 vestimenta
1470 4912 1873 4973 comparentur,
1916 4905 1969 4960 id
2021 4914 2131 4973 est,

559 4980 792 5040 (ir-133523
819 4985 886 5040 ad
911 4985 1169 5040 kamisias
1214 4992 1357 5040 uler
1396 4994 1655 5040 marinas-
1689 5011 1808 5040 num.
1836 4995 1993 5040 vnlsm
2019 4995 2131 5040 har-

2241 4624 2468 4669 meatus.
2526 4614 2664 4669 Sunt
2691 4623 2746 4669 et
2794 4615 2901 4669 alia
2955 4614 3351 4684 quamplurima
3385 4614 3560 4685 ipsius
3600 4614 3817 4669 laudum

2235 4706 2525 4776 prteconia,
2579 4720 2698 4775 quae
2758 4707 2811 4760 in
2845 4705 3184 4762 saecularium
3238 4715 3535 4761 versantur
3555 4720 3679 4769 ora;
3705 4720 3818 4773 qua:

2234 4801 2357 4855 idco
2389 4798 2475 4856 hic
2503 4801 2825 4866 omittimus,
2871 4815 2937 4855 ne
2968 4798 3361 4869 negligentibus
3403 4797 3704 4852 videantur
3725 4814 3814 4851 su-

2235 4890 2460 4962 perﬂua.
2513 4891 2829 4963 [Postquam
2882 4890 3158 4947 Odlaudus
3210 4888 3379 4943 abbas
3428 4889 3590 4942 annis
3641 4887 3812 4942 ferme

2235 4997 2428 5037 novem
2456 4995 2574 5035 sum
2588 4982 2815 5037 vixisset
2843 4978 3348 5040 administrationis,
3387 4977 3538 5032 exuit
3559 4977 3810 5040 fragilem
