3982 5292
134 288 274 340 l9.”

1488 281 1618 334 CIIA
1631 277 2040 334 [ιιύωιιιωι

3276 282 3409 353 ιειε

126 423 236 476 que
257 405 462 475 praefati
486 404 659 460 Caroli
695 419 853 456 xxxix
897 401 1028 468 (69),
1062 399 1349 470 praailictns
1371 413 1584 468 quoque
1607 396 1720 467 glo-
1750 407 1797 464 Α
1829 403 2090 464 regnante
2135 394 2334 450 domno
2367 402 2565 450 nostro
2593 394 2788 453 Carolo
2816 395 3204 465 gloriosissimo
3258 415 3404 473 rege,

125 499 311 553 riosus
357 513 446 553 rex
496 495 746 561 Carolus,
788 511 930 548 anno
978 493 1122 561 regni
1155 492 1234 546 sui
1269 506 1459 544 xxxtn.
1490 490 1719 544 Romam

122 591 336 651 adiens,
366 599 622 644 a'cuncto
655 586 853 658 p0pulo
896 585 950 638 in
981 583 1359 652 imperatorem
1383 581 1609 639 electus.
1634 580 1721 633 die

124 680 329 735 natalis
351 679 584 744 Domini,
622 679 672 732 in
703 677 930 732 ecclesia
955 675 1094 729 beati
1122 673 1288 736 Petri,
1318 687 1346 725 a
1375 671 1555 725 Leone
1583 686 1718 740 papa

119 782 202 826 est
224 779 592 826 consecratus.
625 769 954 824 Nantharins
995 775 1172 819 autem
1199 766 1386 827 abbas,
1418 778 1558 816 anno
1585 779 1718 831 prae.’

118 861 215 916 fati
263 862 411 934 regis
443 861 622 917 Caroli
670 878 831 916 xxxix
856 902 870 924 ,
906 859 1221 930 imperiique
1279 856 1397 925 ejus
1433 872 1494 922 v,
1526 858 1655 910 emit
1687 872 1716 909 a

117 956 363 1025 quodam
394 956 530 1018 viro,
557 957 775 1010 nomine
803 955 1071 1016 Erlltario,
1099 969 1184 1006 res
1209 952 1554 1023 proprietatis
1585 967 1713 1014 suae,

116 1048 170 1102 in
217 1047 344 1103 loco
388 1059 733 1121 nuncupante
764 1048 1010 1102 Flitrinio
1031 1088 1044 1109 ,
1077 1046 1127 1099 id
1151 1055 1253 1112 est,
1292 1060 1536 1099 mansum
1569 1060 1617 1110 ι,
1641 1054 1714 1108 et,

116 1140 266 1194 inter
317 1149 517 1196 terram
568 1142 828 1195 arabilem
873 1150 925 1196 ct
975 1150 1188 1211 pratum
1250 1155 1343 1193 seu
1398 1149 1455 1192 et
1487 1138 1712 1208 sylvam,

115 1229 351 1285 bunaria
381 1249 443 1298 ιι;
486 1247 606 1302 qua:
628 1234 789 1286 etiam
814 1247 910 1301 per
939 1231 1256 1301 prmcariam
1291 1230 1358 1284 ab
1388 1229 1503 1300 ipso
1524 1229 1716 1283 abbate

113 1321 219 1378 sibi
245 1321 368 1376 dari
398 1324 638 1392 poposcit
662 1341 676 1388 ;
709 1323 850 1392 quod
879 1324 949 1376 ita
973 1331 1026 1375 et
1055 1322 1202 1376 fecit.

221 1413 286 1467 L.
337 1412 546 1482 Emptio
599 1413 910 1477 Nautharii,
959 1411 1198 1477 abbatis,
1243 1411 1308 1464 de
1337 1408 1605 1464 Flitrinio.

189 1508 342 1579 (Oct.
372 1508 521 1578 806.)
553 1527 573 1560 ‹
607 1508 815 1563 Domno
853 1507 1144 1563 venerabili
1191 1507 1244 1562 in
1299 1505 1516 1562 Christo
1573 1506 1712 1576 patri

115 1599 446 1665 Nauthario,
475 1601 655 1655 abbati
680 1602 746 1655 de
767 1600 1096 1654 monasterio
1120 1598 1317 1662 Sithiu,
1348 1599 1462 1654 sive
1487 1599 1553 1652 de
1579 1599 1711 1654 cella

116 1707 238 1762 qua:
268 1693 474 1748 dicitur
509 1691 756 1746 llebrona
778 1732 793 1754 ,
825 1692 914 1746 ubi
947 1691 1214 1745 Ebroinus
1249 1689 1568 1759 przrpositus
1589 1703 1712 1742 esse

1824 491 1879 538 et
1903 499 2047 538 anno
2073 499 2123 537 vt
2157 485 2368 552 imperii
2393 486 2584 554 ipsius.
2822 551 2824 554 ,
2995 545 2998 548 ι

1897 593 1916 625 ι
1971 574 2194 644 Signum
2241 575 2498 644 Erlharii,
2545 579 2636 648 qui
2691 579 2830 636 hanc
2879 581 3242 638 venditionem
3290 583 3409 640 fieri

1821 675 2052 734 rogavit.

1897 774 1916 807 ‹
1966 755 2188 825 Signum
2218 757 2537 822 Erkenradi,
2571 759 2664 814 lilii
2706 762 2785 816 sui
2817 763 3226 820 consentientis.

1895 867 1912 897 ι
1963 846 2184 918 Signum
2225 848 2491 919 Folqnini.
2535 851 2756 920 Signum
2789 853 2917 907 item
2971 853 3290 910 Erkenradi.
3324 855 3410 912 Si-

1819 954 1981 1008 gnum
2031 939 2279 994 Gerardi.
2341 940 2563 1011 Signum
2605 943 3111 1015 Elpharii.Signnm
3157 946 3406 1002 llerradi.

1821 1027 2044 1098 Signum
2104 1028 2455 1084 Hardmanni.
2522 1031 2745 1101 Signum
2808 1034 3121 1112 Rantvuini.
3179 1035 3405 1105 Signum

1817 1116 2110 1172 thntfridi.
2146 1117 2370 1190 Signum
2401 1120 2690 1191 l‘lelingeri.
2726 1122 2949 1195 Signum
2993 1123 3406 1184 lleodradi.,Si-

1817 1225 1980 1277 gnum
2006 1209 2308 1280 Engelgeri.
2329 1210 2549 1282 Signum
2579 1213 2836 1269 Sicbaldi.
2865 1213 3088 1284 Signum
3109 1215 3404 1270 Grimardi.

1818 1300 2042 1369 Signum
2081 1301 2394 1357 Godoberti.
2955 1359 2957 1362 ι

1891 1410 1909 1442 c
1957 1393 2069 1462 Ego
2103 1392 2459 1460 Cunthertus,
2493 1398 2682 1468 scripsi
2713 1408 2767 1454 et
2789 1402 3107 1471 subscripsi.
3159 1422 3177 1455 ι

2087 1508 2172 1562 LI.
2217 1509 2454 1566 Traditio
2491 1511 2777 1568 Lebdrudis
2815 1517 2880 1570 de
2917 1516 3097 1572 Gisna.

1884 1600 2040 1655 Auno
2080 1616 2296 1671 quoque
2347 1603 2591 1658 insecuta
2622 1605 2755 1675 (70),
2804 1607 2854 1660 in
2904 1623 3089 1662 mense
3125 1607 3402 1675 Octobrio,

1814 1690 2059 1755 qnmdam
2109 1690 2289 1754 vidua,
2319 1691 2621 1746 Lebdrudis
2655 1695 2890 1758 nomine,
2933 1696 3155 1750 tradidit
3180 1696 3406 1767 praefato

114 1786 356 1840 videtur.
397 1784 512 1854 Ego
537 1782 875 1848 llerlharius,
915 1783 1182 1846 venditor,
1210 1796 1308 1852 per
1346 1781 1486 1834 hanc
1513 1779 1714 1849 episto-
1748 1778 1788 1836 Β
1819 1779 2023 1843 abbati,
2075 1782 2141 1833 ad
2194 1783 2579 1838 monasterium
2620 1801 2776 1839 suum
2808 1785 2985 1842 Sithiu
3009 1831 3022 1850 ,
3047 1803 3260 1842 omnem
3288 1804 3405 1844 rem

113 1875 224 1929 lam
253 1873 586 1929 venditionis
599 1882 812 1928 constat
840 1888 946 1938 me,
975 1887 1081 1926 non
1110 1871 1431 1942 imaginario
1451 1871 1594 1940 jure,
1617 1871 1713 1925 sed

112 1965 437 2035 plenissima
475 1964 788 2028 voluntate,
840 1963 994 2018 vobis
1039 1962 1125 2020 vel
1170 1962 1501 2017 monasterio
1530 1971 1712 2018 vestro

112 2058 449 2121 vendidisse,
483 2065 536 2112 et
580 2057 654 2110 ita
690 2054 926 2121 vendidi,
979 2055 1260 2110 tradidisse
1282 2064 1339 2110 ct
1362 2054 1428 2109 de
1457 2055 1710 2124 praesenti

112 2151 344 2216 tradidi,
392 2151 497 2205 hoc
543 2156 644 2212 est,
681 2152 925 2201 mansu’m
952 2162 968 2200 ι
997 2145 1049 2200 in
1078 2146 1192 2200 loco
1225 2156 1565 2215 nnncupantc
1592 2145 1710 2200 Fle-

113 2245 303 2306 trinio,
356 2243 408 2296 in
461 2256 597 2312 pago
641 2239 916 2304 lsserctio,
945 2250 1020 2303 et,
1057 2239 1198 2293 inter
1229 2247 1428 2293 terram
1449 2236 1709 2291 arabilem

111 2347 174 2398 et,
197 2344 415 2405 pratum
440 2349 534 2388 seu
571 2342 626 2388 et
649 2333 854 2402 sylvam
880 2333 1166 2387 habentem
1193 2331 1308 2400 plus
1332 2331 1510 2384 minus
1538 2331 1712 2385 buna-

116 2428 193 2480 ria
229 2442 285 2479 x.
304 2424 411 2478 Per
437 2423 575 2478 hanc
598 2423 879 2492 epistolam
904 2422 1230 2487 donationis,
1263 2421 1402 2476 sicut
1422 2421 1708 2489 tradimus,

115 2518 374 2580 diximus,
402 2516 563 2581 dono,
599 2515 754 2568 trado
783 2524 945 2584 atque
979 2513 1288 2567 transfirmo
1321 2513 1708 2584 perpetualiter

114 2608 179 2662 ad
220 2606 639 2677 possidendum;
687 2605 740 2659 in
769 2620 834 2660 ea
877 2605 1085 2660 ratione
1119 2613 1176 2658 ut
1201 2605 1302 2660 huc
1334 2604 1600 2670 habeatis,
1632 2617 1707 2659 te-

113 2701 290 2754 neatis
314 2708 476 2769 atque
498 2698 842 2770 possideatis,
864 2698 949 2754 vel
969 2698 1230 2769 quidquid
1282 2699 1477 2755 exinde
1527 2698 1707 2754 facere

112 2792 396 2866 volueritis
441 2792 664 2846 liberam
691 2802 853 2862 atque
887 2790 1254 2847 firmissimam
1281 2791 1498 2849 Christo
1521 2794 1702 2863 prepi-

117 2885 190 2937 tio
249 2883 302 2937 in
351 2883 604 2938 omnibus
633 2881 878 2937 habeatis
908 2889 1229 2952 potestatem
1263 2881 1330 2936 ad
1377 2881 1703 2937 faciendum.

116 2973 270 3029 Unde
320 2975 683 3032 benivolentia
722 2984 900 3030 vestra
935 2975 1120 3030 habuit
1146 2975 1318 3044 pietas
1350 2976 1702 3046 apprestitum

112 3067 460 3132 beneficium,
494 3077 600 3122 tam
633 3069 763 3123 tnihi
787 3085 950 3138 quam
980 3068 1275 3122 infantibus
1308 3069 1461 3134 meis,
1490 3070 1571 3122 his
1609 3083 1705 3121 no-

1816 1885 1926 1924 suze
1956 1870 2305 1940 pr0prietatis
2347 1872 2400 1926 in
2434 1872 2553 1927 loco
2590 1886 2931 1945 nuncupante
2965 1877 3128 1933 Gisna
3165 1880 3278 1934 sive
3297 1878 3405 1933 To-

1818 1960 2077 2028 tingclun,
2102 1960 2152 2013 in
2197 1977 2334 2031 pago
2356 1961 2697 2029 Bononensi;
2731 1967 3082 2036 cxpetiitque,
3117 1984 3215 2038 pro
3243 1970 3407 2024 bene-

1814 2049 1960 2113 ficio,
1991 2067 2018 2103 a
2043 2051 2154 2120 jam
2188 2053 2331 2108 dicto
2355 2055 2570 2119 abbate,
2595 2072 2708 2111 rem
2740 2059 3053 2114 monasterii
3082 2061 3164 2113 sui
3203 2061 3256 2113 in
3287 2062 3406 2130 ipeo

1811 2158 1972 2213 pago,
2027 2145 2078 2198 id
2126 2153 2206 2199 est
2257 2145 2484 2202 bunaria
2541 2163 2603 2214 ιι,
2641 2149 2692 2203 in
2745 2148 2863 2206 loco
2908 2160 3254 2222 uuncnpante
3306 2152 3400 2206 Et-

1814 2233 1981 2300 loum,
2013 2236 2065 2289 in
2099 2236 2211 2292 lucc
2243 2239 2429 2293 verba.

2373 2330 2479 2386 Lll.
2522 2331 2826 2404 Exemplar.

1884 2420 2024 2491 (Oct.
2058 2421 2207 2493 807.)
2261 2442 2279 2474 ‹
2313 2422 2520 2480 Domno
2569 2427 2855 2498 magnifico
2892 2427 2944 2482 in
2994 2427 3212 2485 Christo
3260 2430 3400 2502 patri

1811 2511 2130 2580 Nanthario,
2181 2516 2360 2572 abbati
2415 2517 2482 2572 de
2527 2523 2856 2575 monasterio
2907 2521 3109 2588 Sithiu,
3140 2525 3282 2592 quod
3312 2535 3397 2579 est

1809 2613 2182 2659 constructum
2245 2607 2298 2660 in
2352 2622 2490 2678 pago
2541 2607 2904 2666 Tarwauense
2959 2627 3122 2683 super
3168 2613 3391 2670 fluvium

1807 2698 2074 2770 Agniona,
2130 2700 2183 2755 in
2231 2701 2434 2757 honore
2467 2703 2748 2758 beatorum
2781 2706 3144 2775 apostolorum
3169 2707 3313 2764 Petri
3346 2718 3403 2766 et

1808 2787 1961 2844 Pauli
2016 2800 2177 2861 atque
2223 2791 2454 2847 Andrcze
2495 2809 2586 2848 seu
2639 2799 2813 2850 sancti
2863 2797 3078 2853 Martini
3123 2809 3179 2854 et
3223 2803 3400 2858 sancti

1807 2878 2040 2945 Bertini,
2086 2881 2168 2936 vcl
2215 2883 2570 2951 plurimorum
2625 2896 2940 2942 sanctorum
2985 2901 3285 2962 martyrum
3345 2902 3401 2948 et

1807 2971 2202 3036 confcssorum,
2237 2976 2638 3046 congregationi
2679 2977 2843 3032 etiam
2874 2979 3043 3048 ipsius
3065 2983 3234 3036 sancti
3271 2981 3398 3037 loci.

1808 3059 1920 3128 Ego
1945 3059 2228 3115 Lebtrndis
2260 3062 2438 3130 vidua,
2468 3065 2714 3134 cogitans
2747 3067 2816 3121 ob
2846 3083 3083 3124 amorem
3121 3072 3397 3128 caelestem

113 3159 370 3225 minibus,
403 3130 732 3225 Efkenrado,
763 3130 1031 3215 Βξιωιιααο
1051 3201 1066 3224 ,
1091 3130 1455 3225 Erl-iciunum;
1486 3159 1703 3215 waldc-
1731 3130 1774 3190 (ἶ
1807 3151 1888 3206 vel
1919 3167 2016 3220 pro
2046 3153 2328 3209 abluendis
2349 3130 2682 3212 facinoribus
2714 3158 2870 3224 meis,
2902 3161 3034 3214 mihi
3067 3162 3398 3232 complacuit

113 3250 298 3305 druda:
327 3269 340 3304 :
371 3253 460 3320 qui
510 3251 627 3322 pari
657 3266 753 3306 suo
801 3251 1010 3323 longius
1039 3251 1412 3320 supervixerit,
1445 3250 1704 3303 usualitcr

112 3342 266 3398 nobis
292 3351 554 3414 praestare
587 3343 934 3414 promisistis,
969 3344 1036 3398 ad
1061 3343 1414 3398 excolendum
1444 3341 1527 3395 vel
1552 3355 1700 3396 eme-

112 3433 457 3501 liorandum;
507 3443 562 3490 et
602 3435 743 3491 sicut
781 3435 1034 3490 convenit
1077 3433 1266 3498 nobis,
1290 3433 1448 3488 annis
1478 3431 1702 3501 singulis

113 3539 351 3596 censum,
408 3526 461 3580 id
508 3534 614 3593 est,
651 3526 828 3594 modia
859 3543 892 3580 ιι
919 3526 986 3581 de
1033 3525 1165 3590 sale,
1204 3525 1357 3580 vobis
1383 3523 1464 3579 vel
1490 3537 1703 3578 succes-

113 3615 323 3672 soribus
368 3617 586 3682 vestris,
629 3631 727 3687 pro
775 3617 892 3687 ipso
939 3631 1062 3678 usu,
1108 3615 1238 3670 dare
1286 3613 1370 3669 vel
1406 3612 1701 3683 adimplere

112 3691 434 3775 debeamus;
488 3718 542 3762 et
571 3707 734 3762 aliubi
785 3707 955 3778 ipsam
1003 3723 1115 3761 rem
1158 3714 1391 3760 vestram
1424 3718 1522 3759 nec
1547 3704 1698 3768 dare,

111 3813 209 3855 nec
245 3801 504 3866 vendere,
532 3815 631 3855 nec
668 3807 1026 3863 conunutare,
1059 3813 1158 3853 nec
1187 3797 1442 3861 alienare,
1483 3807 1581 3848 nec
1602 3808 1699 3862 pro

113 3889 256 3945 nullo
291 3891 479 3962 aliquo
522 3890 739 3962 ingenio
784 3891 1057 3960 deponere
1103 3886 1436 3958 pontificium
1469 3901 1572 3938 nun
1602 3884 1699 3938 ha-

114 3983 364 4050 beamus;
407 4001 508 4040 ncc
536 3984 808 4054 possessio
849 3993 1032 4038 nostra
1074 3979 1278 4034 nullum
1301 3977 1694 4047 praejudieium,

116 4089 213 4129 nec
234 4083 426 4129 contra
451 4083 656 4145 partem
686 4072 1000 4128 monasterii
1028 4071 1191 4126 vestri
1214 4085 1279 4123 ex
1308 4070 1410 4124 hoc
1437 4083 1696 4139 generare

115 4180 217 4220 non
247 4165 538 4220 debeamus
572 4165 712 4233 :nisi
746 4173 975 4228 tantum,
1006 4172 1064 4216 ut
1093 4163 1293 4217 dictum
1326 4170 1427 4226 est,
1457 4161 1692 4230 quandiu

117 4255 167 4308 in
195 4255 295 4310 hoc
321 4256 536 4320 smculu,
562 4255 796 4325 pr0pitio
818 4254 1051 4319 Christo,
1078 4251 1357 4315 advixcro,
1384 4266 1483 4321 pro
1513 4261 1694 4304 vestro

119 4345 376 4402 beneficio
421 4345 697 4416 possidere
749 4346 1065 4408 debeamus;
1124 4351 1177 4397 et
1217 4351 1339 4413 post
1383 4350 1691 4396 nostrormn

117 4437 351 4491 onmium
399 4437 603 4493 obitum
649 4444 811 4505 atque
840 4437 906 4490 de
943 4436 1042 4487 hac
1073 4433 1189 4487 luce
1221 4433 1537 4495 discessum,
1565 4431 1692 4500 ipszn

1807 3252 1864 3296 ut
1909 3244 2087 3313 aliqua
2125 3247 2439 3299 munusulla
2486 3263 2619 3302 mea:
2678 3249 2962 3316 parvitatis
2999 3251 3224 3307 Domino
3265 3271 3399 3310 con-

1804 3333 1949 3387 ferre
1987 3335 2236 3389 deberem
2259 3376 2274 3400 ,
2309 3338 2452 3404 quod
2481 3337 2555 3391 ita
2597 3346 2652 3392 et
2680 3336 2804 3393 feci.
2846 3340 2986 3411 Ergo
3007 3342 3147 3396 dono
3176 3359 3392 3399 omnem

1804 3439 1917 3478 rem
1961 3440 2094 3479 mea:
2124 3427 2474 3496 proprietatis
2503 3429 2557 3483 in
2585 3429 2703 3485 loco
2721 3442 3062 3502 nuncupante
3087 3434 3249 3490 Gisna
3281 3437 3394 3494 sive

1803 3515 2150 3586 Totingetun,
2186 3518 2239 3572 in
2265 3534 2402 3589 pago
2428 3520 2755 3588 Bononensi,
2788 3539 2952 3594 super
2990 3523 3212 3581 ﬂuvium
3248 3527 3392 3584 Vna-

1801 3608 2057 3677 sconinga
2071 3607 2249 3672 Wala,
2271 3610 2372 3665 hoc
2396 3620 2497 3677 est,
2517 3629 2702 3669 mansa
2729 3630 2850 3670 cum
2874 3632 3000 3672 casa
3029 3617 3113 3672 vel
3137 3619 3392 3690 castitiis,

1799 3699 2061 3760 aedificiis.
2103 3701 2291 3770 pratis,
2321 3705 2556 3771 pascuis,
2593 3706 2775 3772 terris,
2829 3708 3028 3778 perviis
3071 3718 3128 3765 et
3169 3711 3394 3768 vradris-

1799 3789 1972 3859 capis,
2004 3790 2089 3845 vel
2130 3791 2392 3863 quidquid
2432 3795 2630 3850 ibidem
2658 3805 2936 3866 aspectum
2965 3799 3052 3854 vel
3083 3800 3388 3870 subjectum

1797 3893 1916 3933 esse
1948 3881 2161 3935 videtur
2189 3900 2202 3935 :
2237 3892 2290 3936 et
2316 3899 2432 3938 mea
2465 3885 2702 3955 legitima
2735 3887 2834 3942 fuit
2873 3892 3145 3958 possessio
3164 3893 3249 3949 vel
3280 3894 3380 3950 do-

1799 3971 2046 4037 minatio,
2077 3988 2198 4027 cum
2230 3989 2286 4028 re
2319 3974 2639 4045 inexquisita
2665 3978 2730 4032 ad
2763 3978 3056 4050 integrum.

1873 4079 1891 4112 ‹
1923 4061 2048 4117 l-lzec
2069 4074 2245 4118 autem
2268 4066 2448 4120 omnia
2477 4068 2724 4137 superius
2747 4073 3131 4140 comprehensa
3154 4073 3220 4129 ad
3251 4091 3390 4146 prae.

1797 4153 1964 4207 fatum
2021 4155 2411 4210 monasterium
2447 4172 2546 4227 per
2593 4158 2732 4214 hanc
2778 4162 3030 4232 paginam
3084 4163 3389 4222 traditionis

1796 4243 1955 4310 dono,
1986 4245 2139 4298 trado
2165 4253 2326 4315 atque
2364 4247 2670 4304 transfirmo
2700 4253 3089 4321 perpetualiter
3116 4256 3183 4311 ad
3208 4257 3386 4327 possi-

1795 4334 2050 4388 dendum.
2101 4335 2205 4392 Pro
2241 4353 2347 4406 qua
2374 4353 2503 4395 vero
2533 4339 2821 4396 donatione
2848 4352 2903 4397 et
2936 4353 3117 4399 vestra
3161 4347 3385 4416 pietate,

1795 4427 2031 4496 expetivi
2063 4444 2091 4481 a
2131 4429 2282 4483 vobis
2335 4439 2532 4483 terram
2580 4432 2816 4501 aliquam
2841 4437 3156 4490 monasterii
3186 4439 3382 4504 vestri,

119 4540 202 4582 res
229 4530 614 4600 superpositas,
658 4527 862 4597 absque
893 4526 1050 4580 ullius
1089 4533 1474 4579 contrarietate
1499 4525 1580 4577 vel
1606 4523 1689 4576 in-
1722 4491 1770 4549 θ
1796 4516 1848 4568 in
1875 4517 1992 4570 loco
2037 4527 2386 4588 nllncupante
2421 4518 2665 4587 Ecloum,
2693 4521 2748 4577 in
2783 4523 2900 4593 ipso
2925 4524 3254 4592 Bononensi,
3283 4527 3385 4582 hoc

118 4623 483 4694 terpellatione
542 4623 738 4695 iudicis
781 4623 847 4676 ad
894 4620 1161 4690 integrum
1205 4617 1442 4686 recipere
1482 4613 1693 4670 faciatis

119 4716 494 4790 perpetualitcr
536 4717 603 4770 ad
651 4709 1052 4783 possidendum.
1105 4705 1162 4761 Si
1216 4707 1336 4775 quis
1368 4720 1514 4770 vero,
1549 4704 1692 4774 quod

119 4804 351 4862 futurum
378 4823 500 4864 esse
522 4822 626 4878 non
655 4805 835 4869 credo,
868 4803 913 4858 si
945 4816 1044 4873 ego
1075 4801 1189 4870 ipse
1214 4808 1307 4853 aut
1330 4797 1468 4851 ullus
1490 4797 1556 4852 de
1581 4798 1690 4850 hae-

120 4897 430 4965 redibusac
504 4896 909 4970 probazredibus
951 4893 1105 4957 meis,
1152 4889 1234 4945 vel
1287 4887 1539 4957 qntelibet
1583 4887 1686 4940 ulla

119 4991 354 5056 opposita
403 4993 490 5049 vel
528 4999 788 5048 extranea
826 5000 1054 5057 persona
1108 4982 1302 5046 fuerit,
1345 4995 1464 5050 qua:
1502 4989 1691 5034 contra

123 5079 252 5136 hanc
276 5083 634 5146 venditionem
652 5081 840 5139 venire
865 5087 958 5133 aut
976 5093 1096 5134 eam
1121 5072 1416 5144 infringere
1437 5071 1689 5136 voluerit,

127 5169 422 5194 ιΙῖηο..-ιΞ--ι-
472 5175 526 5194 ﬂ-
547 5192 556 5193 κ
576 5191 588 5194 -
676 5186 799 5194 ---..Α
833 5171 1020 5194 -.--..3--
1069 5183 1129 5194 -.σ
1211 5174 1430 5194 anan-uin
1467 5166 1628 5194 ,ει-νιηο
1657 5179 1689 5194 Ir

1793 4615 1940 4672 sunt,
1973 4607 2200 4662 bunaria
2224 4623 2292 4673 ιι;
2346 4608 2397 4662 in
2433 4624 2496 4663 ea
2519 4624 2648 4666 vero
2687 4611 2916 4677 ratione,
2948 4623 3008 4666 ut
3035 4612 3180 4683 ipsas
3210 4614 3383 4671 terras

1791 4713 1891 4768 ego
1919 4711 1973 4753 et
2004 4708 2115 4754 tres
2146 4701 2380 4758 infantes
2409 4703 2537 4769 mei,
2577 4703 2663 4758 his
2689 4703 3012 4770 nominibus,
3047 4704 3379 4775 Hildeberta,

1793 4790 2048 4847 Nidlebus
2091 4803 2145 4846 et
2189 4793 2477 4863 Erpsuvid,
2521 4796 2645 4849 dum
2700 4796 3014 4860 advivimus,
3066 4813 3164 4868 pro
3202 4809 3384 4857 vestro

1793 4884 2082 4948 beneficio,
2127 4887 2192 4938 ad
2239 4903 2392 4942 usum
2435 4888 2704 4941 fructuum
2741 4888 3019 4957 possidere
3065 4889 3382 4950 debeamus.

1801 4976 1948 5033 Unde
1987 4992 2224 5047 quoque,
2277 4994 2374 5048 pro
2418 4980 2605 5036 eodem
2650 4995 2772 5046 usu,
2818 4981 2973 5035 annis
3019 4981 3273 5053 singulis,
3318 4987 3387 5043 ad

1795 5069 2143 5126 festivitatem
2189 5070 2335 5126 beati
2367 5071 2680 5137 Audomari,
2708 5071 2826 5126 Kal.
2863 5073 3153 5129 Novembr.
3185 5089 3389 5145 pensas

1793 5162 1924 5194 λησης
1970 5163 2036 5194 ,1η
2082 5160 2375 5194 Γηνηιηιῖηἶσ
2419 5161 2781 5194 οι-ηιὶοςηιυηκη
2827 5164 3149 5194 ᾹηΙιηΛ-νιηειο
3194 5174 3246 5194 no
3281 5186 3345 5194 ...η
