3982 5292
543 290 679 348 1219

1648 264 1969 348 romula!
2010 278 2067 333 s.
2109 273 2388 331 BERTINI
2419 272 2725 332 MONAClll

3656 273 3804 329 {2.3.0

543 417 626 462 ter
651 412 906 476 perpetua
945 401 1189 472 portione
1234 391 1529 471 potiantur.
1566 396 1624 452 Si
1651 396 1775 466 quis
1797 409 1948 461 vero,
1974 392 2118 463 quod
2146 395 2199 453 Α
2220 389 2355 444 ditio
2396 387 2548 444 omni
2596 399 2835 459 tempore
2876 388 3028 443 arma
3056 396 3371 459 permaneat
3421 403 3546 444 cum
3575 389 3804 459 stipulz—

543 496 661 553 lieri
716 494 933 548 minime
978 492 1167 558 credo;
1210 490 1254 545 si
1303 497 1517 559 egomet
1563 488 1675 556 ipsa
1719 496 1810 541 aut
1857 485 1996 540 ullus
2050 483 2117 539 de
2216 480 2361 536 tione
2386 479 2636 535 subnixa.

544 586 847 644 haeredibus
881 583 1034 646 meis,
1058 597 1154 637 seu
1175 580 1426 652 quaelibet
1454 578 1559 631 ulla
1593 577 1836 646 opposita
1862 582 2114 645 persona,

2292 587 2311 621 ι
2354 570 2549 625 Actum
2589 571 2641 625 in
2688 570 3041 639 Bagingatun,
3094 571 3149 625 in
3207 585 3397 627 mense
3429 570 3626 642 Aprili,
3657 586 3806 625 anno

545 692 664 747 qua:
709 685 897 729 contra
948 674 1085 727 hanc
1127 671 1471 725 donationem
1502 666 1685 721 venire
1730 665 1980 729 voluerit,
2024 672 2118 715 aut
2217 674 2337 713 κων
2371 669 2631 730 regnante
2653 660 2843 715 Carolo
2870 660 3102 731 glorioso
3128 675 3273 731 rege,
3303 670 3358 715 et
3385 676 3534 716 anno
3561 678 3595 715 ι
3629 663 3809 731 impe-

545 768 838 837 infringere
884 763 1305 835 prmsumpserit,
1351 776 1486 814 iram
1518 759 1611 813 Dei
1654 767 1815 825 alque
1835 756 2118 826 prmdicto-

548 873 668 914 rum
695 866 1005 912 sanctorum
1032 856 1293 918 incurrat,
1316 861 1370 906 et
1393 851 1458 905 ab
1475 849 1761 904 universali
1778 848 1881 902 fide
1902 862 2119 902 excoxe-

545 949 848 1004 municatus
886 952 1169 1016 appareat;
1206 955 1261 997 et
1303 942 1520 1010 insuper
1542 978 1557 1005 ,
1584 938 1934 1006 distringente
1962 938 2116 1001 ﬁsco,

546 1038 663 1093 auri
692 1037 871 1091 untias
910 1052 988 1100 vi,
1026 1034 1230 1105 argenti
1258 1033 1493 1103 pondera
1527 1029 1692 1084 multa
1718 1036 2025 1098 componat,
2064 1035 2122 1082 et

2219 751 2282 805 ι·ἰὶ
2304 749 2419 819 ejus
2456 751 2589 822 (7i).

2292 861 2311 892 ι
2358 842 2580 910 Signum
2634 841 2911 908 Folberti,
2962 842 3054 913 qui
3108 842 3245 897 hanc
3281 842 3633 898 donationem
3684 842 3805 896 ﬁeri

2219 931 2444 1000 rogavit.

2296 1041 2313 1073 ι
2362 1022 2586 1093 Signum
2644 1024 2935 1079 Folcharii.
3000 1022 3222 1096 Signum
3285 1025 3517 1081 Abboni.
3573 1024 3806 1096 Signum

546 1126 690 1198 quod
744 1126 941 1196 repetit
988 1124 1293 1180 evindicare
1341 1137 1446 1177 non
1488 1119 1701 1175 valeat:
1733 1118 1827 1174 sed
1881 1133 2120 1188 praesens
2219 1111 2508 1182 lngobcrli.
2540 1112 2760 1183 Signum
2792 1113 3192 1184 Vuendelgarii,
3225 1115 3550 1170 centenarii.

546 1216 774 1288 epistola
797 1217 941 1272 omni
975 1224 1212 1285 tempore
1249 1215 1403 1269 tirma
1436 1221 1752 1284 permaneat
1798 1226 1920 1266 cum
1950 1211 2120 1279 stipu-

548 1309 750 1365 latione
777 1307 1026 1363 subnixa.

627 1420 645 1452 ι
691 1401 883 1456 Actum
907 1400 1070 1454 Gisna
1104 1397 1226 1452 villa
1256 1396 1485 1466 publice,
1524 1394 1736 1464 quando
1765 1393 1890 1449 fecit
1924 1391 2123 1447 mensis

548 1491 768 1549 Octobr.
818 1492 933 1546 dies
971 1506 1047 1557 xi,
1085 1505 1225 1544 anno
1262 1505 1329 1544 ιι.
1369 1488 1540 1559 regni,
1590 1494 1643 1541 et
1677 1495 1866 1541 octavo
1913 1483 2122 1553 imperii

549 1582 733 1640 domui
761 1582 929 1637 nostri
977 1582 1153 1637 Caroli
1182 1579 1402 1649 piissimi
1438 1577 1778 1648 imperatoris
1802 1576 2048 1645 Augusti.

624 1691 644 1724 ι
684 1672 904 1743 Signum
926 1671 1244 1736 Lebdrudis,
1268 1670 1439 1724 vidua:
1473 1683 1592 1739 qua:
1618 1669 1756 1722 hanc
1779 1665 2120 1721 donationem

550 1764 665 1819 ﬁeri
696 1763 921 1832 rogavit.

557 1873 561 1878 -
626 1870 647 1903 ι
694 1852 915 1923 Signum
961 1850 1271 1922 Madalgeri.
1319 1848 1540 1919 Signum
1590 1847 1849 1904 Odilonis.
1898 1848 2122 1919 Signum

557 1941 885 2011 Engelberti.
912 1939 1135 2013 Signum
1163 1937 1453 1993 Bertlandi.
1487 1935 1708 2007 Signum
1742 1935 2121 2007 Vuendelgeri,

549 2036 865 2091 centenarii.

623 2144 641 2177 ι
669 2126 779 2196 Ego
807 2124 1158 2191 Gunthertus,
1179 2124 1448 2188 sacerdos,
1470 2124 1658 2195 scripsi
1680 2132 1733 2179 et
1755 2122 2064 2194 subscripsi.
2100 2142 2118 2174 ι

765 2216 891 2272 ιιιιε
933 2217 1167 2271 Tradilio
1215 2216 1262 2269 [θ’
1267 2217 1447 2271 olberti
1471 2217 1535 2270 de
1575 2216 1909 2287 Campanias.

618 2309 788 2379 (8ll.)
820 2308 917 2365 Vir
941 2309 1103 2364 etiam
1134 2308 1375 2378 quidam,
1414 2308 1695 2363 Folbertus
1720 2309 1958 2374 nomine,
1985 2324 2125 2362 anno

549 2398 758 2468 praefati
787 2398 928 2470 regis
948 2397 1123 2453 Caroli
1158 2413 1318 2462 xun,
1348 2398 1556 2467 imperii
1586 2413 1712 2461 vero
1739 2398 1855 2468 ejus
1882 2414 1936 2462 ι,
1963 2399 2127 2452 tradi-

549 2490 627 2544 dit
650 2489 826 2543 eidem
856 2488 1033 2543 abbati
1063 2486 1378 2554 Nauthario,
1409 2505 1505 2558 pro
1527 2489 1703 2543 anima
1722 2489 1998 2559 genitricis
2015 2505 2126 2545 sua:

549 2579 838 2643 defunctae,
880 2579 1270 2649 possessionem
1301 2594 1451 2633 suam
1479 2579 1532 2633 in
1557 2578 1877 2649 Campanias
1906 2578 1960 2634 in
1987 2594 2126 2650 pago

551 2666 904 2735 Tarvanensi,
933 2669 986 2723 in
1016 2668 1157 2723 hunc
1182 2670 1415 2724 modum.

1109 2759 1240 2814 LIV.
1284 2756 1584 2829 Exemplar.

630 2848 780 2918 (Apr.
819 2848 966 2919 811.)
1001 2866 1020 2900 ι
1052 2850 1258 2904 Domno
1306 2849 1600 2903 venerabili
1649 2848 1702 2903 in
1735 2848 1947 2904 Christo
1986 2849 2124 2920 patri

554 2935 869 3003 Nauthario,
903 2939 1082 2994 abbati
1103 2938 1169 2993 de
1190 2939 1516 2994 monasterio
1556 2939 1753 3005 Sithin,
1776 2940 1865 2995 ubi
1891 2941 1995 2997 duo
2017 2942 2128 3012 agi,

551 3025 889 3082 Audomarus
937 3027 1141 3082 scilicet
1187 3036 1240 3082 et
1280 3028 1468 3082 beatus
1506 3027 1775 3093 Bertinus,
1820 3038 2045 3099 pausant
2074 3030 2125 3083 in

2298 1222 2315 1255 ‹
2347 1204 2455 1273 Ego
2483 1204 2835 1270 Cunthertus,
2861 1207 3128 1269 sacerdos,
3154 1207 3411 1276 scripsiet
3434 1206 3761 1276 subscripsi.
3783 1226 3802 1257 ι

2456 1360 2459 1363 .
2498 1314 2607 1371 LV.
2645 1316 2721 1370 De
2760 1318 3037 1371 traditione
3073 1318 3209 1371 villa:
3246 1316 3511 1371 Calmont.

2294 1423 2564 1497 [Carolus
2610 1426 2722 1495 jam
2754 1442 2915 1495 supra
2962 1437 3310 1491 memoratus,
3338 1428 3673 1481 desiderans
3713 1444 3810 1497 per

2222 1518 2408 1569 orbem
2435 1514 2629 1569 famam
2654 1516 2838 1587 augeri
2859 1530 3033 1581 suam,
3062 1525 3120 1569 ut
3142 1516 3343 1585 liquido
3367 1527 3520 1586 patet
3542 1532 3647 1585 per
3674 1520 3812 1570 mul-

2226 1616 2401 1660 torum
2451 1605 2780 1660 voluminum
2809 1607 2874 1661 de
2922 1622 2988 1661 eo
3025 1608 3348 1663 mentionem
3388 1610 3680 1678 agentium
3707 1609 3813 1661 lec—

2230 1699 2449 1763 tionem,
2480 1700 2621 1754 inter
2650 1709 2844 1755 caetera
2870 1740 2885 1765 ,
2916 1700 3039 1754 huic
3066 1700 3315 1755 emnobio
3341 1700 3521 1754 villam
3554 1700 3813 1755 Calmout

2156 1766 2200 1823 Β
2230 1790 2337 1845 Deo
2371 1798 2663 1859 sanctoque
2704 1790 2918 1844 Bel-tino
2968 1791 3202 1857 tradidit,
3276 1791 3427 1860 cujus
3493 1793 3812 1848 traditionis

2225 1880 2415 1935 charta
2448 1894 2616 1949 penes
2654 1881 2958 1951 episcopum
2983 1882 3391 1939 Noviomensem
3421 1883 3688 1939 habetur.
3722 1884 3744 1955 ]

2297 1991 2425 2046 LVI.
2471 1990 2544 2046 De
2581 2002 2742 2046 morte
2773 1991 2969 2059 Caroli,
3009 2004 3056 2047 et
3094 1996 3415 2049 suecessione
3454 1993 3740 2049 Ludovici.

2297 2101 2424 2156 Post
2454 2102 2680 2172 insignia
2714 2103 2874 2172 igitur
2917 2104 3186 2175 saepedicti
3210 2105 3351 2175 regis
3383 2105 3567 2160 Caroli
3603 2105 3810 2176 glorio-

2227 2208 2407 2246 surum
2458 2202 2673 2246 actuum
2738 2194 3024 2261 praeconia,
3072 2208 3295 2264 postque
3330 2196 3575 2252 devictas
3616 2199 3811 2253 multa-

2232 2302 2349 2338 rum
2389 2287 2627 2355 gentium
2676 2287 2940 2350 nationes,
2978 2304 3097 2357 qum
3148 2289 3400 2343 hactenus
3426 2290 3480 2342 in
3508 2290 3811 2345 viventium

2229 2384 2512 2430 versantur
2536 2392 2629 2429 ora
2657 2378 3155 2446 permanebuuti‘lue
3185 2379 3237 2432 in
3266 2379 3485 2445 saecula,
3510 2381 3686 2450 primi
3714 2399 3809 2452 pa-

2230 2467 2398 2522 rentis
2444 2468 2727 2523 exsolvens
2766 2483 2979 2538 pinnam
3008 2508 3023 2534 ,
3074 2486 3225 2525 suam
3276 2468 3522 2528 Creatori
3576 2475 3812 2530 reddens

2228 2560 2486 2627 animam,
2537 2577 2838 2632 corpusque
2867 2572 2972 2616 tam
3001 2562 3309 2635 gloriosum,
3341 2574 3483 2619 terra
3516 2582 3646 2621 mox
3673 2567 3811 2621 futu-

2228 2671 2369 2720 rum,
2418 2666 2626 2710 naturae
2655 2655 2868 2710 solvens
2899 2656 3159 2721 debitum,
3201 2667 3355 2712 terrm
3383 2658 3595 2712 dimisit
3621 2672 3808 2729 teger-

2229 2746 2378 2809 dum,
2428 2761 2570 2800 anno
2624 2745 2909 2801 Dominicze
2943 2746 3323 2802 incarnationis
3370 2748 3505 2811 8H,
3551 2751 3810 2819 regnique

2232 2838 2398 2909 ipsius
2420 2854 2609 2903 uviu,
2639 2839 2952 2909 imperiique
2972 2840 3211 2912 ejusdem
3240 2856 3309 2894 xv
3331 2842 3442 2912 (72)
3467 2882 3483 2906 ,
3514 2843 3586 2896 de
3614 2859 3725 2911 quo
3756 2846 3807 2897 in

2230 2930 2367 2984 libro
2391 2930 2642 3000 quodam,
2680 2931 2770 3000 qui
2802 2931 3157 3002 prmtitulatur
3188 2931 3420 2987 Visiones
3460 2931 3717 2997 l’uettim‘,
3744 2935 3809 2987 le-

2232 3019 2373 3090 gisse
2424 3035 2509 3075 tne
2558 3022 2776 3076 memini
2825 3022 2965 3091 quod
3012 3022 3181 3077 isdem
3228 3021 3539 3088 Vuettiuus,
3579 3024 3711 3078 dum
3761 3027 3807 3080 in

556 3132 804 3187 corpore.
833 3117 943 3189 Ego
973 3118 1273 3182 Folbertus,
1312 3134 1407 3187 per
1433 3120 1572 3174 hanc
1602 3119 1849 3190 paginam
1890 3121 2127 3177 traditio.
2157 3127 2199 3187 ρ
2230 3111 2404 3166 extasi
2451 3113 2518 3167 ab
2564 3112 2756 3182 angelo
2799 3111 3101 3176 duceretur,
3155 3112 3292 3169 inter
3330 3112 3535 3182 reliqua
3566 3130 3693 3183 qua:
3714 3116 3806 3169 sibi

555 3206 640 3261 nis
682 3215 892 3261 constat
929 3222 1015 3263 me
1057 3207 1206 3261 vobis
1238 3207 1319 3261 vel
1344 3208 1408 3261 ad
1434 3208 1709 3277 praefatum
1740 3211 2125 3266 monasterium

552 3305 793 3353 vestrum
823 3297 1022 3363 Sithin,
1065 3313 1161 3367 pro
1190 3298 1427 3353 remedio
1451 3298 1644 3353 anima:
1669 3300 1947 3370 genitricis
1972 3316 2125 3367 mete,

552 3387 833 3444 Ebertanze
859 3388 1144 3454 defuncte,
1181 3389 1281 3444 hoc
1307 3398 1424 3454 est,
1464 3390 1691 3460 aliquam
1724 3405 1930 3462 partem
1959 3393 2129 3450 haere-

556 3482 741 3537 ditatis
779 3498 941 3549 meae,
969 3483 1022 3538 id
1050 3493 1204 3549 sunt,
1242 3485 1364 3555 plus
1385 3485 1563 3539 minus
1588 3487 1871 3543 habentem
1904 3490 2127 3545 hunaria

556 3581 677 3636 v,et
702 3589 863 3627 unum
887 3582 1096 3642 pratum
1118 3573 1201 3628 cui
1231 3574 1545 3629 vocabulum
1562 3585 1641 3630 est
1665 3576 2061 3647 Brattingadala
2076 3590 2131 3635 et

554 3665 813 3736 quidquid
841 3668 907 3720 ad
934 3667 1077 3721 illum
1100 3676 1312 3737 pratum
1340 3669 1607 3737 pertinere
1629 3672 1799 3723 visum
1824 3682 1905 3725 est
1929 3674 1980 3724 in
2015 3673 2129 3726 loco

551 3764 894 3826 nuncupante
931 3756 983 3810 in
1022 3755 1363 3827 Campanias,
1418 3759 1470 3812 in
1529 3775 1664 3829 pago
1723 3761 2127 3828 Tarnuanense,

550 3860 675 3899 eum
724 3845 909 3915 pervio
961 3846 1196 3915 legitimo
1246 3860 1302 3903 et
1352 3849 1686 3921 wadriscapo
1715 3869 1728 3905 :
1758 3853 1872 3908 haec
1924 3856 2127 3921 omnia,

546 3933 701 4005 juxta
731 3944 787 3987 ut
816 3936 1063 4005 superius
1102 3940 1547 4008 comprehensum
1582 3950 1687 4007 est,
1716 3942 1866 3997 vobis
1898 3944 1977 3997 vel
2003 3960 2128 4000 suc-

552 4024 856 4078 cessoribus
884 4026 1077 4079 vestris
1106 4027 1267 4093 dono,
1297 4028 1450 4082 trado
1480 4038 1640 4099 atque
1683 4032 1987 4087 translirmo
2011 4048 2130 4103 per-

554 4113 839 4181 petualiter
865 4116 931 4168 ad
959 4117 1355 4184 possidendum.
1398 4118 1686 4188 Propterea
1717 4135 1948 4177 vestram
1974 4123 2128 4195 flagi-

559 4202 667 4256 tavi
690 4203 966 4273 pietatem,
991 4206 1238 4276 utipsam
1270 4222 1380 4261 rem
1412 4208 1649 4265 licuisset
1669 4211 1797 4264 mihi
1823 4212 2023 4267 usitare
2050 4214 2127 4267 vel

557 4293 900 4349 emeliorare.
948 4296 1015 4349 Et
1054 4306 1239 4366 postea
1287 4312 1401 4363 vos,
1457 4314 1562 4353 una
1587 4315 1705 4354 eum
1741 4316 2002 4356 consensu
2032 4303 2131 4356 fra-

557 4393 701 4439 trum
729 4386 1228 4457 vestrorum,juxta
1260 4390 1405 4459 quod
1445 4405 1564 4444 mea
1597 4388 1701 4445 fuit
1724 4392 1935 4460 petitio,
1958 4393 2125 4462 ipsam

2229 3205 2670 3268 ostendebantur,
2702 3204 2834 3257 vidit
2856 3204 3097 3258 eumdem
3114 3220 3291 3274 regem
3306 3204 3561 3259 Carolum
3577 3215 3808 3260 stantem

2232 3302 2345 3349 toto
2389 3310 2613 3363 corpore
2657 3310 2848 3349 sanum
2908 3304 3067 3364 atque
3118 3296 3589 3365 pulcherrimum;
3641 3298 3806 3352 solum

2230 3385 2427 3438 animal
2471 3385 2739 3454 quoddam
2786 3386 3087 3455 oppositum
3134 3387 3264 3441 vidit
3325 3387 3571 3442 lacerare
3640 3388 3806 3441 virilia

2230 3479 2459 3543 stantis;
2496 3478 2807 3547 dictumque
2836 3487 2918 3534 est
2943 3478 3018 3533 illi
3054 3478 3123 3533 ab
3149 3479 3355 3550 angelo,
3381 3479 3527 3549 quod
3548 3480 3672 3535 limc
3698 3482 3806 3534 ideo

2230 3578 2527 3638 pateretur,
2582 3570 2709 3638 quia
2743 3569 2903 3625 nimis
2951 3570 3233 3639 impatiens
3262 3571 3503 3625 libidinis
3534 3570 3719 3626 fuerat
3758 3572 3805 3625 in

2228 3658 2455 3723 saeculo;
2512 3659 2630 3724 sed,
2660 3674 2759 3729 pro
2785 3659 3008 3713 aliorum
3054 3660 3170 3729 ejus
3197 3675 3357 3730 opera
3390 3660 3687 3726 virtutum,
3707 3663 3805 3715 cito

2228 3749 2296 3803 ab
2338 3751 2439 3804 hoc
2473 3757 2618 3803 esset
2663 3749 2968 3820 eripiendus
3007 3750 3263 3820 periculo.
3310 3750 3595 3807 Successit
3638 3756 3805 3821 itaque

2230 3840 2301 3893 illi
2351 3840 2403 3893 in
2443 3855 2606 3911 regno
2636 3841 2776 3896 filius
2805 3839 2920 3908 ejus
2949 3840 3269 3907 Ludovicus,
3300 3842 3609 3897 consimilis
3640 3844 3689 3897 ei
3722 3857 3806 3912 per

2228 3930 2405 3985 omnia
2434 3931 2486 3984 in
2514 3932 2759 4001 gloriosis
2806 3932 3047 3997 actibus;
3100 3934 3154 3986 in
3184 3932 3337 4000 cujus
3368 3941 3621 4001 tempore
3648 3934 3805 3987 exori-

2232 4028 2316 4072 tur
2363 4021 2631 4089 quoddam
2686 4021 2863 4076 lumen
2904 4021 3182 4086 Ecclesite,
3225 4020 3521 4092 Folguinus
3572 4025 3801 4085 nomine,

2227 4111 2399 4181 quod,
2448 4128 2515 4167 ne
2558 4114 2657 4169 sub
2700 4115 2878 4169 modio
2920 4116 3188 4169 eelaretur
3227 4117 3578 4181 absconsum,
3608 4121 3677 4173 ab
3703 4121 3803 4188 ipso

2231 4218 2354 4273 rege
2389 4218 2547 4274 snper
2568 4204 2820 4259 Ecclesia:
2847 4206 3136 4277 imponitur
3166 4208 3577 4277 candelabrum,
3607 4211 3801 4265 Tarra-

2233 4294 2491 4363 nensique
2536 4296 2738 4350 civitati
2777 4297 3052 4368 delegatur
3092 4299 3159 4351 ad
3212 4299 3616 4369 pontificatum,
3674 4316 3803 4354 anno

2235 4386 2617 4440 incarnationis
2656 4386 2943 4442 Dominieae
2979 4387 3102 4451 8l7,
3134 4396 3189 4441 et
3223 4387 3433 4457 praefati
3463 4392 3613 4461 regis
3638 4406 3712 4445 iv.
3737 4392 3802 4445 De

554 4492 667 4533 rem
694 4515 710 4542 ,
743 4478 976 4548 quandiu
998 4479 1251 4537 advixero
1272 4520 1286 4546 ,
1340 4495 1630 4557 procurare
1668 4483 2017 4559 promisistis,
2057 4486 2122 4539 ad

2239 4475 2385 4546 cujus
2411 4477 2521 4529 vita
2568 4486 2623 4531 et
2662 4478 2954 4533 virtutibus
2996 4477 3220 4532 multum
3266 4480 3409 4547 quod
3460 4478 3803 4550 loqueremur

550 4565 905 4622 excolendum
952 4568 1037 4622 vel
1085 4569 1540 4637 emeliorandum,
1583 4580 1639 4627 et
1686 4572 1827 4633 sicut
1874 4575 2126 4629 convenit

555 4656 732 4724 nobis,
767 4660 922 4714 annis
958 4661 1207 4731 singulis,
1233 4663 1299 4717 ad
1328 4663 1673 4721 festivitatem
1697 4668 1865 4722 sancti
1895 4667 2122 4735 Bertini,

559 4764 682 4819 qua:
709 4759 791 4804 est
822 4750 994 4807 Nonas
1039 4754 1341 4823 Septembr.
1377 4772 1625 4821 censum,
1658 4761 1709 4815 id
1745 4771 1846 4826 est,
1878 4763 2126 4818 denarios

556 4837 761 4910 l\’,.pro
788 4841 902 4912 ipso
934 4860 1052 4911 usu,
1072 4845 1221 4901 vobis
1247 4848 1375 4904 dare
1398 4849 1479 4904 vel
1504 4853 1860 4908 transsolvere
1876 4854 2120 4909 debeam.

559 4927 619 4984 Si
647 4930 769 5000 quis
806 4947 953 4997 vero,
988 4936 1127 5004 quod
1158 4936 1394 4993 futurum
1420 4955 1540 4994 esse
1566 4957 1669 4994 non
1695 4943 1889 5007 credo;
1928 4943 1971 4998 si
2001 4959 2128 5011 ego-

2232 4577 2382 4633 erat,
2428 4577 2777 4639 optaremque
2843 4587 2907 4625 ea
2958 4586 3076 4641 quae
3129 4572 3183 4626 in
3234 4572 3337 4627 hoc
3388 4574 3595 4628 mundo
3646 4575 3803 4646 gessit

2231 4668 2601 4716 summotenus
2666 4663 3056 4733 perstringere;
3128 4664 3222 4719 sed
3271 4663 3578 4719 fatuitatem
3637 4680 3801 4719 meam

2236 4752 2346 4821 ipse
2396 4752 2755 4823 perpendens,
2809 4753 3004 4808 horreo
3053 4756 3240 4810 saltem
3282 4764 3506 4824 tangere
3535 4754 3680 4825 quod
3712 4755 3801 4808 viri

2232 4843 2538 4912 peritissimi
2569 4853 2788 4914 possent
2814 4846 2975 4899 etiam
3006 4844 3294 4901 formidare
3328 4866 3340 4901 :
3370 4856 3633 4917 superant
3666 4847 3799 4901 enim

2232 4933 2652 5004 philosophicam
2706 4936 2987 4991 mundana:
3026 4937 3302 5006 sapientia:
3362 4936 3796 5007 disputationem,
