3982 5292
166 316 284 371 liii

1508 327 1640 384 (ΖΗΔ
1650 330 2080 390 BTULAIIIUM.

3257 345 3394 410 liii

157 432 403 528 deinceps
445 445 544 528 pro
587 445 744 500 posse
789 447 989 499 meum,
1027 434 1114 490 illa
1141 452 1262 506 qua
1296 439 1474 498 recolo
1500 453 1722 513 paratus
1749 459 1796 516 Α
1826 447 1945 510 bos,
1979 463 2075 503 nec
2098 448 2314 506 dubium
2337 453 2476 524 quod
2501 453 2952 528 blasphemabitur
2971 469 3026 516 et
3055 476 3086 517 ι
3111 470 3402 525 succeden-

158 523 221 575 ad
252 523 575 576 enarranda.

531 635 685 692 LVII.
718 637 794 692 De
820 637 1095 710 Fridegiso
1131 643 1335 699 abbate.

223 724 550 779 Nantharius
601 727 804 780 interea
847 728 1035 793 abbas,
1059 729 1242 798 junior
1272 731 1456 804 [anno
1479 736 1561 791 sui
1589 735 1728 807 regi-

157 816 314 871 minis
346 825 537 871 octavo
588 815 836 887 decimo]
886 822 1125 888 migrans
1152 836 1180 873 a
1209 823 1424 888 smculo,
1463 825 1726 896 regularis

153 908 273 962 vita:
313 907 544 976 primum
587 908 973 962 destructorem
1029 911 1130 965 sibi
1188 912 1404 984 reliquit
1449 931 1724 972 successo-

154 1014 285 1064 rem,
327 999 666 1068 Fridegisum
685 1000 948 1066 videlicet,
974 1017 1070 1055 nec
1094 1001 1207 1070 ipso
1231 1005 1445 1059 nomine
1479 1007 1720 1077 dignum,

151 1090 424 1146 abbatem.
487 1089 622 1144 Nam
681 1106 802 1144 cum
847 1095 1109 1148 hactenus
1151 1109 1302 1149 sacra
1336 1099 1721 1153 monachorum

150 1181 360 1249 regula,
417 1181 762 1236 miseratione
793 1181 908 1248 Dei,
940 1183 990 1237 in
1022 1183 1125 1238 hoc
1155 1184 1397 1241 emnobio
1427 1186 1565 1242 foret
1594 1205 1723 1243 con-

148 1281 355 1325 servata
390 1311 406 1336 ,
486 1281 763 1326 crescente
826 1288 1004 1326 rerum
1067 1274 1377 1344 cpulentia,
1441 1278 1722 1331 monachis

147 1360 540 1415 ordinationem
585 1361 898 1415 monasterii
959 1362 1081 1428 sui,
1158 1363 1429 1419 abstracta
1483 1367 1716 1433 abbatia,

147 1449 311 1517 regali
335 1447 594 1504 beneﬁcio
624 1449 675 1502 in
705 1459 958 1506 externas
987 1468 1246 1520 personas
1272 1463 1354 1508 est
1377 1455 1714 1510 beneﬁciata.

149 1540 300 1595 Unde
342 1541 585 1610 contigit,
622 1550 681 1595 ut
710 1542 1047 1610 supradictus
1107 1543 1456 1615 Fridegisus,
1521 1564 1718 1616 genere

144 1633 373 1701 Anglus,
402 1643 458 1688 et
480 1634 647 1688 abbas
682 1635 852 1688 sancti
887 1634 1097 1689 Martini
1127 1636 1533 1701 Turonis,anno
1560 1639 1714 1694 Verbi

143 1725 407 1779 incarnati
440 1726 564 1789 820,
611 1737 663 1779 et
692 1725 896 1795 μηνίειιί
936 1727 1073 1796 regis
1096 1727 1347 1781 Ludovici
1390 1745 1486 1794 vn,
1543 1732 1711 1784 abba-

145 1817 271 1871 tiam
302 1815 584 1871 Silbiensis
623 1817 1044 1918 (innabiioregia
1093 1819 1380 1918 donatio-ne
1410 1821 1710 1889 susciperet
1745 1812 1785 1868 Β
1815 1830 1993 1898 (Vide
2061 1833 2203 1890 inter
2266 1812 2522 1892 Ludovici
2572 1812 2651 1894 Dii
2714 1812 3014 1918 privilegia,

142 1905 562 1974 gubernandam.
625 1905 727 1973 Qui
781 1906 831 1960 in
864 1905 1017 1960 initio
1071 1908 1370 1978 tyrannidis
1409 1923 1543 1974 sum,
1591 1926 1712 1965 cum

141 2004 394 2051 cerneret
463 1995 730 2051 abbatiam
799 1995 1106 2052 universam
1171 2006 1250 2052 tot
1324 2001 1712 2056 monachorum

142 2087 329 2141 usibus
357 2085 677 2156 delegatam,
715 2094 771 2140 ut
793 2095 917 2154 puta
940 2096 1153 2141 centum
1186 2099 1240 2142 et
1278 2089 1492 2159 triginta
1528 2107 1716 2145 mona-

139 2176 368 2228 chorum
419 2175 560 2228 inter
617 2185 844 2244 utraque
890 2178 1211 2231 monasteria
1275 2179 1448 2234 sancti
1507 2180 1711 2236 Bertini

140 2266 350 2320 scilicet
407 2267 684 2337 sanctique
728 2267 1016 2322 Audomari
1067 2271 1420 2341 degentium,
1475 2274 1714 2345 nihilque

139 2372 360 2410 suarum
390 2356 716 2426 voluptatum
769 2357 956 2412 usibus
1008 2370 1426 2429 sequestratum,
1469 2364 1714 2418 avaritiae

135 2447 316 2516 jaculo
347 2458 580 2513 secatus,
636 2448 1022 2502 monachorum
1053 2450 1392 2519 impudenter
1417 2462 1587 2508 tentat
1630 2455 1712 2508 vi-

141 2546 248 2591 tam
283 2540 578 2602 destruere,
622 2547 679 2590 ut
709 2553 792 2591 res
822 2553 1006 2592 eorum
1048 2541 1230 2595 usibus
1273 2557 1300 2595 a
1331 2542 1574 2599 lidclihus
1603 2553 1714 2600 tra-

138 2629 278 2682 ditas
329 2644 438 2682 sua:
503 2628 733 2681 lascivia:
789 2629 1047 2697 potuisset
1107 2628 1316 2686 facilius
1369 2633 1707 2704 mancipare.

137 2719 291 2788 Quod
346 2720 606 2775 diabolica
661 2721 1003 2791 suggestione
1071 2733 1249 2778 mente
1325 2736 1710 2794 conceptum,

139 2809 368 2864 nefanda
403 2818 485 2864 est
523 2811 590 2864 ab
619 2809 709 2863 illo
737 2812 1135 2879 pcrpetratione
1164 2823 1460 2882 peractum.
1494 2815 1625 2870 Nam
1659 2817 1710 2870 in

140 2903 432 2972 capitaneo
481 2902 842 2970 apostolorum
903 2904 983 2958 sui
1024 2905 1193 2959 sancti
1220 2905 1420 2961 Bertini
1449 2909 1587 2974 loco,
1620 2912 1710 2966 ubi

142 3007 349 3046 LXXXIII
386 2991 632 3046 monachi
673 2992 1046 3049 deserviebant
1073 2995 1321 3062 Domino,
1365 3015 1432 3052 ιχ
1479 3015 1576 3070 pro
1607 3001 1706 3054 bu-

135 3097 297 3136 mana
349 3082 527 3153 potius
569 3082 725 3137 laude
754 3099 912 3153 quam
939 3100 1036 3154 pro
1067 3084 1159 3140 Dei
1199 3101 1404 3152 amore,
1455 3088 1705 3153 retinuit;

133 3173 374 3244 reliquos
423 3171 760 3228 districtioris
799 3174 918 3228 vitae
961 3176 1126 3240 viros,
1163 3193 1299 3248 quos
1348 3194 1458 3233 suae
1495 3193 1708 3248 perver-

131 3263 278 3320 sitati
314 3261 523 3332 putavit
553 3277 657 3316 non
699 3264 1020 3329 consentire,
1072 3263 1138 3319 de
1169 3266 1500 3321 monasterio
1521 3267 1704 3337 expel-

131 3355 246 3410 lens
278 3354 429 3409 abire
463 3353 724 3424 permisit.
755 3353 811 3408 In
839 3356 1008 3408 sant-ti
1032 3356 1320 3409 Audomari
1346 3373 1556 3426 quoque
1591 3374 1706 3412 mo-

132 3445 393 3508 nasterio,
441 3445 530 3499 ubi
557 3443 878 3514 regulariter
904 3445 1145 3500 viventes
1175 3447 1405 3500 aderant
1427 3463 1492 3502 χι,
1520 3463 1707 3501 mona-

132 3536 241 3601 tibi,
278 3551 387 3590 xxx
417 3533 704 3588 canonicos
742 3534 939 3588 ibidem
990 3535 1057 3588 ad
1097 3535 1436 3590 serviendum
1485 3536 1706 3606 deputa-

131 3629 208 3684 vit
233 3627 286 3682 in
313 3625 645 3682 monasterio
676 3623 897 3678 Christi.
939 3624 1014 3678 Ac
1033 3633 1150 3693 post
1175 3626 1306 3689 haec,
1352 3627 1514 3681 totius
1539 3628 1704 3680 abba-

133 3720 216 3774 tia:
238 3717 509 3774 circuiens
536 3715 708 3780 villas,
724 3723 777 3768 et
797 3714 919 3784 quia
937 3715 1126 3784 duplex
1151 3716 1396 3770 exstabat
1419 3715 1707 3770 monacho-

132 3829 246 3866 rum
291 3823 575 3869 numerus,
632 3805 847 3876 duplam
899 3807 978 3861 eis
1021 3808 1318 3876 portionem
1351 3808 1594 3862 villarum
1625 3817 1707 3862 est

133 3900 381 3969 largitus.
424 3896 716 3952 Canonicis
739 3907 938 3960 autem,
969 3899 1092 3966 quia
1119 3898 1396 3966 pauciores
1423 3908 1578 3952 erant
1612 3913 1708 3951 nu-

131 4005 304 4054 mero,
338 3987 529 4057 simpla
579 3995 766 4042 contra
795 3988 1078 4041 monachis
1107 3997 1187 4041 est
1216 3989 1339 4040 data
1369 3989 1560 4055 portio.
1593 3987 1646 4054 lp
1667 4001 1707 4040 .e

127 4095 191 4136 ea
217 4096 339 4151 quae
362 4079 459 4134 sibi
484 4079 716 4132 maxime
744 4077 1074 4148 placuerunt,
1100 4077 1165 4130 ad
1197 4093 1307 4132 sua:
1338 4077 1708 4147 pcrversitatis

129 4191 285 4228 usum
319 4171 616 4226 reservavit
642 4187 656 4235 ;
706 4179 759 4224 et
790 4171 914 4239 quia
943 4170 1237 4225 canonicus
1264 4179 1520 4224 eratcum
1545 4186 1710 4224 cano-

133 4265 270 4319 nicis
301 4264 356 4316 in
392 4263 561 4317 sancti
594 4262 884 4316 Audoniari
917 4261 1244 4315 monasterio
1273 4259 1605 4314 Steculariter
1631 4260 1709 4314 vi-

131 4359 314 4411 vebat.
358 4355 496 4421 Quid
539 4354 655 4424 plus
695 4353 850 4421 hujus
887 4353 1095 4408 abbatis
1128 4353 1354 4406 referam
1389 4354 1704 4420 versutiam,

130 4443 251 4500 eum
287 4445 465 4500 veraci
492 4460 702 4514 possem
725 4443 924 4498 famine
949 4445 1127 4498 dicere
1159 4444 1300 4498 hunc
1331 4445 1560 4513 primum
1604 4443 1704 4498 loci

1833 537 1997 591 tibus.

1827 647 2004 704 LVIII.
2070 650 2144 707 De
2195 654 2462 730 prieilegio
2513 656 2759 712 Ludovici
2815 663 2948 730 regis
3007 664 3072 718 de
3130 670 3401 726 venatione

2213 725 2475 794 sylvarum
2505 729 2806 784 monasterii
2833 725 3024 786 Sithiu.

1897 817 2067 888 (820.)
2093 818 2188 873 llic
2213 821 2376 875 etiam
2414 823 2702 891 przedictus
2723 825 2910 890 abbas,
2933 842 3074 882 anno
3105 831 3283 898 primo
3305 850 3398 888 re-

1824 905 2040 974 giminis
2076 909 2178 974 sui,
2203 909 2313 977 jam
2360 911 2560 966 dictum
2602 928 2779 984 regem
2817 915 3144 974 Ludovicnm
3186 923 3394 988 adiens,

1824 997 1979 1063 petiit
2011 997 2078 1051 ab
2126 1013 2190 1053 eo
2239 999 2507 1056 licentiam
2551 1003 2600 1056 in
2645 1019 2787 1074 saepe
2823 1005 2946 1060 dicti
2972 1012 3285 1066 monasterii
3315 1015 3398 1068 sui

1825 1083 2001 1139 Sithiu
2054 1088 2232 1158 sylvas
2281 1092 2619 1146 venationem
2662 1107 2939 1160 exercere,
2983 1098 3084 1152 sub
3117 1101 3399 1156 occasione

1826 1174 2085 1230 librorum
2112 1178 2456 1248 legendorum
2503 1182 2584 1235 vel
2621 1184 2987 1240 manicharum
3033 1187 3099 1242 ad
3130 1204 3258 1244 usus
3282 1190 3396 1244 l'ra-

1825 1275 1964 1318 trum
1998 1267 2384 1334 I'aciendarum,
2424 1270 2518 1324 sed
2551 1272 2691 1340 quod
2713 1273 3023 1329 credibilius
3051 1285 3151 1342 est,
3183 1278 3250 1332 ad
3282 1295 3394 1334 suae

1821 1357 2073 1412 vanitatis
2139 1358 2424 1414 ludibrium
2475 1365 2853 1420 exercendum.
2919 1366 3070 1434 Quod
3129 1386 3224 1425 rex
3271 1373 3392 1427 sine

1823 1461 1970 1500 mora
2007 1449 2310 1514 concessit;
2366 1451 2528 1520 regali
2581 1455 2903 1511 auctoritate
2945 1459 3278 1532 privilegium
3325 1464 3394 1518 ob

1821 1537 1923 1592 hoc
1954 1538 2067 1593 ﬁeri
2104 1537 2285 1607 jussit,
2316 1544 2456 1610 quod
2485 1552 2564 1614 ,οι
2601 1543 2713 1613 ipse
2749 1546 2905 1616 sigilli
2933 1551 3014 1602 sui
3039 1549 3394 1620 impressione

1819 1627 2049 1696 signavit
2075 1629 2128 1683 in
2170 1629 2285 1684 haec
2311 1631 2494 1684 verba.
3397 1659 3400 1664 ·

2085 1739 2218 1796 LIX.
2272 1743 2552 1814 [freinplnr
2577 1749 2809 1818 ejusdem
2841 1754 3117 1826 privilegii.

3079 1847 3395 1922 Patrologise

2435 1935 2580 1981 tomo
2623 1928 2778 2001 CIV.)

1813 2007 1926 2064 LX.
1959 2009 2294 2086 Privilegium
2327 2016 2560 2093 ejusdem
2589 2021 2732 2093 regis
2763 2022 2828 2093 de
2843 2027 3160 2093 monasterio
3189 2027 3389 2093 Sit/tiu,

2208 2096 2434 2155 tempore
2466 2086 2732 2159 Frideg'isi
2761 2092 2983 2145 abbatis.

1884 2169 2182 2228 Praedictus
2235 2185 2412 2230 autem
2445 2178 2611 2233 abbas
2636 2179 2946 2248 Fridegisus
2981 2187 3217 2240 secundo
3264 2202 3392 2256 rego

1811 2257 1919 2328 iam
1954 2261 2099 2315 dicto
2129 2264 2304 2333 petiit,
2327 2273 2386 2319 ut
2405 2267 2568 2321 etiam
2597 2282 2691 2322 sua
2721 2271 3063 2336 auctoritate,
3093 2289 3188 2342 per
3209 2275 3390 2346 regale

1814 2351 2171 2421 privilegium,
2219 2357 2598 2412 monasterium
2623 2375 2777 2414 suum
2807 2360 2982 2416 Sitbiu
3022 2365 3090 2419 ab
3119 2366 3264 2419 omni
3299 2365 3391 2432 ju-

1813 2439 2033 2493 diciaria
2090 2453 2352 2511 potestate
2409 2445 2754 2517 defensaret,
2817 2461 2904 2519 et,
2979 2452 3118 2508 sicut
3171 2465 3386 2510 constat

1813 2541 2183 2588 ante.cssorcs
2212 2550 2338 2590 suos
2369 2553 2520 2608 reges
2543 2539 2715 2594 cidem
2756 2539 2872 2596 loco
2901 2543 3256 2610 concessisse,
3315 2544 3389 2598 ita

1816 2631 1871 2675 et
1923 2623 2037 2692 ipse
2088 2623 2356 2693 gloriosus
2421 2644 2512 2682 rex
2564 2645 2660 2683 sua
2712 2631 3032 2686 auctoritate
3077 2633 3392 2700 dignaretur

1813 2715 2154 2770 conﬁrmare.
2204 2717 2355 2783 Quod
2403 2734 2518 2784 rex,
2564 2735 2706 2775 anno
2761 2723 3146 2778 incarnationis
3175 2723 3384 2779 Domini

1812 2805 1935 2871 850,
1962 2809 2064 2862 hoc
2089 2809 2246 2862 modo
2269 2812 2409 2880 regia
2435 2813 2755 2868 auctoritate
2780 2814 3031 2869 ﬁrmavit.

2023 2897 2157 2952 LXI.
2192 2899 2476 2968 Exemplar
2504 2902 2736 2970 ejusdem
2759 2905 3011 2975 privilegii
3037 2905 3174 2977 (75).

2347 2989 2502 3061 (Vide
2526 2993 2612 3045 ubi
2637 2993 2845 3064 supra.)

2167 3080 2325 3136 LXII.
2356 3081 2433 3136 De
2459 3079 2740 3138 Guntbcrto
2765 3092 3040 3139 monacho.

1882 3172 1996 3228 Sub
2017 3172 2176 3243 hujus
2206 3172 2417 3227 abbatis
2467 3182 2727 3242 tempore,
2755 3175 2999 3230 exoritur
3051 3175 3267 3244 quidam
3318 3179 3388 3231 ti-

1812 3263 2066 3318 runculus
2129 3278 2249 3316 mox
2295 3261 2505 3316 futurus
2561 3265 2856 3317 monachus
2910 3263 3068 3332 hujus
3110 3267 3383 3331 ecclesfaz;

1808 3353 1959 3420 cujus
2001 3353 2117 3406 laus
2163 3362 2216 3406 et
2267 3352 2529 3421 sapientia
2589 3352 2664 3406 ita
2720 3354 2976 3406 hactenus
3020 3352 3074 3406 in
3136 3355 3383 3410 omnium

1810 3455 2117 3498 nostrorum
2154 3455 2400 3498 versatur
2437 3459 2532 3498 ore
2561 3458 2624 3497 ac
2676 3443 2722 3498 si
2766 3444 3154 3512 praesentaliter
3178 3447 3232 3501 in
3257 3448 3384 3502 vivo

1810 3540 2083 3587 teneretur
2109 3546 2334 3602 corpore
2359 3540 2413 3584 et
2438 3529 2653 3596 merito;
2700 3546 2824 3584 nam
2855 3534 3168 3592 monasterii
3227 3534 3391 3602 hujus

1808 3624 2048 3686 libraria,
2089 3639 2208 3694 qua:
2235 3639 2370 3693 pene
2397 3623 2578 3678 omnia
2626 3632 2896 3678 vetustate
2921 3637 3079 3680 erant
3107 3627 3387 3695 demolita,

1807 3717 2061 3788 quoniam
2094 3717 2298 3786 peritus
2324 3725 2439 3770 erat
2465 3716 2665 3779 scriba,
2717 3718 2930 3786 propria
2975 3721 3254 3774 renovavit
3299 3721 3385 3776 in-

1809 3808 2036 3862 dustria.
2075 3807 2300 3876 Insuper
2323 3817 2376 3862 et
2406 3808 2507 3861 alia
2543 3810 2765 3862 adauxit
2793 3808 3051 3864 librorum
3086 3812 3384 3876 volumina.

1806 3915 1870 3953 ex
1900 3900 2094 3968 quibus
2135 3899 2239 3952 duo
2270 3909 2394 3952 sunt
2432 3899 2813 3966 antipbonarii,
2843 3915 2982 3968 quos
3004 3900 3116 3969 ipse
3166 3902 3385 3970 propria

1809 4008 1968 4046 manu
2019 3991 2376 4060 conscripsit;
2433 3999 2487 4044 et
2545 3992 2773 4045 alterum
2823 4003 3011 4046 sancto
3038 3992 3382 4058 Audomaro,

1807 4083 2036 4136 alterum
2069 4096 2200 4135 vero
2220 4090 2412 4135 sancto
2433 4079 2694 4134 Winnoco
2725 4081 3010 4135 concessit.
3053 4079 3284 4153 Scripsit
3331 4091 3389 4137 et

1811 4172 2048 4236 tertium,
2103 4185 2262 4240 quem
2323 4170 2567 4224 Incidiori
2621 4185 2783 4238 opere
2839 4170 3163 4238 elucidavit;
3231 4171 3389 4241 cujus

1810 4260 2019 4314 initium
2048 4269 2102 4315 ct
2134 4261 2184 4314 in
2211 4260 2451 4315 carmine
2497 4258 2761 4328 majorqu
2795 4260 3217 4329 solemnitatum,
3277 4281 3376 4316 an-

1809 4354 1917 4409 rcis
1961 4353 2154 4407 litteris
2201 4352 2426 4407 miriﬁce
2457 4353 2760 4416 decoravit;
2800 4369 2981 4423 quem,
3016 4354 3141 4423 quia
3171 4354 3390 4422 elegan-

1813 4443 2002 4499 tiorem
2045 4444 2196 4508 vidit,
2243 4451 2430 4496 sancto
2467 4441 2681 4495 Bcrtino
2708 4445 3054 4498 contradidit.
3093 4445 3390 4512 Descripsit

132 4535 291 4605 hujus
313 4507 807 4592 casum-extitisse?
846 4535 944 4588 Hic
973 4535 1161 4598 etiam,
1189 4535 1485 4588 secundum
1515 4535 1708 4588 veridi-
1737 4507 1786 4565 θ
1809 4544 1865 4588 et
1891 4542 2218 4602 compotum,
2266 4547 2425 4602 quem
2449 4540 2504 4586 et
2527 4533 2680 4586 nobis
2730 4536 3000 4589 concessit
3043 4535 3384 4598 habendum;

131 4643 251 4683 eam
286 4627 544 4682 Veritatis
590 4641 796 4691 vocem,
847 4641 968 4681 cum
990 4625 1080 4680 alii
1102 4625 1457 4690 lahorassent,
1485 4625 1538 4679 in
1568 4625 1708 4679 labo-

133 4733 221 4773 res
267 4731 455 4772 eorum
494 4715 739 4780 introiit;
805 4729 904 4768 nec
935 4713 1105 4768 solum
1138 4713 1364 4775 introiit,
1408 4712 1501 4766 scd
1545 4713 1707 4765 etiam

133 4823 251 4876 quae
267 4807 643 4860 laboraverant
673 4805 957 4859 temeraria
975 4802 1392 4872 prmsumptionc
1421 4801 1706 4856 destruxit.

134 4899 231 4953 Hic
257 4889 704 4951 etiam‘l'raternae
743 4893 1026 4948 charitatis
1063 4892 1343 4960 utriusque
1393 4889 1705 4944 monasterii

131 4986 438 5041 destructor
460 4983 662 5046 extitit;
692 4982 816 5036 dum
842 4992 896 5036 et
923 4981 1168 5035 monachi
1192 4981 1290 5033 sibi
1313 4978 1516 5046 justum
1549 4987 1600 5032 et
1639 4977 1708 5031 ah

135 5076 376 5148 antiquis
433 5075 684 5131 Patribus
761 5073 1010 5128 traditum
1087 5072 1402 5126 reverentia:
1451 5072 1706 5124 honorem

1812 4623 2034 4692 insuper
2058 4633 2112 4674 et
2136 4621 2260 4684 alia,
2303 4635 2424 4689 qua:
2468 4619 2513 4675 si
2557 4621 2648 4676 hic
2691 4623 3018 4685 scribantur,
3065 4621 3392 4678 videbuntur

1811 4727 1929 4768 esse
1959 4710 2246 4780 superﬂua.
2276 4709 2372 4766 Hic
2400 4719 2602 4774 autem,
2637 4713 2688 4768 in
2719 4713 2979 4782 primaeva
3005 4712 3306 4781 juventute,
3357 4730 3388 4768 a

1808 4810 1960 4870 patre
1990 4799 2214 4852 Romam
2245 4799 2456 4862 ductus,
2507 4800 2686 4870 ibique
2735 4808 2924 4853 sancto
2971 4799 3130 4852 Petro
3175 4799 3390 4854 oblatus.

1809 4900 1865 4946 et
1911 4891 1980 4944 ab
2027 4889 2267 4959 Eugenio
2319 4905 2458 4961 papa
2503 4900 2588 4944 est
2637 4889 2945 4944 clericatus.
3013 4887 3185 4956 Quem
3233 4901 3392 4961 pater

1814 4977 2007 5033 exinde
2035 4977 2250 5032 domum
2284 4979 2570 5040 reducens,
2612 4977 2664 5030 in
2692 4977 2794 5031 hoc
2839 4978 3172 5034 monasterio
3211 4979 3392 5034 Sitbiu

1815 5078 2004 5124 sancto
2029 5066 2190 5121 Petro
2217 5078 2510 5137 sanctoque
2537 5067 2754 5122 Bertino
2779 5069 3109 5124 monachum
3163 5070 3383 5135 obtulit,
