3982 5292
515 273 538 326 i
548 271 654 328 223

1581 260 1905 345 FOLQUlNl
1945 260 2003 317 S.
2039 257 2310 316 BERTINI
2354 257 2660 315 MONACIII

3657 268 3793 322 ιεξι

450 382 456 385 ’
514 385 670 456 cujus
735 381 953 450 nomine
1005 376 1254 433 eumdem
1308 375 1614 430 construxit
1663 375 2091 440 monasterium,
2123 378 2170 434 Α
2201 371 2530 443 Vostringe;
2592 373 2645 428 in
2707 372 3035 446 Tingriaco;
3087 377 3140 431 in
3194 377 3440 444 Wilere;
3489 379 3793 450 Mestruga-

513 486 776 548 perpetua
803 467 1364 537 ﬁrmitatedelcgavit.
1404 466 1527 521 ilzec
1571 476 1698 522 sunt
1747 475 1930 522 autem
1997 481 2093 521 no-

515 568 662 620 mina
694 563 937 618 villarum
979 575 1113 629 quas
1147 558 1437 628 praedictus
1462 555 1775 622 Goibertus,
1805 555 2094 612 Gnntberti

515 657 720 730 prtcl‘ati
773 667 956 726 pater,
1025 669 1122 724 pro
1172 655 1513 723 cleemosyna
1562 667 1657 706 sua
1705 652 1772 706 ad
1817 652 2094 706 basilicam

516 749 725 804 Domini
760 747 1056 802 Salvatoris
1084 747 1136 800 in
1163 744 1455 800 Steneland
1481 744 1846 798 c'ontradidit:
1905 744 1960 797 lu
2007 743 2100 798 Ri-

517 842 868 910 colvingccm,
931 839 1205 893 llistlcnne
1271 854 1390 892 cum
1446 837 1768 905 mancipiis;
1816 838 1865 889 in
1918 835 2097 890 Okka-

515 931 852 1000 ningaltem;
904 929 954 981 in
1002 926 1274 992 llostctle;
1327 927 1378 979 in
1435 926 1830 995 Lampanesse;
1874 925 1926 978 in
1960 924 2101 977 Sim-

515 1037 686 1093 paco;
755 1021 807 1074 in
872 1019 1191 1082 Bortbeem;
1256 1017 1310 1070 in
1364 1015 1552 1080 Reka;
1635 1015 1685 1070 in
1758 1015 1976 1080 Strate;
2047 1015 2098 1068 iu

519 1111 922 1176 Hemmanwil;
1003 1111 1054 1163 in
1114 1109 1380 1170 Kiltiaco;
1440 1107 1492 1162 in
1559 1107 1978 1176 "Cdencsbcrg;
2045 1106 2097 1160 in

517 1203 850 1258 monasterio
891 1216 1137 1256 mansum
1185 1200 1549 1267 hortumque;
1609 1199 1660 1252 in
1688 1196 1881 1251 Arian
1907 1196 2100 1251 simili-

517 1302 639 1360 ter;
678 1295 731 1349 in
778 1294 1046 1348 Tarwana
1094 1308 1380 1357 mansum;
1419 1292 1472 1346 in
1507 1290 1796 1358 Quiutvico
1826 1290 2095 1346 similiter.

516 1384 757 1456 Itemque
807 1387 873 1440 ab
930 1385 1052 1440 aliis
1103 1385 1169 1439 ad
1221 1384 1462 1439 eamdem
1503 1384 1780 1440 basilicam
1805 1392 1928 1438 sunt
1970 1398 2100 1438 con-

517 1493 726 1535 cessae:
765 1479 819 1536 In
873 1478 1125 1534 Kessiaco
1153 1486 1206 1532 et
1246 1477 1528 1547 Squerda;
1581 1477 1632 1531 in
1660 1476 1994 1541 Wesarinio;
2045 1476 2096 1529 in

557 1617 564 1628 .
593 1660 708 1732 (74)
743 1661 824 1716 Ad
855 1669 1064 1730 portam
1099 1660 1232 1716 Cod.
1267 1660 1405 1716 Aud.

2202 463 2352 529 sele;
2410 464 2464 518 in
2514 464 2803 532 Loclesse;
2851 467 2903 520 in
2951 467 3455 540 Lonastingahem;
3512 471 3566 525 in
3622 474 3798 527 (1ηιο-

2203 553 2462 625 nomberg
2487 571 2502 621 ;
2538 555 2590 609 in
2620 555 3119 627 Dagmaringahem.
3149 561 3270 616 llrec
3296 563 3482 616 omnia
3536 563 3796 633 prximus

2205 645 2491 701 Goibertus
2518 657 2572 702 et
2623 648 2762 704 ﬁlius
2788 649 2906 720 ejus
2937 649 3302 716 Guntbertns,
3352 654 3554 722 partim
3598 670 3667 708 ex
3707 673 3797 710 eo-

2208 753 2325 792 rum
2359 739 2690 804 limrcditate,
2723 741 2919 810 partim
2943 742 3167 795 aliorum
3193 741 3508 807 donatione,
3536 757 3604 797 ex
3632 742 3799 813 ipsius

2210 839 2388 884 tamen
2414 831 2697 884 Gnntberti
2734 832 3124 900 acquisitione,
3157 833 3224 886 ad
3253 832 3537 886 basilicam
3584 833 3796 886 Domini

2205 922 2506 978 Salvatoris
2557 924 2610 977 in
2663 924 3035 991 Stenedland,
3095 927 3400 980 ﬁrmissima
3451 928 3798 981 tradiderunt

2204 1017 2513 1082 donatione,
2569 1026 2622 1072 et
2675 1019 2844 1088 ipsam
2895 1019 3173 1074 basilicam
3203 1030 3365 1090 atque
3410 1031 3628 1090 portatu
3662 1021 3796 1090 (τι),

2204 1108 2518 1162 monasterii
2549 1106 2749 1172 Sithin,
2788 1110 2856 1163 ad
2895 1125 3082 1164 eorum
3135 1110 3541 1181 eleemosynam
3595 1109 3798 1162 facien-

2204 1199 2326 1253 dam
2377 1200 2430 1252 in
2485 1201 2813 1270 pauperibus
2861 1210 2915 1255 et
2972 1203 3308 1272 peregrinis,
3388 1203 3795 1272 promptissima

2207 1300 2593 1345 concesserunt
2637 1290 2931 1344 voluntate.
2985 1291 3114 1358 Quae
3157 1291 3336 1345 omnia
3391 1291 3446 1345 in
3501 1291 3644 1344 locis
3689 1291 3798 1344 suis

2207 1397 2329 1436 cum
2358 1383 2422 1436 de
2451 1383 2788 1454 eleemosyna
2817 1384 2959 1454 loqui
2990 1385 3269 1453 coepimus,
3303 1399 3428 1439 cum
3463 1384 3640 1438 cartis
3666 1384 3795 1448 suis,

2207 1476 2316 1530 Deo
2349 1475 2595 1540 favente,
2631 1477 3007 1533 describimus.

1795 1567 2021 1638 Explicit
2049 1568 2179 1625 liber
2214 1569 2431 1638 primus.

544 1839 3796 1863 mm—

1639 1979 2003 2068 LIBER
2071 1979 2724 2069 SECUNDUS.

988 2279 1029 2334 Ι.
1073 2279 1146 2334 De
1186 2277 1409 2350 IIugone
1433 2278 1639 2334 abbate.

600 2375 809 2429 Abhate
841 2381 1022 2427 autem
1077 2371 1356 2442 Fridegiso
1389 2372 1654 2441 migrante
1699 2387 1730 2427 a
1771 2370 1967 2427 saeculo
2006 2371 2109 2443 [sui

525 2467 806 2538 regiminis
862 2481 1004 2519 anno
1044 2473 1238 2532 quarto
1272 2463 1524 2535 decimo],
1564 2462 1717 2534 llugo
1764 2463 2111 2528 venerabilis,

524 2555 694 2612 Filius
721 2554 896 2609 Caroli
924 2555 1063 2624 regis
1105 2553 1280 2625 magni
1308 2564 1363 2609 et
1393 2553 1558 2610 frater
1584 2554 1840 2609 Ludovici
1862 2553 2110 2616 Caesaris,

521 2645 581 2702 in
641 2645 860 2700 abbatia
920 2645 1210 2710 successit,
1269 2660 1412 2699 anno
1445 2645 1840 2700 incarnationis
1894 2643 2106 2699 Domini

523 2738 666 2800 834,
738 2746 793 2792 et
829 2736 1042 2807 prtefati
1106 2737 1248 2807 regis
1295 2736 1551 2791 Ludovici
1604 2753 1718 2791 xxx.
1789 2735 1914 2804 Qui,
1969 2753 2112 2791 anno

525 2828 806 2899 regiminis
845 2829 930 2884 sui
976 2845 1038 2895 ιι,
1088 2829 1402 2898 praedictum
1438 2845 1615 2900 regem
1660 2830 1869 2894 adiens,
1901 2830 2112 2900 rogavit

524 2921 639 2974 btnc
663 2921 730 2973 ab
763 2918 854 2973 illo
885 2919 1032 2988 regia
1057 2909 1380 2972 auctoritate
1426 2918 1652 2985 ﬁrmari,
1704 2936 1825 2989 quae
1862 2930 2110 2976 anteces-

525 3026 681 3066 sores
738 3011 822 3065 sui
883 3011 1216 3065 Francorum
1280 3026 1437 3081 reges
1490 3011 1759 3079 regalibus
1818 3013 2112 3082 privilegiis

524 3101 750 3173 praefato
790 3101 967 3157 Sithiu
1013 3103 1344 3156 monasterio
1369 3103 1465 3157 visi
1499 3101 1711 3156 fuerant
1738 3104 2111 3159 conﬁrmasse.

525 3194 679 3259 Quod
714 3207 806 3247 rex
837 3193 1322 3249 excellentissimus
1351 3202 1458 3247 tam
1485 3203 1730 3264 prompte
1771 3195 2108 3272 adimplevit,

525 3293 786 3355 quantum
835 3294 890 3341 et
946 3294 1222 3356 rogantem
1273 3301 1384 3356 prce
1414 3286 1865 3350 antecessoribus,
1926 3295 2112 3357 utpote

526 3376 750 3433 fratrem
781 3379 946 3433 corde
976 3386 1130 3432 tenus
1155 3377 1437 3433 fraternali
1469 3379 1734 3434 charitate
1760 3380 1965 3434 dilexit.

524 3487 587 3543 ll.
613 3487 956 3560 Privilegium
994 3489 1680 3632 ιαάοιῗὲῗὶδνιίρῖἱῶιεηψονε
1731 3489 1969 3561 [lagonis
2015 3492 2109 3546 ab-

2143 2292 2189 2349 B
2217 2281 2522 2352 episcopus,
2572 2280 2914 2352 suggestione
2962 2281 3200 2354 Ilngonis
3252 2282 3466 2338 abbatis
3511 2282 3802 2340 Sithiensis

2215 2375 2451 2430 coenobii
2478 2415 2492 2440 ,
2522 2375 2662 2444 quod
2698 2383 2779 2430 est
2809 2384 3179 2430 constructum
3233 2376 3286 2430 in
3339 2376 3512 2431 insula
3546 2375 3722 2431 Sitlu'u
3752 2381 3800 2432 in

2213 2467 2420 2521 honore
2451 2466 2508 2520 Β.
2539 2467 2683 2521 Petri
2730 2466 2989 2537 principis
3025 2466 3390 2537 apostolorum
3417 2509 3432 2534 ,
3467 2468 3561 2522 ubi
3590 2467 3652 2521 Β.
3678 2469 3804 2524 Ber-

2217 2554 2360 2609 tinns
2383 2571 2612 2626 corpore
2632 2558 2886 2628 quiescit,
2919 2558 3259 2629 perpendens
3284 2558 3607 2628 injustitiam
3633 2559 3804 2629 lacry-

2217 2643 2463 2698 mahilcm
2510 2660 2673 2715 quam
2728 2634 3038 2718 Fridegtsus
3079 2648 3447 2717 praedecessor
3477 2665 3647 2717 supra
3695 2666 3802 2703 me-

2216 2735 2408 2788 morati
2457 2735 2670 2790 abbatis
2723 2735 2899 2794 cidem
2949 2747 3137 2792 sancto
3186 2737 3305 2793 loco
3349 2739 3636 2804 intulerat,
3699 2750 3800 2794 tota

2217 2825 2516 2882 intentione
2543 2827 2851 2898 excogitare
2878 2829 3016 2897 οωρὶ
3037 2867 3052 2896 ,
3082 2828 3318 2898 qualiter
3345 2830 3601 2883 eumdem
3631 2829 3800 2884 locum

2215 2917 2280 2972 ad
2313 2917 2599 2988 pristinum
2647 2918 2908 2973 honorem
2939 2920 3174 2976 valerem
3211 2919 3493 2974 reducere.
3545 2919 3802 2975 Omnibus

2215 3019 2362 3063 certe
2394 3019 2578 3063 notum
2602 3019 2684 3064 est
2711 3011 2956 3066 ﬁdelibus
2981 3011 3236 3081 quoniam
3261 3012 3433 3066 sancti
3459 3013 3804 3067 confessam;

2215 3099 2416 3153 Christi
2455 3099 2795 3155 Andomarus
2833 3110 2994 3171 atque
3041 3100 3323 3168 Bertinus,
3377 3102 3508 3156 dum
3539 3103 3724 3158 adhuc
3758 3103 3801 3155 in

2217 3204 2443 3259 corpore
2467 3199 2648 3245 essent
2672 3233 2686 3256 ,
2717 3192 3086 3247 cmmeterium
3116 3193 3168 3246 in
3193 3191 3316 3246 villa
3345 3191 3523 3247 Sit/tiu
3549 3195 3610 3248 in
3653 3209 3802 3263 supe-

2218 3279 2347 3334 riori
2375 3281 2492 3336 loco
2517 3282 2582 3335 ad
2610 3282 2920 3338 tmnulanda
2951 3299 3047 3337 sua
3077 3294 3130 3337 et
3155 3285 3550 3338 monachorum
3586 3299 3804 3354 corpora

2217 3375 2486 3428 communi
2523 3390 2686 3444 opere
2718 3374 2963 3429 fecerunt
2990 3393 3002 3429 :
3035 3375 3086 3429 in
3120 3374 3272 3443 cujus
3311 3377 3494 3432 medio
3525 3376 3804 3432 basilicam

2219 3467 2272 3520 in
2305 3468 2508 3521 honore
2540 3466 2596 3521 S.
2638 3467 2819 3520 Mariae
2859 3477 3314 3532 construxerant,
3350 3485 3518 3540 quam
3550 3472 3720 3525 ctiam
3746 3469 3801 3524 Β.

2217 3557 2557 3612 Audomarus
2585 3557 2642 3610 S.
2671 3557 2890 3612 Bertino
2915 3558 3135 3627 suisque
3167 3559 3584 3615 successoribus
3610 3560 3804 3614 donans

529 3648 704 3720 (Vide
755 3649 896 3708 inter
945 3651 1225 3724 privilegia
1286 3651 1538 3707 Ludovici
1598 3652 1718 3720 Pii,
1794 3653 2113 3726 Patr-ologia:
2140 3649 2184 3709 C
2215 3662 2311 3716 per
2354 3647 2687 3717 privilegium
2720 3647 2986 3716 quoddam
3018 3647 3327 3718 episcopale
3357 3649 3802 3712 conﬁrmaverat,

1145 3747 1273 3796 tom.
1315 3741 1484 3811 CIV.)

595 3829 683 3886 Ill.
726 3831 926 3888 Eodem
973 3840 1213 3902 tempore
1253 3835 1542 3904 pt‘chicttIs
1567 3834 1720 3906 llugo
1770 3835 1938 3890 abbas
1980 3850 2114 3891 con-

525 3920 716 3978 dolens
749 3922 1135 3978 infelicissimae
1161 3933 1216 3978 et
1238 3923 1556 3978 llllSCl‘l‘llllﬂ)
1583 3924 1833 3979 divisioni
1855 3932 1909 3979 et
1931 3925 2115 3979 discis-

529 4013 668 4068 sioni
737 4015 1060 4070 venerabilis
1127 4015 1418 4071 Sithiensis
1475 4017 1710 4071 coenobii
1770 4017 1837 4071 ab
1900 4015 2116 4070 infando

532 4104 810 4175 Fridegiso
833 4107 1012 4171 factaa,
1045 4124 1074 4161 a
1104 4108 1305 4164 domno
1335 4109 1606 4178 Folqniuo
1633 4120 1760 4163 tunc
1785 4109 2114 4164 Morinorum

528 4196 826 4250 venerabili
875 4198 1115 4252 antistite
1151 4201 1413 4254 unitatem
1467 4202 1840 4256 etenobiorum
1887 4201 2118 4271 pristino

533 4300 686 4340 more
729 4284 1015 4340 reformari
1074 4287 1377 4357 inspiravit.
1412 4288 1564 4355 Quod
1608 4298 1663 4343 et
1712 4290 1991 4359 privilegio
2028 4289 2118 4343 ﬁr-

531 4379 671 4436 mari
709 4379 857 4438 fecit.
915 4380 1086 4454 Hujus
1135 4390 1312 4438 autem
1341 4381 1612 4455 privilegii
1658 4382 1762 4438 hoc
1816 4392 1900 4438 est
1936 4397 2119 4438 exem-

530 4469 673 4542 plar.

1039 4564 1128 4620 IV.
1167 4564 1452 4638 Exemplar
1489 4566 1626 4640 (76).

573 4711 576 4716 .
606 4659 719 4732 Ego
752 4659 1048 4730 Folquinus
1077 4659 1170 4714 Dei
1220 4659 1395 4730 gratia
1439 4658 1772 4714 Morinorum
1814 4657 2117 4728 episc0pus,

533 4749 786 4806 omnibus
830 4749 1078 4806 ﬁdelibus
1124 4759 1233 4804 tam
1285 4749 1479 4804 futuris
1530 4765 1694 4820 quam
1743 4748 2137 4820 praesentibus.

536 4840 804 4910 Quidquid
860 4842 929 4896 ob
983 4856 1223 4898 amorem
1254 4840 1350 4896 Dei
1389 4841 1666 4912 exigentes
1717 4841 1794 4895 rei
1835 4840 2120 4894 veritatem

535 4933 812 4988 memoriae
840 4933 1144 4989 futurorum
1171 4935 1504 4990 noscendum
1538 4933 1938 5004 reliquerimus,
1970 4932 2123 4987 valde

2215 3750 2270 3794 et
2318 3756 2473 3794 suum
2524 3741 2666 3794 inter
2711 3756 2805 3794 eos
2836 3740 3210 3810 corpusculum
3250 3740 3464 3808 sepeliri
3525 3741 3581 3795 in
3625 3740 3803 3796 eodem

2216 3833 2499 3905 privilegio
2539 3841 2844 3904 rogaverat.
2875 3832 3049 3899 Quam
3095 3832 3384 3900 praedictus
3414 3829 3592 3886 abbas
3622 3831 3801 3885 Fridc-

2216 3926 2364 3997 gisus
2414 3942 2517 3979 non
2551 3926 2723 3980 solum
2756 3924 2815 3980 S.
2855 3924 3077 3979 Bertino
3121 3923 3274 3987 tulit,
3305 3923 3398 3978 sed
3447 3923 3621 3977 etiam
3652 3924 3804 3992 (quod

2217 4017 2359 4072 dictu
2386 4016 2643 4070 horribile
2665 4016 2767 4087 est)
2795 4015 3089 4070 monachos
3110 4013 3224 4080 ejus
3240 4015 3348 4068 Deo
3363 4013 3604 4068 honeste
3619 4015 3804 4069 ibidem

2216 4110 2513 4165 servientes
2543 4124 2664 4162 cum
2708 4122 2903 4178 magno
2930 4107 3196 4161 dedecore
3222 4103 3461 4174 expulit,
3489 4107 3807 4160 canonicos-

2217 4217 2321 4272 que
2352 4202 2423 4256 ibi
2453 4200 2741 4256 COIISllIllil
2766 4240 2782 4265 ,
2823 4200 2949 4254 dum
2982 4199 3191 4254 scilicet
3239 4213 3269 4250 a
3317 4199 3665 4266 temporibus
3695 4213 3808 4252 san-

2219 4303 2428 4347 ctorum
2477 4293 2770 4347 Audomari
2824 4303 2984 4360 atque
3021 4291 3224 4345 Bertini
3273 4289 3462 4360 religio
3492 4291 3808 4345 monachica

2219 4387 2418 4441 ibidem
2452 4385 2722 4440 fatnulans
2762 4385 3163 4456 religiosissime
3199 4382 3430 4438 ﬂoreret.
3465 4381 3716 4450 Quorum
3740 4382 3807 4434 la-

2219 4493 2484 4551 crymosae
2507 4477 2784 4547 iniustitia:
2814 4475 3298 4548 reclamationique
3323 4475 3644 4531 incessabili
3674 4489 3807 4530 com-

2218 4571 2432 4641 patiens
2471 4579 2527 4625 et
2572 4569 2820 4640 petitioni
2859 4568 3103 4640 ﬂugonis
3130 4565 3460 4623 venerabilis
3485 4566 3707 4621 abbatis
3731 4580 3812 4617 π·-

2219 4661 2505 4730 quiescens
2527 4701 2543 4725 ,
2573 4659 2884 4714 mdilitatem
2911 4674 3007 4714 seu
3035 4658 3336 4714 custodiam
3375 4657 3546 4727 ipsius
3576 4655 3807 4722 basilica,-

2223 4749 2281 4804 S.
2311 4749 2472 4804 Petro
2518 4758 2814 4819 sanctoque
2858 4747 3080 4802 Bertino
3131 4745 3457 4802 reddendam
3484 4785 3498 4811 ,
3546 4754 3602 4800 et
3632 4760 3807 4799 mona—

2222 4845 2383 4898 chum
2417 4843 2482 4897 ad
2511 4842 2817 4897 custodiam
2851 4840 2923 4894 ibi
2962 4839 3268 4910 ponendum
3299 4837 3486 4893 censui
3516 4847 3576 4892 et
3613 4836 3803 4896 statui,

2228 4946 2286 4991 ut
2321 4944 2378 4991 et
2411 4944 2644 5004 quatuor
2683 4933 3017 5003 temporibus
3041 4934 3092 4987 in
3121 4948 3262 4985 anno
3294 4931 3589 4985 missarum
3616 4929 3801 4983 soletu-

538 5023 584 5068 Ed
627 5023 912 5068 animalum
934 5026 1133 5068 nostri:
1163 5025 1504 5068 nrnl'nlnrnm
1549 5039 1831 5068 emeramus
1857 5064 1869 5068 -
1906 5026 2029 5068 dum
2071 5041 2100 5066 ιι

2229 5029 2314 5066 nia
2343 5028 2674 5066 nolohrzwnnl
2699 5026 2932 5066 clnhilivi
2995 5027 3099 5064 lino
3127 5034 3204 5064 ρει
3243 5024 3294 5064 in
3329 5023 3462 5064 fni-ia
3500 5021 3658 5064 [Prlia
3700 5019 3804 5064 din-
