3982 5292
214 208 346 263 ΠΞΒ
413 205 422 220 ³

1527 205 2099 265 ΟΙΙΑΒΤΙΞΙΑΙΠῸΜ.

3322 209 3460 266 Ιῖἲΰ

209 337 413 381 cretum
461 322 604 378 beati
629 322 923 378 Audomari
949 363 963 388 ,
994 323 1136 391 quod
1167 324 1219 378 in
1267 322 1550 393 privilegio
1576 323 1643 377 de
1673 330 1784 375 tra-
1810 323 1859 381 Α
1887 317 2190 373 Ludovicus
2233 324 2284 373 et
2313 316 2536 372 Carolus
2562 317 2878 372 (litv'isionem
2918 320 3067 390 regni
3115 320 3464 388 affectantes,

208 413 408 469 ditione
443 414 609 484 ipsius
643 413 742 468 loci
793 415 1078 470 emnohitis
1107 415 1325 485 scripsit
1371 424 1424 470 et
1471 417 1782 481 interdixit,

208 502 486 567 haberent,
530 512 798 568 tenerent,
826 515 882 559 et
904 506 955 558 in
985 516 1245 576 perpetuo
1271 508 1492 576 perenni
1515 506 1640 575 jure
1666 523 1788 576 pos-

209 594 461 648 siderent.
491 595 603 650 Nec
631 597 914 667 episcopus
942 606 1034 652 aut
1066 597 1481 654 archidiaconus
1505 599 1624 666 ejus
1648 642 1661 661 ,
1692 615 1787 655 seu

210 686 402 756 aliquis
433 687 775 754 clericorum,
803 690 887 744 vel
913 689 1079 758 judex
1101 690 1398 746 forensiqu
1443 707 1649 754 rerum,
1690 693 1789 747 ali-

210 777 336 847 quid
355 778 456 833 sibi
470 779 664 836 exinde
685 781 972 838 vindicent.
989 782 1230 853 Denique
1245 783 1353 852 jam
1368 784 1588 853 quidam
1611 800 1788 839 emer-

208 880 394 926 serant
435 872 659 928 audacia
693 876 1014 930 temeritatis
1056 875 1286 945 decepti,
1318 876 1560 932 dicentes
1597 877 1793 946 prima.

209 973 322 1018 tum
366 963 606 1019 locorum
635 965 702 1019 ad
735 981 793 1019 se
825 965 1097 1035 pertinere
1129 965 1343 1021 debere.
1385 966 1624 1034 Quorum
1655 983 1792 1035 pras-

206 1062 539 1124 sumptuosm
585 1057 851 1124 superbiae
898 1057 1196 1121 resistens,
1236 1073 1332 1127 per
1375 1058 1791 1128 descriptionem

206 1146 565 1216 capitularem
615 1164 799 1203 coram
853 1149 1176 1219 quibusdam
1225 1150 1548 1220 primatibus
1599 1151 1794 1222 regalis

208 1239 398 1309 palatii
425 1248 478 1294 et
502 1237 660 1308 hujus
689 1242 876 1308 patriae
904 1257 999 1298 eos
1025 1243 1151 1299 huic
1177 1243 1295 1300 loco
1317 1246 1527 1317 subegi,
1553 1255 1608 1301 et
1627 1261 1796 1302 cona-

206 1337 326 1391 tum
357 1345 544 1385 eorum
577 1332 894 1387 annibilavi.
929 1333 1042 1390 Ho’c
1071 1335 1236 1389 etiam
1266 1336 1530 1404 scriptum
1563 1337 1794 1405 posteris

206 1419 624 1490 relinquendum
656 1421 771 1476 fore
800 1432 976 1477 ratum
1009 1424 1169 1487 duxi,
1203 1433 1261 1479 ut
1302 1441 1396 1494 per
1425 1427 1528 1482 hoc
1554 1428 1797 1496 quando-

207 1533 318 1586 que
368 1517 653 1572 resistatur
685 1519 1025 1574 inimicorum
1074 1520 1228 1576 malze
1258 1520 1520 1576 voluntati
1549 1563 1564 1586 ,
1611 1533 1667 1576 et
1695 1523 1796 1576 hoc

208 1607 511 1679 infringere
534 1609 826 1664 volentium
851 1611 1036 1681 iniquo
1054 1612 1290 1666 conatui.
1314 1611 1466 1680 Quod
1489 1614 1797 1684 quicunque

1887 421 2006 481 post
2047 427 2210 466 unum
2268 426 2499 470 annum.
2539 412 2775 465 maximo
2805 411 2986 481 praelio
3017 412 3155 467 inter
3193 429 3252 470 se
3279 414 3458 468 conﬂic

1888 512 2082 559 xerunt
2107 503 2160 557 in
2211 518 2348 574 pago
2375 503 2843 567 Autisiodorense,
2881 505 2932 558 in
2967 505 3082 560 loco
3120 507 3210 574 qui
3243 519 3469 560 vocatur

1888 597 2264 652 Fontanetum.
2318 596 2372 650 In
2417 612 2524 665 quo
2545 596 2662 651 loco
2685 597 2907 658 Franci,
2941 614 3064 652 cum
3092 599 3343 655 omnibus
3365 617 3465 653 na-

1891 688 2132 742 tionibus
2153 687 2252 742 sibi
2279 686 2556 754 subjectis,
2583 696 2763 741 mutua
2787 704 2843 743 se
2864 691 3009 744 czede
3040 701 3464 759 prosternentes.

1891 779 1956 832 ad
1986 777 2234 832 ultimum
2263 779 2566 834 Ludovicus
2597 789 2651 832 et
2682 780 2940 846 Carolus,
2976 782 3230 837 Lothario
3261 783 3467 854 fugato,

1893 871 2227 939 triumphum
2269 872 2450 941 adepti
2497 882 2644 927 sunt.
2700 872 2827 928 Post
2863 875 3298 930 cruentissimum
3339 892 3471 929 vero

1891 964 2132 1033 prmlium
2161 1003 2175 1026 ,
2227 979 2358 1033 pace
2407 964 2547 1019 inter
2575 979 2669 1019 eos
2702 964 2876 1024 facta.
2913 966 3210 1021 diviserunt
3249 967 3388 1021 inter
3414 984 3474 1020 se

1893 1053 2226 1108 Francorum
2258 1054 2563 1123 imperium.
2600 1056 2662 1108 Et
2689 1054 2978 1110 Lotharius
3020 1058 3234 1126 quidem
3266 1059 3476 1126 accepit

1895 1163 2120 1219 regnum
2158 1147 2527 1203 Romanorum
2580 1157 2635 1204 et
2684 1159 2848 1204 totam
2887 1150 3096 1204 italiam
3121 1192 3136 1213 ,
3164 1160 3217 1206 et
3263 1162 3474 1221 partem

1893 1240 2138 1296 Francia:
2173 1240 2489 1296 orientalem
2525 1250 2798 1312 totamque
2838 1243 3201 1297 l’roventiam.
3235 1243 3476 1298 Ludovi-

1898 1347 1995 1387 cus
2041 1346 2204 1395 vero,
2234 1343 2432 1401 prmter
2464 1332 2754 1398 Noricam,
2778 1349 2940 1402 quam
2984 1333 3217 1387 habebat
3240 1373 3255 1396 ,
3305 1332 3482 1388 tenuit

1900 1436 2062 1492 regna
2108 1436 2229 1491 qua:
2255 1431 2412 1491 pater
2441 1437 2574 1477 suus
2620 1422 2694 1477 illi
2740 1423 2984 1485 dederat.
3019 1423 3070 1478 id
3099 1434 3182 1478 est
3221 1423 3480 1480 Alaman—

1899 1513 2070 1577 niam,
2103 1512 2442 1582 Turingiam,
2470 1513 2830 1579 Austrasiam,
2863 1513 3153 1569 Saxoniam
3189 1525 3244 1570 et
3273 1516 3482 1571 Avaro-

1900 1622 2040 1670 rum,
2069 1605 2120 1660 id
2155 1613 2240 1660 est
2270 1605 2584 1660 Hunnorum
2613 1606 3098 1676 regnum.Carolus
3123 1623 3250 1662 vero
3281 1609 3484 1664 medie-

206 1698 412 1755 futuris
471 1701 804 1771 temporibus
849 1702 934 1756 vel
975 1703 1318 1766 annihilare,
1374 1703 1459 1758 vel
1505 1703 1798 1773 infringere

1910 1703 2069 1749 tatem
2100 1693 2342 1750 Francia:
2371 1696 2438 1751 ah
2464 1695 2784 1757 Occidente.
2818 1705 2873 1751 et
2903 1706 3071 1751 totam
3129 1698 3436 1753 Neustriam
3464 1741 3480 1764 ,

208 1791 640 1860 praesumpserit,
666 1792 806 1860 quod
833 1791 992 1855 absit,
1013 1793 1334 1848 auctoritate
1359 1793 1555 1858 Patris,
1576 1803 1630 1847 et
1653 1794 1797 1858 Filii,

207 1888 266 1933 et
320 1877 558 1950 Spiritus
607 1882 780 1935 sancti
832 1883 1117 1936 anathema
1144 1883 1252 1948 sit,
1297 1878 1398 1938 nisi
1430 1884 1588 1953 digna
1629 1886 1803 1954 pinni-

212 1968 389 2024 tentia
419 1969 728 2039 resipuerit.
762 1971 954 2024 Actum
995 1979 1079 2026 est
1109 1987 1250 2025 anno
1281 1973 1671 2028 incarnationis
1698 1974 1805 2028 Do-

210 2058 430 2113 minica:
480 2060 929 2130 octingentesimo
971 2063 1248 2131 trigesimo
1293 2078 1465 2129 nono,
1510 2065 1803 2121 indictione

208 2156 492 2222 secunda;
533 2155 743 2226 imperii
789 2165 969 2213 autem
998 2158 1252 2214 Ludovici
1287 2160 1431 2229 regis
1466 2176 1608 2215 anno
1652 2163 1803 2230 v'ge-

209 2247 358 2300 simo
388 2254 564 2311 sexto,
600 2247 921 2316 praesulatus
942 2264 1156 2320 quoque
1182 2252 1353 2305 nostri
1381 2268 1524 2306 anno
1547 2253 1804 2307 vicesimo

210 2334 382 2400 tertio
414 2336 548 2406 (77),
591 2335 646 2391 in
685 2336 915 2393 ecclesia
961 2348 1162 2394 sane-tte
1207 2339 1388 2396 Maria:
1415 2381 1430 2406 ,
1483 2341 1805 2397 duodecimo

208 2429 484 2485 Kalendas
534 2429 686 2495 Julii,
735 2440 1005 2500 praesente
1059 2433 1350 2489 universali
1402 2434 1624 2504 synodo.
1691 2435 1805 2504 Ego

203 2519 513 2589 Folquinus
541 2535 607 2575 ex
653 2536 916 2578 consensu
943 2531 997 2578 et
1019 2534 1287 2594 praecepto
1321 2525 1522 2580 domini
1548 2525 1804 2582 Ludovici

212 2610 566 2680 imperatoris
604 2611 720 2668 haec
749 2614 1051 2670 voluntarie
1075 2615 1320 2681 ﬁrmavi,
1359 2626 1419 2672 et
1444 2633 1567 2671 cum
1588 2619 1802 2688 episco-

205 2704 323 2774 pali
359 2699 803 2762 interminatione
847 2708 1134 2778 suscripsi.
1164 2709 1276 2780 Ego
1317 2707 1585 2765 Maximus
1623 2711 1804 2765 archi-

206 2797 481 2854 diaconus
530 2799 848 2869 subscripsi.
897 2799 1014 2870 -Ego
1065 2800 1221 2871 Hugo
1274 2801 1440 2856 abbas
1487 2802 1805 2872 subscripsi.

204 2887 446 2959 Signum
481 2889 735 2944 Adalardi
765 2890 1038 2944 monachi.
1084 2891 1306 2960 Signum
1349 2891 1645 2946 Amalberti
1695 2907 1810 2946 mo-

205 2980 405 3034 nachi.
439 2978 664 3050 Signum
707 2979 839 3035 Mori
870 2981 983 3051 (78)
1022 2981 1292 3037 monachi.
1327 2981 1550 3052 Signum
1592 2980 1808 3036 Henrici

1905 1784 2240 1840 Britanniam
2262 1795 2318 1840 et
2339 1785 2632 1840 maximam
2655 1797 2864 1856 partem
2889 1789 3228 1860 Burgundios,
3248 1789 3482 1854 Goliam,

1905 1875 2254 1931 Wasconiatn
2281 1916 2296 1940 ,
2333 1875 2680 1945 Aquitaniam
2708 1918 2722 1942 ,
2773 1881 3022 1934 submoto
3051 1882 3193 1936 unde
3237 1882 3482 1952 Pippino,

1903 1968 2014 2023 filio
2031 1968 2264 2037 Pippini,
2282 1977 2337 2024 et
2358 1970 2412 2024 in
2437 1970 2766 2025 monasterio
2788 1973 2958 2026 sancti
2976 1972 3212 2027 Medardi
3237 1983 3450 2028 attonso
3469 1992 3484 2037 ;

1905 2060 2005 2114 ista
2061 2070 2243 2116 autem
2289 2062 2749 2131 periculosissima
2807 2065 3078 2120 discordia
3129 2068 3246 2121 sine
3301 2065 3490 2137 requie

1903 2151 2262 2219 quinquennii
2303 2163 2662 2222 occupaverat
2693 2165 2922 2224 tempus.

1997 2241 2104 2295 VII.
2150 2241 2224 2295 De
2262 2244 2612 2298 translatione
2641 2248 2811 2298 sancti
2842 2247 3134 2302 Audomari
3173 2250 3237 2303 de
3269 2249 3393 2302 villa

2531 2313 2864 2385 Ligesburrh.

1979 2403 2090 2458 Sub
2119 2404 2222 2458 hac
2266 2414 2586 2474 tempestate
2633 2407 2937 2463 invenimus
2967 2409 3042 2464 ita
3072 2420 3392 2466 annotatum
3434 2413 3487 2467 in

1908 2495 2448 2550 decennovaznalibus
2491 2512 2755 2551 annorum
2815 2499 3104 2555 Dominicaa
3163 2502 3488 2564 nativitatis,

1907 2591 2051 2657 quod
2097 2596 2183 2642 est
2222 2604 2505 2654 ncccxuu,
2533 2589 2826 2644 indictione
2850 2607 2927 2652 vt,
2967 2591 3138 2647 sancti
3187 2592 3488 2648 Audomari

1908 2693 2104 2747 corpus
2157 2678 2222 2734 de
2258 2679 2382 2732 villa
2424 2678 2786 2750 Liegesburch
2829 2681 3064 2738 refertur
3093 2685 3158 2738 ad
3186 2683 3364 2740 locum
3397 2686 3488 2740 Si-

1910 2776 2044 2821 tum.
2104 2767 2539 2840 Solemnitasquc
2590 2771 2731 2825 illius
2778 2773 3148 2830 translationis
3204 2777 3257 2829 in
3307 2793 3494 2832 mense

1909 2858 2069 2915 Janio
2099 2861 2290 2917 devote
2336 2877 2365 2916 a
2396 2863 2591 2932 populo
2623 2864 2926 2919 celebratur
2979 2867 3356 2936 Taruennico;
3393 2872 3489 2925 sed

1910 2950 2154 3020 plerique
2204 2952 2455 3020 ignorant
2500 2969 2530 3008 e
2576 2954 2886 3025 vulgaribus
2931 2973 3029 3027 pro
3064 2974 3168 3029 qua
3199 2975 3256 3015 re
3286 2969 3494 3015 statuta

206 3067 320 3139 [αι.
343 3041 553 3140 Unriei]
577 3070 809 3126 comitis.
833 3041 1054 3141 Sig-num
1077 3070 1270 3140 Odgiui
1293 3041 1561 3127 advbcati.
1585 3070 1808 3142 Signum
1839 3065 1884 3126 C
1917 3041 1985 3142 δξι
2018 3041 2073 3142 i_n
2099 3042 2370 3142 prima"?
2397 3042 2633 3142 Equum
2664 3055 2844 3142 aut???
2881 3046 3118 3142 urbm"
3157 3065 3276 3105 esse
3312 3061 3366 3105 ει
3390 3051 3496 3105 Ευ·

203 3161 492 3216 Everwini
530 3161 734 3217 militis.
790 3161 1012 3233 Signum
1043 3162 1250 3218 Berarii
1283 3163 1491 3218 militis.
1522 3164 1632 3234 Ego
1656 3163 1806 3219 Gun-

207 3253 434 3307 tbertus
455 3250 567 3322 (79)
593 3252 752 3308 levita
779 3262 834 3308 et
858 3256 1154 3311 monachus
1170 3255 1326 3326 jussu
1351 3256 1533 3311 domui
1558 3257 1809 3327 Folquini

202 3342 470 3414 praesulis
496 3343 636 3399 hanc
664 3345 910 3401 chartam
937 3347 1130 3417 scripsi
1161 3356 1215 3403 et
1240 3348 1555 3418 subscripsi.

811 3488 874 3541 ν.
914 3486 1219 3558 Exemplar.

274 3576 564 3646 "Quidquid
608 3579 741 3649 (80),
771 3588 875 3634 etc.

202 3693 301 3750 Ἥ.
349 3691 433 3746 De
483 3704 649 3747 morte
678 3691 1110 3834 Lttdovi/t5;'_ttegis,
1142 3705 1190 3749 et
1227 3695 1476 3749 divisione
1507 3696 1650 3765 regni
1679 3696 1814 3748 inter

885 3781 901 3817 ι
927 3781 1005 3818 ros
1036 3782 1170 3834 ejus.

885 3781 1005 3818 mos
1036 3782 1170 3836 ejus.

279 3856 578 3912 Gloriosus
623 3864 803 3911 autem
833 3872 928 3911 rex
965 3856 1272 3913 Ludovicus
1313 3859 1605 3927 imperator
1634 3858 1816 3930 Augu-

199 3958 372 4012 stus,
433 3961 575 4000 anno
618 3947 1006 4001 incarnationis
1047 3947 1340 4003 Dominicaz
1380 3947 1514 4012 840,
1562 3963 1684 4002 cum
1731 3963 1817 4002 re-

197 4046 452 4112 guasset
480 4037 638 4092 annis
685 4053 833 4092 xxvn
858 4078 873 4102 ,
905 4038 1138 4094 decessit
1161 4054 1189 4092 a
1229 4038 1446 4094 szeculo.
1494 4038 1635 4093 Ante
1664 4038 1816 4107 cujus

198 4132 436 4187 obitum
483 4128 730 4183 mirabile
780 4129 1033 4197 quiddam
1083 4138 1137 4184 et
1169 4131 1468 4185 inauditum
1515 4131 1716 4186 accidit
1762 4132 1814 4185 in

198 4238 361 4294 pago
401 4218 822 4275 Tarucnnicum.
880 4220 1011 4275 Nam
1042 4221 1158 4292 ipso
1188 4239 1364 4288 anno,
1408 4232 1527 4294 post
1578 4225 1813 4279 medium

197 4310 546 4369 Ianuarium
570 4311 816 4377 meridie,
835 4311 974 4383 ignei
997 4314 1256 4368 umboncs
1276 4329 1398 4369 cum
1424 4314 1601 4369 sonitu
1623 4315 1813 4386 grandi

1913 3136 2092 3192 clesia:
2119 3137 2442 3206 provenire,
2468 3137 2514 3192 si
2537 3153 2730 3193 causas
2759 3138 2902 3195 illius
2933 3140 3294 3198 solemnitatis
3321 3144 3372 3196 in
3398 3143 3500 3199 hoc

1913 3228 2119 3294 codice,
2145 3227 2393 3297 quamvis
2417 3229 2685 3299 impolito,
2703 3231 2943 3301 digeram
2967 3249 3233 3296 sermone,
3262 3237 3500 3290 maxime

1915 3333 2036 3372 cum
2064 3317 2287 3373 Tobiam
2317 3319 2538 3388 angelus
2569 3321 2880 3385 admoneat,
2911 3323 3096 3378 dicens
3133 3343 3144 3378 :
3183 3325 3355 3394 Opera
3393 3327 3500 3380 Do-

1913 3407 2042 3460 mini
2075 3424 2292 3461 narrare
2325 3419 2372 3461 et
2419 3409 2656 3478 con/lteri
2681 3411 3026 3480 honoriﬁcum
3058 3425 3153 3469 est.
3211 3416 3305 3470 Est
3353 3418 3494 3473 enim

1915 3499 1968 3554 in
1998 3499 2100 3556 hoc
2146 3499 2289 3556 facto
2317 3543 2330 3567 ,
2382 3502 2427 3556 si
2475 3503 2742 3558 referatur
2799 3506 2940 3560 unde
2992 3507 3205 3562 Domini
3247 3509 3496 3566 laudetur

1916 3593 2349 3664 magnificentia,
2401 3604 2457 3650 et
2504 3597 2645 3652 unde
2694 3597 2863 3667 ipsius
2911 3601 3084 3656 sancti
3139 3602 3499 3671 ampliﬁcetur

1917 3687 2242 3741 reverentia.
2292 3686 2590 3758 Aggrediar
2639 3705 2770 3761 ergo
2825 3691 3041 3755 dicere,
3086 3709 3190 3748 non
3215 3710 3335 3763 quae
3387 3696 3502 3765 ipse

1916 3791 2182 3844 praesumo
2221 3776 2424 3848 fingere
2447 3819 2460 3842 ,
2496 3778 2588 3832 sed
2620 3795 2740 3850 quae
2781 3796 2809 3833 a
2843 3782 3148 3838 senioribus
3191 3785 3319 3838 mihi
3366 3800 3501 3840 con-

1919 3878 2025 3922 stat
2053 3869 2362 3924 intimatum
2391 3869 2525 3926 fore.

1993 3959 2121 4014 \‘lll.
2165 3960 2330 4030 Igitur
2367 3961 2517 4032 l-lugo
2545 3963 2711 4017 abbas
2736 3962 2845 4030 jam
2880 3975 3243 4027 memoratus,
3275 3975 3501 4036 excepta

1920 4067 2082 4108 causa
2118 4070 2281 4127 quam
2313 4054 2508 4118 refero,
2540 4056 2623 4110 vir
2649 4070 2747 4125 per
2775 4065 2966 4110 cuncta
3011 4056 3316 4124 laudabilis,
3347 4069 3498 4128 post-

1921 4161 2084 4215 quam
2116 4145 2290 4202 locum
2323 4147 2468 4202 hunc
2489 4163 2584 4202 sua
2609 4147 2996 4204 constitutione
3021 4148 3367 4204 laudabiliter
3393 4158 3505 4205 sta-

1920 4237 2130 4304 bilivit,
2157 4252 2262 4307 qua
2294 4246 2346 4292 et
2374 4239 2665 4294 canonicos
2696 4239 2868 4294 sancti
2900 4240 3195 4296 Audomari
3224 4243 3505 4296 monachis

1921 4329 2093 4383 sancti
2113 4329 2341 4393 Bertini,
2367 4330 2531 4383 etiam
2562 4345 2656 4399 per
2681 4330 3098 4398 descriptionem
3126 4331 3501 4399 capitularem,

203 4405 284 4460 ab
315 4404 536 4458 (ethera
563 4401 699 4473 lapsi
725 4411 873 4469 sunt,
915 4403 1224 4474 mirumque
1260 4407 1624 4474 spectaculum
1669 4409 1802 4463 omni

1919 4419 2068 4489 juste
2100 4419 2427 4489 subjugavit,
2461 4421 2896 4491 monachumque
2924 4423 2992 4476 ab
3043 4422 3268 4476 inferius
3308 4438 3502 4477 moua-
3579 4433 3594 4464 -'

200 4495 433 4568 populo
459 4493 789 4548 detulerunt.
843 4493 1110 4548 Defuncto
1135 4505 1314 4549 autem
1346 4497 1607 4565 praedicto
1644 4497 1802 4566 impe-

1923 4511 2149 4566 sterium
2197 4511 2266 4564 ad
2316 4511 2488 4565 sancti
2533 4511 2825 4565 Audomari
2855 4512 3153 4566 custodiam
3201 4513 3503 4582 deputavit,

203 4599 415 4644 ratore
445 4585 742 4652 Ludovico,
775 4585 918 4641 filius
945 4584 1060 4655 eius
1110 4587 1418 4653 Lolltal‘iUS,
1449 4590 1542 4658 qui
1573 4597 1697 4643 ante
1724 4591 1821 4644 0b-
1925 4599 2194 4656 diabolica
2217 4601 2722 4672 sagittajaculatus,
2749 4604 2913 4671 coepit
2933 4604 3242 4674 cchgitare
3269 4607 3505 4678 qualiter
3545 4668 3554 4683 '_

202 4684 356 4738 itum
412 4680 586 4750 patris
616 4680 684 4734 ad
728 4679 1114 4748 imperatorem
1158 4690 1354 4736 unctus
1386 4690 1540 4747 erat,
1570 4683 1633 4736 de
1667 4682 1819 4736 Italia
1925 4691 2097 4746 sancti
2130 4692 2423 4746 Audomari
2477 4709 2676 4762 corpus
2697 4735 2712 4759 ,
2740 4695 2891 4762 Cujus
2915 4709 3014 4763 ope
3040 4703 3093 4748 cl
3135 4695 3340 4750 ειυκίίίο
3364 4740 3377 4763 τ
3399 4713 3510 4752 una

202 4774 492 4837 veniens,
520 4771 887 4826 monarchiam
925 4780 1107 4827 tenere
1136 4770 1423 4843 gestiebat.
1476 4772 1583 4828 Sed
1625 4771 1822 4828 fratres
1926 4799 2049 4839 cum
2101 4782 2268 4838 sodali
2315 4799 2414 4840 suo
2463 4784 2684 4840 gemino
2711 4827 2725 4851 ν
2755 4784 3130 4838 Τπυωηιίεηδ
3175 4785 3512 4852 gubermu".
3549 4748 3606 4874 iis

283 4924 422 4998 (77)
461 4921 612 4998 Hine
651 4923 895 4998 colligas
951 4924 1275 4998 Folquinum
1344 4928 1456 4998 sedi
1525 4927 1814 4985 Morinensi

208 4993 564 5070 imposituri;
590 4993 934 5070 fuisseanno
956 4993 1084 5054 817:
1115 4997 1655 5054 ConsentitJoannes
1696 5001 1815 5070 lpe-

202 5064 332 5123 rius
388 5065 490 5138 qui
524 5064 772 5134 Folttuini
801 5067 1270 5135 inaugurationem
1315 5071 1521 5138 reponit
1559 5064 1817 5126 Ludovici

211 5139 243 5174 Δ
257 5134 458 5174 ιιηηαιί
494 5151 631 5174 nnnn
660 5151 713 5174 ιν

1926 4941 2248 5017 monachum
2303 4956 2438 5010 puer
2491 4938 2688 4995 nobilis
2722 4938 3095 5017 Gunthertusq
3127 4937 3275 4992 clara
3332 4947 3526 5017 stirpe.

1923 5009 2390 5087 patre_Goiberto,
2437 5021 2613 5087 matre
2669 5025 2796 5065 vero
2827 5009 3130 5066 Ebertruda
3180 5009 3534 5087 progeg‘u'us.

1925 5085 2047 5174 ῼιιί.
2077 5081 3071 5174 (ἓυΡΡΡθξὲῗὲ.,ἓ“ρ³¹¹.ἵξ²ἷ¹3ἑ¹ίῗιέξ¹³-³
3101 5088 3254 5174 ΒΡἾὲ

2419 5165 2482 5174 --.κ
2521 5150 2553 5174 L‘
2614 5149 2775 5174 “an..-
2813 5151 2892 5174 ..ιι
