3982 5292
507 116 645 174 12ὶῖ

503 227 733 301 populus
759 267 773 292 ,
805 223 1159 288 Vermandis,
1213 222 1279 278 ad
1332 220 1507 276 sanct-i
1540 219 1783 287 Quintini
1816 228 2091 274 monaste-

507 321 677 384 rium,
727 316 982 388 quoniam
1027 313 1129 369 hoc
1157 313 1329 383 ipsum
1372 309 1738 382 gubernabat,
1763 317 1948 380 posset
1991 310 2092 366 de-

507 415 648 467 ferre
669 407 1006 480 quantocius.
1049 402 1294 461 Metuens
1322 411 1500 458 tamen
1536 403 1932 458 animositatem
1973 401 2089 473 ple—

1599 109 1919 178 FOLQUINI
1961 109 2018 163 S.
2061 105 2330 162 BElt'i'lNi
2370 108 2687 166 MONACHI'

3636 119 3767 176 4223

2120 224 2165 282 Α
2196 218 2341 272 anxii
2372 228 2628 275 eventum
2659 220 3043 291 exspectabant
3074 222 3183 290 rei;
3222 225 3314 280 sed
3354 229 3645 298 postquam
3685 229 3769 283 da-

2196 318 2308 363 tum
2343 319 2429 364 est
2458 311 2649 377 oculis,
2690 315 2937 382 quamvis
2967 315 3173 385 procul,
3206 331 3431 374 cernere
3474 320 3771 375 multitudi-

2193 416 2316 457 nem
2367 402 2548 473 populi
2605 404 2990 471 adventantis,
3033 410 3327 476 protractis
3387 423 3771 480 campanamm

507 506 622 567 bis,
658 508 985 573 congregata
1034 495 1893 553 V'ermandensiummultitudine
1920 502 2093 551 tenlat
2192 491 2441 560 funibus,
2473 509 2659 550 vocem
2693 495 3027 552 laudantium
3056 514 3244 554 omnes
3284 500 3561 555 dederunt
3599 500 3651 555 in
3685 517 3771 557 ex-

504 594 554 648 vi
584 592 924 656 abstrahere,
965 589 1010 645 si
1068 589 1250 643 forsan
1298 587 1651 657 impediretur
1694 602 1724 641 a
1755 587 1931 658 plebe.
1984 588 2091 643 Ac-

505 683 669 740 cessit
698 681 935 746 interim,
967 688 1022 736 et
1053 679 1316 735 menacho
1350 678 1603 750 quodam,
1636 677 1786 734 Mero
1828 678 2081 745 nomine,

502 782 750 831 exstante
776 772 1026 837 custode,
1051 786 1263 826 sacrum
1299 770 1469 826 sancti
1496 770 1741 841 praesulis
1768 786 1832 825 ac
1875 772 2087 841 patroni

500 866 670 922 nostri
698 879 894 934 corpus
919 877 1162 927 sumens,
1190 860 1370 916 villam
1412 876 1580 931 usque
1604 860 1963 932 Liegesburch
1991 876 2088 917 no-

499 960 644 1015 mine
691 972 815 1013 cum
858 972 954 1012 sua
982 944 1284 1026 deportavit
1316 954 1677 1010 multitudine.
1754 953 1849 1008 Dei
1891 964 2081 1008 autem

498 1049 836 1121 providentia
867 1056 1128 1118 operante
1150 1087 1165 1111 ,
1213 1046 1393 1101 triduo
1424 1046 1478 1101 in
1512 1046 1735 1118 praefata
1784 1045 1908 1100 villa
1934 1060 2087 1102 man-

498 1149 688 1197 serunt
735 1153 856 1194 cum
903 1146 1117 1194 sacrato
1146 1150 1395 1205 corpore.
1435 1135 1720 1191 Acciderat
1747 1134 1950 1190 interea
1975 1176 1991 1202 ,
2025 1144 2086 1190 ut

496 1232 792 1304 prmclarus
856 1230 1156 1284 Taruenute
1212 1226 1447 1282 civitatis
1510 1225 1706 1296 praesul
1754 1224 2081 1295 Folquinus,

490 1322 789 1395 episcopali
828 1336 999 1385 more,
1029 1318 1348 1390 parrochias
1387 1317 1648 1389 episcopii
1678 1317 1763 1372 sui
1791 1318 2078 1384 circuiret,

490 1423 575 1478 ut,
607 1411 778 1469 sicubi
809 1418 998 1466 contra
1023 1417 1334 1465 sanctorum
1361 1424 1627 1463 canonum
1652 1416 1853 1463 statuta
1883 1423 2077 1480 agere-

494 1518 605 1571 tur,
635 1504 881 1562 curiosus
904 1511 1090 1573 pastor
1119 1501 1421 1556 addisceret
1440 1541 1454 1565 ,
1486 1509 1542 1555 et
1570 1500 1659 1555 tali
1686 1501 1865 1555 studio
1887 1500 2074 1555 cellam

491 1614 665 1669 usque
688 1596 1037 1654 Worumhold
1058 1596 1274 1660 dictam,
1294 1596 1380 1666 pia
1404 1595 1718 1651 curiositate
1747 1595 2071 1666 perveniret.

493 1686 703 1741 interea
754 1685 842 1740 ubi
888 1686 1018 1742 inibi
1064 1687 1131 1741 ad
1175 1700 1417 1740 mensam
1468 1694 1683 1739 ventum
1726 1694 1843 1751 est,
1885 1684 2078 1755 inqua

494 1776 829 1842 lautissima,
859 1778 935 1831 uti
964 1784 1114 1831 tanto
1144 1776 1412 1847 pontifici,
1455 1776 1899 1845 praeparabantur
1924 1777 2080 1831 obse-

492 1871 640 1942 quia,
669 1870 840 1924 frater
863 1869 1033 1939 ipsius
1061 1868 1206 1923 beati
1237 1867 1484 1938 praesulis
1510 1856 1788 1931 advolitat,
1815 1865 2075 1920 nuntians

462 1976 657 2034 ggrave
681 1969 738 2017 et
760 1958 1176 2030 irrecuperabile
1205 1959 1412 2029 patriae,
1445 1957 1491 2014 si
1518 1958 1893 2028 perficeretur,
1925 1957 2076 2012 exci-

495 2054 643 2108 dium
671 2068 685 2106 :
712 2060 958 2107 sanctum
999 2051 1208 2107 scilicet
1234 2050 1602 2105 Audomarum
1635 2064 1701 2104 ex
1744 2047 2077 2104 monasterio

494 2159 592 2199 suo
623 2144 956 2199 abstractum
982 2182 999 2209 ,
1036 2152 1109 2209 et,
1144 2142 1198 2196 ni
1230 2141 1340 2196 cito
1375 2149 1681 2205 succurrat,
1713 2140 1781 2194 ad
1828 2149 2075 2194 sanctum

489 2234 808 2304 ,Quintinum
852 2234 1173 2290 Vermandis
1219 2248 1397 2303 usque
1422 2231 1790 2288 deferendum.
1822 2231 1947 2287 Haec
1975 2246 2074 2286 au-

492 2330 646 2384 diens
690 2338 913 2385 sanctus
958 2327 1168 2383 Domini
1219 2327 1505 2391 sacerdos,
1556 2325 1780 2380 nimium
1829 2325 2077 2382 turbatus

492 2422 857 2475 intrinsecus:
892 2438 910 2471 ι
948 2419 1113 2484 Vade,
1159 2419 1367 2489 inquit,
1420 2419 1485 2473 ad
1516 2417 1737 2483 fratrem
1764 2457 1780 2483 ,
1823 2425 1874 2470 et
1906 2416 2074 2471 totius

486 2513 748 2585 episcopii
789 2514 893 2568 mei
941 2513 1193 2584 populum
1234 2513 1347 2585 gira
1396 2510 1682 2576 curiosius,
1714 2518 1768 2564 et
1789 2508 1875 2564 die
1915 2509 2076 2565 tertio

491 2606 631 2661 infra
700 2621 882 2660 muros
945 2603 1245 2660 Taruennte
1309 2604 1458 2660 urbis
1514 2611 1711 2674 praesto
1771 2610 1889 2658 esto
1948 2616 2072 2657 cum

492 2700 771 2763 omnibus,
818 2706 872 2752 et
908 2713 1009 2768 ego
1065 2713 1302 2767 praesens
1350 2712 1444 2752 cro
1479 2712 1599 2751 cum
1643 2695 1726 2750 his
1768 2708 1905 2765 quos
1956 2707 2071 2749 me-

493 2803 640 2852 cum,
676 2786 893 2842 Christo
917 2787 1227 2851 auxiliante,
1259 2787 1501 2841 detulere
1542 2785 1607 2839 de
1648 2784 1766 2839 istis
1803 2784 2067 2854 partibus.

493 2875 632 2931 Tum
684 2877 920 2943 demum,
958 2860 1012 2932 lsi
1053 2876 1165 2945 ipse
1215 2876 1416 2947 juverit
1478 2883 1733 2937 sanctus,
1778 2875 1845 2929 ad
1906 2889 2069 2930 excu-

398 2996 409 3001 η
494 2971 733 3024 ticndum
761 2985 882 3024 cum
932 2968 1254 3024 omnimodis
1282 2982 1399 3022 sum
1441 2976 1679 3035 paratus.
1719 2985 1735 3018 ι
1766 2964 1860 3020 llis
1887 2973 2071 3020 autem

488 3062 791 3115 secundum
822 3060 1045 3115 verbum
1069 3060 1209 3115 beati
1235 3059 1503 3129 pontificis
1526 3059 1624 3112 rite
1645 3058 1896 3127 peractis,
1921 3058 2077 3113 adest

498 3152 585 3205 die
613 3152 766 3205 tertia
792 3151 843 3204 in
867 3152 1001 3205 urbe
1029 3148 1315 3203 Tarucuna
1348 3148 1633 3202 multitudo
1665 3147 2073 3205 innumerabilis

490 3255 546 3298 et
592 3258 728 3314 pone
762 3252 885 3298 ante
930 3242 1121 3297 invisa.
1177 3241 1330 3296 Tunc
1370 3241 1623 3295 sacerdos
1654 3240 1900 3307 Domini,
1948 3254 2070 3295 cum

489 3336 636 3389 ntnni
686 3336 789 3389 hac
818 3334 1175 3397 multitudine,
1209 3332 1513 3401 insequitur
1562 3330 1876 3399 praedictum
1904 3330 2072 3384 abba-

496 3436 601 3480 tem
627 3441 747 3483 cum
785 3418 927 3489 suis,
959 3439 1128 3493 usque
1156 3423 1222 3477 ad
1255 3422 1435 3477 villam
1467 3422 1715 3491 superius
1737 3421 2070 3474 nominatam

484 3534 614 3571 cum
658 3518 805 3571 omni
854 3516 1218 3572 festinatione.
1276 3514 1346 3568 At
1404 3513 1478 3568 illi
1531 3512 1824 3584 gestientes
1872 3525 2071 3580 corpus

491 3619 739 3664 sanctum
774 3608 1059 3664 sustollere
1092 3608 1381 3678 fugamque
1408 3607 1543 3661 inire
1568 3646 1583 3672 ,
1616 3604 1759 3659 nulla
1807 3604 1909 3660 hoc
1935 3603 2072 3658 mul-

491 3702 723 3757 titudine
750 3716 970 3773 prorsus
993 3699 1240 3755 valebant
1267 3714 1297 3752 a
1323 3708 1470 3752 terra
1497 3697 1696 3753 levare.
1722 3694 1966 3765 Cumque
1993 3694 2066 3761 id,

492 3795 674 3849 addita
731 3796 905 3849 adhuc
944 3792 1132 3861 majori
1163 3791 1544 3856 multitudine,
1607 3797 1933 3845 conarentur
1986 3787 2070 3843 bis

442 3952 448 3960 ‘
494 3888 687 3956 t‘erque
714 3885 914 3952 levare,
944 3883 1296 3940 nihilominus
1318 3882 1395 3938 ita
1418 3886 1602 3937 manet
1623 3880 1929 3945 immotum,
1958 3878 2069 3933 acsi

405 4035 413 4046 ,
489 3975 814 4046 quibusdam
850 3972 1125 4028 radicibus
1161 3979 1467 4027 terratenus
1517 3978 1792 4026 teneretur
1830 3967 2065 4023 affixam.

488 4066 645 4121 Tunc
673 4065 878 4134 absque
925 4062 1293 4118 retardatione
1344 4061 1503 4116 ullius
1529 4060 1833 4123 commodi,
1862 4057 2070 4113 accele-

491 4166 617 4212 rant
649 4156 864 4227 fugam,
918 4152 1107 4208 relicto
1142 4165 1367 4222 corpore
1412 4150 1607 4205 sancti.
1645 4150 1842 4205 Beatus
1889 4155 2068 4202 autem

482 4250 791 4322 Folquinus
836 4248 969 4302 dans
1010 4246 1114 4303 illis
1151 4242 1388 4316 fugiendi
1414 4242 1623 4307 locum,
1653 4241 1924 4311 accipiens
1951 4240 2070 4294 the-

491 4357 711 4399 saurum
757 4340 887 4396 illud
929 4339 1074 4395 omni
1127 4349 1261 4393 auro
1299 4336 1748 4408 pretiosissimum
1776 4374 1790 4401 ,
1840 4333 2069 4403 repetito

492 4435 627 4491 calle
643 4450 762 4490 cum
793 4442 905 4491 tota
935 4432 1167 4504 plebium
1191 4429 1552 4494 multitudine,
1585 4435 1828 4499 reportat
1854 4425 1921 4480 ad
1944 4439 2067 4496 pro-

499 4530 675 4598 prium
704 4529 846 4582 unde
880 4525 1047 4581 tuitus
1078 4525 1254 4579 fuerat
1278 4522 1475 4578 locum.
1503 4521 1572 4577 At
1608 4520 1701 4576 ubi
1745 4527 1961 4573 ventum
1983 4525 2068 4572 est

495 4623 800 4684 Taruenna,
827 4622 890 4675 ad
913 4620 1131 4675 fluvium
1161 4617 1301 4689 quod
1323 4615 1517 4671 dicitur
1554 4614 1681 4670 Leia
1710 4653 1724 4679 ,
1773 4610 1949 4665 omnis
1975 4624 2069 4679 po-

494 4714 605 4785 puli
636 4729 797 4784 supra
823 4720 1119 4767 memorata
1144 4707 1450 4772 multitudo,
1484 4707 1688 4776 absque
1724 4704 1901 4773 aliqua
1931 4717 2065 4757 cuu-

496 4805 767 4870 ctationc,
836 4803 1056 4874 pedibus
1109 4800 1465 4856 transvadatis
1528 4796 1766 4851 fluminis
1835 4808 2065 4864 aquam,

498 4906 688 4952 exacto
714 4911 902 4958 amne,
931 4908 1030 4950 nec
1054 4893 1211 4947 unius
1239 4890 1393 4946 stilla:
1418 4890 1612 4943 humor
1653 4886 1708 4941 in
1748 4899 1934 4941 eorum
1976 4897 2068 4952 ap-

500 4986 678 5055 paruit
746 4982 996 5054 tegmine.
1071 4978 1589 5050 Progredientesque
1648 4989 1746 5043 per
1795 4970 2067 5027 aristifera

501 5090 752 5148 agrorum
801 5083 940 5137 sata,
975 5087 1145 5142 neque
1172 5070 1314 5125 enim
1341 5071 1513 5124 vitare
1566 5081 1629 5122 ea
1662 5070 1913 5135 poterant
1956 5072 2068 5116 tam

502 5179 783 5221 numerosa
807 5163 1040 5235 plebium
1066 5160 1302 5231 agmina,
1331 5173 1452 5213 cum
1480 5156 1640 5211 veluti
1666 5154 1877 5209 tribulis
1903 5160 2071 5207 tonsa:

504 5268 645 5292 Inv-ra
677 5264 831 5292 Ianua
872 5262 1229 5292 nnrrarunlnr
1284 5250 1444 5292 animo
1470 5289 1479 5292 -
1515 5255 1783 5292 lmnsacln
1830 5245 2069 5292 ιιιιιιιὶιιι·

2189 584 2369 640 celsis.
2426 586 2745 642 Antedictus
2797 596 2979 644 autem
3024 600 3206 647 custos
3232 591 3522 659 ecclesiae,
3558 591 3766 658 Morus,

2191 683 2319 730 tunc
2345 676 2413 729 ad
2444 690 2687 732 mensam
2716 678 2930 734 sederat
2951 680 3297 750 epulaturus;
3330 690 3387 737 et
3413 681 3607 737 audito
3633 699 3771 737 cam-

2189 784 2455 840 panarum
2488 772 2670 827 sonitu
2690 812 2706 838 ,
2751 773 3125 846 interrogabat
3150 791 3272 847 qua:
3311 786 3460 833 esset
3488 793 3654 834 causa
3680 794 3769 849 pro

2187 874 2294 930 qua
2332 860 2514 931 populi
2550 870 2700 918 tanta
2728 864 3068 922 exsultarent
3094 866 3299 922 laetitia.
3336 869 3669 940 Dictumque
3695 880 3770 926 est

2186 950 2261 1006 illi
2288 966 2318 1005 a
2343 953 2716 1021 narrantibus,
2765 957 2908 1025 quod
2955 967 3177 1014 sanctus
3213 958 3563 1015 Audomarus
3592 976 3623 1013 a
3651 960 3766 1016 Fol-

2185 1040 2351 1110 quino
2374 1041 2632 1111 pontifice
2648 1053 2800 1101 esset
2823 1044 3099 1113 reductus,
3122 1056 3177 1101 et
3196 1048 3266 1103 ob
3288 1047 3391 1103 hoc
3408 1048 3600 1103 ltetitia
3629 1061 3769 1105 tanta

2178 1140 2411 1190 'cunctus
2464 1135 2761 1193 exsultaret
2808 1136 3057 1209 populus.
3092 1139 3245 1207 Quod
3281 1142 3512 1196 audiens
3545 1143 3767 1197 nimium

2186 1226 2449 1293 turbatus,
2479 1227 2615 1283 iram
2632 1229 2726 1285 Dei
2756 1230 3135 1286 reducentibus
3156 1231 3445 1287 confestim
3469 1243 3558 1287 est
3579 1235 3770 1305 impre-

2182 1326 2355 1373 catus.
2383 1316 2491 1374 Nec
2518 1319 2646 1374 dum
2670 1321 2737 1376 ab
2772 1321 2888 1392 ejus
2907 1336 3000 1377 ore
3026 1322 3208 1377 illicita
3230 1324 3551 1379 exciderant
3581 1325 3764 1393 verba,

2180 1423 2302 1463 cum
2330 1419 2547 1479 repente
2563 1409 2875 1467 .facietcnus
2928 1412 2982 1466 in
3012 1398 3215 1467 terram
3248 1415 3375 1480 ruit,
3405 1425 3633 1486 totoque
3659 1432 3765 1472 cor-

2176 1515 2309 1571 pore
2335 1502 2538 1573 rigidus
2564 1542 2580 1567 ,
2623 1503 2875 1559 distentis
2902 1506 3269 1561 membrorum
3308 1508 3517 1571 nervis,
3552 1511 3765 1565 semivi-

2107 1599 2150 1660 B
2179 1606 2277 1646 vus
2312 1593 2599 1647 emarcuit.
2632 1592 2723 1648 Sic
2746 1603 2951 1649 tantum
2978 1596 3225 1665 stupidus
3266 1599 3334 1652 ad
3362 1608 3617 1653 sanctum
3644 1600 3767 1654 Bero

2185 1684 2354 1739 tinum
2376 1696 2461 1740 est
2488 1687 2823 1756 deportatus,
2855 1689 3036 1759 ibique
3061 1691 3203 1761 quod
3232 1693 3571 1747 verbotenus
3619 1710 3768 1748 com-

2182 1776 2351 1844 misit,
2376 1778 2585 1834 diutino
2612 1778 2869 1852 languore
2889 1782 3160 1852 pmnituit.
3190 1782 3325 1839 Nam
3354 1786 3473 1840 visu
3497 1794 3555 1839 et
3579 1786 3762 1841 auditu
3812 1830 3817 1835 .

2179 1877 2533 1938 recuperato,
2589 1884 2749 1925 sensu
2814 1871 2888 1925 ita
2951 1872 3214 1930 fluetenus
3257 1884 3344 1930 est
3392 1877 3673 1947 privatus,
3709 1886 3765 1931 ut

2179 1972 2453 2028 nunquam
2504 1968 2687 2030 posset
2716 1962 3150 2019 animadvertere
3176 1980 3279 2034 qua
3311 1966 3365 2019 in
3397 1976 3559 2036 parte
3595 1968 3764 2023 sancti

2176 2047 2477 2106 Audomari
2536 2054 2926 2109 monasterium
2989 2055 3267 2112 videretur
3324 2059 3570 2129 positum
3621 2075 3760 2115 esse.

2175 2137 2384 2209 Corpus
2429 2149 2611 2198 autem
2665 2145 2810 2201 beati
2868 2146 3160 2202 Audomari
3214 2149 3412 2219 praesul
3464 2150 3763 2223 Folquinus

2178 2236 2321 2284 terra
2348 2233 2654 2289 recondidit
2679 2274 2695 2300 ,
2714 2249 2794 2290 .ne
2841 2248 2875 2289 a
2902 2236 3365 2308 subsequentibus
3389 2241 3554 2313 parili
3606 2243 3764 2299 modo

2175 2327 2356 2388 posset
2384 2319 2608 2377 auferri.
2640 2322 2776 2379 Post
2804 2324 2922 2380 haec
2946 2325 3114 2383 abbas
3156 2328 3310 2401 liugo
3334 2345 3367 2384 a
3393 2330 3595 2387 Carolo
3641 2348 3762 2405 tege

2176 2406 2297 2481 [suo
2337 2411 2554 2486 nepote]
2601 2414 2949 2485 Aquitaniam
2987 2419 3186 2475 missus
3207 2460 3222 2484 ,
3256 2431 3484 2493 propter
3515 2425 3759 2496 ejusdem

2173 2502 2318 2574 regis
2355 2502 2667 2561 fidelitatem
2689 2546 2704 2572 ,
2741 2507 2864 2564 dolo
2896 2508 3462 2581 Pippiui‘interfeetus
3488 2528 3578 2571 est
3628 2532 3756 2572 xvnt

2172 2593 2291 2650 Kal.
2320 2594 2481 2661 Junii,
2538 2612 2680 2654 anno
2710 2599 3094 2659 incarnationis
3146 2604 3359 2661 Domini
3406 2607 3516 2663 8H
3544 2649 3561 2674 ,
3603 2607 3759 2681 [regi-

2173 2682 2333 2738 minis
2399 2683 2482 2739 sui
2545 2684 2702 2754 hujus
2745 2686 2848 2743 loci
2897 2704 3040 2744 anno
3086 2691 3339 2765 decimo].
3396 2694 3533 2750 Erat
3584 2708 3754 2751 au'em

2172 2774 2340 2830 isdem
2399 2775 2659 2848 Pippiuus
2708 2795 2873 2851 quem
2909 2797 3073 2853 supra
3124 2784 3177 2840 in
3222 2791 3560 2845 monasterio
3590 2792 3756 2845 sancti

2172 2863 2410 2923 Medardi
2444 2876 2720 2924 attonsum
2748 2875 3066 2939 memoravi,
3094 2876 3205 2945 qui,
3232 2868 3427 2933 exinde
3462 2896 3565 2949 per
3586 2881 3754 2954 fugam

2099 2955 2145 3019 Ο
2175 2954 2408 3027 elapsus,
2435 2957 2779 3028 Aquitaniam
2805 2971 2888 3017 cst
2916 2979 3186 3031 reversus,
3227 2968 3409 3038 ibique
3433 2971 3625 3026 multis
3652 2974 3761 3027 die-

2166 3046 2279 3104 bus
2302 3049 2585 3121 fugitando
2605 3051 2794 3119 latuit;
2821 3064 2873 3109 et
2897 3057 3156 3125 posthaec
3180 3073 3211 3112 a
3253 3057 3603 3131 Ramnulpbo
3629 3078 3759 3133 quo-

2176 3140 2299 3195 dam
2323 3156 2419 3211 per
2448 3143 2604 3199 fidem
2635 3154 2718 3200 est
2742 3145 3018 3218 deceptus,
3049 3151 3492 3221 comprehensus,
3538 3156 3760 3225 regique

2174 3231 2369 3290 Carolo
2407 3248 2492 3291 est
2543 3237 2831 3305 adductus,
2879 3248 2934 3296 et
2963 3240 3340 3313 Sylvanectum
3369 3255 3642 3316 perpetuo
3678 3257 3759 3302 est

2173 3325 2363 3381 exsilio
2389 3327 2695 3397 deputatus.

2597 3443 2687 3498 IX.
2726 3445 2803 3501 De
2832 3447 3098 3502 Adalardo
3126 3449 3329 3504 abbate.

2240 3555 2370 3612 Post
2397 3555 2673 3628 llugonem
2703 3568 2880 3614 autem
2914 3561 3161 3616 abbatem
3200 3559 3636 3636 {duodecimum}
3665 3580 3759 3619 so-

2171 3661 2265 3715 pra
2314 3655 2691 3714 memoratum,
2740 3649 2911 3704 abbas
2937 3648 3166 3705 efﬁcitur
3216 3651 3522 3706 Adalardus
3564 3653 3620 3708 in
3659 3653 3757 3709 hoc

2171 3738 2418 3793 coenobio
2454 3736 2630 3794 Sithin
2655 3779 2670 3805 ,
2714 3749 2903 3796 sancto
2941 3739 3101 3797 Petro
3137 3750 3193 3796 et
3225 3752 3416 3797 sancto
3461 3742 3692 3799 Bertino
3727 3762 3755 3798 a

2170 3836 2324 3894 patre
2374 3826 2626 3883 ilunroco
2672 3827 2919 3895 oblatus;
2984 3830 3076 3885 sed
3123 3839 3246 3900 post
3292 3832 3599 3887 canonicos
3638 3832 3758 3905 [sub

2170 3915 2473 3988 Fridogiso]
2527 3927 2610 3973 est
2656 3915 2900 3974 effectus.
2949 3917 3199 3988 Suscepit
3243 3929 3426 3975 autem
3471 3922 3754 3977 abbatiam

2174 4024 2314 4065 anno
2351 4008 2578 4080 ιιι-τετειιο
2619 4026 2697 4065 xu
2737 4010 2854 4066 Kal.
2899 4012 3143 4083 Augusti.
3182 4011 3352 4082 Hujus
3396 4019 3585 4067 autem
3620 4013 3758 4083 regi-

2173 4100 2334 4157 minis
2380 4116 2523 4157 anno
2581 4116 2676 4168 ιιι,
2731 4103 2821 4172 qui
2878 4112 2997 4159 erat
3050 4118 3224 4158 annus
3274 4101 3437 4157 Verbi
3486 4103 3757 4159 incarnati

2170 4190 2307 4256 816,
2377 4192 2547 4247 sancti
2612 4192 2814 4248 Bertiui
2872 4209 3066 4263 corpus
3125 4209 3156 4248 a
3222 4202 3412 4249 sancto
3484 4192 3759 4264 Folquino

2097 4282 2444 4365 Depiscopo,
2486 4292 2545 4337 ut
2588 4282 2783 4349 fertur,
2835 4284 3153 4340 transfertur
3181 4294 3233 4340 et
3282 4281 3601 4340 reconditur
3646 4302 3754 4340 χιιι

2175 4373 2290 4428 Kal.
2320 4374 2565 4446 Augusti.
2594 4374 2653 4430 in
2689 4375 2842 4445 cujus
2881 4375 3006 4430 anui
3056 4385 3313 4445 tempore,
3347 4374 3426 4447 [et
3452 4375 3756 4449 curriculo]

2174 4466 2354 4521 extitit
2402 4467 2575 4523 hiems
2618 4467 2936 4538 gravissima
2980 4467 3171 4532 valde;
3221 4477 3385 4537 atque
3424 4475 3552 4537 post
3596 4469 3757 4537 quin-

2174 4557 2465 4626 quennium
2490 4557 2733 4612 exoritur
2777 4557 2948 4613 fames
2978 4557 3329 4613 intolerabilis
3354 4558 3608 4624 nimium,
3650 4573 3757 4627 quo

2178 4657 2419 4717 tempore
2452 4646 2787 4703 Guntbertus
2815 4664 2975 4718 supra
3011 4657 3360 4712 memoratus,
3391 4649 3447 4703 in
3479 4648 3754 4703 diaconati

2177 4738 2351 4794 adhuc
2375 4738 2566 4794 ordine
2607 4739 2837 4809 positus,
2866 4739 2929 4793 ad
2970 4738 3336 4808 praepositum:
3376 4739 3644 4793 honorem
3673 4747 3756 4793 εει

2175 4838 2410 4884 evectus.
2487 4827 2598 4883 Sub
2659 4844 2801 4883 anno
2860 4836 3041 4883 autem
3100 4828 3391 4883 Dominica:
3453 4827 3755 4883 nativitatis

2177 4919 2312 4986 853,
2384 4920 2558 4975 sancti
2623 4918 2767 4974 Petri
2831 4918 3051 4976 basilica
3122 4919 3239 4973 asili
3313 4927 3403 4974 est
3454 4928 3749 4991 c00perta,

2176 5026 2421 5081 atmoquc
2464 5011 2777 5080 insequente
2810 5011 2983 5065 sancti
3016 5008 3216 5089 Berlini
3259 5008 3492 5065 ecclesia
3535 5010 3755 5080 plumbo

2176 5112 2259 5157 est
2300 5111 2461 5159 tecta.
2506 5100 2835 5156 Guntbertus
2862 5115 3072 5171 quoque
3114 5115 3176 5155 eo
3212 5114 3377 5167 anno,
3419 5117 3475 5155 ιι
3513 5101 3634 5156 Kal.
3664 5098 3753 5154 Ja-

2176 5195 2368 5257 nuarii,
2396 5193 2460 5248 ad
2486 5192 2879 5265 presbyterium
2907 5200 2991 5248 est
3024 5201 3387 5247 consecratus.
