3982 5292
206 194 338 253 1229

206 310 478 386 regiminis
511 306 624 376 jam
656 304 782 359 dicti

204 369 365 460 cessit
414 399 584 454 isdem
633 394 799 448 abbas
847 403 941 460 per
994 380 1369 456 priest-ariam,
1419 372 1633 428 cuidam
1684 369 1780 421 Ιιο-

205 492 334 549 ιιιῑιιί
387 488 612 545 Odwino
685 459 884 537 terram
946 491 1106 546 quam
1175 471 1440 526 habuerat
1491 461 1661 517 isdem
1726 459 1780 511 in

203 580 466 638 beneﬁcio
506 578 559 632 in
616 572 931 633 Caﬁtmere,
978 567 1028 621 id
1074 571 1156 618 est
1197 558 1426 616 bunaria
1471 569 1609 616 xxx,
1657 563 1778 604 cum

203 669 547 745 portiuncula
601 679 761 735 quam
804 661 972 716 isdem
1039 654 1298 712 Odwinus
1361 645 1655 702 tradiderat
1716 639 1781 694 ad

204 732 590 819 monasterium
635 752 848 814 Sithiu,
901 752 953 804 in
992 763 1128 819 pago
1175 738 1514 803 BODOIICHSI,
1552 737 1612 810 in
1665 732 1784 787 loco

203 859 546 922 nuncupante
577 845 830 917 ininem,
873 841 1100 896 bunaria
1125 854 1217 902 Ill;
1264 837 1315 888 in
1361 848 1422 885 ea
1462 830 1689 891 ratione,
1726 833 1785 878 ut

112 955 119 960 '
203 943 362 998 annis
387 916 639 1008 singulis,
661 916 735 989 ad
771 932 1113 986 festivitatem
1149 926 1319 982 sancti
1350 921 1574 982 Bertini,
1606 916 1784 970 Nonas

171 1095 173 1098 ,
205 1031 562 1104 Septembris,
595 1029 660 1083 de
697 1042 818 1081 cera
849 1024 1058 1076 valente
1091 1020 1290 1074 solidos
1324 1033 1349 1068 v
1383 1012 1685 1086 persolvat.
1728 1015 1786 1060 ut

201 1102 513 1198 Specialitcr
555 1122 735 1175 lumen
786 1119 850 1171 ad
897 1116 1084 1172 altare,
1132 1121 1256 1164 ante
1305 1107 1446 1178 quod
1498 1102 1785 1173 paterjam

202 1218 336 1274 dicti
360 1214 568 1274 abbatis
592 1213 874 1270 l‘Iunrocns
897 1206 1188 1263 lmnulatus
1215 1201 1456 1258 ιιυςρίιιιι⁸
1475 1212 1616 1260 t'SSC,
1644 1189 1787 1248 nullo

204 1325 448 1379 unquam
478 1307 618 1363 desit
645 1314 906 1373 tempore.

780 1417 875 1472 XI.
918 1411 1222 1482 Exemplar.

275 1534 338 1606 (5
364 1533 507 1602 Sept.
541 1530 688 1599 855.)
733 1548 750 1579 ι
789 1528 1104 1596 Quicunque
1153 1531 1393 1578 rectores
1437 1518 1789 1575 ecclesiarum

1506 153 2074 219 CIIAIKTULARIUM.

831 295 1114 354 Adalardis
1153 287 1359 346 abbatis
1403 299 1453 337 χι
1489 282 1622 351 (81),
1653 291 1780 331 con-
1809 275 1858 332 Α

3323 138 3460 194 I230

1961 286 1977 317 ι
2015 264 2236 333 Signum
2284 257 2580 314 Amalberti
2605 299 2618 321 ,
2664 255 2875 309 decani.
2911 253 3132 323 Signum
3181 251 3451 317 Bavonis,

1886 355 2134 410 monachi
2165 361 2218 406 et
2245 350 2564 421 presbyteri.

1963 466 1978 498 ι
2015 445 2346 500 Cuntbertus
2385 440 2603 511 scripsit
2627 448 2681 494 et
2710 436 3047 504 subscripsit.
3080 455 3096 485 ι

1990 537 2100 592 XII.
2141 535 2217 590 De
2264 550 2556 588 successore
2597 533 2744 586 beato
2776 528 3038 599 Folquino
3074 528 3352 582 destinato.

1953 628 2089 695 Quia
2119 626 2282 697 igitur
2312 625 2638 679 mentionem
2689 622 2830 678 beati
2867 619 3114 689 Folquini
3140 619 3334 678 fecisse
3376 634 3464 674 me

1888 719 2126 782 memini,
2159 719 2288 772 libet
2329 717 2506 771 adhuc
2535 728 2700 769 unum
2747 713 2863 782 ejus
2901 727 3037 781 opus
3084 711 3174 766 hic
3198 711 3460 773 intexere,

1886 813 2026 883 quod
2061 811 2241 866 recolo
2285 825 2369 864 me
2414 808 2718 878 agnovisse,
2756 805 3020 861 Wicfrido
3046 802 3300 875 pontiﬁce
3334 817 3462 856 nar-

1888 913 2057 958 rante.
2082 902 2284 972 Longa,
2315 900 2506 970 inquit,
2548 905 2825 954 senectute
2850 896 3044 960 fessus,
3075 896 3245 950 isdem
3267 894 3459 950 beatus

1889 995 2118 1047 antistes
2139 991 2458 1061 Folquinus,
2497 998 2687 1060 utputa
2716 989 2806 1052 qui
2837 1004 2902 1043 ιιι.
2928 989 2980 1041 in
3007 988 3320 1058 episcopatu
3348 984 3458 1040 fere

1887 1095 2139 1157 pergcrat
2169 1101 2368 1139 annum
2388 1125 2404 1151 ,
2435 1100 2555 1139 cum
2580 1082 2692 1152 jam
2725 1098 2830 1137 non
2870 1091 3055 1152 posset
3081 1081 3293 1151 publice
3335 1082 3466 1134 mis-

1892 1193 2075 1231 sarum
2115 1175 2376 1230 solemnia
2433 1175 2734 1238 celebrare,
2780 1173 2995 1244 cognito
3035 1171 3158 1237 hoc,
3209 1187 3325 1235 rex,
3377 1170 3470 1224 illo

1889 1268 2065 1322 adhuc
2101 1268 2336 1331 vivente,
2368 1267 2510 1336 quod
2539 1276 2724 1320 contra
2757 1281 2992 1320 canones
3018 1276 3155 1328 erat,
3185 1261 3473 1321 successo-

1893 1376 2005 1414 rem
2045 1360 2093 1415 ei
2124 1359 2436 1430 episcopum
2463 1359 2770 1413 destinavit.
2805 1359 2957 1425 Quod
2986 1358 3210 1413 audiens
3252 1369 3476 1413 sanctus

1891 1455 2109 1524 praesul,
2143 1463 2332 1518 semet,
2359 1454 2648 1523 episcopali
2676 1470 2842 1518 more,
2876 1456 3198 1524 prmparavit
3228 1456 3290 1509 ad
3331 1457 3475 1510 cele—

1896 1550 2196 1604 brationem
2229 1548 2426 1613 missar,
2456 1556 2508 1600 et
2531 1562 2691 1601 omne
2722 1548 3034 1617 mysterium
3064 1547 3476 1617 snpplantatore

206 1625 306 1681 Dei
330 1624 476 1693 juste
503 1629 559 1677 et
593 1615 1258 1689 conq‘etenterdevotioni
1307 1611 1545 1666 fidelium
1589 1622 1792 1663 annue-

1908 1649 2130 1704 istantc,
2163 1640 2402 1709 implevit
2453 1641 2846 1694 strenuissime.
2893 1643 2961 1693 At
3003 1642 3093 1694 ubi
3132 1611 3350 1695 ventum
3391 1651 3478 1696 est

207 1721 343 1783 rint,
370 1716 468 1772 Dei
501 1729 560 1770 se
609 1714 663 1767 in
711 1714 809 1767 hoc
845 1709 1104 1766 voluntati
1148 1721 1337 1777 parere
1373 1721 1477 1759 non
1523 1701 1789 1757 dubitent.

204 1811 423 1868 Idcirco
478 1808 676 1864 dilecto
722 1806 776 1860 in
829 1804 1056 1859 Domino
1111 1801 1222 1856 ﬁlio
1273 1797 1525 1853 Ecclesia:
1571 1803 1792 1859 nostra,

205 1903 462 1967 Odwino,
493 1916 594 1970 ego
617 1900 673 1953 in
702 1898 796 1952 Dei
827 1895 1042 1949 nomine
1067 1892 1389 1955 Adalardus,
1414 1889 1580 1944 abbas
1610 1901 1795 1943 mona-

203 1995 372 2051 ‘sterii
423 1993 624 2057 Sithiu,
677 2004 801 2045 cum
855 2002 1124 2042 consensu
1175 1983 1406 2038 fratrum
1461 1989 1792 2043 nostrorum,

205 2095 529 2158 praestator.
573 2082 862 2138 Multorum
895 2078 1080 2133 notitia
1115 2085 1282 2146 patet,
1311 2076 1435 2144 quia
1466 2087 1638 2141 nuper
1672 2087 1798 2154 por:

208 2176 513 2236 tiunculam
544 2181 691 2229 tuam
719 2173 770 2227 in
818 2184 955 2240 pago
983 2167 1309 2230 Bononensi,
1343 2165 1396 2218 in
1441 2162 1559 2219 loco
1585 2141 1796 2217 nuncu;

207 2278 382 2341 pante
421 2266 676 2339 Mighem,
713 2263 917 2319 scilicet
948 2260 1176 2316 bunaria
1206 2275 1286 2321 ιιι,
1333 2257 1400 2311 ad
1444 2257 1676 2326 pretium
1705 2272 1800 2310 va-

202 2361 332 2416 lens
378 2360 544 2416 libras
567 2373 637 2423 IV,
683 2355 838 2411 nobis
878 2352 962 2409 vel
1006 2352 1072 2406 ad
1112 2350 1484 2422 praescriptum
1531 2355 1799 2402 monaste-

206 2455 358 2508 rium
423 2449 720 2522 delegasti,
775 2454 1032 2516 expetens
1081 2453 1141 2496 ut
1187 2452 1275 2506 te,
1330 2456 1452 2495 cum
1508 2453 1677 2494 uxore
1736 2453 1802 2493 ac

204 2544 408 2598 liberis
433 2557 540 2596 una
577 2555 700 2595 cum
744 2536 1009 2594 beneﬁcio
1037 2543 1128 2588 tuo
1153 2534 1206 2586 in
1232 2531 1544 2596 Caﬁtmere,
1582 2525 1634 2584 id
1675 2537 1804 2584 sunt

207 2635 449 2689 bunaria
499 2647 607 2685 xxx
669 2645 734 2685 ac
800 2627 1068 2696 mancipia
1112 2640 1230 2689 ιιι,
1287 2613 1372 2677 his
1433 2619 1739 2674 nominibus
1784 2636 1798 2672 :

205 2722 624 2787 Ostarba-Idum,
666 2719 1067 2781 Gernhardum,
1110 2713 1478 2775 Heribaldum,
1526 2711 1801 2779 Radburg,

207 2819 495 2889 Sigberta,
539 2815 820 2877 Thiobert,
864 2809 1206 2878 Strilleburg,
1245 2805 1486 2870 Wifhen,
1530 2804 1802 2866 Lolithan,

203 2909 595 2977 Liotburgam,
645 2903 1041 2966 Winetbertan,
1090 2897 1440 2960 Adalberta'n,
1505 2895 1571 2950 ad
1617 2903 1803 2949 custo-

1894 1733 1961 1786 ad
2007 1732 2264 1793 dandam,
2311 1731 2386 1784 uti
2424 1731 2662 1801 episcopi
2716 1747 2833 1785 mos
2877 1742 2980 1795 e.~t,
3022 1731 3472 1796 benedictionem,

1895 1839 2054 1878 verso
2096 1824 2306 1886 ordine,
2361 1822 2585 1893 protulit
2632 1822 2736 1878 illis
2778 1824 3236 1879 maledictionem.
3284 1826 3355 1880 At
3399 1826 3478 1881 illi

1895 1916 2110 1985 trepidi,
2140 1930 2284 1979 cum,
2317 1915 2557 1969 ascensis
2595 1915 2884 1984 equitibus,
2941 1916 3006 1970 ad
3049 1917 3268 1986 propria
3315 1931 3480 1987 cupe-

1900 2016 2020 2060 rent
2060 2007 2274 2067 reverti,
2314 2005 2365 2058 in
2411 2006 2584 2059 media
2615 2005 2696 2058 via
2743 2005 3115 2075 supplantator
3143 2007 3379 2077 epis00pi
3410 2009 3479 2062 de

1894 2113 2033 2168 equo
2075 2097 2251 2167 lapsus
2302 2097 2435 2150 elisa
2483 2098 2723 2161 cervice,
2773 2099 3020 2166 spiritum
3067 2097 3267 2154 efﬂavit
3314 2101 3478 2166 vim;

1894 2205 2194 2260 omnesque
2227 2191 2316 2259 qui
2349 2205 2470 2243 cum
2520 2190 2609 2244 illo
2642 2200 2927 2254 venerant,
2981 2190 3121 2245 infra
3155 2207 3357 2246 annum
3391 2208 3498 2250 va-.

1898 2282 1992 2336 riis
2023 2282 2262 2337 cladibus
2287 2282 2622 2352 expirarnnt,
2652 2295 2703 2336 et
2734 2283 2827 2343 ita,
2861 2298 2986 2338 cum
3013 2284 3112 2338 sibi
3153 2284 3477 2353 conjunctis,

1896 2369 2111 2439 culpam
2136 2370 2236 2424 luit
2263 2369 2622 2439 improbitatis
2644 2373 2710 2424 ob
2744 2380 2970 2426 reatum.

2068 2462 2200 2516 XIII.
2246 2463 2319 2517 De
2355 2463 2564 2516 decessu
2597 2463 2825 2531 ejusdem
2859 2465 2994 2518 beati
3028 2468 3309 2535 pontiﬁcis.

1970 2553 2135 2624 Igitur
2163 2553 2482 2608 adveniente
2514 2555 2811 2608 vocationis
2847 2570 2958 2608 sua:
3011 2566 3269 2628 tempore,
3313 2559 3482 2614 isdem

1901 2643 2379 2714 beatus-pontifex,
2423 2646 2669 2714 quamvis
2704 2646 2942 2716 longatvo
2968 2659 3284 2717 gravaretur
3308 2652 3481 2715 senio,

1903 2737 2158 2806 episcopii
2207 2737 2289 2790 sui
2338 2737 2653 2806 parrochias
2699 2739 2931 2793 circuire
2972 2741 3230 2796 decrevit.
3275 2743 3479 2798 Bonam

1904 2831 2042 2884 hanc
2091 2831 2352 2884 virtutum
2402 2846 2618 2884 suarum
2669 2834 3190 2888 consummationem
3227 2837 3477 2901 credens,

1906 2931 1964 2975 ut
1999 2921 2251 2976 Ecclesiae
2294 2920 2453 2987 ﬁlios,
2485 2923 2530 2976 si
2579 2923 2774 2979 alicubi
2821 2940 2849 2978 a
2895 2927 3084 2982 matris
3128 2944 3239 2983 suae
3278 2933 3482 3001 gremio

207 3004 367 3057 diam
417 3000 589 3054 ⁵³¹¹⁰¹ί
622 2997 766 3052 pem
797 3005 851 3050 θί
899 2994 1071 3049 sane”
1112 2989 1338 3091 Bem_ni’
1362 2987 1800 3091 ,δβθθδωίξίῖξίίυθ
1826 3009 1871 3069 C
1903 3023 2183 3068 errassent
2211 3013 2501 3078 deviando,
2527 3016 2823 3070 secundum
2850 3032 3115 3072 canonum
3139 2987 3338 3074 statufa
3370 3021 3493 3091 ple--

205 3095 282 3150 ad
320 3094 519 3156 altare,
545 3106 728 3147 coram
759 3104 866 3158 quo
899 3101 1100 3156 corpus
1143 3083 1406 3156 genitoris
1449 3081 1622 3136 nostri
1651 3078 1802 3132 Hun-

203 3186 333 3242 ι’οοὶ
371 3183 687 3253 requiescit,
732 3182 834 3235 sub
859 3193 1021 3234 sensu
1060 3175 1348 3231 Inntinario
1379 3172 1656 3226 annuatim
1707 3184 1804 3223 no-

201 3285 396 3332 stram
435 3273 660 3341 ejusque
679 3273 1075 3341 eleemosynam
1121 3266 1418 3328 reddemlo,
1449 3263 1804 3318 conﬁrmare-

205 3385 364 3426 mus.
405 3365 565 3421 Juxta
615 3365 795 3434 itaque
841 3363 1155 3434 petitionem
1205 3369 1376 3420 tuam,
1417 3371 1507 3411 res
1548 3365 1806 3425 utrasque

203 3458 600 3520 concedimus,
634 3464 742 3509 tam
775 3453 870 3507 tibi
902 3468 1064 3522 quam
1095 3450 1249 3512 uxori
1295 3459 1398 3502 tua:
1438 3456 1493 3500 et
1523 3445 1647 3500 filiis
1681 3446 1802 3509 tuis,

206 3554 318 3608 sub
349 3552 462 3605 hoc
506 3563 667 3603 sensu
710 3546 1088 3616 possidendas,
1141 3550 1198 3597 ut
1224 3543 1277 3596 in
1308 3541 1601 3595 festivitate
1634 3539 1808 3594 sancti

205 3640 474 3704 Bertini,
517 3637 684 3692 Nonis
722 3635 1085 3705 Septembris,
1135 3633 1201 3688 de
1248 3648 1372 3687 cera
1422 3630 1634 3685 valente
1681 3631 1810 3685 soli-

202 3737 314 3791 dos
347 3747 386 3785 ν
417 3739 472 3786 et
499 3728 777 3785 dimidium
809 3725 1128 3797 persolvetis
1149 3763 1165 3790 ,
1211 3732 1319 3777 tam
1347 3738 1446 3791 pro
1482 3723 1641 3776 rebus
1673 3738 1811 3792 pne-

204 3823 450 3894 scriptis
479 3835 640 3890 quam
663 3833 762 3887 pro
785 3817 1050 3886 capitibus
1078 3814 1294 3875 vestris,
1334 3814 1385 3867 id
1412 3823 1514 3876 est,
1556 3829 1592 3866 ιι
1623 3814 1812 3869 diebus

205 3913 740 3974 mundbordalibus,
787 3909 1099 3978 nullumque
1133 3908 1276 3961 aliud
1330 3907 1613 3961 servitium
1659 3907 1811 3961 vobis

202 4017 558 4084 imponatur.
590 4007 744 4075 Quod
783 4008 826 4061 si
871 4005 1125 4076 quislibet
1163 4002 1374 4067 feceit,
1411 4000 1496 4056 vel
1528 4017 1555 4055 a
1585 4001 1820 4070 praefato-

201 4113 420 4164 sancto
448 4102 565 4156 loco
591 4099 908 4154 abstrahere
934 4095 1245 4158 tentaverit,
1276 4094 1410 4147 iram
1445 4093 1537 4147 Dei
1572 4093 1820 4162 omnipo-:

207 4197 394 4256 tentis
423 4203 481 4249 et
510 4193 678 4248 sancti
720 4191 864 4248 Petri
892 4191 1171 4259 sanctique
1212 4185 1416 4242 Bertini
1449 4186 1713 4241 incurrat.
1755 4185 1812 4239 Si

204 4305 496 4350 conamen
540 4287 760 4356 impium
804 4301 910 4339 non
951 4283 1215 4338 omiserit.
1259 4281 1325 4336 Et
1362 4281 1477 4335 haec
1510 4280 1808 4350 prcestaria,

1902 3105 2115 3169 ctendo,
2158 3105 2226 3159 ad
2259 3104 2504 3160 eamdem
2534 3107 2838 3172 reduceret,
2864 3109 2974 3162 suis
3009 3111 3483 3178 priedicationibus

1905 3194 2260 3249 exhortando.
2313 3194 2428 3248 Tali
2477 3205 2654 3249 autem
2705 3198 2882 3252 studio
2928 3199 3130 3268 talique
3177 3202 3485 3268 devotione,

1906 3285 1972 3337 ad
2001 3283 2284 3338 ecclesiam
2321 3286 2375 3339 in
2405 3284 2697 3355 Mempisco
2729 3288 2910 3352 sitam,
2936 3287 3314 3345 Ilicclcsbecke
3351 3309 3492 3348 nun-

1908 3387 2176 3448 cupatam,
2218 3378 2305 3448 pia
2351 3380 2582 3435 accessit
2619 3380 2950 3436 curiositate.
2987 3383 3120 3439 Inibi
3161 3395 3339 3442 autem
3379 3405 3485 3443 non

1910 3471 1998 3524 diu
2033 3485 2394 3535 commorans,
2425 3485 2546 3525 cum
2581 3470 2693 3540 jam
2729 3473 2989 3544 cogitaret
3021 3478 3244 3543 reverti,
3284 3479 3490 3532 viribus

1909 3562 2154 3630 corporis
2185 3563 2349 3633 cmpit
2389 3571 2613 3633 repente
2639 3563 2882 3630 destitui,
2915 3568 3335 3639 wgritmlineque
3361 3587 3486 3625 cor-

1910 3651 2083 3719 porali
2119 3649 2353 3720 fatigari.
2405 3651 2556 3706 Tunc
2583 3653 2894 3707 convocatis
2920 3653 3216 3724 discipulis,
3249 3674 3341 3713 eos
3370 3676 3488 3714 om-

1913 3744 2174 3812 nipotenti
2207 3745 2432 3799 Domino
2455 3748 2858 3809 commendans,
2888 3747 3120 3801 animam
3153 3749 3290 3804 coelo
3317 3751 3496 3806 reddi-

1915 3837 1991 3889 dit
2038 3846 2352 3892 sanctorum
2395 3839 2623 3892 coetibus
2666 3839 3099 3894 consociandam.
3125 3841 3362 3899 Transiit
3399 3860 3494 3900 au-

1916 3937 2020 3980 tem
2062 3928 2112 3981 in
2143 3929 2507 3998 suprascripta
2533 3930 2678 3994 villa,
2709 3945 2847 3984 anno
2881 3933 3269 3991 incarnationis
3315 3937 3496 3993 Domi—

1917 4020 2050 4074 nicae
2081 4019 2205 4084 855,
2245 4021 2538 4075 indictione
2582 4037 2685 4087 ιιι,
2738 4023 2871 4076 feria
2939 4039 3018 4087 ιιι,
3076 4040 3489 4096 vesperascente

1916 4113 2005 4182 qui
2048 4121 2169 4168 erat
2209 4128 2380 4168 annus
2409 4112 2617 4182 prazfati
2646 4115 2787 4184 regis
2835 4104 3008 4169 Caroli
3035 4132 3103 4169 xv
3131 4117 3263 4187 (82),
3299 4130 3352 4174 et
3379 4122 3494 4190 epi-

1916 4210 2166 4271 scopatus
2215 4202 2382 4273 ipsius
2431 4203 2575 4258 beati
2625 4203 2866 4272 praesulis
2912 4221 2978 4258 xr.
3012 4205 3159 4278 (83),
3193 4225 3325 4264 xvut
3373 4210 3494 4267 Kal.

1915 4293 2180 4348 Ianuarii.
2245 4295 2586 4364 negaverat"
2618 4304 2794 4348 autem
2851 4296 3019 4350 isdem
3074 4299 3349 4366 pontifex,
3406 4311 3496 4369 ut,

206 4401 392 4442 manu
430 4389 614 4435 "05W
652 4379 988 4445 "3"“qu
1015 4375 1288 4439 Γοδοτθῑθ,
1316 4374 1470 4427 “rma
1501 4378 1816 4442 Ρθτηιειηθθι
1842 4365 1893 4424 Ῑ)
1920 4389 2092 4442 sicubi
2119 4388 2294 4441 exitus
2319 4386 2435 4454 ejus
2475 4385 2778 4451 accederet,
2821 4402 3015 4456 corpus
3052 4365 3193 4443 illius
3223 4391 3290 4444 ad
3324 4365 3502 4447 Sithiu

203 4494 345 4534 cum
389 4471 742 4543 stipulatione
768 4469 1015 4524 subnixa.

292 4609 315 4642 ι
349 4590 557 4642 Actum
604 4583 784 4639 Sithiu
838 4581 1211 4644 monasterio,
1261 4578 1313 4631 in
1363 4577 1585 4632 basilica
1644 4577 1817 4632 sancti

206 4681 467 4744 Bertini,
498 4677 665 4734 Nonis
707 4675 1014 4745 Septembr.
1053 4673 1106 4727 in
1141 4672 1432 4727 festivitate
1460 4673 1648 4741 ipsius,
1676 4687 1818 4726 anno

210 4795 312 4834 xiv
360 4779 632 4843 regnante
675 4771 869 4827 domno
911 4769 1143 4834 Carolo,
1188 4766 1297 4821 ﬁlio
1352 4766 1606 4822 Ludovici
1651 4767 1819 4835 impe-

208 4890 274 4930 ra
287 4870 460 4928 toris.

295 4983 314 5015 ι
352 4961 480 5029 Ego
504 4958 820 5017 Adalardus,
852 4956 1036 5020 abbas,
1069 4952 1285 5024 propria
1325 4968 1482 5005 manu
1519 4951 1748 5005 ﬁrmavi.

296 5076 316 5107 ι
351 5053 480 5122 Ego
528 5049 892 5112 Guntbertus,
948 5057 1198 5117 peccator
1226 5085 1238 5106 ,
1290 5044 1644 5113 praepositus,
1698 5042 1826 5100 sub-

209 5145 460 5217 scripsi.

1924 4478 2333 4540 monasterium,
2385 4476 2438 4529 in
2465 4476 2689 4531 basilica
2732 4479 2902 4531 sancti
2930 4476 3160 4544 Bertini,
3194 4492 3506 4549 portaretur

1925 4568 2313 4623 tumulandum.
2368 4568 2629 4624 Defuncto
2662 4582 2839 4623 autem
2871 4569 2982 4635 illo,
3021 4587 3144 4626 cum
3181 4573 3360 4628 clerici
3389 4575 3506 4645 ejus

1924 4665 2226 4733 quaererent
2252 4662 2485 4730 qualiter
2507 4662 2655 4717 illum
2680 4663 2745 4716 ad
2777 4665 3145 4728 supradictum
3185 4664 3356 4719 locum
3384 4683 3508 4739 por-

1926 4767 2042 4812 tare
2074 4755 2395 4827 potuissent,
2427 4757 2478 4810 in
2515 4756 2627 4825 ipsa
2662 4761 2840 4817 nocte,
2871 4752 3036 4813 flante
3074 4766 3232 4810 vento
3259 4760 3510 4824 australi,

1926 4852 2104 4908 omnis
2147 4849 2234 4904 illa
2280 4865 2540 4919 aquarum
2597 4851 2973 4908 indimetibilis
3022 4849 3362 4920 profunditas
3409 4872 3521 4927 qua

1929 4942 2163 5014 cingitur
2194 4938 2373 4995 Sithiu
2425 4938 2618 5002 insula,
2655 4940 2730 4992 ita
2773 4939 3096 5010 congelavit,
3130 4944 3203 4996 ut,
3237 4953 3404 4999 tuane
3429 4961 3527 5000 ex-

1928 5035 2143 5105 sequias
2195 5032 2366 5086 sancti
2417 5030 2661 5098 corporis
2708 5026 3108 5090 deferentibus,
3153 5025 3534 5092 ﬁrmissimum

1931 5144 2068 5200 aqua
2097 5137 2342 5197 gressum
2371 5137 2466 5191 per
2493 5119 2718 5190 glaciem
2743 5121 3009 5189 prznberet
3033 5116 3322 5186 euntibus;
3367 5125 3535 5198 (mod,

2345 5279 2383 5292 λ
2546 5279 2558 5292 I
2615 5278 2626 5290 ο
2662 5275 2764 5292 ιινν
2819 5273 2830 5292 _‘

3090 5271 3202 5292 -..Αι
3234 5285 3295 5292 Α..
