3982 5292
529 280 659 336 1931
711 300 714 303 ·

1591 283 1910 350 ῈΟΙΩΙῘΙΝΙ
1951 283 2009 338 S.
2051 282 2321 338 BEl‘t'l‘l'Nl
2364 282 2663 338 MU‘NﬁtClll

3625 293 3757 348 1⁵ὶῖἶὶ

528 395 578 449 in
616 395 832 450 hiemali
879 404 1118 466 tempore
1163 396 1250 451 vix
1283 406 1484 467 septem
1529 397 1734 452 dierum
1761 397 1910 468 algor
1955 396 2093 450 valet
2124 405 2163 460 Α
2197 411 2259 459 v;
2293 396 2558 467 mancipia
2601 413 2697 451 xu.
2748 397 3040 456 Berharius
3085 401 3404 458 caballarius
3431 404 3589 458 habet
3616 422 3762 459 man-

525 487 755 542 efficere.
795 487 1149 557 Deportantes
1170 498 1347 542 autem
1392 489 1532 543 beati
1567 489 1664 541 viri
1693 501 1886 557 corpus
1912 487 1977 540 ad
2007 487 2090 540 Si-

526 579 638 632 thiu
673 579 1083 644 monasterium,
1111 579 1346 642 ad.latus
1389 579 1559 634 sancti
1607 578 1807 634 Bertini
1839 578 2086 634 dextrum

521 680 606 724 est
631 669 969 724 tumulatum.

972 759 1111 816 XIV.
1142 762 1299 816 Aliud
1327 762 1626 830 capitulum.

587 852 779 907 Fertur
795 861 974 908 autem
1005 853 1248 907 eumdem
1274 853 1442 907 virum
1472 853 1561 907 Dei
1585 867 1776 921 eqmun
1801 851 2085 920 quemdam

511 945 787 1012 habuisse,
824 947 939 1016 qui,
969 947 1180 1016 quoties
1211 945 1313 1000 iter
1339 945 1621 1014 aliquoties
1650 960 1872 1014 carpere
1905 944 2082 1007 vellet,

513 1038 579 1092 ad
630 1038 946 1106 obsequium
992 1038 1088 1090 viri
1134 1036 1224 1091 Dei
1263 1052 1434 1107 genua
1476 1036 1732 1100 ﬂecteret,
1783 1046 1842 1090 ut
1878 1036 2084 1090 scilicet

513 1128 716 1199 absque
747 1129 854 1183 ullo
883 1128 1062 1182 labore
1100 1136 1249 1200 tergo
1288 1128 1426 1182 illius
1453 1129 1788 1197 equitaturus
1828 1128 2084 1182 ascende-

512 1229 612 1274 ret.
645 1219 794 1276 Hunc
840 1229 1018 1275 autem
1043 1220 1219 1276 ferunt
1258 1218 1514 1272 fratribus
1553 1219 1784 1272 dandum
1813 1228 1939 1272 ante
1967 1218 2082 1285 ejus

511 1311 765 1364 feretrum
781 1309 1014 1380 praeisse,
1034 1311 1126 1363 sed
1142 1323 1356 1363 onmem
1379 1307 1628 1376 deinceps
1647 1307 1917 1361 hominem
1944 1307 2082 1362 ferre

509 1416 812 1464 recusasse,
845 1415 940 1454 nec
965 1415 1154 1469 passus
1183 1409 1262 1452 est
1294 1406 1417 1468 post
1443 1397 1681 1451 membra
1709 1397 1838 1450 tanti
1864 1397 2078 1466 pontiﬁ-

507 1493 586 1547 cis
645 1491 1004 1561 voluptatibus
1052 1490 1324 1544 deservire
1383 1487 1607 1556 alicujus
1663 1488 1916 1541 hominis.
1978 1488 2079 1554 Qui

507 1598 612 1638 non
644 1582 802 1652 longo
827 1590 946 1651 post
976 1589 1212 1650 tempore
1244 1589 1509 1643 mortuus,
1532 1593 1650 1632 cum
1677 1578 1899 1632 canibus
1929 1577 2081 1634 cibus

503 1683 647 1729 esset
677 1673 969 1744 appositus,
999 1687 1027 1724 a
1057 1669 1215 1724 nullis
1248 1669 1458 1724 illortuu
1485 1677 1566 1722 est
1594 1674 1841 1720 attactus.
1879 1666 1941 1719 Et
1971 1681 2078 1720 me-

2188 499 2305 538 sum
2350 487 2416 540 de
2461 496 2598 541 terra
2635 487 2821 542 arabili
2857 487 3082 544 bunaria
3123 506 3218 556 xx,
3249 491 3317 546 de
3350 503 3506 562 prato
3537 495 3759 549 bunaria

2186 590 2252 640 v;
2296 575 2362 629 de
2385 575 2517 630 silva
2561 577 2767 631 minuta
2793 580 3018 636 bunaria
3045 597 3118 636 vt.
3144 581 3326 637 Mansa
3355 599 3391 638 ιι
3417 601 3514 654 per
3541 586 3759 641 bunaria

2186 681 2282 720 xu.
2325 666 2470 722 Facit
2519 667 2659 723 sicut
2706 673 2973 738 superius.
3025 671 3285 743 Mancipia
3325 691 3443 728 vui.
3501 674 3763 731 Benemar

2187 755 2342 810 habet
2367 771 2544 810 casam
2569 774 2691 812 cmn
2739 759 2848 812 alii~
2885 761 3134 827 castitiis,
3163 764 3227 817 de
3257 774 3413 833 prato
3440 762 3668 819 bunaria
3709 782 3759 828 x,

2186 845 2250 898 de
2277 855 2417 898 terra
2442 847 2628 900 arabili
2655 848 2809 902 bunn'
2831 865 2878 903 ta
2907 866 3033 917 xxx,
3064 852 3128 905 de
3151 863 3369 921 pastura
3405 863 3460 909 et
3489 853 3642 926 sylva
3668 858 3762 908 mi-

2184 944 2311 988 nuta
2355 936 2576 989 bunaria
2610 953 2760 992 xxtu.
2809 938 2988 993 Mansa
3019 957 3078 995 ιιι
3108 957 3203 1010 per
3230 943 3452 998 bunaria
3487 961 3585 998 xu.
3614 944 3763 1000 Facit

2183 1023 2319 1077 sicut
2374 1026 2642 1094 superius.
2707 1026 2966 1098 Maucipia
3031 1045 3178 1084 xxn‘.
3251 1032 3550 1088 Osturadus
3602 1037 3763 1089 habet

2182 1134 2368 1173 mansa
2399 1134 2520 1173 cum
2562 1120 2807 1184 castitia;
2850 1123 2916 1176 de
2963 1132 3116 1192 prato
3147 1125 3366 1178 bunaria
3400 1144 3501 1189 xu,
3527 1127 3596 1183 de
3624 1139 3764 1183 terra

2182 1209 2370 1263 arabili
2420 1211 2643 1263 bunaria
2696 1227 2797 1275 xx,
2846 1211 2912 1266 de
2949 1212 3099 1284 sylva
3149 1217 3349 1270 minuta
3398 1218 3634 1274 bunaria
3697 1237 3765 1282 ιι.

2181 1303 2361 1359 Mausa
2413 1319 2470 1359 ιιι
2529 1319 2624 1373 per
2672 1305 2894 1359 bunaria
2949 1322 3045 1360 xtt.
3096 1306 3247 1363 Facit
3291 1308 3427 1364 sicut
3489 1312 3765 1380 superius.

2181 1391 2440 1462 Maucipia
2464 1409 2609 1447 xxiv.
2642 1393 2783 1448 Bavo
2808 1396 2966 1450 habet
2998 1411 3176 1451 casam
3202 1413 3320 1451 cum
3346 1397 3464 1453 aliis
3486 1401 3761 1463 eaStitiis;

2181 1485 2248 1538 de
2269 1495 2422 1552 prato
2445 1484 2667 1540 bunaria
2698 1501 2774 1547 xt,
2799 1486 2862 1539 de
2891 1497 3030 1541 terra
3064 1487 3249 1542 arabili
3277 1490 3503 1544 bunaria
3537 1509 3674 1554 xxx,
3704 1492 3765 1545 de

2183 1576 2334 1645 sylva
2369 1575 2571 1630 minuta
2602 1577 2823 1630 bunaria
2853 1593 2924 1632 tv.
2957 1577 3145 1634 Casam
3179 1595 3218 1644 ι,
3244 1595 3339 1649 per
3371 1582 3602 1638 bunaria
3650 1599 3760 1638 vui.

2180 1665 2331 1720 Facit
2366 1667 2503 1720 sicut
2525 1668 2790 1736 superius.
2825 1667 3084 1738 Maucipia
3109 1685 3213 1725 xvt.
3244 1669 3649 1728 Wendelardus
3677 1675 3763 1727 ha-

503 1767 610 1820 rito
633 1766 860 1819 cadaver
887 1763 1002 1832 ejus
1030 1777 1189 1816 canes
1217 1775 1319 1815 non
1350 1768 1596 1828 poterant
1630 1757 1886 1821 lacerare,
1915 1773 2077 1827 super
2111 1744 2151 1802 Β
2180 1759 2269 1812 bet
2297 1773 2476 1812 casam
2510 1774 2630 1812 cum
2667 1759 2786 1814 aliis
2812 1761 3067 1826 castitiis;
3110 1762 3176 1817 de
3222 1773 3375 1834 prato
3416 1765 3653 1820 bunaria
3692 1784 3762 1831 xi,

503 1873 662 1927 quem
707 1855 1011 1928 hymnidica
1056 1855 1264 1908 cantica
1311 1852 1528 1908 Christo
1587 1851 1867 1905 decantata
1918 1859 2076 1905 erant

503 1951 813 2021 secpissimc.
845 1947 994 2016 Quod
1025 1946 1270 2002 videntes
1306 1946 1472 2011 cives,
1503 1960 1624 1999 eum
1662 1945 1895 2000 humano
1923 1958 2073 1998 more

502 2042 846 2110 sepelierunt,
878 2055 1036 2110 quem
1080 2052 1178 2093 nec
1219 2039 1403 2092 bestia:
1452 2052 1547 2091 nec
1579 2036 1822 2090 volucres
1853 2044 2072 2106 tangere

500 2136 971 2199 prsesmnpscrunl.

641 2219 754 2274 XV.
788 2219 1028 2275 Breviato
1060 2219 1301 2275 villarum
1339 2218 1707 2273 monachorum
1746 2218 1928 2272 victus.

571 2312 696 2377 Sed,
729 2312 850 2382 quia
881 2321 1025 2384 gesta
1051 2313 1192 2368 beati
1243 2311 1488 2381 Folquiui
1515 2311 1816 2366 enarranda
1852 2325 2070 2379 parmu-

498 2422 593 2474 pcr
618 2406 684 2460 ab
711 2405 961 2459 abbatum
991 2404 1154 2473 gestis
1179 2403 1406 2474 digressi
1455 2417 1662 2463 sumus.
1702 2402 1830 2455 libet
1853 2401 1964 2471 jam
2002 2401 2067 2455 ad

497 2516 558 2553 ea
600 2497 962 2569 pernarranda
1011 2497 1275 2551 calamum
1329 2494 1624 2549 reﬂectere.
1676 2493 1856 2546 Abbas
1909 2492 2070 2560 igitur

494 2589 794 2645 Adalardus
838 2588 992 2642 villas
1029 2589 1094 2642 ad
1140 2586 1364 2641 fratrum
1415 2601 1543 2640 usus
1581 2584 1930 2654 pertinentes,
1982 2581 2067 2636 vel

493 2682 752 2752 quidquid
781 2681 972 2736 exinde
1007 2681 1104 2735 sub
1146 2679 1504 2750 qualicunque
1536 2677 1756 2734 servitio
1788 2677 2069 2732 videbatur

494 2772 794 2839 provenire,
828 2773 1028 2840 absque
1060 2772 1142 2826 his
1172 2787 1291 2839 qua:
1317 2773 1368 2825 in
1401 2771 1521 2826 aliis
1541 2769 1884 2826 monasteriis
1912 2776 2068 2822 erant

493 2864 794 2920 distributae
839 2863 920 2918 vel
970 2878 1088 2932 quae
1137 2863 1396 2918 militibus
1448 2873 1502 2918 et
1555 2860 1860 2918 cavallariis
1909 2868 2066 2915 erant

493 2955 842 3022 beneficiatm,
883 2956 974 3011 tali
999 2955 1161 3024 jussit
1188 2955 1447 3011 brevitate
1477 2954 1779 3008 describere
1809 2951 1942 3023 (84).

563 3045 699 3102 XVI.
746 3046 802 3103 In
843 3046 1054 3104 Kelmis
1104 3046 1304 3101 habent
1338 3045 1584 3102 monachi
1626 3043 1907 3099 ecclesiam
1947 3059 1962 3096 I
2002 3057 2064 3096 ac

490 3143 718 3197 bunaria
768 3157 865 3205 xu,
906 3150 960 3196 et
1003 3140 1267 3208 mancipia
1313 3155 1388 3202 vi,
1439 3135 1717 3190 luminaria
1757 3151 1830 3190 tv.
1883 3133 2061 3189 Unus-

489 3233 716 3303 quisque
743 3230 900 3286 solvit
935 3231 1002 3285 de
1043 3245 1167 3284 cera
1210 3227 1422 3282 valente
1451 3226 1728 3280 denarium
1759 3241 1796 3279 ι.
1823 3222 2064 3276 Mansum

491 3323 925 3378 indominicatum
968 3337 1089 3375 cum
1115 3335 1240 3374 casa
1273 3328 1327 3374 et
1370 3317 1490 3371 aliis
1516 3315 1772 3380 castitiis;
1816 3315 1881 3369 de
1909 3322 2066 3383 prato

485 3416 710 3470 bunaria
742 3430 929 3477 xxxix,
965 3414 1031 3467 de
1083 3420 1221 3466 terra
1261 3407 1448 3463 arabili
1495 3407 1717 3461 bunaria
1758 3420 1954 3470 ccxxx,
1999 3403 2066 3458 de

487 3508 635 3578 sylva
663 3521 849 3577 gressa
897 3502 1120 3558 bunaria
1165 3517 1294 3565 xxx,
1323 3501 1388 3554 de
1424 3499 1554 3553 silva
1593 3498 1796 3552 minuta
1837 3495 2063 3551 bunaria

487 3614 578 3651 xv.
628 3596 808 3651 Mausa
848 3608 914 3648 xv
955 3607 1050 3663 per
1089 3590 1311 3646 btuiaria
1353 3604 1449 3656 xu,
1480 3595 1532 3644 et
1575 3587 1659 3644 ille
1687 3585 1938 3642 dimidius
1967 3601 2064 3658 per

485 3690 712 3744 bunaria
745 3703 815 3752 vt,
841 3702 960 3740 cum
987 3685 1156 3740 servis
1191 3700 1246 3750 x,
1272 3683 1364 3754 qui
1407 3682 1609 3736 faciunt
1647 3681 1698 3735 in
1730 3678 2062 3734 hebdomada

485 3797 545 3835 ιιι
573 3782 720 3845 dies;
749 3789 804 3834 et
845 3777 1054 3834 ancilla:
1092 3791 1143 3831 v1
1181 3776 1386 3830 faciunt
1414 3773 1688 3827 ladmones
1725 3786 1799 3824 γι.
1826 3769 1956 3824 Alia:
1981 3769 2061 3824 in-

486 3889 674 3944 genue
702 3871 832 3927 facit
869 3884 1204 3939 unaquazque
1233 3867 1536 3922 ladmonem
1564 3862 1859 3919 dimidium.
1886 3861 2062 3917 Unus-

485 3962 712 4031 quisque
743 3971 897 4032 parat
930 3961 995 4015 de
1042 3959 1202 4012 brace
1231 3957 1404 4011 modia
1435 3971 1488 4020 x,
1517 3952 1584 4008 de
1626 3951 1795 4006 farina
1821 3967 1901 4016 vt;
1946 3951 2060 4021 pul-

486 4053 568 4109 los
603 4069 688 4118 ιιι,
734 4068 832 4107 ova
878 4067 967 4106 xx.
1018 4051 1097 4105 Ad
1151 4051 1333 4104 vineas
1384 4045 1801 4116 unumquodque
1859 4057 2057 4097 anmun

485 4157 672 4195 corros
700 4157 759 4194 ιι.
804 4139 1023 4193 Lunarii
1065 4153 1176 4202 xvi,
1213 4135 1571 4208 prtebendarii
1614 4149 1706 4189 vu.
1741 4132 1851 4188 Ded
1895 4132 2060 4187 habet

486 4231 712 4288 bunaria
742 4245 816 4294 vi,
845 4237 963 4283 arat
988 4228 1210 4282 bunaria
1238 4243 1296 4282 ιι.

557 4321 717 4378 XVII.
748 4322 802 4376 lu
854 4319 1235 4390 Fresingahem
1289 4316 1595 4371 Ercrvvinus
1634 4313 1795 4369 habet
1830 4311 2054 4368 bunaria

481 4431 549 4480 v;
583 4422 701 4467 arat
721 4411 962 4484 jurnales
994 4425 1078 4474 ιιι,
1108 4419 1160 4478 et
1189 4408 1345 4464 solvit
1369 4407 1620 4462 denarios
1646 4421 1722 4460 vt.
1760 4405 1815 4459 In
1865 4404 2052 4459 eadem

486 4507 608 4561 villa
643 4504 836 4560 Heleca
871 4502 1033 4557 habet
1056 4500 1340 4556 bunarium
1383 4498 1685 4563 dimidium,
1724 4493 2052 4564 aratjurna-

484 4595 738 4742 lelglIlVlll.
766 4684 821 4739 In
847 4683 1222 4755 Lomisgahem
1253 4681 1489 4750 Bercgen
1523 4680 1682 4735 habet
1711 4679 1932 4734 bunaria
1978 4694 2052 4742 ις,

485 4790 605 4834 arat
646 4779 966 4835 bunariatv.
1013 4775 1072 4831 In
1110 4775 1324 4831 Elciaco
1349 4773 1599 4844 Atnalger
1642 4772 1801 4828 habet
1829 4771 2053 4825 bunaria

485 4891 614 4941 xiv,
655 4872 921 4941 mancipia
957 4885 1040 4936 ιιι,
1092 4878 1210 4924 arat
1269 4865 1492 4922 bunaria
1543 4881 1618 4930 tv,
1656 4872 1710 4918 et
1756 4864 1912 4918 solvit
1937 4862 2057 4918 soli-

486 4967 697 5109 ἀοὲιιέ.
731 5051 785 5106 In
822 5050 1222 5120 Morningehem
1261 5047 1590 5103 Gunthertus
1623 5047 1780 5100 habet
1827 5044 2050 5098 bunaria

485 5159 602 5210 τιτι,
651 5155 766 5198 arat
813 5142 1035 5195 bunaria
1086 5155 1161 5194 tv.
1212 5138 1442 5194 Gcrhald
1490 5137 1652 5192 habet
1692 5136 1916 5190 bunaria
1967 5150 2048 5198 ιιι,

487 5247 604 5286 arat
627 5235 850 5288 lmnaria
875 5250 912 5288 ι.
942 5231 1206 5287 Stracfrct
1235 5233 1394 5286 habet
1434 5229 1656 5284 bunaria
1698 5242 1770 5289 vn,
1797 5235 1909 5279 arat
1955 5227 2051 5280 hu-

2177 1849 2242 1902 de
2280 1857 2422 1903 terra
2455 1850 2641 1904 arabili
2670 1851 2894 1904 bunaria
2939 1869 3063 1906 xxx.
3098 1853 3251 1924 Sylva
3300 1856 3506 1910 minuta
3547 1858 3760 1913 binaria

2177 1955 2260 1994 ut.
2308 1939 2525 1995 Mausus
2559 1957 2595 2007 ι,
2626 1958 2724 2012 per
2753 1942 2975 1998 bunaria
3001 1960 3096 2000 xu.
3128 1945 3277 2002 Facit
3311 1948 3453 2002 sicut
3483 1953 3758 2020 Superius,

2174 2031 2438 2100 mancipia
2479 2047 2588 2085 xlv.
2633 2032 2992 2103 Megenfridus
3031 2036 3188 2090 habet
3237 2051 3418 2092 casam
3464 2054 3592 2094 cum
3647 2043 3756 2096 aliis

2174 2123 2438 2188 castitiis;
2467 2123 2531 2178 de
2557 2132 2710 2193 prato
2738 2125 2965 2180 bunaria
2994 2141 3069 2191 XI,
3103 2129 3166 2181 de
3197 2136 3337 2184 terra
3367 2131 3564 2186 arabili
3595 2134 3759 2187 buna-

2174 2216 2253 2268 ria
2289 2231 2411 2280 XLV,
2445 2216 2511 2272 de
2562 2217 2707 2288 sylva
2758 2217 2960 2272 minuta
3009 2227 3061 2272 et
3109 2231 3323 2289 pastura
3369 2222 3604 2278 bunaria
3650 2241 3756 2281 xw.

2173 2306 2389 2362 Mansus
2417 2323 2452 2361 ιι
2481 2321 2576 2376 per
2598 2307 2818 2363 bunaria
2850 2325 2945 2363 xu.
2976 2309 3124 2365 Facit
3151 2313 3287 2366 sicut
3307 2315 3581 2382 superius.
3611 2316 3758 2371 Man-

2171 2398 2307 2466 cipia
2335 2414 2407 2453 tv.
2451 2397 2739 2454 Balduinus
2765 2399 2929 2455 habet
2969 2416 3148 2456 casam
3189 2418 3308 2456 cum
3339 2403 3460 2459 aliis
3486 2408 3755 2472 castitiis;

2171 2491 2236 2545 de
2262 2504 2416 2560 prato
2448 2491 2671 2546 bunaria
2701 2508 2780 2557 vt,
2813 2494 2879 2548 de
2919 2505 3060 2548 terra
3091 2495 3277 2550 arabili
3307 2498 3537 2552 bunaria
3570 2516 3667 2562 xx,
3697 2502 3757 2555 de

2170 2582 2316 2652 sylva
2354 2583 2557 2638 minuta
2607 2591 2661 2637 et
2694 2594 2911 2652 pastura
2948 2585 3173 2640 bunaria
3218 2603 3307 2642 xx.
3355 2587 3628 2645 Mansust
3666 2608 3760 2661 per

2169 2674 2392 2729 bunaria
2424 2691 2517 2728 xu.
2545 2675 2695 2730 Facit
2725 2677 2863 2732 sicut
2888 2679 3155 2748 superius.
3195 2679 3460 2750 Maucipia
3494 2699 3575 2737 ιι.

2240 2761 2355 2816 XX.
2392 2763 2446 2818 In
2478 2765 2886 2836 Bermiugahem
2925 2769 3083 2824 habet
3112 2785 3298 2824 mansa
3328 2811 3342 2835 ,
3379 2786 3505 2826 cum
3553 2776 3751 2837 scuria,

2167 2853 2235 2910 de
2265 2864 2407 2910 terra
2439 2856 2623 2911 arabili
2651 2857 2875 2912 bunaria
2908 2875 3064 2926 χχιιι,
3112 2861 3256 2933 sylva
3289 2864 3500 2918 minttta
3530 2867 3751 2920 bunaria

2169 2961 2247 3000 ιιι.
2275 2947 2342 3002 Ει
2369 2948 2419 3001 in
2457 2948 2737 3005 Edeucnas
2761 2951 2827 3006 de
2855 2961 2996 3006 terra
3043 2953 3264 3010 bunaria
3297 2972 3326 3009 x
3348 2997 3362 3019 ,
3394 2959 3670 3029 mancipia
3701 2978 3745 3014 ι.

2169 3038 2386 3104 Omnes,
2425 3053 2649 3112 excepto
2692 3043 3002 3111 lremherto,
3047 3057 3204 3102 arant
3249 3049 3316 3102 ad
3349 3050 3525 3120 ipsam
3577 3053 3749 3106 villam

2171 3131 2393 3185 bunaria
2423 3149 2495 3197 tv,
2522 3142 2576 3187 et
2601 3133 2856 3206 colligunt
2880 3153 2916 3191 ιι
2939 3147 2993 3192 et
3014 3139 3215 3194 ducunt
3238 3142 3303 3195 ad
3336 3147 3748 3210 monasterium,

2168 3222 2463 3277 etcludunt
2504 3225 2682 3296 virgas
2712 3243 2808 3292 xv;
2843 3236 2898 3283 et
2941 3231 2992 3284 in
3037 3235 3364 3289 monasterio
3398 3235 3531 3292 item
3567 3254 3749 3293 omnes

2164 3313 2345 3384 virgas
2375 3329 2448 3380 tv,
2490 3325 2546 3368 et
2579 3315 2708 3371 facit
2741 3320 3108 3390 unusquisque
3145 3323 3193 3376 in
3229 3338 3372 3379 anno
3395 3325 3516 3381 dies
3547 3343 3674 3381 xxiv
3698 3330 3745 3380 in

2164 3413 2374 3458 testate.
2406 3403 2732 3462 lrembertus
2759 3418 2936 3464 autem
2963 3421 3081 3464 arat
3111 3411 3336 3467 bunaria
3382 3431 3421 3470 ιι
3459 3427 3515 3471 et
3547 3419 3743 3486 colligit

2171 3509 2208 3546 ι.
2244 3493 2534 3550 Luminarii
2566 3513 2640 3552 χι.
2673 3497 2893 3554 Solvunt
2922 3502 3062 3556 inter
3086 3519 3272 3563 omnes
3297 3507 3506 3566 solidos
3541 3529 3632 3577 vn,
3659 3513 3749 3567 de-

2164 3588 2344 3644 narios
2361 3603 2471 3644 vut.
2493 3587 2746 3648 Homines
2759 3593 2851 3664 qui
2871 3596 3069 3651 faciunt
3085 3599 3135 3652 in
3153 3613 3291 3654 anno
3305 3617 3364 3654 ιιι
3384 3602 3502 3656 dies
3517 3614 3643 3657 sunt
3659 3621 3743 3658 xx.

2236 3681 2374 3736 XXI.
2399 3682 2454 3736 Iu
2488 3683 2686 3740 Attona
2730 3696 2814 3741 est
2858 3689 3079 3744 ecclesia
3108 3692 3174 3745 ad
3211 3707 3372 3762 quam
3419 3695 3643 3751 solvunt
3677 3713 3743 3750 vu

2163 3775 2408 3830 homines
2436 3777 2504 3832 de
2529 3777 2728 3834 lumine
2758 3783 3123 3852 unusquisque
3154 3785 3218 3840 de
3251 3801 3374 3840 cera
3407 3788 3629 3845 valente
3654 3792 3742 3844 de-

2163 3866 2342 3921 narios
2385 3883 2444 3920 ιι.
2495 3869 2685 3924 Casam
2743 3871 3182 3930 indominicatam
3230 3893 3347 3930 eum
3406 3878 3534 3934 aliis
3584 3883 3741 3936 casti-

2163 3955 2280 4021 tiis;
2330 3957 2394 4011 de
2428 3969 2582 4026 prato
2619 3961 2842 4016 bunaria
2881 3979 2956 4031 xl,
2993 3965 3058 4020 de
3102 3975 3243 4021 terra
3283 3969 3477 4023 arabili
3520 3971 3739 4025 bunaria

2158 4060 2256 4110 cc,
2309 4045 2376 4100 de
2414 4048 2546 4102 silva
2591 4051 2794 4106 minuta
2847 4054 3129 4109 bunarium
3189 4071 3246 4121 ι,
3299 4059 3366 4111 de
3403 4069 3632 4128 pastura
3668 4062 3742 4114 in-

2157 4135 2299 4190 culta
2346 4136 2572 4192 bunaria
2621 4155 2672 4194 ι..
2707 4141 2888 4197 Mansa
2938 4159 3066 4197 xxiv
3111 4155 3165 4200 et
3206 4147 3526 4214 dimidium;
3561 4165 3740 4204 omnes

2158 4243 2255 4298 per
2304 4231 2530 4285 bunaria
2582 4249 2677 4299 xu,
2721 4244 2775 4289 et
2802 4236 2888 4291 ille
2940 4238 3191 4294 dimidius
3239 4255 3334 4310 per
3380 4241 3619 4297 bunaria
3667 4259 3737 4306 vt,

2156 4336 2278 4376 cum
2349 4325 2518 4380 servis
2575 4342 2664 4390 XI,
2725 4329 2817 4398 qui
2879 4329 3082 4386 faciunt
3131 4331 3182 4386 in
3230 4331 3577 4389 hebdomada
3630 4337 3737 4391 dies

2160 4427 2240 4466 ιιι.
2272 4412 2490 4468 Ancillae
2537 4431 2612 4469 xu
2662 4417 2860 4473 faciunt
2904 4419 3182 4475 ladmones
3219 4437 3313 4476 xu.
3359 4421 3467 4476 Alii
3521 4423 3734 4494 ingenui

2158 4503 2362 4558 faciunt
2393 4519 2429 4558 ιι
2463 4505 2577 4560 dies
2627 4507 2680 4560 in
2731 4507 3084 4577 hebdomada,
3124 4519 3179 4565 et
3227 4513 3292 4566 de
3333 4511 3436 4566 illis
3492 4514 3738 4584 ingenuis

2159 4593 2376 4647 feminis
2429 4609 2523 4648 χιιι
2578 4597 2799 4651 veniunt
2843 4598 3117 4656 ladmones
3157 4617 3205 4656 vt
3239 4610 3292 4655 et
3337 4603 3618 4660 dimidius.
3661 4608 3736 4660 Ad

2158 4685 2343 4740 vineas
2373 4701 2526 4740 earra
2568 4701 2639 4741 \‘l.
2668 4688 2821 4744 Facit
2862 4693 3225 4762 unusquisque
3257 4695 3323 4748 de
3363 4694 3529 4752 brace
3562 4700 3734 4751 modia

2159 4791 2210 4838 x,
2237 4778 2302 4829 de
2325 4776 2497 4834 farina
2518 4797 2602 4843 vt;
2627 4780 2751 4848 pulli
2783 4798 2862 4846 Ill,
2887 4798 2984 4837 ova
3014 4801 3104 4838 xx.
3130 4783 3343 4839 Lunarii
3377 4802 3466 4852 xv,
3492 4790 3734 4858 przebcn-

2159 4868 2295 4922 darii
2322 4885 2394 4922 vt.
2426 4869 2722 4926 Wilbertus
2750 4871 2909 4926 habet
2935 4872 3157 4926 btmaria
3186 4889 3294 4939 xu;
3335 4874 3498 4930 solvit
3535 4877 3732 4931 solidos

2159 4971 2221 5022 ιι,
2254 4967 2309 5012 ct
2333 4949 2590 5027 praevidet
2615 4961 2840 5032 sylvam.
2872 4961 3008 5014 Sunt
3036 4959 3106 5015 ibi
3140 4963 3382 5017 homines
3406 4963 3500 5032 qui
3529 4964 3730 5018 faciunt

2159 5064 2196 5102 ιι
2223 5050 2338 5104 dies
2368 5050 2419 5103 in
2443 5050 2776 5104 hebdomada
2799 5067 2980 5105 Lxxtv.
3002 5051 3329 5106 lremharius
3369 5051 3544 5122 major
3573 5053 3730 5106 habet

2157 5155 2334 5194 casam
2364 5139 2802 5194 indominicatam
2843 5156 2963 5196 cum
3006 5142 3124 5196 aliis
3169 5142 3426 5207 eastiliis;
3475 5146 3541 5198 de
3579 5154 3728 5213 prato

2156 5228 2382 5282 bunaria
2411 5243 2466 5292 x,
2489 5229 2555 5283 de
2583 5240 2722 5284 terra
2761 5230 2948 5284 arabili
2992 5232 3214 5285 bunaria
3244 5247 3376 5292 xxu,
3406 5233 3472 5287 de
3511 5247 3726 5292 nastur-a
