3982 5292
257 367 394 424 I255

1615 348 2186 409 CIIARTUIAIIIUM.

3387 344 3522 401 I22“

256 490 400 534 terra
439 475 630 532 arabili
659 474 884 530 bunaria
907 487 1074 537 xxxv,
1096 471 1162 527 de
1191 469 1340 540 sylva
1370 468 1574 522 minuta
1605 463 1830 520 bunaria
1863 477 1907 536 Α
1937 462 2268 518 hebdomada
2308 480 2342 516 ιι
2369 463 2518 526 dies;
2546 473 2599 516 et
2625 461 2725 516 illa:
2751 460 2994 530 ingenua:
3023 459 3233 515 feminae
3265 477 3518 529 unaquaz-

253 590 328 626 vt.
358 570 622 638 Mancipia
652 584 767 622 vut.
812 567 956 620 Bavo
987 565 1149 618 habet
1187 577 1433 617 mansum
1476 575 1596 614 cum
1634 572 1758 612 casa
1785 563 1840 610 et

250 665 374 720 aliis
401 663 662 725 castitiis;
709 663 774 715 de
806 667 959 729 prato
995 657 1218 712 bunaria
1262 671 1292 708 v
1336 663 1390 709 ct
1432 652 1731 713 dimidium,
1773 648 1839 702 de

250 760 401 808 terra
425 750 616 804 arabili
648 748 874 804 bunaria
905 763 1023 802 ιινι
1054 756 1107 801 et
1137 745 1438 810 dimidium,
1463 743 1529 798 de
1553 743 1700 814 sylva
1733 741 1835 795 nti-

248 856 381 901 nuta
405 845 632 902 bunaria
668 861 786 900 vut.
818 843 1080 912 Mancipia
1121 858 1228 896 xtv.
1255 840 1346 894 Isti
1375 853 1694 908 unaquaque
1742 837 1840 891 bc-

247 940 288 994 b
310 938 514 993 fomada
557 937 760 994 faciunt
799 954 834 991 ιι
865 936 998 991 dies.
1039 935 1093 989 Si
1117 951 1220 988 non
1251 932 1595 994 caballicant,
1626 929 1839 999 sopiunt

247 1032 433 1102 virgas
477 1047 530 1095 v,
571 1039 624 1086 et
656 1031 712 1084 in
742 1029 1072 1083 monasterio
1119 1027 1260 1080 inter
1297 1040 1486 1080 omnes
1533 1023 1710 1093 virgas
1761 1037 1832 1075 tv.

243 1121 520 1176 Lodberta
559 1121 721 1176 habet
757 1121 810 1174 in
851 1119 1052 1182 Selem,
1100 1117 1455 1186 pertinentem
1506 1115 1571 1169 ad
1617 1115 1832 1175 Attoua,

240 1215 563 1283 prmcariam
601 1230 640 1277 ι,
671 1213 814 1267 unde
843 1210 1004 1266 solvil
1030 1208 1260 1264 solidum
1289 1225 1330 1262 ι.

323 1304 484 1359 XXII.
514 1305 570 1358 In
601 1304 987 1374 Bowiggahem
1022 1300 1280 1355 Bertrada
1316 1299 1478 1354 habet
1503 1297 1664 1352 aliam
1695 1297 1835 1352 unde

238 1391 410 1445 debet
440 1405 617 1445 arare.

321 1482 505 1537 XXIII.
558 1482 615 1537 In
663 1481 1058 1552 Berningahem
1111 1479 1313 1543 habet,
1355 1476 1497 1531 inter
1533 1475 1737 1547 sylvam
1779 1483 1834 1530 et

246 1588 448 1634 terram
473 1577 755 1643 arabilcm,
786 1577 1013 1631 bunaria
1049 1575 1168 1647 plus
1204 1591 1291 1629 ιιι..

321 1667 507 1722 XXIV.
540 1669 594 1722 In
628 1668 954 1737 Beingahem
981 1666 1103 1720 villa
1139 1665 1300 1720 habet
1337 1663 1648 1728 ecclesiam,
1680 1663 1838 1718 indo-

247 1761 568 1814 minicatum
602 1775 847 1814 mansum
876 1773 997 1812 cum
1027 1758 1254 1812 castitiis
1278 1767 1292 1820 ς
1325 1756 1391 1811 de
1419 1764 1574 1826 prato
1602 1756 1830 1809 bunaria

1939 571 2044 626 quc
2095 556 2222 610 facit
2269 556 2571 609 ladmonem
2632 553 2932 608 dimidium.
2980 553 3059 607 Ad
3122 551 3243 606 host
3303 567 3520 606 carrum

1938 647 2240 702 dimidium.
2272 647 2352 702 Ad
2401 648 2584 702 vineas
2634 660 2789 700 carra
2836 660 2914 700 ιιι.
2969 644 3122 700 Facit
3155 643 3523 714 unusquisque

1939 740 2004 793 de
2048 740 2212 793 brace
2247 738 2423 793 modia
2472 754 2528 797 χ,
2562 737 2628 792 de
2680 735 2851 790 farina
2893 735 3066 791 modia
3091 750 3174 798 vt;
3219 733 3394 804 pullos
3437 748 3522 796 ιιι,

1937 849 2036 886 ova
2076 850 2128 887 x.
2173 835 2312 888 Sunt
2358 833 2427 887 ibi
2477 832 2674 886 lunarii
2710 847 2855 894 xxiv,
2910 829 3180 884 lutninarii
3223 845 3352 883 xui.
3401 827 3524 882 Sol-

1938 935 2068 978 vunt
2115 926 2254 979 inter
2291 941 2480 979 omnes
2521 925 2722 980 solidos
2760 940 2855 979 xu.
2890 922 3251 978 Prwbendarii
3301 922 3525 979 suntibi

1938 1037 2011 1074 \‘l.
2055 1019 2226 1074 lIahet
2256 1020 2325 1074 ibi
2353 1020 2598 1074 sedilium
2629 1037 2678 1083 t;
2717 1018 2838 1072 inde
2867 1017 3023 1072 solvit
3053 1016 3282 1071 solidum
3314 1032 3352 1070 I.
3394 1014 3526 1069 Wa-

1938 1113 2086 1182 lager
2123 1112 2284 1166 habet
2317 1111 2539 1164 bunaria
2580 1127 2641 1175 ιι,
2692 1121 2812 1164 arat
2859 1108 3145 1163 bunarium
3175 1123 3224 1162 ι..
3256 1105 3528 1166 Molendi-

1936 1219 2063 1257 num
2106 1217 2155 1267 ι;
2194 1201 2352 1256 solvit
2406 1200 2584 1254 modia
2631 1216 2758 1252 xxx.
2807 1196 3007 1253 Camba
3045 1212 3095 1261 1;
3129 1196 3288 1251 solvit
3327 1194 3527 1250 solidos

1938 1309 2012 1348 tv.
2039 1292 2432 1364 Megenhardus
2457 1291 2626 1346 habet-
2644 1290 2871 1344 bnnaria
2905 1306 2962 1344 ιιι
2989 1298 3043 1344 et
3075 1287 3379 1352 dimidium,
3411 1286 3522 1340 sol-

1936 1385 2012 1436 vit
2036 1381 2263 1438 solidum
2304 1397 2321 1436 ι
2359 1381 2658 1437 dimidium.
2689 1380 2943 1434 llomines
2979 1380 3068 1449 qui
3091 1378 3308 1433 faciunt
3335 1393 3372 1431 ιι
3411 1376 3529 1432 dies

1937 1476 1988 1530 in
2019 1490 2183 1540 anno,
2221 1484 2349 1531 sunt
2389 1490 2594 1529 xxxvii.
2629 1475 2717 1528 Ille
2764 1473 2934 1542 major
2973 1473 3132 1527 habet
3175 1487 3353 1526 casam
3403 1487 3525 1526 cum

1933 1568 2192 1634 castitiis;
2221 1568 2287 1624 de
2311 1576 2452 1623 terra
2478 1569 2710 1622 bunaria
2727 1584 2835 1622 χχιι
2857 1583 2870 1632 ;
2896 1567 3040 1638 sylva
3074 1565 3275 1620 minuta
3301 1564 3529 1619 bunaria

1935 1678 2006 1716 vn
2031 1677 2050 1725 ;
2077 1661 2341 1730 mancipia
2375 1676 2448 1715 tv.

2008 1751 2200 1808 XXVI.
2233 1751 2290 1806 In
2318 1751 2708 1820 Bumingahem
2738 1751 2902 1808 habet
2926 1754 3170 1806 tnansum
3199 1765 3322 1804 cum
3362 1748 3500 1802 casti

245 1865 336 1913 xv.
388 1851 454 1905 de
504 1859 650 1905 terra
699 1849 889 1904 arabili
931 1849 1156 1903 bunaria
1199 1863 1324 1911 cxx,
1364 1848 1429 1900 de
1469 1845 1614 1917 sylva
1645 1861 1832 1916 grossa
1866 1841 1909 1900 Β
1940 1848 2062 1914 liis;
2090 1849 2155 1903 de
2181 1857 2323 1902 terra
2356 1847 2581 1902 bunaria
2609 1863 2698 1911 xv,
2723 1848 2787 1902 de
2811 1847 2956 1917 sylva
2987 1846 3196 1901 minuta
3222 1843 3444 1898 bunaria
3469 1859 3526 1896 x.

245 1941 475 1996 bunaria
519 1956 588 1994 XL
633 1941 699 1993 ad
730 1940 1056 2009 saginandos
1087 1952 1282 2007 porcos
1312 1953 1404 2002 xx,
1450 1937 1517 1991 de
1545 1935 1692 2006 sylva
1731 1935 1835 1988 ini-

245 2041 377 2085 nuta
405 2031 628 2085 bunaria
660 2047 711 2086 c.
739 2030 981 2084 Mansum
1015 2045 1144 2082 xvtu
1185 2037 1239 2083 et
1276 2027 1557 2082 dimidium
1599 2041 1694 2096 per
1738 2026 1835 2080 bu-

246 2125 398 2179 naria
427 2140 524 2181 xtt.
553 2132 606 2178 et
639 2123 724 2177 ille
753 2121 1008 2178 dimidius
1035 2137 1132 2192 per
1157 2120 1380 2174 bunaria
1418 2135 1467 2173 vt
1511 2135 1632 2173 cum
1661 2118 1834 2172 servis

244 2231 323 2281 xi,
363 2217 452 2285 qui
486 2216 688 2271 faciunt
736 2231 793 2269 ιιι
839 2215 954 2270 dies
979 2215 1030 2268 in
1073 2212 1439 2276 hebdomada;
1489 2211 1696 2264 ancillae
1746 2226 1831 2275 ix;

244 2308 376 2362 facit
423 2308 700 2363 ladtnones
751 2323 827 2361 rx.
869 2306 974 2361 Alii
1011 2305 1227 2377 ingenui
1282 2304 1488 2360 faciunt
1548 2319 1586 2357 ιι
1636 2303 1752 2357 dies
1779 2303 1831 2356 in

242 2401 602 2466 hebdomada,
632 2410 688 2456 et
724 2401 791 2455 de
820 2400 1071 2471 ingenuis
1113 2399 1333 2454 feminis
1382 2415 1414 2452 x
1454 2396 1676 2452 veniunt
1713 2396 1832 2451 Iad-

241 2508 431 2548 mones
472 2509 522 2546 v.
566 2493 653 2547 Ad
690 2493 875 2548 vineas
919 2506 1077 2547 carra
1119 2507 1171 2545 tv
1215 2500 1270 2546 ct
1308 2491 1609 2546 dimidium.
1654 2489 1832 2546 Unus-

240 2586 470 2655 quisque
505 2585 576 2640 de
602 2586 762 2640 hrace
803 2593 959 2655 parat
987 2585 1162 2638 modia
1199 2600 1253 2647 x,
1283 2587 1349 2638 de
1392 2582 1565 2638 farina
1599 2600 1684 2648 vt;
1716 2583 1830 2652 put-

240 2677 322 2733 Ius
353 2693 436 2742 ιιι,
466 2693 564 2732 ova
596 2694 685 2732 xx.
710 2677 929 2732 Lunarii
955 2693 1067 2733 xu.
1101 2675 1237 2731 Sunt
1265 2676 1334 2731 ibi
1367 2675 1719 2744 prmbendarii
1753 2691 1828 2739 vr,

240 2769 516 2823 Iuminarii
549 2786 633 2824 xc.
667 2770 891 2824 Solvunt
921 2769 1060 2823 inter
1101 2783 1290 2821 (nrtnes
1332 2767 1523 2820 libram
1556 2782 1592 2830 ι,
1626 2765 1828 2820 solidos

238 2876 294 2915 ν.
320 2860 566 2930 Brunger
606 2862 772 2916 habet
813 2860 1042 2915 bunaria
1084 2875 1159 2924 vt,
1193 2867 1314 2914 arat
1339 2859 1625 2913 bunarium
1671 2857 1831 2912 diuti-

239 2951 386 3006 dium
415 2969 452 3006 ι.
483 2952 650 3022 Megel
689 2953 849 3006 habet
877 2952 1160 3006 bunarium
1194 2968 1231 3015 ι,
1275 2959 1330 3005 et
1375 2951 1676 3016 dimidium,
1709 2964 1830 3006 arat

239 3043 541 3097 dimidium.
599 3043 880 3114 Megenger
925 3044 1080 3098 habet
1123 3043 1351 3098 bunaria
1402 3059 1462 3108 ιι,
1504 3053 1622 3096 arat
1668 3041 1828 3096 dimi-

237 3135 408 3189 dium.
456 3135 597 3190 Bavo
632 3136 795 3191 habet
836 3137 1061 3190 bunaria
1107 3152 1180 3200 tv,
1224 3135 1383 3190 solvit
1425 3136 1674 3190 denarios
1705 3151 1821 3189 vttt.

1938 1941 2149 1996 Mansns
2184 1957 2222 1995 ιι
2259 1949 2314 1996 ct
2343 1939 2754 2006 dimidiumpcr
2785 1938 3007 1993 bunaria
3036 1954 3137 2003 xu,
3165 1945 3218 1990 et
3249 1935 3336 1991 ille
3369 1935 3530 1990 dimi-

1937 2034 2059 2089 dius
2101 2049 2200 2104 per
2241 2032 2464 2086 bunaria
2504 2047 2574 2085 vt.
2628 2029 2878 2084 Ilesident
2928 2031 2979 2083 in
3025 2029 3105 2084 eis
3147 2029 3288 2083 servi
3318 2043 3402 2092 ιιι,
3435 2028 3528 2096 qui

1937 2125 2059 2180 facit
2095 2126 2147 2180 in
2171 2123 2505 2180 helnlomada
2531 2123 2645 2178 dies
2676 2139 2760 2185 ιιι;
2789 2122 2995 2192 ipsique
3023 2120 3362 2192 perscrviunt
3387 2128 3526 2172 totos

1937 2218 2056 2273 illos
2100 2233 2334 2272 mansos.
2375 2216 2453 2270 Ad
2489 2215 2674 2269 vincas
2699 2230 2912 2269 carrum
2945 2211 3241 2266 dimidium.
3294 2209 3527 2264 Faciunt

1935 2307 2001 2361 de
2031 2308 2189 2361 bracc
2227 2305 2401 2359 modia
2435 2321 2501 2370 x;
2537 2303 2710 2374 pullos
2733 2319 2791 2367 ιι,
2825 2319 2922 2357 ova
2963 2319 3052 2356 xx.
3086 2300 3257 2356 Ilabct
3279 2301 3348 2354 ibi
3374 2300 3526 2353 luna-

1935 2413 2024 2452 res
2054 2413 2170 2462 xm,
2205 2397 2490 2452 luminaria
2521 2412 2573 2451 x.
2601 2395 2825 2450 Solvunt
2850 2395 2991 2449 inter
3017 2409 3205 2449 omnes
3233 2392 3432 2448 solidos
3463 2410 3526 2458 ιι,

1933 2491 2184 2546 denarios
2208 2507 2264 2545 ιι.
2298 2490 2554 2546 Homines
2577 2489 2666 2559 qui
2705 2487 2910 2542 faciunt
2940 2503 2982 2541 ιι
3001 2487 3117 2544 dies
3135 2487 3188 2542 in
3229 2502 3371 2540 anno
3401 2499 3529 2541 sunt

1935 2600 2005 2639 Iv.
2053 2585 2187 2639 Sunt
2221 2583 2290 2638 ibi
2339 2583 2562 2638 bunaria
2615 2598 2720 2636 le.
2758 2581 2988 2635 Veniunt
3022 2579 3089 2634 ad
3139 2579 3418 2634 incensum
3459 2581 3526 2633 de

1932 2673 2232 2730 formalicis
2262 2691 2441 2745 pensa:
2473 2693 2527 2730 x.
2572 2673 2702 2730 Item
2745 2674 2809 2729 de
2841 2673 3081 2728 bunariis
3103 2689 3176 2727 vn
3209 2673 3432 2727 veniunt
3459 2673 3526 2726 de

1932 2768 2234 2822 formalicis
2258 2783 2437 2838 pensa:
2465 2781 2564 2823 vn.

2002 2860 2211 2918 XXVII.
2261 2859 2319 2915 In
2377 2860 2730 2932 Pupurmisga
2783 2859 2907 2914 villa
2966 2860 3130 2915 habet
3198 2857 3521 2919 ecclesiam.

1931 2966 2052 3006 cum
2091 2951 2334 3007 bunariis
2361 2967 2528 3015 xvut;
2572 2966 2818 3006 mansum
2863 2967 2912 3014 ι,
2946 2950 3423 3011 indominicatum;
3457 2950 3525 3001 de

1932 3055 2073 3099 terra
2123 3045 2310 3099 arahili
2363 3045 2588 3100 bunaria
2635 3039 2834 3110 cu‘tu,
2876 3045 2941 3098 de
2988 3044 3137 3116 sylva
3191 3059 3375 3114 gressa
3424 3042 3524 3097 Ila-

1929 3138 2121 3208 ginana
2176 3148 2228 3192 et
2279 3139 2483 3192 minuta
2537 3138 2701 3192 mixta
2755 3137 2984 3194 bunaria
3037 3152 3208 3202 cccc,
3264 3138 3331 3191 ad
3380 3137 3530 3206 sagi-

234 3225 613 3282 Gundebertus
665 3229 820 3283 habet
877 3229 1104 3282 bunaria
1150 3244 1247 3293 ιιι,
1301 3237 1421 3283 arat
1473 3228 1698 3282 bunaria
1757 3202 1894 3281 ".0
1926 3231 2135 3284 nandos
2192 3245 2386 3300 porcos
2453 3245 2536 3284 DC.
2589 3228 2804 3283 Mansos
2856 3243 2999 3281 vau
3052 3236 3106 3281 et
3170 3227 3449 3283 dimidium
3505 3246 3521 3279 :

233 3313 400 3370 Omes
431 3317 666 3373 decanus
713 3319 875 3374 habet
917 3318 1142 3374 bunaria
1195 3336 1252 3374 ιιι
1282 3361 1295 3383 ,
1340 3329 1459 3374 arat
1505 3321 1727 3375 bunaria
1755 3335 1814 3374 ιι.

233 3408 506 3465 Lanfredh
546 3411 703 3466 habet
729 3413 796 3467 dc
828 3422 971 3468 terra
1005 3415 1227 3468 bunaria
1263 3430 1388 3468 xxxi
1429 3422 1485 3468 et
1514 3414 1814 3478 dimidium,

233 3501 302 3555 de
326 3500 477 3570 sylva
510 3502 714 3554 minuta
749 3501 972 3556 bunaria
1002 3519 1096 3566 ιιι;
1129 3503 1394 3572 mancipia
1423 3519 1551 3568 xui;
1579 3514 1696 3556 arat
1722 3504 1818 3557 btt-

234 3591 386 3645 naria
419 3607 477 3655 ιι,
506 3591 665 3646 solvit
689 3592 887 3648 solidos
914 3608 974 3648 tt.
1013 3594 1278 3664 Engelger
1304 3592 1475 3662 major
1522 3593 1816 3648 habetba-

233 3681 384 3735 naria
413 3681 480 3736 de
521 3691 666 3738 terra
695 3699 822 3738 xuu
861 3692 916 3738 et
963 3685 1263 3749 dimidium,
1310 3683 1376 3738 de
1417 3685 1568 3756 sylva
1611 3685 1814 3738 munita

229 3774 461 3829 bunaria
484 3791 547 3840 x;
585 3776 849 3846 mancipia
883 3793 972 3830 xx.
1009 3777 1136 3832 Item
1184 3778 1320 3832 alius
1364 3777 1693 3848 Engelgerus
1725 3779 1817 3832 ha-

229 3864 324 3918 bet
370 3879 555 3920 casum
601 3882 722 3922 cum
753 3867 1021 3932 castitiis;
1068 3867 1134 3922 de
1166 3877 1308 3922 terra
1351 3869 1543 3923 arabili
1589 3857 1816 3922 bunaria

230 3971 366 4021 xw,
392 3955 460 4010 de
490 3957 639 4026 sylva
672 3958 876 4012 minuta
907 3960 1133 4014 bunaria
1165 3977 1228 4025 x;
1281 3961 1546 4033 mancipia
1587 3978 1682 4016 vu.
1725 3961 1814 4017 Isti

227 4055 390 4099 arant
416 4047 639 4102 bunaria
672 4064 744 4114 Iv,
784 4050 1152 4120 unusquisque
1191 4063 1244 4106 et
1270 4053 1485 4122 sepiunt
1514 4053 1692 4123 virgas
1723 4069 1811 4106 xv.

225 4135 628 4191 Gundelberlus
669 4138 828 4192 habet
867 4139 1092 4196 bunaria
1123 4158 1221 4208 1L;
1263 4142 1385 4198 inde
1429 4143 1588 4198 solvit
1615 4145 1815 4200 solidos

226 4243 302 4291 vt,
333 4238 387 4282 et
416 4244 748 4300 unaquaeque
777 4232 1108 4289 hebdomada
1141 4252 1178 4290 ιι
1221 4237 1353 4300 dies,
1379 4246 1433 4292 et
1473 4239 1635 4294 habet
1664 4255 1814 4294 man-

228 4319 367 4389 cipia
418 4337 498 4374 ιιι.
530 4320 861 4378 Molendinos
890 4341 982 4390 ιιι;
1030 4327 1096 4380 de
1131 4343 1236 4382 uno
1266 4329 1488 4384 veniunt
1531 4331 1706 4385 modia
1749 4347 1810 4396 c;

227 4419 292 4466 de
319 4413 460 4477 aliis,
485 4414 550 4467 de
581 4431 918 4485 unoquoque,
953 4420 1161 4475 modios
1183 4438 1283 4487 Lx;
1330 4431 1384 4476 et
1414 4423 1502 4478 ille
1534 4440 1672 4478 unus
1723 4425 1814 4478 dat

227 4503 398 4572 pullos
425 4521 516 4567 xx,
545 4520 645 4559 ova
675 4522 770 4570 cc;
821 4507 896 4561 illi
943 4508 1055 4574 alii,
1089 4512 1459 4581 unusquisque
1508 4514 1678 4582 pullos
1724 4531 1810 4580 xv,

1922 3341 1983 3380 ex
2025 3324 2110 3379 his
2160 3340 2191 3378 x
2237 3330 2488 3378 constant
2541 3322 2784 3377 bunariis
2842 3336 3006 3385 xxiv,
3054 3321 3290 3390 itemque
3335 3339 3362 3374 x
3419 3321 3522 3374 bu-

1922 3416 2092 3470 nariis
2144 3431 2249 3480 xx,
2305 3415 2541 3484 itemque
2583 3430 2612 3468 x
2662 3404 2904 3468 bunariis
2939 3429 3040 3480 xv;
3096 3413 3170 3468 illi
3204 3413 3292 3467 alii
3333 3429 3534 3468 omnes.

1921 3521 2016 3573 per
2073 3506 2299 3560 bunaria
2358 3521 2500 3572 xm,
2558 3513 2612 3559 et
2664 3505 2752 3559 ille
2803 3505 3060 3560 dimidius
3117 3503 3343 3557 bunaria
3401 3520 3516 3557 vttl.

1924 3596 2181 3651 Rosident
2232 3597 2284 3651 in
2329 3597 2410 3652 eis
2461 3596 2602 3650 servi
2657 3611 2753 3660 tv;
2811 3595 3020 3649 faciunt
3072 3595 3122 3648 in
3181 3595 3530 3649 hehdmnada.

1923 3702 1977 3740 ιιι
2032 3687 2165 3741 dies.
2215 3687 2437 3741 Ancilla:
2466 3703 2518 3742 tv
2558 3688 2689 3743 facit
2733 3687 2988 3743 camsiles
3042 3703 3112 3740 tv.
3147 3687 3250 3740 Alii
3301 3687 3519 3755 ingenui

1920 3778 2123 3834 faciunt
2153 3796 2189 3834 ιι
2223 3781 2274 3834 in
2307 3780 2641 3836 hebdomada
2692 3780 2845 3847 dies;
2900 3789 2954 3836 et
3006 3779 3108 3834 ilhc.
3161 3780 3405 3849 ingenua:
3441 3779 3520 3830 fc—

1919 3872 2079 3926 tninm
2103 3912 2116 3935 ,
2167 3872 2324 3926 solvit
2358 3889 2690 3943 unaquaeque
2719 3874 2970 3928 denarios
3000 3888 3073 3925 tv.
3107 3870 3375 3925 Lunarem
3407 3871 3519 3923 nul-

1920 3962 2063 4028 Inm;
2095 3963 2428 4024 Iuminarios
2477 3980 2691 4018 CLxxtv.
2739 3965 2865 4020 Inde
2896 3966 3121 4019 veniunt
3147 3961 3298 4016 libra:
3324 3978 3396 4025 ιι,
3431 3977 3518 4013 so-

1919 4054 2008 4110 lidi
2069 4072 2224 4112 xvm.
2280 4055 2463 4112 Haeres
2517 4057 2649 4112 carii
2699 4072 2810 4112 crx.
2871 4056 3109 4112 Veniunt
3160 4053 3320 4108 solidi
3376 4067 3508 4115 xtv,

1918 4149 2124 4203 denarii
2178 4166 2272 4204 vu.
2328 4150 2404 4204 De
2458 4159 2598 4204 terra
2651 4149 2892 4214 censali,
2950 4149 3000 4203 in
3049 4145 3212 4202 cultis
3257 4154 3309 4200 et
3342 4143 3517 4198 infru‘

1917 4241 2121 4296 ctuosis
2173 4241 2415 4296 bunariis
2442 4257 2609 4296 ειη-ιιι
2653 4241 2875 4296 veniunt
2923 4240 3176 4295 incensus
3223 4237 3290 4292 de
3321 4234 3518 4290 fortna-

1919 4333 2038 4389 ticis
2077 4349 2254 4403 pensa:
2306 4350 2432 4398 xxi;
2487 4348 2656 4388 aucas
2713 4348 2837 4388 xxv.
2875 4330 2956 4385 Ad
3011 4332 3132 4386 host
3183 4321 3513 4389 catms'u;

1918 4425 1985 4479 ad
2018 4425 2202 4479 vineas
2257 4440 2442 4478 carros
2474 4439 2533 4477 ιι.
2569 4423 2672 4477 Illae
2699 4438 2750 4476 tv
2781 4422 2990 4478 ancillae
3027 4429 3222 4491 parant
3251 4419 3317 4473 dc
3346 4416 3514 4474 Drace

1919 4516 2095 4570 modia
2133 4530 2187 4568 x.
2226 4513 2608 4584 Unusquisque
2641 4513 2813 4594 pullos
2856 4529 2928 4578 ιι,
2978 4527 3075 4565 ova
3126 4526 3178 4563 x.
3232 4507 3286 4562 In
3343 4505 3510 4562 tertio

227 4610 325 4647 ova
369 4611 418 4650 c.
465 4595 703 4665 Badager
739 4595 924 4650 habuit
973 4598 1100 4653 inde
1143 4602 1456 4669 praicariatn
1486 4620 1525 4666 I,
1574 4603 1675 4658 hoc
1705 4614 1810 4669 est,
1843 4585 1890 4644 Π
1919 4620 2061 4660 anno
2107 4620 2331 4676 porcum
2378 4605 2637 4660 tvalente
2681 4585 2932 4659 denarios
2978 4617 3048 4654 tv.
3085 4599 3174 4652 Ille
3205 4597 3374 4666 major
3407 4597 3507 4650 ha-

229 4700 472 4740 tnansum
506 4703 553 4752 t-;
605 4687 670 4741 de
702 4697 844 4742 terra
875 4689 1098 4744 bunaria
1132 4707 1290 4757 xuv;
1324 4694 1590 4763 mancipia
1623 4711 1681 4748 ιι.
1722 4695 1809 4750 Isti

227 4785 382 4830 arant
403 4777 630 4830 bunaria
653 4793 724 4842 tv,
749 4779 1116 4850 unusquisque
1161 4791 1221 4834 et.
1256 4781 1470 4851 sepiunt
1501 4784 1675 4854 virgas
1708 4800 1805 4849 xv;

227 4875 281 4919 et
310 4867 361 4920 in
387 4876 573 4922 azslate
592 4868 724 4924 facit
751 4869 866 4924 dies
896 4885 1009 4937 xvr,
1032 4881 1086 4926 et
1110 4871 1366 4943 colligunt
1393 4873 1678 4928 bunarium
1711 4891 1726 4929 ι
1753 4883 1810 4930 et

226 4958 526 5024 dimidium,
557 4969 611 5014 et
635 4961 836 5016 ducunt
859 4963 924 5016 ad
950 4950 1386 5030 monasterium:
1413 4975 1467 5021 et
1511 4966 1578 5021 ad
1619 4983 1807 5022 mona-

227 5053 446 5107 stet-ium
489 5055 702 5123 sopiunt
747 5056 883 5110 inter
923 5073 1116 5113 omnes
1144 5055 1322 5128 virgas
1354 5073 1412 5112 ιιι
1440 5076 1454 5125 ;
1478 5060 1610 5115 dant
1636 5059 1810 5128 pullos

321 5159 411 5166 Α-.-

1917 4697 2006 4752 bet
2057 4696 2328 4766 mancipia
2374 4712 2448 4750 ιν.
2504 4694 2579 4749 De
2629 4694 2872 4750 bunariis
2924 4709 2956 4745 x
3006 4691 3230 4744 veniunt
3277 4689 3346 4744 de
3402 4689 3507 4744 mel

1881 4787 2141 4844 sextarii
2189 4803 2272 4840 ιιι.
2313 4786 2587 4843 Godobert
2634 4783 2958 4839 caballarius
2991 4781 3154 4835 habet
3203 4795 3386 4834 casam
3423 4779 3508 4834 in-

1915 4877 2302 4934 dominicatam
2328 4892 2452 4934 eum
2507 4876 2629 4930 aliis
2677 4875 2940 4938 castitiis,
2986 4872 3053 4926 de
3103 4879 3247 4925 terra
3280 4872 3508 4925 bunaria

1877 4983 2153 5032 .Lxxxvt,
2207 4966 2358 5038 sylva
2411 4967 2616 5022 minuta
2671 4963 2900 5019 bunaria
2957 4977 3054 5026 tv;
3105 4960 3373 5031 mancipia
3431 4978 3506 5016 vt.

1915 5057 2184 5113 Mortbert
2229 5057 2554 5111 caballarius
2613 5053 2776 5108 habet
2828 5067 3014 5111 casam
3067 5049 3514 5106 indominicatatn

2586 5160 2598 5174 ι
2613 5166 2655 5174 ι..
2675 5166 2726 5174 ...ι
2783 5152 2887 5174 ι.-..-
2907 5169 2922 5173 ν-
2940 5151 3012 5174 -.2η
3067 5161 3134 5174 vv
3217 5147 3361 5174 ...σινι-
3409 5165 3423 5174 ε
