3982 5292
229 329 257 383 1
268 329 371 385 257

1573 325 2139 382 CllARTULARIUM.

3343 337 3478 393 1238

224 447 378 494 terra
427 437 616 492 arabili
657 436 882 492 bunaria
920 454 1055 504 va;
1097 439 1161 494 de
1197 441 1346 510 sylva
1385 440 1587 492 minuta
1621 436 1806 506 jorna-
1835 439 1885 497 Α
1912 452 2008 506 per
2034 437 2260 492 bunaria
2292 456 2387 495 xu.
2420 440 2561 496 Nihil
2609 443 2750 499 aliud
2795 444 3001 500 faciunt
3041 461 3136 515 per
3183 454 3350 501 totum
3381 464 3478 500 an-

220 527 335 582 lem
361 543 414 593 t;
450 527 711 597 mancipia
739 542 792 580 v.
830 528 991 582 Roolf
1036 529 1192 584 habet
1235 546 1412 584 casam
1454 529 1797 584 dominicam.

220 627 282 672 et
309 617 761 673 estcaballarius.
792 617 1021 674 Bunrria
1056 636 1186 687 xui;
1234 622 1499 690 manripia
1545 638 1602 675 ιι.
1629 621 1804 678 Codo-

217 708 350 764 bert
393 708 715 764 caballarius
756 710 920 765 habet
958 727 1142 766 casam
1183 713 1529 767 dominicam.
1567 713 1637 766 De
1664 723 1804 767 terra

217 800 456 854 bunaria
483 817 604 867 xxi;
651 801 917 870 mancipia
945 817 1029 867 tv;
1084 801 1151 858 de
1188 803 1332 873 sylva
1388 803 1591 856 minuta
1639 803 1806 857 buna-

217 891 310 945 ria
343 907 411 944 Iv.
448 891 597 944 Adda
631 892 792 946 habet
818 893 1042 947 bunaria
1094 911 1190 959 xL;
1237 895 1504 966 mancipia
1549 910 1647 959 xv;
1679 894 1810 949 facit

217 979 505 1035 ladmoues
537 997 572 1044 ι,
597 991 715 1036 arat
740 983 964 1037 bunaria
1000 1001 1058 1048 ιι,
1084 995 1137 1038 et
1160 986 1382 1054 colligit.

301 1072 532 1127 XXXIII.
586 1073 639 1128 In
677 1073 938 1130 Terwana
971 1078 1133 1133 habet
1160 1095 1340 1134 casam
1370 1080 1804 1137 indominicatam

217 1178 352 1217 eum
417 1164 539 1219 aliis
577 1166 842 1231 castillis;
885 1167 950 1222 de
989 1178 1131 1223 terra
1162 1170 1351 1223 arabili
1404 1171 1628 1226 bunaria
1675 1188 1804 1238 LIII;

216 1255 292 1310 de
325 1255 473 1327 sylva
517 1273 702 1328 gressa
740 1258 968 1314 bunaria
1010 1277 1098 1326 vr;
1133 1263 1197 1316 ad
1220 1277 1415 1332 porcos
1449 1278 1534 1328 Iv;
1566 1263 1630 1317 de
1661 1263 1805 1334 sylva

216 1345 437 1401 minuta
502 1348 729 1403 bunaria
787 1366 876 1414 tv;
927 1366 1171 1405 mansum
1207 1369 1239 1406 x
1275 1368 1370 1422 per
1425 1353 1646 1407 bunaria
1709 1369 1803 1408 xu.

217 1434 430 1493 Omnes
493 1447 673 1494 tenent
753 1441 989 1509 ingenui.
1062 1442 1212 1497 Facit
1285 1445 1336 1498 in
1399 1445 1729 1500 hebdomada
1770 1461 1808 1502 ιι

217 1527 378 1595 dies;
409 1530 475 1584 ad
505 1530 688 1584 vineas
730 1546 943 1586 carrum
972 1549 1008 1586 I.
1041 1531 1415 1604 Unusquisque
1452 1537 1610 1590 debet
1650 1537 1810 1590 dena-

218 1617 342 1671 rios
389 1633 464 1682 tv,
497 1619 674 1688 pullos
703 1635 763 1683 ιι,
793 1637 891 1676 ova
924 1637 1026 1685 xx;
1065 1621 1268 1678 faciunt
1289 1624 1354 1679 de
1375 1623 1534 1679 braee
1563 1627 1735 1679 modia
1756 1641 1808 1689 x,

218 1706 296 1760 de
327 1706 501 1762 farina
533 1725 618 1772 vt;
654 1709 868 1766 ladmen
908 1712 1146 1779 nullum;
1179 1715 1248 1768 ad
1301 1716 1422 1769 host
1456 1717 1604 1770 nihil.
1659 1718 1811 1788 Ango

221 1799 396 1854 habet
439 1801 668 1856 bunaria
700 1820 761 1870 ιι,
790 1814 907 1859 arat
929 1805 1196 1873 jurnalem
1233 1824 1272 1860 ι.
1307 1807 1616 1878 Megenlano
1651 1809 1813 1865 habet
1845 1790 1886 1848 Β

216 1889 468 1961 jnrnales
503 1910 594 1959 ιιι,
645 1905 766 1948 arat
839 1897 1126 1951 bunarium
1172 1898 1472 1952 dimidium.
1524 1898 1813 1970 Ilildehurg

220 1983 399 2039 habet
456 1987 682 2041 bunaria
734 2004 793 2041 ιι.
851 1987 1016 2043 Litlot
1075 1989 1238 2044 habet
1284 1991 1505 2046 bunaria
1544 2007 1645 2056 ιιι,
1698 1999 1816 2044 arat

220 2073 463 2129 bunaria
505 2093 566 2130 ιι.
618 2076 757 2131 Sunt
812 2078 881 2132 ibi
924 2079 1140 2135 lunares
1168 2097 1288 2142 vui.
1325 2081 1594 2136 luminarii
1643 2091 1695 2152 et
1728 2083 1815 2137 he-

225 2164 459 2218 rescarii
488 2180 605 2220 ειν.
641 2166 1025 2223 Veniuntlibra
1056 2185 1114 2234 ιι,
1149 2169 1300 2224 solidi
1332 2187 1440 2234 xiv,
1473 2171 1674 2225 denarii
1697 2187 1808 2224 vui.

224 2249 408 2308 Habet
435 2256 504 2310 ibi
536 2256 752 2311 scdilios
797 2273 1002 2325 xxxtu;
1035 2261 1157 2314 inde
1199 2261 1423 2316 veniunt
1465 2262 1617 2316 solidi
1647 2279 1714 2316 xv
1759 2273 1814 2317 et

223 2343 512 2400 dimidium
538 2346 687 2402 librm
721 2365 780 2402 ιι.
810 2349 900 2403 Ille
929 2351 1100 2421 major
1126 2352 1289 2406 habet
1320 2353 1543 2407 bunaria
1572 2371 1688 2408 vtu.
1717 2355 1812 2408 Be-

225 2448 430 2502 renger
462 2436 621 2490 habet
666 2437 949 2492 bunarium
993 2456 1010 2492 ι
1060 2450 1113 2495 et
1137 2442 1436 2507 dimidium,
1480 2456 1598 2496 arat
1637 2446 1809 2499 buna-

224 2525 372 2580 rium
403 2527 703 2582 dimidium.
755 2529 1014 2600 Frumgcr
1058 2531 1220 2586 habet
1271 2534 1552 2587 buuarium
1587 2552 1600 2588 I
1633 2545 1686 2588 et
1734 2536 1813 2590 di—

223 2617 482 2682 midium,
532 2629 651 2672 arat
689 2617 958 2686 jurnalem
1005 2637 1042 2674 ι.
1077 2621 1248 2676 [labet
1278 2623 1348 2675 ibi
1383 2625 1742 2678 mnleudimuu
1770 2643 1811 2691 ι,

223 2708 396 2762 solvit
444 2710 621 2762 modia
666 2725 720 2777 (ι,
759 2710 932 2780 pullos
973 2727 1104 2780 xxx,
1134 2729 1234 2768 ova
1280 2729 1399 2780 ccc;
1435 2716 1644 2786 saginat
1690 2732 1813 2786 por-

227 2815 361 2855 eum
388 2817 428 2856 Ι.

298 2889 541 2948 XXXIV.
567 2891 1096 2952 ln-Thorbodessem
1145 2897 1310 2952 habet
1356 2896 1638 2954 ecclesiam
1691 2914 1812 2954 cum

226 2981 482 3038 bunariis
503 2997 597 3037 vut
627 2991 680 3037 et
701 2981 968 3051 jurnalem
999 3001 1013 3040 I
1039 3002 1053 3051 ;
1109 2988 1434 3058 mancipium
1459 3003 1497 3053 ι,
1523 2989 1810 3044 indomini-

225 3084 413 3130 catum
444 3093 458 3130 :
492 3077 557 3131 de
583 3087 739 3148 prato
764 3079 988 3135 bunaria
1017 3097 1107 3146 xv,
1141 3083 1206 3138 de
1231 3092 1372 3141 terra
1415 3085 1605 3140 arabili
1635 3087 1806 3141 buna-

224 3165 311 3220 ria
339 3182 538 3234 chvu,
571 3170 717 3241 sylva
746 3173 948 3227 minuta
985 3173 1207 3230 bunaria
1235 3192 1312 3241 ix,
1338 3177 1401 3231 de
1422 3188 1637 3246 pastura
1666 3196 1814 3234 com-

223 3259 382 3312 muni
445 3260 595 3316 satis.
656 3260 870 3318 Mansos
921 3280 1052 3320 xvui
1087 3282 1100 3320 :
1130 3282 1196 3322 ex
1256 3269 1340 3323 his
1387 3285 1550 3324 unum
1602 3280 1814 3325 constat

221 3346 472 3401 bunariis
522 3365 636 3414 xu,
685 3351 968 3422 decemper
1021 3355 1245 3409 bunaria
1293 3373 1347 3421 x,
1391 3357 1518 3412 item
1562 3374 1659 3422 vu,
1720 3376 1814 3428 per

221 3431 456 3488 bunaria
491 3452 564 3488 ix.
598 3436 736 3492 Sunt
763 3440 813 3492 in
842 3441 920 3494 eis
947 3443 1088 3496 servi
1138 3459 1234 3506 xu,
1265 3445 1356 3512 qui
1401 3444 1601 3499 faciunt
1631 3447 1682 3500 in
1718 3448 1811 3500 he—

221 3523 495 3578 bdomada
526 3526 640 3581 dies
687 3543 768 3582 ιιι.
800 3529 1021 3585 Ancillae
1049 3549 1102 3586 tx
1129 3532 1257 3587 facit
1287 3534 1563 3590 Iadmones
1600 3552 1672 3591 ix.
1709 3538 1814 3592 Alii

221 3613 446 3686 ingenui
479 3616 606 3672 facit
635 3619 687 3673 in
729 3620 1064 3678 hebdomada
1092 3641 1129 3680 ιι
1161 3626 1292 3690 dies,
1326 3634 1380 3683 ct
1421 3627 1523 3683 illa:
1570 3629 1814 3700 ingenua:

222 3705 445 3763 femina:
470 3725 578 3776 vu;
609 3727 944 3783 unaqumqne
991 3715 1118 3771 facit
1167 3716 1469 3773 Iadmonem
1513 3719 1809 3774 dimidiam.

223 3799 309 3854 Ad
337 3801 462 3856 host
492 3803 590 3856 soli
615 3804 644 3857 Ii
677 3819 728 3858 IV
753 3821 767 3869 ;
800 3807 866 3860 ad
893 3807 1074 3863 vineas
1101 3825 1254 3862 carra
1280 3826 1360 3863 ιιι.
1386 3809 1537 3865 Facit
1559 3811 1622 3864 de
1651 3811 1812 3868 brace

227 3892 409 3944 modia
445 3910 492 3952 x.
523 3895 587 3948 de
619 3894 788 3950 farina
827 3898 1104 3964 similiter;
1137 3900 1307 3970 pullos
1339 3918 1398 3960 ιι,
1427 3917 1525 3955 ova
1557 3920 1604 3955 x.
1634 3902 1812 3956 Luna-

228 3985 293 4036 rii
329 4001 406 4046 vi,
447 3985 711 4041 luminarii
770 4005 834 4041 xv
865 4007 876 4044 :
925 3991 1136 4045 solvunt
1175 3993 1314 4046 inter
1345 3994 1541 4048 solidos
1570 4011 1626 4059 ιι,
1654 3995 1812 4050 dena-

224 4075 342 4127 rios
373 4090 487 4127 vut.
541 4075 899 4133 lllolendinum
925 4096 992 4145 ις·
1025 4081 1144 4136 inde
1172 4084 1312 4136 venit
1344 4084 1395 4136 in
1428 4099 1645 4138 censum
1693 4101 1811 4140 mo—

225 4167 319 4220 dia
355 4183 452 4220 xu.
483 4169 556 4221 De
582 4177 722 4223 terra
753 4173 948 4226 censali
981 4175 1207 4229 bunaria
1235 4193 1307 4229 ix.
1333 4174 1466 4229 Arat
1490 4177 1715 4231 bunaria
1737 4194 1808 4242 tv,

225 4265 283 4311 et
315 4257 410 4311 dat
458 4259 750 4315 multonem
783 4279 819 4316 I.
870 4264 1148 4338 Regcnger
1196 4267 1355 4322 habet
1384 4270 1668 4324 bunarium
1703 4287 1720 4324 ι
1759 4279 1813 4326 et

221 4350 496 4421 jurnalem
547 4369 587 4417 ι,
617 4365 734 4410 arat
776 4357 1060 4413 bnnarium
1095 4378 1130 4414 ι.
1187 4361 1404 4416 Alavins
1449 4363 1604 4418 habet
1638 4365 1810 4417 buna—

231 4443 316 4498 ria
349 4461 408 4508 ιι,
441 4455 561 4499 arat
583 4447 870 4502 btmarimn
903 4467 938 4504 ι.
971 4451 1258 4522 Ilisegeger
1291 4455 1460 4524 major
1513 4455 1671 4508 habet
1715 4454 1810 4507 bu-

230 4537 386 4590 naria
449 4552 598 4599 xvtu,
645 4539 912 4608 mancipia
964 4557 1101 4603 vui;
1150 4543 1514 4596 molendinmu
1546 4561 1591 4608 I;
1650 4545 1810 4598 solvit

229 4627 410 4680 modia
445 4643 516 4679 xt.
554 4627 809 4683 Ilomines
847 4631 935 4699 qui
970 4632 1169 4685 faciunt
1199 4648 1234 4686 ιι
1273 4634 1386 4686 dies
1419 4635 1468 4685 in
1497 4651 1638 4686 anno
1684 4643 1810 4688 sunt

230 4733 385 4771 xxix.
416 4719 621 4789 Saxger
653 4720 812 4775 habet
850 4722 1073 4777 bunaria
1098 4739 1189 4787 xx,
1220 4724 1484 4793 mancipia
1519 4741 1574 4779 ιιι
1603 4741 1616 4785 ;
1652 4724 1812 4779 solvit

233 4811 432 4866 solidus
450 4828 527 4865 ιιι.
547 4812 908 4868 Amalwaldus
931 4815 1090 4870 habet
1115 4815 1336 4870 bunaria
1353 4833 1400 4870 vt
1415 4859 1427 4880 ,
1447 4819 1708 4889 mancipia
1726 4835 1806 4883 ιιι,

233 4911 284 4956 et
310 4903 609 4958 caballicat.
643 4904 903 4960 Alfunard
928 4908 1013 4963 ille
1042 4907 1186 4962 Saxo
1219 4909 1380 4962 habet
1411 4910 1632 4964 bunaria
1661 4927 1734 4964 Ix.

299 4993 512 5050 XXXV.
543 4997 685 5052 lnzra
714 5002 1124 5064 monasterium,
1154 5017 1247 5070 per
1273 5002 1524 5057 diversas
1549 5002 1810 5069 oilicinas,

236 5087 394 5142 habet
426 5088 822 5156 prazbendarios
853 5106 984 5158 xcv;
1013 5102 1065 5149 et
1097 5092 1163 5146 de
1210 5093 1379 5148 hortis
1411 5097 1635 5150 veniunt
1664 5096 1814 5154 librae

237 5194 304 5204 ..-
363 5183 402 5204 ..ἷ
448 5183 517 5204 ..2-
549 5186 672 5204 -._-.-l
701 5183 842 5204 “"17...

1908 544 2057 591 num,
2105 529 2208 583 nisi
2259 533 2546 586 emendant
2602 543 2744 588 tecta
2814 537 3150 590 monasterii.
3213 535 3284 589 De
3335 536 3480 605 sylva

1907 636 2096 692 grossa
2143 624 2282 679 inter
2321 625 2743 696 \‘ampingaham
2773 638 2827 681 et
2860 627 3146 692 llilsferod,
3195 629 3335 680 unde
3364 643 3499 696 ρης--

1909 713 2279 784 suntsaginari
2303 715 2452 784 porci
2483 733 2531 770 ι..
2558 717 2688 771 Item
2717 718 2878 772 habet
2908 718 2970 771 ad
3004 728 3214 787 portam
3238 735 3488 770 niausuui-

1909 816 2072 855 unum
2117 818 2212 872 per
2256 804 2484 858 bunaria
2534 822 2644 860 xiv.
2694 807 2875 860 Servit
2929 820 3247 876 unaquaque
3287 806 3377 860 die
3407 808 3485 859 ad

1910 903 2142 962 portam.
2175 895 2536 951 Molendinum
2567 914 2730 951 unum
2756 899 2820 952 ad
2844 914 2976 968 opus
3007 914 3214 952 eorum.

1912 1001 2152 1058 XXXVI.
2181 1003 2339 1076 Quod
2359 1005 2576 1058 ~abbatiu
2604 1006 2870 1058 Adnlm'do
2893 1008 3153 1060 abstracta
3180 1005 3390 1076 Hugom’
3419 1017 3492 1059 est

2155 1074 2314 1138 data;
2357 1086 2402 1128 et
2455 1077 2518 1128 de
2557 1078 2850 1130 incursione
2895 1093 3237 1146 paganorum.

1981 1163 2148 1234 Igitur
2171 1174 2289 1234 post
2322 1168 2456 1229 haec,
2495 1183 2634 1220 anno
2662 1166 2950 1220 Dominicm
2981 1166 3278 1219 nativitatis
3301 1166 3405 1220 838
3436 1175 3490 1217 et

1911 1253 2117 1322 przefati
2137 1255 2276 1325 regis
2290 1255 2465 1310 Caroli
2485 1273 2550 1310 xx
2587 1255 2840 1326 prtefatus
2854 1257 3019 1311 abbas
3035 1255 3332 1310 Adalardus
3349 1256 3488 1323 apud

1912 1345 2156 1399 eumdem
2189 1360 2369 1416 regem
2418 1347 2712 1414 incusatus,
2757 1363 2898 1402 anno
2950 1348 3222 1418 regiminis
3266 1347 3346 1402 sui
3376 1363 3486 1407 xvi,

1912 1435 2126 1492 abhatia
2172 1439 2240 1494 ab
2272 1455 2334 1494 eo
2381 1449 2463 1494 est
2509 1440 2778 1496 abstracta
2833 1450 2994 1510 atque
3034 1440 3242 1512 l-Ingoni
3285 1439 3488 1509 juniori

1912 1541 1996 1587 est
2030 1532 2149 1585 data
2183 1547 2236 1584 ix
2265 1530 2533 1584 Kalendas
2575 1531 2772 1600 Aprilis
2791 1573 2805 1596 ,
2833 1532 2922 1600 qui
2971 1539 3088 1584 erat
3116 1529 3408 1585 canonicus
3436 1540 3491 1583 et

1915 1623 2054 1676 filius
2079 1621 2308 1677 Conradi
2350 1631 2404 1676 et
2447 1622 2744 1676 avunculus
2791 1621 2968 1676 Caroli
3016 1637 3176 1691 supra
3207 1622 3486 1675 memorati

1916 1713 2075 1784 regis.
2113 1713 2187 1767 De
2211 1710 2362 1779 cujus
2393 1711 2601 1766 actibus
2625 1712 2696 1766 nil
2729 1712 2880 1766 nobis
2911 1720 2993 1766 est
3022 1720 3206 1766 notum
3236 1711 3487 1780 quoniam

1917 1805 1967 1858 in
2001 1802 2221 1872 praefato
2267 1802 2597 1856 monasterio
2655 1820 2759 1856 non
2809 1802 3022 1872 praefuit
3062 1801 3164 1858 nisi
3191 1801 3482 1855 biennium.

1915 1895 2070 1948 Anno
2099 1909 2326 1961 namque
2375 1894 2648 1963 regiminis
2695 1893 2810 1962 ejus
2837 1910 2896 1957 ιι,
2933 1909 3052 1946 eum
3087 1908 3227 1946 εει·ιά
3257 1907 3488 1961 pagano-

1919 2000 2034 2036 rum
2079 1983 2212 2046 lues,
2239 1998 2340 2035 non
2369 1991 2572 2036 tantum
2595 1980 2976 2049 circajacentcs
3003 1981 3279 2044 terminos,
3304 1995 3490 2033 verum

1915 2076 2076 2130 etiam
2106 2075 2340 2145 seposita
2375 2089 2535 2143 regna
2583 2073 2898 2143 grassando,
2925 2072 3069 2126 ferro
3111 2072 3338 2141 ignequc
3365 2087 3491 2125 con-

1915 2177 2172 2231 sumeret,
2198 2167 2364 2220 amica
2399 2167 2498 2221 sibi
2531 2165 2733 2228 fraude,
2760 2165 2982 2235 pecunia
3013 2164 3174 2230 avidi,
3204 2165 3385 2233 rapina
3419 2163 3494 2215 Ia—

1916 2258 2112 2322 melici,
2145 2266 2254 2311 toto
2306 2257 2424 2308 nisu
2457 2255 2564 2308 alto
2597 2257 2729 2308 mari
2778 2253 3147 2316 velivolantes,
3191 2253 3490 2320 spumantia

1916 2351 2164 2404 certatim
2191 2348 2470 2403 suleabant
2496 2345 2659 2412 freta,
2698 2345 3064 2416 pertinaciun
3089 2359 3248 2398 cursu
3278 2342 3492 2396 tandem

1915 2443 2287 2511 applicuerunt
2319 2442 2372 2494 in
2403 2439 2596 2494 liuibns
2625 2439 2903 2508 Menapum
2926 2479 2940 2501 ,
2971 2438 3025 2491 in
3056 2435 3230 2490 sinum
3263 2435 3350 2503 qui
3396 2450 3492 2486 vo—

1915 2547 2068 2590 catur
2103 2536 2246 2588 lset‘e
2293 2543 2502 2603 portus,
2542 2532 2719 2602 ibique
2751 2530 3107 2600 prosilientes,
3143 2527 3401 2581 incendiis
3431 2543 3493 2578 ac

1914 2627 2378 2682 devastationilms
2417 2641 2678 2693 nusquam
2713 2623 3069 2692 indulgentes,
3101 2622 3166 2674 ad
3201 2619 3482 2674 famosissi—

1917 2733 2060 2771 mum
2088 2717 2260 2770 locum
2308 2715 2639 2786 pausationis
2665 2715 2864 2768 Christi
2899 2712 3267 2768 eonfcssorum
3315 2709 3494 2762 Audo-

1916 2811 2053 2865 mari
2081 2819 2244 2879 atque
2274 2809 2475 2863 Bertini
2522 2807 2966 2877 subripendorum
3007 2811 3297 2874 properant
3324 2802 3493 2855 avidi-

1915 2910 2023 2957 tate
2079 2903 2478 2964 thesaurorum,
2510 2899 2860 2967 sabbatioque
2902 2895 3254 2951 hebdomadis
3299 2894 3493 2948 Pente-

1913 3001 2112 3054 costes,
2151 2992 2280 3046 hora
2329 2990 2580 3052 secunda,
2619 2993 2992 3057 pervenerunt
3039 2987 3106 3040 ad
3160 2985 3333 3039 locum
3385 2999 3494 3052 quo

1915 3081 2221 3142 tendebant,
2263 3081 2354 3135 sed
2408 3080 2712 3150 provisione
2769 3077 2991 3133 tutantis
3042 3077 3160 3142 Dei,
3207 3075 3380 3129 nullos
3426 3091 3489 3128 ex
3517 3101 3530 3121 -.

1915 3171 2174 3226 fratribus
2192 3172 2261 3226 ibi
2281 3181 2608 3242 repererunt.
2631 3169 2845 3224 Monitis
2869 3170 3012 3223 enim
3030 3167 3238 3223 Domini
3253 3167 3494 3237 jubentis

1915 3264 2370 3332 obtemperantes,
2399 3277 2504 3332 quo
2553 3263 2718 3326 dicit,
2752 3260 2809 3316 Si
2863 3277 2950 3316 vos
2997 3260 3246 3331 persecuti
3298 3259 3493 3326 fuerint

1917 3355 1970 3408 in
1996 3370 2152 3407 unum
2179 3354 2454 3427 civitatem,
2489 3352 2654 3420 fugite
2695 3354 2748 3405 in
2791 3353 2982 3416 aliam,
3015 3351 3384 3406 subduxerunt
3435 3364 3492 3403 se

1916 3445 1982 3497 ad
2009 3455 2241 3513 tempus,
2274 3453 2614 3498 reservantes
2637 3457 2694 3495 St:
2718 3443 2965 3496 secundis
2992 3449 3043 3494 et
3067 3440 3378 3494 melioribus
3411 3455 3494 3492 re—

1916 3535 2038 3595 bus.
2069 3544 2265 3604 praeter
2295 3549 2346 3586 tv
2378 3533 2528 3598 viris,
2559 3533 2647 3602 qui
2697 3534 3010 3586 devorerunt
3043 3549 3118 3596 se,
3152 3533 3192 3584 si
3230 3531 3336 3583 Deo
3381 3529 3494 3598 pla—

1916 3626 2132 3687 cuisset,
2164 3625 2338 3694 potius
2389 3625 2517 3678 inihi
2565 3624 2699 3678 velle
2749 3632 3025 3693 oppetere,
3073 3639 3230 3692 quam
3276 3621 3372 3675 loci
3411 3621 3528 3673 sui.

1914 3718 2247 3772 tlesolatione
2272 3716 2635 3786 supervivere.
2679 3714 2899 3770 Nomina
2929 3724 3106 3768 autem
3141 3713 3347 3765 illortun
3380 3711 3495 3764 hzee

1913 3817 2037 3863 sunt
2071 3830 2081 3861 :
2120 3793 2396 3860 Vuoradus
2434 3816 2486 3858 et
2546 3803 2934 3867 Winetbaldus,
2965 3803 3310 3866 Sacerdotes;
3353 3799 3494 3855 Ger-

1914 3899 2121 3952 \valdus
2143 3908 2193 3951 et
2228 3896 2635 3965 Ilegcnhardus,
2671 3896 2902 3948 diaconi.
2934 3894 2974 3947 E
2996 3894 3190 3962 quibus
3215 3890 3520 3945 Vuoradns.

1913 3989 1965 4043 in
2016 3990 2129 4058 ipso
2179 3989 2502 4042 monasterio
2552 3987 2894 4054 decrepitus,
2945 3987 3077 4040 diris
3145 3984 3492 4053 colaphorum

1915 4081 2253 4135 tuusionihus
2294 4081 2430 4132 ictus
2451 4119 2462 4137 .
2492 4079 2837 4145 nuditateque
2857 4077 3110 4131 triduana
3143 4085 3194 4128 et
3222 4075 3337 4144 alga
3365 4072 3490 4128 ferte

1914 4169 2221 4223 lethotenus
2276 4167 2622 4239 proﬂigalus,
2657 4168 2854 4221 extitit.
2888 4167 3260 4222 Winetbaldus
3315 4174 3494 4218 autem

1915 4261 2058 4314 acris
2100 4261 2416 4314 verberibus
2455 4269 2779 4322 maceratus,
2832 4266 2993 4326 atque.
3024 4273 3120 4327 per
3152 4272 3308 4310 nares
3355 4253 3500 4308 infu-

1915 4354 2066 4406 siouc
2126 4351 2424 4414 distentus,
2459 4351 2749 4404 semivivus
2785 4359 2865 4403 est
2911 4350 3150 4403 relictus.
3183 4347 3497 4402 Gervvaldus

1915 4455 2090 4499 autem
2120 4485 2133 4506 ,
2167 4444 2290 4496 licet
2320 4443 2547 4496 diversis
2593 4442 2866 4511 multoque
2910 4442 3246 4512 gravioribus
3274 4450 3500 4493 vexatus

1916 4549 2060 4596 esset
2119 4537 2470 4592 ludibriorum
2541 4553 2758 4591 suorum
2818 4536 3198 4596 irrisionilius,
3250 4545 3500 4589 servante

1916 4647 2038 4685 eum
2074 4639 2252 4684 tamen
2284 4627 2540 4690 Domino,
2564 4629 2662 4682 etsi
2698 4644 2801 4682 non
2833 4627 3062 4682 sanitate
3103 4626 3362 4699 pristinae,
3391 4627 3498 4679 s‘al-
3553 4627 3557 4631 ’

1920 4733 2023 4777 tcm
2061 4735 2349 4777 concessus
2379 4733 2457 4776 est
2488 4721 2630 4775 vitm.
2679 4721 2912 4787 Quartus
2949 4719 3036 4786 qui
3070 4728 3121 4771 et
3147 4717 3350 4785 junior,
3395 4720 3502 4774 lle—

1918 4813 2186 4883 genardus
2215 4812 2461 4878 nomine,
2492 4813 2654 4866 variis
2695 4810 3104 4864 contritionibus
3134 4807 3337 4866 fractus
3357 4854 3370 4876 ,
3399 4813 3505 4866 illis

1918 4904 2332 4959 abscedentibus
2363 4914 2415 4958 et
2463 4919 2644 4957 secum
2691 4905 2887 4956 ducere
2916 4899 3272 4966 conantibus,
3305 4905 3509 4959 Viribus

1919 5000 2116 5070 quibus
2147 5006 2378 5068 poterat,
2406 4997 2704 5050 reluctabat
2729 5009 2740 5044 :
2766 4992 2972 5065 eligens
3003 4989 3203 5063 potius,
3231 4991 3285 5046 in
3309 4996 3512 5053 Christi

1919 5090 2154 5145 nominis
2201 5087 2562 5150 confessione,
2597 5087 2640 5140 si
2675 5087 2724 5139 id
2754 5086 2822 5138 ab
2854 5085 3088 5142 inimicis
3133 5093 3521 5151 quoquomodu
