3982 5292
524 242 547 296 l
558 242 663 299 259

1582 249 1905 319 FOLQUINI
1937 251 1995 307 S.
2038 249 2312 309 BEliTlNl
2350 252 2660 314 MONACIII

3626 260 3770 318 1240

520 362 815 419 Munuiuio.
872 362 1109 433 Stipatus
1158 364 1338 443 itaque
1390 365 1760 433 multitudine,
1803 382 1925 423 cum
1975 368 2091 438 ipso
2118 373 2166 431 Α
2195 385 2328 424 auro
2372 372 2787 445 margaritisque
2830 372 3053 427 miriﬁce
3097 372 3403 444 insignitam
3435 370 3573 444 (87).
3601 372 3772 442 Hujus

517 455 833 527 crepusculo
866 470 923 509 se
958 470 1054 525 per
1086 456 1232 511 illam
1259 459 1592 528 pertransire
1619 459 2092 524 animadverteret,

519 548 697 602 subito
742 562 801 603 se
838 547 888 601 in
927 556 1069 602 terra
1111 548 1263 618 jecit.
1314 549 1559 617 Cumque
1593 549 1835 603 adversis
1874 548 1994 604 telis
2030 548 2098 604 ab

518 639 753 694 inimicis
781 638 1104 695 ducentibus
1135 640 1403 695 toudendo
1429 648 1715 711 cogeretur
1742 647 1800 693 ut
1824 648 2092 706 surgeret,

514 741 570 786 et
591 732 680 787 ille
710 746 770 786 se
794 740 1187 802 protestaretur
1210 748 1268 788 se
1290 733 1434 787 multo
1458 732 1618 786 modo
1634 731 1790 795 velle,
1807 732 1899 786 sed
1922 732 2095 798 magis

515 821 648 876 inibi
676 836 774 890 pro
814 821 1031 876 Christo
1071 832 1348 891 oppetere,
1379 821 1585 877 crebris
1624 819 1933 873 lancearum
1971 818 2089 872 futt-

515 913 790 968 ctionibus
831 912 1128 979 perfossus,
1158 893 1284 965 'uno
1328 927 1450 965 cum
1507 910 1786 981 sanguinis
1835 907 2095 963 elitsione

518 1004 752 1057 animam
778 1002 965 1057 aﬂlaus
993 1003 1209 1057 Christo
1238 1003 1441 1058 libavit.

514 1120 777 1176 XXXVII.
807 1119 880 1175 De
906 1120 1283 1173 restauratione
1298 1119 1617 1180 monasterii,
1638 1128 1684 1172 et
1702 1117 1764 1170 de
1784 1116 1947 1171 illwso
1970 1133 2094 1169 casu

977 1190 1252 1259 cujusdam
1292 1189 1630 1257 carpentarii.

585 1282 713 1337 Post
773 1281 1103 1337 discriminis
1156 1279 1366 1350 praefati
1429 1278 1835 1342 iiberationem,
1899 1277 2095 1338 fratres

512 1371 756 1437 ejusdem
787 1371 1023 1425 cmnobii
1062 1370 1464 1431 convenientes,
1506 1368 1867 1422 communiter
1899 1375 2098 1420 tracta-

516 1470 714 1515 verunt
752 1470 810 1515 ut
852 1471 990 1516 tecta
1020 1460 1368 1515 ecclesiarum
1399 1466 1822 1527 caeterarumque
1854 1455 2097 1512 oﬂicina-

523 1568 640 1605 rum
684 1553 910 1621 plcniter
950 1552 1294 1606 resarcirent.
1343 1550 1513 1616 Quod,
1552 1548 1690 1603 sicut
1735 1562 1941 1602 summa
2001 1549 2095 1601 de-

518 1646 740 1699 votione
764 1653 845 1700 est
876 1644 1208 1707 inchoatum,
1240 1642 1314 1696 ita
1337 1640 1573 1697 velocius
1596 1655 1755 1710 quam
1782 1639 2093 1709 putabatur,

2195 469 2374 514 autem
2404 469 2557 530 pater
2585 459 2888 528 Hunrocus,
2924 462 3065 532 quod
3113 477 3276 533 supra
3318 463 3587 517 memoria
3622 464 3773 518 exci—

2194 548 2291 613 dit,
2321 550 2372 604 in
2419 551 2751 605 monasterio
2787 549 2964 606 Sithiu
2997 566 3206 607 comam
3254 551 3452 621 capitis
3498 550 3774 620 deposuit,

2196 642 2676 713 monachicumque
2723 643 2992 709 habitum,
3022 642 3153 715 jugo
3193 659 3252 700 se
3288 643 3493 699 Christi
3540 643 3775 698 submit-

2196 738 2349 791 tens,
2396 730 2727 801 desumpsit;
2769 741 2823 787 et
2872 733 2997 803 quia
3044 748 3227 789 comes
3272 740 3392 788 erat
3445 722 3777 800 ditissimus,

2194 819 2523 875 brereditatis
2546 836 2657 876 sua:
2685 822 2971 877 maximam
3004 832 3208 893 partem
3241 822 3469 894 praefato
3498 832 3782 878 monaste-

2195 908 2275 962 rio
2316 919 2401 964 est
2448 909 2696 981 largitus.
2736 904 2815 966 ex
2852 912 3047 983 quibus
3089 929 3192 967 una
3241 923 3327 969 est
3366 913 3522 979 villa,
3568 913 3782 968 ﬂunela

2194 994 2359 1065 dicta,
2385 1015 2547 1070 quam
2589 1017 2654 1059 eo
2693 1012 2881 1058 tenore
2913 1005 3258 1071 contradidit,
3286 1014 3345 1060 ut
3384 1015 3579 1061 custos
3607 1004 3783 1061 eccle-

2194 1090 2288 1144 siae
2330 1092 2397 1146 ad
2438 1107 2599 1162 quem
2628 1108 2747 1147 eam
2777 1094 3017 1159 tradidit,
3044 1095 3198 1150 annis
3227 1095 3473 1166 singulis,
3504 1105 3638 1167 post
3665 1094 3786 1163 ejus

2193 1182 2319 1237 vita:
2374 1185 2692 1252 decessum,
2752 1186 2805 1242 in
2857 1185 2973 1256 ejus
3029 1187 3455 1242 anniversarium
3521 1186 3783 1251 annuale,

2193 1275 2389 1330 exinde
2426 1276 2686 1333 fratribus
2716 1286 3043 1349 praepararet
3081 1279 3416 1348 obsequium.
3449 1277 3558 1346 Qui
3592 1286 3783 1347 postea

2194 1364 2327 1421 inibi
2373 1366 2681 1433 defunctus,
2720 1382 2903 1423 coram
2951 1367 3122 1422 altare
3166 1369 3338 1423 sancti
3381 1368 3697 1432 Laurentii,
3732 1367 3785 1420 in

2195 1458 2413 1513 sinistra
2454 1467 2607 1529 parte
2654 1459 3089 1530 ingredientium,
3135 1470 3221 1515 est
3273 1460 3558 1524 humatus,
3602 1458 3787 1513 Idibus

2195 1547 2545 1615 Novembris;
2578 1550 2801 1621 ipsoque
2841 1550 2927 1606 die
2959 1565 3067 1621 quo
3092 1561 3145 1606 et
3171 1550 3442 1606 festivitas
3472 1549 3786 1605 translatio-

2196 1643 2282 1699 nis
2321 1644 2494 1699 sancti
2534 1644 2783 1715 Folquini
2823 1654 2877 1700 et
2903 1646 3075 1700 sancti
3107 1641 3303 1701 Briccii
3329 1644 3607 1716 depositio
3642 1642 3787 1699 cele-

523 1733 636 1787 Deo
674 1732 981 1800 adiuvante,
1021 1731 1380 1803 pulcherrime
1418 1737 1502 1784 est
1545 1728 1877 1799 perfectum;
1921 1729 2095 1785 eccle-
2124 1715 2175 1776 Β
2200 1735 2410 1798 bratur,
2439 1736 2571 1791 satis
2614 1735 2932 1800 lautissima,
2966 1736 3042 1790 uti
3078 1737 3317 1793 custodis
3354 1750 3523 1806 posse
3563 1744 3672 1801 est,
3697 1750 3782 1790 re-

525 1826 725 1893 siaque»
743 1825 914 1879 sancti
958 1823 1157 1878 Bertiui
1200 1822 1485 1878 celerrime
1533 1820 1734 1886 extitit,
1770 1820 1909 1877 miro
1937 1834 2100 1891 opere

518 1915 744 1985 plumbo
776 1923 1051 1984 cooperta,
1079 1913 1171 1968 sed
1199 1920 1255 1967 et
1283 1912 1476 1966 turillae
1509 1911 1679 1981 ipsius
1708 1913 1858 1966 mirae
1885 1911 2097 1981 magni-

525 2006 727 2061 tudinis
766 2004 1135 2073 mirahilisque
1182 2002 1424 2067 fabricae,
1459 2002 1785 2056 studuerunt
1807 2000 2095 2056 mdificare.

520 2096 687 2166 Cujus
715 2094 989 2165 longitudo
1022 2092 1368 2148 consistentis
1394 2093 1444 2146 in
1476 2099 1676 2147 terram
1703 2092 1952 2161 :equabat
1981 2089 2102 2144 alti-

522 2185 767 2239 tudinem
789 2183 1038 2238 cuhninis
1062 2181 1303 2237 ecclesia:
1331 2180 1415 2236 cui
1443 2180 1911 2251 superponeudum
1939 2189 2057 2235 erat
2085 2198 2097 2232 :

521 2293 622 2331 nec
676 2276 907 2341 mirum;
967 2274 1185 2344 tristega
1239 2274 1382 2328 enim
1431 2271 1557 2343 (hoc
1604 2281 1687 2327 est
1737 2272 2101 2327 tricameratio

522 2365 717 2438 ipsius)
745 2367 915 2421 tribus
942 2365 1221 2420 ordinibus
1249 2363 1388 2419 facta
1419 2370 1593 2430 erant,
1621 2371 1843 2433 excepta
1891 2376 2100 2417 summa

526 2461 857 2516 claxemlice.
887 2459 1072 2529 Itaque
1102 2458 1348 2513 ecclesiae
1374 2457 1709 2527 suppositum
1746 2470 1869 2509 cum
1916 2455 2104 2509 trium-

528 2554 685 2625 pbaie
713 2560 913 2608 sancta:
934 2550 1112 2605 crucis
1136 2550 1366 2623 desuper
1388 2548 1687 2620 erigeretur
1707 2546 1942 2616 signum,
1968 2560 2103 2599 unus

524 2645 825 2708 artificum,
877 2644 1092 2698 nomine
1136 2640 1362 2706 Bertus,
1400 2648 1551 2695 stans
1586 2636 1836 2707 desuper,
1874 2636 2105 2706 arripuit

525 2736 800 2800 malicum,
827 2744 881 2789 et
909 2735 1061 2807 quasi
1095 2734 1518 2804 gratulabundus
1548 2748 1644 2803 pro
1675 2733 2104 2802 appropinquata

528 2839 665 2897 pene
708 2823 1172 2878 consummatione
1212 2833 1320 2877 tam
1351 2822 1473 2876 miri
1501 2822 1702 2892 operis,
1732 2821 1896 2875 ictum
1933 2819 2102 2875 veluti

519 2917 791 2984 iactanter
820 2913 1031 2984 longius
1061 2913 1273 2968 incaute
1300 2913 1455 2983 je’cit,
1480 2912 1596 2977 sed,
1619 2912 1787 2967 eheu!
1830 2908 2105 2966 resiliente

530 3016 647 3060 rota
690 3015 746 3059 et
789 3005 1087 3075 quatiente,
1130 3003 1389 3058 vacillans
1433 3001 1763 3072 pedibusque
1808 3000 2102 3065 lubricans,

532 3102 597 3152 de
629 3108 774 3153 tanta
806 3098 1108 3158 altitudine,
1142 3111 1379 3166 prtcceps
1410 3104 1550 3150 terra
1585 3104 1741 3149 tenus
1776 3093 1940 3148 venit.
1974 3092 2101 3157 Sed,

536 3191 726 3243 .uiruut
775 3191 940 3252 dictu,
986 3188 1285 3242 mirabilius
1334 3187 1550 3250 tniratu,
1584 3185 1782 3240 tutilam
1830 3185 2101 3241 laesiouem

528 3301 741 3353 passus,
771 3285 901 3354 quin
943 3285 1104 3338 etiam
1147 3282 1349 3337 risihilc
1384 3290 1437 3337 et
1469 3279 1745 3351 plausibile
1786 3294 2103 3350 responsum

531 3377 966 3439 occurrentibus,
995 3385 1051 3429 et
1076 3390 1270 3444 aquam
1297 3374 1395 3427 sibi
1421 3389 1517 3442 pro
1555 3371 1937 3428 relocill'atione
1969 3370 2105 3427 οπε-

531 3467 796 3529 rentibus,
827 3468 943 3523 sine
977 3467 1179 3524 doloris
1227 3468 1498 3522 anxietate
1542 3466 1783 3536 protulit,
1810 3466 1997 3521 dicens
2046 3478 2106 3519 se

522 3558 727 3630 jugiter
772 3561 949 3632 potius
994 3560 1131 3616 velle
1177 3560 1321 3615 sitim
1371 3559 1497 3613 vino
1559 3558 1897 3628 restringere.
1943 3573 2104 3629 quam

536 3667 692 3721 aqua,
727 3667 824 3707 nec
860 3650 1042 3707 oblato
1074 3660 1202 3709 tunc
1245 3666 1405 3723 egere
1444 3650 1661 3720 iimpha:
1694 3650 1920 3719 liquore.
1961 3648 2106 3704 Arti-

531 3742 660 3798 fices
690 3753 889 3808 autem,
924 3744 1025 3799 hac
1054 3745 1120 3799 de
1148 3759 1332 3811 causa,
1365 3742 1559 3797 nedum
1591 3741 1832 3796 dicamus
1862 3739 2103 3803 animati,

529 3850 717 3889 verum
772 3845 826 3890 et
876 3836 1146 3903 roborati,
1203 3835 1513 3891 inchoatum
1567 3848 1702 3902 opus
1754 3832 2107 3902 expleverunt

533 3920 841 3983 constantes
885 3935 939 3981 et
984 3925 1121 3993 laeti;
1172 3941 1271 3981 nec
1315 3924 1525 3979 exstitit
1560 3923 1778 3980 dubium
1811 3924 1912 3978 alis
1940 3923 2107 3977 inter-

533 4018 834 4074 cessionum
877 4018 1018 4072 beati
1062 4019 1229 4089 patris
1273 4017 1512 4084 Bertiui,
1544 4017 1632 4073 cui
1672 4016 1922 4082 servivit,
1960 4014 2106 4076 hunc

532 4106 699 4160 fuisse
727 4106 1090 4176 deportatum.

746 4195 1030 4252 XXXVI".
1078 4197 1150 4249 De
1179 4208 1339 4251 morte
1369 4195 1625 4250 Adalardi
1658 4196 1881 4251 abbatis.

607 4287 773 4356 Igitur
799 4287 880 4340 bis
908 4286 1157 4355 expletis,
1179 4303 1320 4342 anno
1350 4286 1637 4341 Dominicze
1660 4285 1954 4340 nativitatis
1976 4285 2101 4345 86!,

534 4378 749 4432 abbatia
775 4376 886 4444 jatn
923 4377 1067 4430 dicto
1114 4377 1341 4447 llulgoni
1380 4377 1582 4442 ablata,
1609 4376 1801 4431 iterum
1841 4375 2106 4431 Adalardo

526 4478 615 4524 est
660 4467 864 4524 reddita
903 4484 995 4523 vttt
1039 4467 1155 4522 Kal.
1200 4468 1457 4539 Augusti,
1506 4484 1648 4523 anno
1697 4467 1846 4536 regni
1898 4466 2105 4538 praefati

534 4558 678 4628 regis
725 4557 901 4612 Caroii
939 4574 1025 4612 χχι
1072 4557 1205 4629 (86),
1245 4559 1340 4613 sed
1383 4572 1492 4613 non
1535 4559 1695 4624 hanc,
1733 4557 1834 4612 nisi
1877 4556 2106 4611 triennio

530 4662 655 4722 post
694 4652 835 4714 haec,
899 4651 1055 4713 rexit,
1103 4651 1261 4706 Anno
1315 4665 1548 4721 namque
1594 4666 1676 4715 tv,
1736 4650 1874 4720 apud
1932 4650 2104 4703 sancti

532 4742 758 4796 Amandi
802 4741 1190 4796 monasterium
1225 4749 1513 4814 aegrotans,
1542 4740 1709 4796 exivit
1737 4740 2006 4795 hominem
2045 4755 2105 4792 ut

533 4832 715 4887 Nonas
752 4831 1050 4896 Februarii,
1077 4833 1164 4897 qui
1207 4842 1321 4888 erat
1365 4847 1537 4885 annus
1573 4830 1865 4885 Dominiczc
1912 4831 2102 4884 ttalivi-

530 4924 628 4977 tati
668 4924 790 4986 86L
835 4924 1177 4994 sepultusque
1223 4934 1306 4979 est
1344 4924 1397 4979 in
1445 4925 1632 4979 eodem
1674 4924 2001 4978 monasterio
2050 4923 2102 4976 in

534 5015 739 5082 cripta,
790 5014 1115 5067 intrantibus
1159 5014 1210 5067 in
1253 5014 1421 5069 latere
1468 5014 1705 5069 sinistro.
1750 5012 1848 5067 liic
1889 5026 2103 5075 autem,

531 5104 677 5158 inter
714 5103 914 5171 reliqua
959 5104 1177 5157 donaria
1225 5119 1343 5174 quae
1392 5105 1519 5161 huic
1576 5119 1733 5159 sacro
1776 5103 1892 5157 loco
1929 5102 2105 5156 Sithiu

536 5192 825 5255 concessit,
856 5193 1001 5247 dedit
1029 5193 1315 5262 quamdam
1344 5193 1583 5248 casulam
1610 5193 1789 5248 colore
1816 5207 2106 5262 purpureo,

2199 1824 2361 1881 fectio
2404 1827 2662 1882 hactenus
2706 1818 2961 1882 fratribus
2993 1827 3295 1882 exhibetur.
3326 1826 3539 1881 Eodem
3569 1839 3776 1896 quoque

2201 1924 2465 1985 tempore,
2492 1917 2696 1988 Zoppo,
2727 1917 2984 1982 vicarius,
3012 1917 3175 1973 simili
3200 1918 3473 1987 exemplo,
3506 1917 3565 1971 in
3598 1916 3769 1971 eodem

2200 2008 2533 2062 monasterio
2569 2011 2836 2071 attonsus,
2867 2006 3117 2061 monachi
3145 2007 3388 2062 habitum
3419 2016 3506 2061 est
3536 2006 3777 2076 adeptus.

2365 2095 2605 2151 XXXIX.
2651 2096 2723 2151 De
2758 2095 3041 2164 llumfrido
3075 2096 3309 2167 episcopo
3340 2104 3388 2149 et
3416 2095 3630 2149 abbate.

2273 2188 2401 2243 Post
2429 2198 2656 2243 mortem
2686 2203 2899 2259 quoque
2927 2188 3039 2258 jam
3085 2186 3213 2242 dicti
3252 2186 3466 2242 abbatis
3494 2186 3779 2249 Adalardi.

2201 2282 2389 2336 eodem
2414 2296 2557 2336 anno
2590 2278 2722 2351 (88),
2753 2278 3085 2353 liumfridus,
3109 2277 3476 2333 Taruanensis
3495 2277 3789 2347 episcopus

2201 2381 2257 2427 et
2289 2372 2618 2428 l‘rumiensis
2663 2371 2975 2427 monasterii
3013 2371 3333 2435 monachus,
3372 2377 3521 2424 totus
3564 2369 3700 2424 cieri
3734 2377 3787 2423 et

2202 2463 2381 2533 pOpttIi
2420 2463 2660 2532 optione,
2692 2462 2963 2517 al-batiam
3004 2459 3290 2532 regendam
3327 2460 3575 2529 suscepit
3607 2458 3787 2514 Idibus

2206 2555 2404 2618 Martii,
2453 2563 2661 2608 tantum
2713 2562 2935 2623 propter
2979 2567 3221 2607 amorem
3266 2558 3322 2607 et
3365 2550 3625 2605 timorem
3672 2548 3784 2604 Dei.

2205 2646 2337 2700 Erat
2364 2646 2531 2700 isdem
2564 2643 2897 2709 llumfridus,
2927 2643 3018 2714 qui
3053 2642 3212 2714 beato
3253 2640 3523 2710 Folquino
3565 2654 3785 2695 succes-

2205 2744 2352 2791 serat
2380 2736 2432 2789 in
2463 2734 2795 2804 episcopatu,
2825 2737 2908 2788 vir
2935 2733 3085 2792 omni
3112 2732 3352 2791 bonitate
3391 2740 3448 2788 et
3489 2730 3789 2785 sanctitate

2206 2828 2459 2883 refertus.
2502 2826 2661 2882 Rexit
2702 2835 2882 2881 autem
2925 2826 3068 2880 hanc
3110 2824 3488 2879 tantummodo
3512 2838 3618 2893 per
3640 2821 3777 2876 bien-

2206 2921 2373 2975 nium.
2414 2920 2525 2975 Sub
2561 2934 2668 2991 quo
2695 2918 2913 2989 quidam
2952 2915 3331 2987 Megenfridus,
3361 2929 3390 2967 a
3411 2923 3578 2985 patre
3603 2912 3781 2968 Rund-

2207 3012 2382 3067 vvaldo
2433 3011 2682 3075 oblatus,
2732 3008 2965 3064 etlicitur
3012 3007 3340 3071 monachus;
3385 3020 3512 3060 cum
3563 3020 3675 3073 quo
3732 3011 3781 3057 et

2208 3101 2598 3174 portiunculam
2638 3116 2749 3156 suae
2784 3099 3133 3170 proprietatis
3174 3097 3226 3151 in
3269 3110 3409 3166 pago
3451 3093 3773 3155 Bononensi,

2209 3196 2261 3249 in
2294 3193 2413 3247 loco
2453 3201 2795 3261 nuncupaute
2837 3188 3354 3265 Diorwaldingatun,
3380 3184 3432 3240 id
3481 3193 3571 3240 est
3613 3184 3782 3238 bona-

2209 3286 2286 3339 ria
2332 3299 2440 3349 xu,
2491 3294 2552 3340 ut
2603 3283 2745 3339 filius
2787 3282 2905 3351 ejus
2955 3296 3117 3351 supra
3172 3287 3506 3337 memoratus
3547 3277 3783 3332 debitum

2186 3376 2568 3433 'monasticum
2622 3376 2674 3429 in
2728 3375 2868 3430 victu
2918 3373 3224 3442 vestituque
3267 3369 3401 3431 inibi
3450 3369 3659 3428 habere
3697 3366 3788 3422 de-

2206 3470 2442 3614 bereIiL.
2482 3557 2717 3612 Traditio
2749 3555 3019 3612 Rodwaldi
3044 3554 3109 3608 de
3135 3551 3673 3621 Diorwaldingatunt.

2277 3650 2403 3723 (864
2430 3651 2507 3705 vel
2533 3650 2681 3720 865.)
2725 3669 2744 3701 ι
2780 3649 2836 3704 1η
2880 3647 3097 3702 Christo
3145 3646 3341 3701 domno
3384 3652 3442 3698 et
3487 3639 3786 3698 venerabili

2206 3743 2349 3815 patri
2394 3741 2698 3807 Humfrid’o,
2734 3741 2986 3812 episcopo
3032 3748 3194 3809 atque
3240 3735 3421 3792 abbati
3468 3732 3787 3788 monasterii

2206 3834 2381 3890 sancti
2425 3832 2596 3899 Petri,
2625 3830 2883 3888 vocabulo
2925 3828 3140 3894 Sithiu,
3186 3834 3617 3894 sanctorumque
3666 3837 3789 3877 cono

2207 3925 2472 3979 fessarum
2517 3922 2807 3978 Audomari
2848 3928 3010 3990 atque
3042 3917 3268 3973 Bertiui.
3298 3915 3429 3986 Ego,
3461 3913 3520 3968 in
3555 3913 3656 3968 Dei
3694 3927 3787 3966 no-

2209 4015 2372 4078 mine,
2403 4012 2782 4077 lioudwaldus,
2820 3992 3070 4072 traditor,
3098 4024 3194 4080 per
3217 4009 3354 4062 hanc
3382 4005 3648 4076 paginam
3681 4013 3786 4057 tra-

2207 4107 2454 4171 ditionis,
2510 4107 2663 4161 trado
2714 4104 2783 4159 ad
2834 4101 3116 4173 praefatum
3174 4098 3564 4154 monasterium
3616 4095 3788 4151 sancti

2207 4199 2351 4254 Petri
2381 4196 2770 4268 portiunculam
2803 4192 3146 4266 proprietatis
3173 4205 3305 4245 meat
3345 4189 3397 4242 in
3435 4203 3578 4258 pago
3608 4186 3786 4241 Bono—

2209 4289 2381 4352 nensi,
2421 4288 2474 4341 in
2526 4287 2642 4342 loco
2672 4291 3015 4353 nuncupante
3060 4279 3597 4350 Diorwaldiugatum,
3628 4291 3789 4343 super

2208 4378 2547 4434 ﬂuvi‘olum...
2571 4375 2682 4448 (89)
2699 4374 2926 4430 bunaria
2949 4381 3091 4428 xuet
3112 4370 3377 4440 mancipia
3400 4383 3476 4432 tv,
3493 4382 3561 4424 ea
3579 4368 3788 4422 ratione

2210 4486 2268 4530 ut
2317 4473 2456 4529 ﬁlius
2502 4486 2654 4527 meus
2694 4467 3072 4540 Megeufridus,
3110 4465 3343 4535 quandiu
3389 4461 3700 4523 advixerit,
3737 4460 3785 4512 in

2208 4567 2327 4636 ipso
2360 4564 2610 4621 cceuobio
2649 4562 2887 4617 debitum
2938 4556 3293 4612 monasticam
3331 4555 3385 4609 in
3425 4561 3581 4607 ventu
3618 4553 3782 4605 vesti-

2210 4667 2372 4726 tuque
2420 4655 2648 4726 pleuiter
2693 4653 2951 4707 obtineat.
2996 4649 3091 4703 Est
3125 4655 3302 4702 autem
3333 4644 3525 4714 petitio
3555 4658 3700 4705 mea,
3729 4650 3783 4694 ut

2208 4749 2377 4816 ipsam
2407 4754 2605 4800 terram
2637 4741 2869 4813 quandiu
2906 4739 3112 4803 vixero,
3143 4735 3209 4792 ad
3239 4749 3394 4790 usum
3424 4731 3777 4788 fructuarium

2206 4834 2515 4892 censualem
2552 4843 2785 4897 teneam,
2817 4829 3032 4885 solvens
3075 4827 3193 4882 Kal.
3236 4823 3560 4882 Novembris
3592 4833 3775 4877 mona-

2206 4925 2324 4980 chis
2355 4923 2466 4993 jam
2520 4922 2649 4978 dicti
2692 4918 3004 4975 monasterii
3051 4915 3260 4987 argenti
3307 4913 3509 4970 solidos
3536 4926 3607 4971 tt;
3652 4909 3774 4979 ipsi-

2207 5031 2313 5085 que
2350 5023 2473 5085 post
2507 5027 2685 5068 meum
2723 5012 2950 5075 obitum,
2976 5008 3219 5085 eamdem
3251 5015 3453 5062 terram
3481 5002 3550 5057 ad
3581 5000 3775 5056 utilita-

2209 5106 2316 5160 te‘m
2360 5103 2653 5174 propriam,
2687 5102 2804 5157 sine
2834 5100 2941 5154 ulla
2980 5097 3380 5160 contrarietate,
3409 5093 3690 5162 recipiant.
3720 5087 3773 5143 Si

2208 5196 2330 5266 quis
2358 5210 2504 5259 vero,
2535 5192 2676 5262 quod
2708 5192 2942 5245 futurum
2976 5203 3095 5244 esse
3126 5203 3231 5243 non
3258 5184 3437 5251 credo,
3466 5184 3510 5238 si
3538 5198 3640 5251 ego
3668 5182 3773 5250 ipse
