3982 5292
216 242 366 296 l2”
1566 239 1776 295 CIIAR'l

1883 237 2135 293 .ARIUM.
3353 234 3486 289 1242

211 356 396 427 (quod
450 356 631 427 absit)
672 366 764 411 aut
794 356 931 410 nllus
963 358 1026 411 de
1056 355 1361 410 haeredibus
1410 364 1504 408 aut
1533 355 1805 423 prohzere-
1836 360 1883 412 Α
1912 361 1966 405 et
1992 351 2150 405 aliam
2181 358 2380 406 terram
2412 349 2669 405 arabilem
2707 357 2762 403 et
2804 359 3038 418 pratum,
3070 349 3293 402 bunaria
3341 365 3487 403 χχχιι

208 444 388 503 di-hus
415 448 570 512 meis,
604 463 695 502 seu
740 446 992 517 quislibet
1028 456 1339 509 extraneas,
1372 445 1498 499 huic
1534 444 1805 497 traditioni
1912 456 1966 501 et
1994 447 2312 512 dimidium;
2342 455 2397 500 et
2425 446 2491 500 de
2520 444 2666 515 sylva
2698 444 2873 515 fagina
2906 444 3128 498 bunaria
3160 459 3232 495 vn
3259 442 3487 496 etdiuii-

209 538 557 593 calumniam
587 538 1219 608 intulerit,distringente
1242 538 1392 603 fisco,
1416 537 1675 591 librarum
1699 549 1806 587 xxx
1910 538 2086 600 dium;
2115 538 2350 607 itemque
2380 538 2431 590 in
2484 536 2587 590 alio
2639 536 2755 590 loco
2798 544 3142 604 nuncupante
3181 532 3489 600 Quertliaco

205 633 499 687 solutione
539 633 827 698 multetur;
877 647 977 687 nec
1009 632 1079 687 sit
1106 632 1249 702 quod
1290 631 1483 699 repetit
1518 629 1803 691 evindicet,
1909 629 1990 685 vel
2018 630 2210 683 Broma
2243 630 2356 683 sive
2386 628 2680 682 Minthiaco
2710 627 2937 682 bunaria
2969 642 3038 679 xx
3068 625 3119 679 in
3148 639 3284 693 pago
3308 624 3488 678 Bono-

206 722 323 775 sed
370 723 483 779 haec
528 724 747 777 traditio
795 723 943 778 omni
992 731 1235 793 tempore
1284 722 1435 775 firma
1492 728 1809 791 permaneat
1910 722 2083 786 nensi,
2114 737 2274 790 super
2300 719 2462 774 fluvio
2488 721 2651 781 Elna;
2683 728 2739 773 et
2764 718 3030 787 mancipia
3063 733 3173 777 xix,
3204 716 3287 771 his
3316 716 3487 768 nomi-

200 826 350 865 cum
381 812 725 881 stipulatione
754 813 1001 867 subnixa.
1909 814 2067 868 nibus
2122 831 2135 866 :
2184 813 2409 875 Thiodo,
2466 812 2748 876 Ilatlialec,
2794 808 3113 879 Regenl‘cllr,
3162 806 3485 877 Waldburg,

294 923 319 955 α
366 906 559 960 Actum
588 905 789 966 .Sithiu
846 908 1206 969 monasterio,
1265 908 1317 961 in
1373 906 1599 961 ecclesia
1664 904 1805 960 beati
1909 903 2172 972 Iideborg,
2213 901 2459 965 Guodlia,
2506 900 2811 971 Sigeberth,
2858 898 3134 970 Rudborg,
3170 896 3485 960 Hirmelind,

195 994 371 1050 Petri
421 996 667 1066 apostoli,
710 1012 853 1052 anno
899 1014 1050 1063 xxvr,
1084 1009 1342 1069 regnante
1390 1000 1586 1053 domno
1613 997 1805 1053 Carolo
1904 995 2240 1066 lrmengard,
2283 994 2593 1065 Hildegard,
2632 994 2957 1065 Engelgard,
3002 992 3486 1062 Liodgard,Tane-

1906 1101 2073 1152 wara,
2106 1086 2457 1151 Vodolberta,
2506 1086 2682 1151 Bello,
2710 1084 3024 1149 Thiodl'red,
3063 1082 3324 1138 Ruotholf
3346 1083 3483 1154 (91).

198 1101 372 1141 rege.

273 1103 372 1157 ge.
1906 1103 2073 1152 wara,
2116 1103 2457 1151 vooomerta,
2507 1103 3024 1151 neuo,1mooireu,
3065 1103 3317 1138 uuomou
3346 1103 3483 1154 un).

285 1196 307 1223 α
369 1177 593 1249 Signum
640 1179 953 1235 Boudwaldi
980 1197 1069 1251 qui
1125 1182 1263 1236 hanc
1304 1181 1645 1235 traditionem
1678 1179 1806 1235 fecit
1906 1176 2029 1231 Haec
2055 1177 2233 1231 omnia
2272 1176 2338 1230 ad
2384 1178 2756 1247 prmscriptum
2807 1178 3191 1231 monasterium
3238 1175 3485 1243 legaliter

191 1266 586 1337 ﬁrmavitque.
1905 1269 2166 1323 tradimus
2195 1277 2357 1337 atque
2381 1268 2813 1323 transﬁrmamus
2840 1267 3221 1338 perpetualiter
3234 1266 3298 1320 ad
3312 1264 3487 1334 possi-

1904 1361 2155 1416 dendum.
2189 1360 2255 1413 Et
2283 1368 2569 1429 propterea
2608 1361 2909 1428 expetimus
2939 1375 2967 1413 a
2999 1359 3152 1414 vobis
3184 1372 3271 1413 res
3306 1355 3482 1412 eccle-

1902 1454 1995 1507 size
2022 1461 2215 1507 vestrae
2242 1452 2295 1505 in
2322 1452 2439 1506 lo‘co
2471 1461 2810 1521 nuncupante
2856 1450 3086 1521 Uphem,
3116 1452 3168 1504 in
3200 1464 3336 1520 pago
3379 1447 3483 1503 Bo-

1902 1546 2149 1611 nonensi,
2176 1561 2338 1614 super
2363 1544 2584 1599 ﬂuvium
2632 1544 2974 1599 Helicbruma
3010 1563 3024 1598 :
3058 1560 3306 1600 mansum
3354 1559 3478 1599 cum

282 1373 305 1407 ι
363 1354 589 1426 Signum
619 1356 927 1414 Trudberti.
966 1361 1189 1429 Signum
1224 1360 1499 1427 ﬂucberti,
1530 1361 1797 1416 advocati.

192 1444 447 1513 Signum
487 1447 745 1520 Adalgisi.
781 1450 1003 1520 Signum
1050 1451 1335 1505 Guntardi.
1387 1450 1608 1521 Signum
1657 1450 1806 1504 Hild-

190 1538 377 1591 mari.
411 1538 637 1610 Signum
670 1541 978 1611 Regemari.
1030 1543 1252 1612 Signum
1284 1543 1525 1597 Folradi.
1573 1542 1799 1613 Signum

186 1621 477 1686 Folmari.
510 1632 733 1701 Signum
766 1632 1104 1688 Vuillebaldi.

1866 1638 2024 1691 ‘casa
2068 1642 2123 1691 et
2179 1636 2299 1691 aliis
2338 1636 2588 1701 castitiis,
2635 1636 2885 1706 interque
2922 1636 3093 1706 ipsum
3129 1651 3373 1690 mansum
3423 1646 3480 1689 et

276 1739 300 1772 ε
353 1722 467 1793 Ego
514 1724 857 1792 lloldhertus,
889 1727 1145 1782 diaconus
1171 1736 1226 1782 et
1252 1728 1570 1794 monachus,
1600 1726 1792 1797 scripsi
1821 1707 1870 1769 Β
1901 1737 2099 1782 terram
2128 1727 2389 1783 arabilem
2421 1735 2475 1783 et
2499 1736 2734 1797 pratum,
2781 1728 3009 1782 bunaria
3058 1742 3086 1781 c
3125 1736 3178 1781 et
3210 1742 3279 1791 n;
3318 1733 3373 1780 et
3419 1725 3474 1778 in

89 1866 105 1877 ,
186 1823 253 1866 et
284 1813 609 1885 subscripsi.
643 1836 661 1867 ι

620 1906 751 1960 XLI.
793 1908 870 1961 De
902 1908 1158 1963 Hilduino
1190 1910 1392 1964 abbate.

268 1999 452 2069 (866.)
490 2000 729 2070 Itemque
765 2011 887 2071 post
925 2004 1058 2067 haec,
1091 2019 1233 2059 anno
1271 2004 1657 2059 incarnationis
1689 2006 1792 2059 Do-

178 2092 422 2145 minime
458 2092 579 2156 866,
611 2093 833 2149 Carolus
879 2110 971 2148 rex
1020 2094 1300 2152 Hnmfrido
1346 2097 1619 2151 abbatiam
1667 2111 1791 2152 cum

179 2177 469 2234 dedecore
512 2181 781 2247 auferens,
825 2183 1108 2249 Hilduino,
1158 2187 1449 2251 canonico,
1500 2203 1673 2257 nuper
1724 2188 1791 2243 de

176 2269 447 2326 Lotharii
490 2275 761 2330 senioratu
812 2276 879 2330 ad
929 2292 986 2331 se
1034 2293 1313 2344 converso,
1354 2280 1523 2344 dedit,
1569 2288 1791 2350 propter

179 2362 369 2418 libras
410 2380 514 2419 xxx
545 2369 686 2433 auri,
716 2384 814 2422 xm
844 2368 964 2423 Kal.
1002 2369 1149 2425 Julii.
1185 2369 1306 2436 Qui,
1354 2379 1412 2424 ut
1451 2372 1635 2436 credo,
1670 2372 1787 2427 loco

179 2451 345 2516 huic,
374 2454 483 2521 jam
520 2471 658 2525 pene
689 2458 937 2524 deciduo,
964 2458 1194 2514 donatus
1224 2476 1252 2513 a
1282 2462 1526 2527 Domino,
1561 2471 1786 2533 excepto

180 2543 401 2598 domno
428 2545 671 2613 Bertino,
704 2549 792 2617 qui
839 2550 1044 2618 primus
1084 2550 1240 2620 hujus
1278 2552 1379 2607 loci
1418 2563 1658 2609 structor
1686 2569 1783 2609 ex-

179 2634 371 2696 stitit,
428 2636 667 2691 omnium
720 2639 1180 2709 praedecessorum
1232 2656 1453 2697 suorum
1503 2652 1657 2697 actus
1709 2644 1783 2699 ita

179 2739 421 2778 suorum
449 2730 888 2796 compensatione
911 2731 1230 2797 anuullavit,
1254 2742 1313 2786 ut
1342 2734 1553 2800 merito,
1580 2736 1783 2804 absque

180 2812 379 2883 aliqua
418 2815 709 2881 oblivione,
741 2834 933 2873 nomen
967 2820 1082 2889 ejus
1117 2821 1169 2875 in
1206 2823 1462 2878 saeculum
1502 2826 1641 2894 apud
1684 2842 1782 2880 nos

180 2905 470 2959 habeatur
523 2908 575 2960 in
629 2909 1022 2967 benedictione.
1078 2912 1257 2969 Fallor
1306 2916 1408 2971 nisi
1464 2918 1565 2973 hoc
1615 2919 1779 2972 etiam

182 3004 469 3050 testantur
513 3009 677 3053 cartze
720 3018 868 3070 quae,
921 3006 1021 3059 sub
1065 3002 1181 3072 ejus
1230 3015 1469 3077 tempore
1516 3007 1688 3075 factae,
1725 3018 1779 3065 et

180 3084 311 3153 ejus
344 3086 527 3142 labore
555 3092 850 3160 acquisitaa,
872 3094 983 3161 jam
1019 3095 1106 3150 hic
1136 3105 1259 3151 sunt
1297 3098 1614 3153 inserendze.

287 3176 452 3233 XLII.
516 3179 753 3238 Traditio
821 3184 1085 3260 Heriberli
1155 3189 1219 3242 de
1287 3187 1577 3260 Campania
1633 3201 1681 3247 et

833 3255 1153 3321 Querth'aco.

255 3344 422 3397 Anno
483 3360 715 3415 namque
774 3349 1055 3418 regimiuis
1110 3351 1190 3404 sui
1256 3367 1328 3415 ιι,
1392 3368 1450 3405 ιιι
1509 3353 1777 3408 Kalendas

182 3432 532 3502 Septembris
560 3435 691 3505 (90),
722 3436 940 3504 quidam
968 3440 1068 3502 vir,
1104 3438 1419 3495 l-Ierihertus
1444 3442 1683 3506 nomine,
1723 3451 1777 3497 et

178 3522 386 3591 conqu
422 3523 539 3593 ejus
585 3525 909 3595 Megesinda,
941 3544 1063 3581 cum
1093 3530 1216 3584 filiis
1244 3529 1572 3587 Ellemberto
1614 3544 1776 3603 atque

182 3612 486 3682 Egilberto,
532 3616 872 3671 tradiderunt
915 3618 1138 3687 przefato
1174 3622 1371 3676 domno
1403 3623 1674 3688 Hilduino,
1706 3625 1772 3679 ad

176 3722 321 3774 opus
354 3709 687 3764 monasterio
722 3710 804 3763 sui
850 3709 1048 3776 Sithiu,
1079 3728 1166 3767 res
1202 3715 1549 3783 proprietatis
1577 3730 1687 3770 sua:
1716 3718 1771 3772 in

176 3796 304 3852 loco
336 3809 683 3869 nuncupante
721 3800 1096 3871 Campaniam,
1129 3804 1181 3857 in
1219 3820 1356 3875 pago
1397 3806 1767 3872 Tarvvanensi,

176 3890 324 3943 etin
367 3890 474 3943 alio
519 3890 638 3945 loco
681 3903 1022 3961 nuncupante
1065 3894 1397 3962 Quertliaco,
1428 3898 1511 3951 vel
1546 3898 1767 3963 Broma,

176 3978 293 4033 sive
325 3978 651 4045 Minthiaco;
692 3983 1020 4051 expetiitque
1048 3999 1145 4052 per
1174 3986 1492 4052 praecariam
1528 4001 1617 4041 res
1655 4001 1769 4041 mo-

176 4071 412 4126 nasterii
444 4070 652 4139 praefati
679 4074 912 4138 abbatis,
938 4076 989 4128 in
1019 4076 1136 4130 loco
1165 4086 1510 4147 nuncupante
1531 4078 1766 4148 Uphem,

177 4164 231 4217 iu
283 4179 426 4235 pago
469 4162 796 4231 Bononensi,
824 4167 906 4222 vel
938 4166 1163 4223 Vuilerze
1192 4170 1243 4223 in
1276 4170 1394 4240 ipso
1419 4185 1576 4242 pago,
1618 4171 1670 4224 in
1701 4186 1766 4225 eo

177 4264 395 4321 tenore,
435 4266 493 4311 ut
528 4259 715 4313 ambas
745 4275 830 4314 res
860 4262 1084 4316 traditas
1109 4271 1164 4315 et
1192 4272 1476 4331 przecatas,
1508 4265 1634 4318 dum
1665 4263 1764 4318 ad-

176 4348 434 4413 viverint,
468 4356 712 4404 tenerent
744 4352 841 4405 sub
879 4368 1043 4407 censu
1084 4338 1220 4406 infra
1258 4355 1480 4424 scripto.

573 4430 754 4497 XLIII.
798 4444 1083 4513 Exemplar
1117 4447 1372 4515 ejusdem.

249 4532 341 4602 (28
373 4532 511 4589 Nov.
544 4534 694 4605 867.)
731 4554 749 4586 ι
780 4536 1085 4591 Venerabili
1122 4538 1174 4591 in
1224 4539 1451 4595 Domino
1479 4541 1623 4597 Patri
1652 4541 1766 4596 Ilil-

178 4622 358 4687 duino,
389 4625 569 4680 abbati
596 4627 911 4681 monasterii
960 4628 1131 4682 sancti
1160 4627 1326 4693 Petri,
1374 4632 1636 4687 vocabulo
1667 4633 1764 4687 Si-

178 4715 316 4780 thiu,
346 4717 436 4771 ubi
469 4732 696 4788 corpora
732 4718 933 4773 Christi
982 4721 1189 4775 Domini
1240 4722 1609 4780 confessor-um
1651 4726 1761 4780 Au-

182 4804 388 4860 domari
422 4818 584 4873 atque
615 4810 817 4864 Bertini
870 4814 1239 4881 requiescunt,
1273 4830 1389 4880 nos,
1420 4817 1472 4869 in
1510 4818 1606 4874 Dei
1659 4835 1759 4874 no-

178 4899 343 4962 mine,
371 4900 688 4959 I-Ieribertus
719 4914 772 4959 et
801 4906 994 4974 conjux
1035 4925 1153 4964 mea
1186 4908 1515 4980 Megesinda,
1547 4929 1760 4970 necnon

179 5001 230 5045 et
260 4993 349 5048 lilii
392 4997 559 5052 nostri
608 4998 967 5055 Ellembertus
995 5013 1157 5073 atque
1184 5003 1509 5075 Egilbertus,
1555 5008 1760 5078 pariter

177 5084 465 5141 traditores
507 5097 563 5142 et
599 5099 948 5171 .praacatores.
980 5094 1267 5149 Tradimus
1297 5097 1478 5166 itaque
1527 5100 1592 5152 ad
1622 5114 1757 5167 prte-

180 5188 430 5210 εηοὶηΙ--Μ
477 5188 862 5210 η--ι.-,.-.ί-..ἶ-..υι
904 5203 992 5210 ..-μ
1014 5192 1071 5210 -n!
1116 5188 1257 5210 “Aa”!
1291 5206 1341 5210 μ-

1896 1820 2002 1875 alio
2055 1819 2172 1875 Ioco
2217 1829 2562 1889 nuncupante
2610 1819 2836 1874 Wileria
2884 1821 2937 1874 in
2976 1820 3093 1890 ipso
3137 1832 3293 1889 pago,
3319 1817 3474 1886 juxta

1892 1910 2211 1980 praedictum
2239 1909 2469 1964 rivulum
2516 1908 2740 1964 bunaria
2785 1925 2818 1962 χ
2861 1918 2915 1963 et
2944 1925 3038 1963 vni
3069 1924 3191 1963 cum
3237 1908 3475 1977 ipsorum

1892 1999 2137 2055 locorum
2185 2000 2385 2069 perviis
2415 1999 2669 2069 legitimis
2714 2007 2767 2053 et
2802 1998 3187 2067 wadriscapis;
3219 2006 3272 2051 et
3322 2012 3476 2050 man-

1891 2092 2029 2161 cipia
2055 2109 2156 2145 xxx
2180 2101 2235 2147 et
2255 2109 2349 2146 vm
2372 2092 2456 2146 his
2478 2091 2815 2145 nominibus:
2835 2090 3115 2151 Asbertus,
3144 2088 3472 2152 Hildewara,

1890 2182 2253 2247 Grimbertus,
2302 2182 2598 2253 Egelwara,
2644 2180 3004 2246 Ostoibertus,
3053 2180 3264 2243 Radlia,
3307 2178 3471 2234 Geld-

1889 2290 2057 2337 wara,
2107 2274 2395 2342 Liodrada,
2440 2275 2703 2346 Ereprad,
2754 2276 3080 2337 Stillewara,
3137 2273 3469 2337 Harduinus,

1888 2365 2185 2437 Ilildborg,
2233 2366 2436 2432 Immo,
2490 2366 2806 2437 Thegenrad
2834 2407 2848 2431 ,
2900 2365 3203 2436 Megelind,
3255 2363 3466 2429 Alfrec,

1885 2457 2150 2523 Folclind,
2198 2458 2450 2522 Adalind,
2504 2459 2631 2512 item
2683 2457 2967 2527 Megelind,
3001 2454 3318 2525 Regenlind,
3359 2452 3469 2507 Me-

1886 2547 2174 2611 tendrodh,
2222 2548 2568 2612 Eumbertus,
2615 2548 2895 2615 Hincmar,
2944 2548 3192 2612 Rotsind,
3245 2546 3462 2617 Megen-

1884 2654 2073 2709 gnara,
2108 2638 2424 2705 Thiodsind,
2477 2641 2748 2702 lrmelind,
2802 2640 3114 2707 Lodwinus,
3161 2638 3464 2711 Ehgelhild,

1883 2729 2215 2797 Irmenhild,
2288 2730 2642 2802 Erkenbrog,
2716 2731 3069 2799 Megensiud,
3132 2729 3463 2793 Markwara,

1882 2824 2146 2895 Frunger,
2173 2823 2427 2890 ldwinus,
2460 2825 2754 2886 Folcwara,
2797 2823 3090 2893 Trasborg,
3129 2820 3459 2892 Regenlind;

1880 2916 2058 2980 nobis,
2091 2925 2198 2970 tam
2228 2917 2359 2971 mihi
2391 2933 2551 2986 quam
2582 2926 2635 2971 et
2666 2915 2878 2986 conjugi
2913 2931 3043 2969 ruere
3082 2913 3460 2983 Megensindze,

1883 3005 1965 3057 vel
1995 3007 2266 3075 praedictis
2304 3007 2426 3061 llliis
2456 3008 2677 3071 nostris,
2707 3006 2789 3060 vel
2823 3006 2864 3059 si
2897 3006 3052 3061 nobis
3071 3005 3280 3059 duobus
3303 3003 3461 3057 simul

1882 3099 2324 3154 convenientibus
2362 3100 2502 3155 Deus
2546 3100 2719 3155 adhuc
2763 3099 2958 3154 liberos
3006 3097 3235 3161 dederit,
3290 3096 3461 3149 amba:

1883 3207 1970 3245 res
2016 3194 2360 3263 praescriptze,
2412 3202 2519 3247 tam
2560 3208 2653 3248 eas
2691 3208 2824 3262 quas
2874 3192 3121 3247 dedimus
3150 3205 3311 3260 quam
3340 3188 3461 3243 illas

1878 3300 2014 3354 quas
2038 3287 2359 3354 expetimus,
2386 3286 2538 3339 nobis
2566 3285 2815 3339 omnibus
2843 3282 3194 3353 praescriptis,
3220 3281 3457 3351 quandiu

1878 3377 2261 3439 advixerimus,
2278 3394 2373 3447 per
2393 3377 2707 3449 prmcariam
2731 3376 3039 3431 concedatis
3060 3375 3125 3429 ad
3150 3373 3456 3428 usitandum

1878 3482 1941 3523 ac
1976 3467 2407 3533 meliorandum;
2460 3483 2522 3521 ea
2556 3468 2765 3521 ratione
2792 3476 2871 3531 ut,
2903 3466 3059 3520 annis
3108 3463 3352 3534 singulis,
3387 3463 3455 3516 ad

1876 3558 2227 3613 festivitatem
2273 3559 2445 3613 sancti
2476 3557 2703 3621 Bertini,
2752 3572 2871 3626 quze
2908 3564 2991 3611 est
3020 3554 3186 3609 Nonis
3212 3552 3457 3623 Septem-

1852 3650 2011 3714 bris,
2042 3649 2241 3704 solidos
2280 3665 2338 3704 ιιι
2368 3651 2420 3702 in
2451 3664 2670 3703 censum
2706 3647 3072 3719 persolvamus
3095 3644 3373 3699 monachis
3399 3643 3452 3695 in

1874 3739 1992 3809 ipso
2021 3740 2353 3795 monasterio
2384 3739 2492 3795 Deo
2522 3738 2929 3802 l'amulantibus,
2971 3746 3046 3801 et,
3090 3745 3213 3806 post
3245 3734 3451 3790 obitum

1873 3840 2117 3885 nostrum
2169 3832 2417 3894 duorum,
2471 3830 2566 3884 filii
2617 3830 2786 3884 nostri
2827 3829 3027 3883 solidos
3063 3844 3115 3893 v,
3167 3828 3218 3880 in
3263 3825 3453 3879 eadem

1871 3922 2184 3987 festivitate,
2213 3923 2542 3993 persolvant,
2575 3924 2830 3994 ipsasque
2860 3923 2912 3975 in
2952 3920 3097 3973 nullo
3130 3918 3452 3987 naufragare

1871 4023 2201 4084 prmsumant
2234 4030 2351 4081 res;
2381 4014 2496 4080 sed,
2529 4024 2648 4085 post
2696 4023 3004 4068 nostrorum
3048 4012 3287 4067 omnium
3337 4010 3451 4063 dis—

1869 4120 2102 4170 cessum,
2152 4106 2295 4175 ipsas
2346 4121 2455 4172 res,
2512 4114 2620 4159 tam
2650 4120 2786 4174 quas
2838 4104 3102 4158 tradimus
3146 4117 3304 4172 quam
3356 4116 3451 4155 eas

1869 4213 2004 4267 quas
2049 4198 2377 4268 accepimus,
2423 4197 2667 4252 monachi
2718 4195 2927 4268 prmfati
2973 4195 3282 4249 monasterii
3326 4209 3449 4248 cum

1866 4288 2014 4343 omni
2062 4288 2485 4344 ennehoratione
2532 4287 2814 4355 recipiant.
2865 4285 2921 4340 Si
2965 4285 3087 4354 quis
3125 4298 3273 4347 vero,
3307 4281 3450 4351 quod

1788 4415 1843 4473 Β
1872 4379 2107 4435 futurum
2160 4395 2264 4435 non
2318 4378 2502 4441 credo,
2552 4378 2597 4431 si
2652 4386 2865 4432 nosmet
2913 4376 3036 4446 ipsi,
3070 4384 3161 4430 aut
3200 4373 3449 4442 quislibet

1867 4482 2182 4537 extraneus,
2213 4471 2337 4525 huic
2364 4469 2635 4523 traditioni
2668 4467 2964 4538 frangendo
2995 4466 3299 4527 tentaverit,
3330 4465 3448 4517 auri

1869 4563 2058 4617 uncias
2087 4578 2177 4626 xx,
2203 4561 2411 4630 argenti
2444 4560 2681 4630 pondera
2709 4576 2815 4614 xxx
2842 4558 3169 4629 prmscriptis
3192 4556 3449 4611 fratribus

1868 4663 2086 4711 coactus
2117 4653 2380 4718 exsolvat,
2430 4667 2532 4707 nec
2578 4653 2806 4722 repetita
2853 4649 3157 4714 evindicet;
3203 4648 3296 4701 sed
3333 4650 3449 4702 hac

1867 4747 2090 4801 traditio
2119 4746 2271 4800 ﬁrma
2302 4754 2768 4824 permaneatcum
2806 4744 3152 4815 stipulatione
3195 4744 3445 4798 subnixa.

1942 4864 1959 4893 ς
1988 4844 2178 4897 Actum
2230 4842 2282 4895 in
2318 4840 2648 4897 monasterio
2678 4840 2849 4893 sancti
2882 4837 3055 4900 Petri,
3086 4836 3227 4905 quod
3272 4836 3449 4892 Sithiu

1864 4947 2109 5001 vocatur,
2139 4952 2189 4989 tv
2216 4936 2481 4990 Kalendas
2508 4931 2840 4999 Decembris,
2889 4947 3034 4991 anno
3067 4944 3231 4981 xxvm
3275 4930 3455 4987 Caroli

1864 5030 2006 5099 regis
2038 5028 2129 5082 lilii
2158 5029 2433 5083 Ludovici.

1939 5143 1955 5173 ι
1980 5121 2199 5192 Signum
2228 5120 2495 5175 Heriberti
2523 5128 2578 5174 et
2608 5118 3014 5190 Megesindanze
3065 5123 3120 5167 Cl
3149 5113 3467 5175 Ellcmberti
