3982 5292
556 267 695 324 1243

1629 260 1952 330 FOLQUINI
1994 261 2051 316 S.
2094 260 2368 317 BERTINI
2409 262 2715 320 MONACIII

3664 264 3801 320 12ίὲ

556 378 826 437 adsocati.
859 376 1080 447 Signum
1126 374 1402 430 Ricuardi.
1451 373 1674 447 Signum
1705 374 1996 429 Foldbcrti.
2042 372 2125 429 Si-
2156 377 2200 435 Α
2229 389 2347 434 erat
2385 395 2557 434 annus
2600 379 2890 436 Dominica:
2933 379 3320 435 incarnationis
3362 379 3488 441 869,
3536 380 3809 449 gloriosus

558 485 721 541 gnum
752 468 997 529 Baronis,
1024 466 1232 521 dccani.

638 581 657 614 ι
682 562 794 630 Ego
820 557 1181 623 Grinibaldus,
1213 557 1472 612 diaconus
1499 566 1552 612 ct
1588 556 1911 621 monachus,
1938 550 2136 624 scripsi

565 662 617 705 et
645 650 956 721 subscripsi.
992 669 1010 703 ι

566 741 743 798 XLIV.
789 740 1024 794 Tradilio
1058 738 1286 794 Liodrici
1318 738 1381 793 de
1422 737 1676 795 Meiter-ias
1710 748 1758 793 et
1805 737 2141 810 Heingasele.

631 833 831 889 Eodem
858 848 1069 902 quoque
1090 832 1141 885 di
1162 847 1198 897 ι,
1225 832 1305 886 vir
1325 832 1564 900 quidam,
1592 831 1871 887 Liodricus
1897 833 2144 895 nomine,

564 924 784 979 tradidit
828 922 1053 993 praefato
1092 923 1269 976 abbati
1319 921 1573 976 Hilduino
1619 938 1731 977 rem
1776 922 2138 993 possessionis

563 1029 696 1079 sum,
728 1014 780 1066 in
829 1012 949 1067 loco
996 1019 1342 1082 nuncupante
1388 1010 1672 1078 Mckerias,
1715 1021 1770 1067 et
1798 1012 1851 1067 in
1883 1011 1990 1067 alio
2021 1012 2149 1065 loco

564 1111 909 1174 nuncupante
954 1103 1299 1174 Hcingaselc;
1330 1102 1660 1173 expetiitqne
1686 1118 1782 1173 per
1824 1104 2138 1172 praecariam

564 1194 780 1250 easdem
816 1208 921 1258 res,
951 1208 1072 1248 cum
1103 1193 1204 1248 alia
1237 1201 1381 1248 terra
1426 1192 1739 1247 monasterii
1769 1191 1947 1247 Sitbiu
1981 1207 2141 1246 voca-

563 1286 688 1343 bulo
715 1285 1187 1357 Vualdringahem,
1221 1285 1273 1339 in
1305 1285 1448 1341 hunc
1476 1284 1715 1339 modum.

1098 1375 1258 1430 XLV.
1306 1372 1608 1445 Exemplar.

542 1518 547 1523 .
635 1468 726 1540 (28
753 1468 887 1526 Nov.
912 1468 1061 1539 867.)
1082 1488 1098 1520 ι
1122 1468 1330 1523 Domno
1349 1464 1935 1532 venerabiliHilduino,
1961 1465 2151 1521 abbati

565 1559 634 1615 de
679 1558 1010 1614 monasterio
1052 1557 1228 1613 sancti
1276 1556 1420 1612 Petri
1475 1567 1895 1628 sanctorumque
1943 1556 2145 1613 Christi

564 1649 937 1705 confessorum
966 1649 1260 1704 Audomari
1310 1658 1471 1718 atque
1512 1648 1736 1715 Bertini,
1763 1648 2024 1706 vocabulo
2055 1646 2142 1702 Si-

2235 468 2534 525 Taruennte
2577 470 2814 526 civitatis
2859 470 3049 539 prtesul
3081 469 3393 525 Humlridus
3440 470 3701 539 migravit
3741 473 3805 526 ad

2234 559 2561 624 Dominum,
2601 575 2697 614 vni
2748 558 2873 615 Idus
2929 559 3102 615 Martii
3169 570 3225 614 et
3284 561 3635 629 episcopatus
3695 562 3809 629 ejus

2236 667 2377 706 anno
2424 668 2521 717 xv;
2554 652 2640 706 c'ui
2692 652 2744 707 in
2795 651 3151 721 episcopalem
3197 651 3513 707 cathedram
3548 655 3811 705 successit

2236 742 2529 807 Accardus,
2559 760 2668 801 xvu
2700 742 2816 798 Kal.
2846 742 3115 804 Octobris.
3146 743 3451 797 ordinatus.
3494 741 3659 795 Anno
3685 757 3816 810 quo-

2237 848 2343 904 que
2373 835 2632 895 insecuto,
2663 835 2878 889 siccitas
2903 850 3091 904 magna
3114 835 3167 890 in
3193 849 3378 890 mense
3407 832 3612 888 accidit
3635 830 3813 897 Junio,

2238 934 2294 979 et
2322 940 2490 995 usque
2520 925 2572 980 in
2605 925 2781 981 medio
2808 926 3066 996 Angusto,
3091 934 3146 980 et
3168 935 3285 996 post
3308 924 3459 980 venit
3483 923 3815 980 locustarum

2240 1015 2522 1071 innumera
2573 1016 2903 1080 multitudo,
2952 1016 3149 1072 virides
3204 1016 3402 1072 herbas
3461 1028 3820 1083 annonasqne

2241 1112 2640 1159 consumentes.
2676 1104 2987 1159 Nortmanni
3021 1120 3255 1176 quoque,
3287 1106 3476 1161 eodem
3510 1119 3685 1165 anno,
3711 1102 3854 1170 Anq

2241 1192 2464 1262 degavis
2540 1194 2888 1271 perveniunt,
2941 1194 3245 1264 multosque
3318 1194 3587 1265 puniunt;
3641 1192 3736 1247 sed
3794 1208 3821 1244 a

2241 1284 2470 1340 Francis
2498 1280 2726 1351 obsessi,
2755 1286 2893 1342 datis
2921 1286 3217 1350 obsidibus,
3247 1300 3305 1340 se
3341 1299 3565 1355 quoque
3607 1283 3823 1338 deduc.

2315 1395 2520 1452 XLVII.
2560 1393 2913 1450 Commutatio
2961 1396 3138 1449 domui
3175 1397 3379 1451 abbatis
3418 1394 3679 1449 Hilduini
3714 1406 3760 1446 et

2899 1464 3166 1536 Rodfridi.

2318 1556 2490 1628 (875.)
2526 1556 2655 1613 Post
2682 1557 2795 1613 haec
2836 1569 3015 1613 autem
3044 1599 3059 1624 ,
3100 1574 3244 1614 anno
3289 1556 3500 1627 praelati
3546 1554 3697 1624 regis
3732 1553 3830 1609 Ca—

2249 1649 2347 1706 roli
2373 1665 2541 1714 xxxv,
2587 1649 2788 1719 placuit
2812 1649 3069 1720 praedicto
3096 1649 3275 1705 abbati
3307 1647 3591 1711 Hilduino,
3633 1657 3689 1700 et
3725 1645 3830 1700 cui-

567 1744 704 1809 thiu,
732 1756 832 1814 ego
861 1742 915 1798 in
964 1741 1062 1798 Dei
1097 1742 1338 1807 nomine,
1382 1740 1663 1798 Liodricus
1704 1741 1956 1805 traditor,
1987 1720 2221 1796 simnl~B
2249 1740 2373 1796 dam
2396 1741 2514 1794 viro
2540 1739 2863 1804 llrodfrido,
2882 1746 2942 1793 ut
2992 1754 3082 1795 res
3104 1754 3290 1796 eorum
3326 1740 3473 1793 inter
3499 1752 3565 1792 se
3592 1750 3828 1790 commu-

573 1847 630 1890 et
654 1844 939 1905 praecalor.
970 1834 1120 1889 Dono
1156 1833 1317 1905 igitur
1345 1834 1710 1904 donatumque
1739 1834 1793 1888 in
1829 1840 2152 1903 perpetuum

568 1941 692 1981 esse
740 1925 859 1980 volo
913 1924 1181 1996 legaliter,
1207 1940 1305 1995 per
1341 1922 1603 1982 festucam
1652 1934 1706 1979 et
1754 1924 2151 1993 audelaginem,

575 2033 692 2073 rem
720 2016 1065 2086 proprietatis
1097 2030 1230 2070 mea:
1261 2016 1312 2070 in
1344 2014 1462 2071 loco
1492 2023 1837 2085 nuncupante
1865 2014 2149 2078 Mckerias,

571 2108 626 2163 in
656 2123 794 2178 pago
840 2106 1224 2170 Terwanensc,
1275 2104 1413 2160 infra
1460 2104 1857 2176 Mcmpiscum:
1905 2120 2151 2161 mansum

571 2216 694 2257 cum
722 2215 868 2267 casa,
899 2210 974 2267 et,
1004 2200 1147 2254 inter
1171 2199 1345 2269 ipsum
1373 2214 1617 2253 mansum
1651 2208 1706 2254 et
1750 2209 1948 2254 terram
1976 2199 2153 2253 arabi-

573 2292 701 2357 lcm,
732 2291 1019 2347 bunarium
1048 2308 1063 2345 ι
1094 2301 1151 2346 et
1171 2290 1437 2360 jornalem
1466 2308 1520 2356 t;
1552 2300 1606 2346 et
1639 2292 1690 2346 in
1729 2291 1837 2346 alio
1866 2291 1984 2346 loco
2014 2306 2153 2345 nuu-

576 2393 810 2456 cupante
853 2383 1194 2454 Heingasele,
1238 2384 1291 2438 in
1325 2398 1460 2454 pago
1486 2385 1878 2454 suprascripto,
1908 2384 1974 2461 de
2010 2389 2157 2437 terra

574 2478 803 2532 bunaria
846 2494 902 2544 v,
946 2492 1107 2547 super
1136 2476 1354 2531 ﬂuvium
1395 2474 1566 2537 lsera,
1598 2491 1699 2530 una
1748 2490 1870 2531 cum
1918 2475 2156 2544 ipsorum

579 2568 822 2625 locorum
852 2567 1322 2639 perviislegitimis
1343 2576 1400 2622 et
1412 2566 1801 2637 Wadriscapis.
1818 2567 1884 2621 Et
1914 2574 2159 2637 propter-

577 2674 641 2712 ea
695 2659 930 2728 expetivi
958 2658 1111 2713 vobis
1153 2674 1265 2712 rem
1311 2657 1555 2737 ecclesia:
1584 2665 1796 2723 vestrae,
1826 2657 1930 2713 hoc
1973 2667 2075 2721 est,
2106 2657 2158 2711 in

579 2749 700 2806 loco
755 2759 1068 2822 nuncupata
1118 2750 1609 2822 Vualdringahem,
1651 2751 1704 2806 in
1752 2764 1892 2821 pago
1940 2749 2162 2806 Tarwa-

2250 1841 2469 1895 tarent;
2518 1833 2663 1902 quod
2719 1842 2772 1887 et
2822 1832 3107 1897 fecerunt,
3163 1833 3464 1888 secundum
3519 1831 3667 1884 hinc
3714 1842 3827 1881 mo-
3870 1892 3885 1905 ο

2251 1922 2400 1977 dum.

2322 2012 2549 2068 XLVIII.
2589 2010 2683 2080 (I6
2719 2012 2881 2071 Mart.
2923 2013 3070 2084 875.)
3096 2033 3115 2065 ι
3151 2013 3206 2067 In
3252 2012 3479 2067 nomine
3508 2011 3822 2066 Dominino-

2252 2104 2350 2160 stri
2379 2102 2504 2161 Iesu
2532 2104 2754 2160 Christi.
2781 2104 2988 2160 Placuit
3017 2113 3177 2175 atque
3201 2104 3461 2160 convenit
3509 2104 3660 2158 inter
3683 2118 3828 2158 vene—

2255 2194 2480 2251 rabilem
2524 2195 2701 2249 virum
2732 2195 3067 2261 Hilduinum,
3104 2194 3356 2250 abbatem
3381 2194 3709 2248 monasterii
3734 2193 3832 2248 Sit-

2256 2283 2348 2339 hiu
2401 2284 2575 2339 sancti
2620 2283 2807 2349 Petri,
2850 2282 2941 2338 ubi
2984 2292 3295 2338 sanctorum
3338 2281 3648 2337 Andomari
3692 2292 3834 2351 atque

2255 2372 2461 2429 Bertini
2483 2387 2710 2442 corpora
2741 2381 2992 2443 pausant,
3039 2380 3099 2451 et
3121 2386 3335 2426 onmem
3364 2372 3835 2441 congregationem

2258 2465 2429 2536 ipsius
2478 2464 2816 2528 monasterii,
2875 2474 2931 2519 et
2957 2464 3099 2518 inter
3124 2462 3413 2533 quemdam
3440 2463 3730 2517 hominem
3756 2478 3838 2515 no-

2259 2557 2407 2614 mine
2455 2555 2829 2622 llrotfridum,
2882 2564 2941 2611 ut
2995 2556 3252 2626 quasdam
3301 2570 3394 2611 res
3419 2556 3529 2610 sibi
3553 2564 3853 2626 opportune

2261 2657 2703 2714 commutarent;
2756 2646 3127 2718 feceruntque.
3154 2647 3311 2703 Dedit
3342 2648 3534 2717 itaque
3559 2648 3855 2717 praedictas

2260 2740 2594 2796 venerabilis
2621 2740 2810 2805 abbas,
2851 2755 2917 2795 ex
2944 2747 3096 2810 parte
3143 2739 3460 2794 monasterii
3488 2738 3605 2801 sui,
3637 2737 3843 2806 prwrato

580 2845 759 2911 nensi,
788 2860 950 2916 super
992 2844 1211 2900 ﬂuvium
1256 2844 1446 2915 Dilgia,
1486 2857 1733 2900 mansum
1773 2858 1896 2899 cum
1926 2857 2073 2909 casa,
2108 2850 2164 2898 et
2263 2829 2570 2897 HI‘OIfI‘idO.
2599 2830 2800 2887 inloco
2830 2837 3138 2900 nuncupalo
3184 2827 3476 2890 Stratsele,
3509 2842 3682 2897 stipe;
3702 2826 3847 2881 ﬂuvio

584 2937 726 2992 inter
751 2937 926 3006 ipsum
952 2951 1198 2991 mansum
1224 2944 1281 2991 et
1309 2944 1510 2993 terram
1542 2935 1802 2991 arabilem
1835 2933 1918 2990 vel
1946 2942 2161 3005 pratum

2268 2921 2482 2997 Wiopa,
2506 2922 2559 2977 in
2585 2934 2721 2995 pago
2749 2919 3134 2984 Tarwaneuse,
3165 2919 3308 2973 intra
3347 2917 3719 2988 Mempiscum
3738 2931 3844 2969 car-

583 3026 815 3084 bunaria
846 3043 924 3085 xu
953 3036 1010 3082 et
1034 3027 1337 3091 dimidium,
1378 3041 1484 3081 una
1513 3041 1636 3084 cum
1665 3025 1866 3097 perviis
1908 3022 2165 3095 legitimis
2269 3017 2418 3074 tilem
2461 3018 2512 3074 id
2557 3022 2661 3084 est,
2690 3029 2812 3070 cum
2834 3012 3066 3069 castitiis
3088 3029 3104 3079 ;
3129 3021 3207 3078 et,
3227 3009 3587 3080 intcr'ipsum
3614 3006 3845 3065 cunila

586 3125 643 3174 et
687 3115 1077 3189 wadriscapis,
1124 3127 1233 3172 tam
1283 3116 1411 3172 mihi
1461 3132 1624 3187 quam
1671 3125 1727 3172 et
1766 3114 2005 3186 coniuga;
2034 3129 2167 3170 mea:
2193 3103 2240 3167 ο
2272 3119 2326 3165 et
2352 3118 2566 3182 pratum
2620 3123 2684 3165 ac
2730 3116 2935 3165 terram
2974 3102 3537 3171 arahilem,.bunaria
3579 3117 3692 3167 ης
3720 3099 3859 3156 etde-

587 3206 953 3278 Aldgndanze,
980 3208 1061 3263 vel
1105 3207 1232 3264 ﬁliis
1271 3207 1471 3263 nostris
1518 3206 1789 3271 Liudrico,
1837 3203 2166 3268 Crimberto,
2268 3200 2416 3273 sylva
2449 3198 2673 3255 bunaria
2703 3214 2758 3263 ι,
2797 3213 2907 3252 una
2932 3212 3053 3254 cum
3079 3195 3317 3266 ipsorum
3339 3192 3594 3251 locorum
3630 3196 3855 3248 comm

591 3299 901 3358 Bocbodoni
927 3344 943 3369 ,
993 3301 1301 3372 Odgudauze
1324 3343 1339 3368 ,
1391 3299 1671 3358 lliltrudze.
1719 3296 1995 3352 Bertrudze
2032 3295 2166 3368 (92),
2270 3292 2397 3355 niis,
2426 3290 2629 3361 perviis
2678 3288 2934 3360 legitimis
2972 3296 3027 3341 et
3065 3285 3556 3354 wadriscapis.Et,
3588 3298 3623 3337 e
3651 3291 3847 3341 contra,

592 3396 831 3467 quandiu
876 3396 1243 3452 advixerimus
1272 3394 1338 3449 ad
1386 3392 1738 3448 excolendum
1775 3400 1830 3445 et
1862 3390 2169 3445 usitandum

592 3488 676 3543 vel
709 3486 1132 3542 emeliorandum
1163 3495 1347 3539 tenere
1374 3484 1700 3545 debeamus;
1735 3489 1789 3535 et
1817 3488 1897 3546 ut,
1927 3480 1993 3534 ad
2024 3477 2175 3535 festi-
2214 3502 2223 3509 -

594 3582 817 3637 vitalem
863 3580 1040 3636 sancti
1075 3579 1302 3645 Bertini,
1336 3595 1456 3649 qua!
1504 3586 1589 3635 est
1616 3577 1780 3632 Nonis
1820 3574 2173 3645 Septembris,

598 3674 757 3729 annis
784 3672 1029 3742 singulis,
1061 3686 1162 3741 ego
1190 3682 1244 3726 et
1272 3670 1468 3738 coniux
1497 3684 1636 3735 mea,
1667 3684 1766 3738 pro
1795 3677 1979 3722 vestro
2014 3668 2179 3722 bene-

597 3762 743 3828 ﬁcio,
775 3763 1026 3817 denarios
1056 3778 1109 3817 v1
1141 3763 1207 3817 ad
1235 3762 1548 3832 prmdictum
1574 3759 1965 3816 monasterium
1993 3772 2180 3813 mona-

598 3854 719 3909 chis
747 3853 875 3909 inibi
907 3854 1016 3907 Deo
1044 3850 1425 3908 famulantibus
1458 3849 1822 3904 transsolvere
1855 3847 2177 3912 debeamus;

602 3943 696 3997 ﬁlii
726 3952 903 3997 autem
945 3943 1137 4007 nostri,
1178 3951 1303 4010 post
1349 3956 1447 3996 nos
1478 3939 1705 3996 solidum
1760 3955 1774 3993 ι
1827 3938 2040 3993 solvere
2085 3939 2183 3992 de-

602 4032 791 4097 beant,
824 4033 1074 4102 ipsasque
1128 4049 1216 4088 res
1253 4042 1359 4086 tam
1389 4047 1486 4088 eas
1527 4046 1664 4102 quas
1711 4031 1978 4097 dedimus,
2022 4043 2183 4099 quam

604 4120 726 4175 illas
751 4137 887 4191 quas
916 4123 1236 4191 expetimus,
1285 4136 1384 4176 nec
1410 4122 1541 4177 dare
1570 4136 1671 4176 nec
1712 4122 1946 4177 vendere
1985 4134 2087 4175 nec
2131 4119 2187 4174 in

2272 3383 2326 3438 in
2359 3381 2857 3452 compensationem
2891 3380 3118 3434 istarum
3145 3392 3350 3443 rerum,
3381 3376 3541 3431 dedit
3576 3375 3849 3445 praedicata

2272 3476 2359 3531 vir
2399 3472 2709 3529 llrotl'ridus
2751 3470 2975 3542 praefato
3014 3467 3304 3523 venerabili
3354 3466 3572 3529 abbati,
3624 3480 3697 3519 ex
3742 3476 3852 3532 pre-

2274 3568 2508 3637 prietate
2530 3581 2649 3629 sua,
2677 3564 2732 3619 in
2762 3563 2881 3618 loco
2912 3571 3256 3629 nuncupante
3280 3557 3617 3619 Crumbeke,
3652 3556 3710 3610 in
3732 3568 3854 3624 pago

2278 3658 2667 3720 Tarvranense,
2695 3655 2835 3709 intra
2863 3652 3235 3721 Mempiscum,
3285 3662 3454 3717 super
3480 3645 3711 3700 ﬂuvium
3744 3642 3851 3697 Fle-

2281 3763 2453 3815 terna,
2504 3749 2727 3805 curtilcs
2767 3762 2808 3802 ιι
2848 3760 2969 3801 cum
3000 3743 3270 3807 castitiis;
3300 3749 3358 3794 et
3383 3740 3528 3793 intra
3567 3739 3722 3807 ipsos
3745 3750 3863 3789 cur.

2282 3844 2404 3899 tiles
2427 3853 2484 3898 et
2510 3850 2729 3913 pratum
2764 3854 2829 3895 ac
2867 3847 3068 3893 terram
3097 3832 3356 3889 arabilem
3396 3830 3639 3886 bunaria
3668 3840 3854 3887 sunt;

2283 3945 2340 3990 ct
2380 3936 2447 3989 de
2476 3934 2623 4005 sylva
2655 3931 2881 3988 bunaria
2930 3943 3028 3993 vn,
3051 3936 3107 3982 et
3129 3924 3399 3995 jornalem
3428 3932 3529 3977 ret
3560 3920 3857 3976 dimidium.

2286 4044 2393 4083 una
2415 4043 2539 4083 cum
2579 4026 2818 4097 ipsorum
2848 4023 3089 4078 locorum
3117 4015 3464 4079 communiis,
3501 4013 3716 4083 perviis
3744 4010 3861 4077 legi.

2290 4120 2438 4175 timis
2488 4128 2545 4174 et
2593 4113 2965 4184 vvadriscapis.
3011 4111 3080 4168 Ut
3110 4117 3292 4166 autem
3336 4108 3460 4161 haec
3507 4104 3862 4160 commutatio

606 4210 758 4267 nullo
797 4212 1118 4283 naufragare
1168 4222 1491 4281 potestatem
1550 4211 1877 4278 habeamus;
1926 4211 2019 4267 scd
2067 4218 2190 4282 post
2291 4212 2448 4267 ﬁrma
2508 4218 2847 4282 permaneat,
2898 4208 3034 4262 duas
3078 4200 3334 4273 epistolas
3373 4212 3484 4252 uno
3528 4204 3729 4250 tenore
3750 4208 3864 4247 coa-

607 4310 853 4358 nostrum
879 4302 1118 4358 omnium
1143 4302 1368 4367 obitum,
1395 4300 1567 4357 ambat
1597 4316 1684 4357 res
1713 4316 1835 4355 cum
1864 4300 2010 4357 omni
2044 4313 2191 4357 ame-

2293 4304 2524 4374 scriptas
2551 4302 2667 4357 ﬁeri
2696 4301 3074 4363 decreverunt,
3108 4302 3170 4349 ut
3189 4291 3331 4363 quod
3364 4288 3469 4345 sibi
3499 4294 3867 4355 competenter

607 4393 935 4460 Iioratione,
990 4409 1019 4448 a
1070 4394 1350 4450 monachis
1408 4392 1797 4464 perpetualiter
1856 4391 2192 4463 possidenda:
2222 4463 2249 4466 Α
2294 4394 2648 4466 legaliterque
2692 4388 3041 4445 contulerunt
3093 4383 3325 4440 ﬁrmiter
3364 4386 3613 4443 teneant,
3645 4385 3868 4466 postque

609 4487 958 4558 recipiantur.
991 4486 1116 4542 Haec
1141 4501 1269 4556 ergo
1300 4463 1537 4551 traditio,
1564 4500 1691 4541 cum
1721 4484 2002 4557 prazcaria,
2036 4482 2189 4538 ﬁrma
2219 4463 2267 4523 θ
2292 4463 2499 4559 praefati
2544 4480 2808 4539 Hrotl‘ridi
2852 4489 2910 4536 et
2953 4478 3185 4534 ﬁliorum
3229 4473 3346 4545 ejus
3369 4474 3678 4533 decessum.
3710 4464 3871 4520 ambs

609 4580 990 4650 perpetualiter
1015 4587 1347 4651 permaneat,
1376 4577 1723 4649 stipulatione
1746 4578 1996 4634 subnixa.

685 4690 707 4726 ι
735 4672 928 4728 Actum
956 4671 1271 4729 monasterii
1298 4670 1495 4735 Sithiu,
1522 4670 1577 4725 in
1609 4669 1839 4726 ecclesia
1877 4667 2050 4724 sancti
2094 4665 2193 4722 Pe-

613 4767 706 4830 tri,
737 4782 797 4821 ιιι
838 4764 957 4820 Kal.
1007 4763 1343 4829 Decembris,
1388 4777 1529 4820 anno
1554 4778 1726 4819 xxvnt
1753 4760 1932 4817 Caroli
1975 4759 2194 4831 gloriosi

714 4872 777 4909 IS.

614 4871 713 4996 regi
739 4946 963 5018 Signum
992 4946 1224 5001 Liodrici
1252 4946 1342 5017 qui
1372 4946 1514 5000 hanc
1549 4945 1890 4999 traditionem
1919 4941 2064 4997 fecit.

581 4969 593 4998 ἱ

699 5057 717 5087 ι
741 5037 965 5106 Signum
996 5037 1251 5107 Suitgeri.
1283 5037 1505 5107 Signum
1532 5035 1761 5090 Ermari.
1794 5034 2017 5104 Signum
2046 5032 2199 5091 Liod-

622 5128 785 5172 Iwrti-

2297 4595 2386 4636 res
2414 4580 2483 4634 ad
2507 4577 2825 4648 praedictum
2851 4574 3078 4629 redeant
3110 4566 3524 4625 monasterium.
3552 4561 3693 4616 Illud
3713 4559 3867 4613 etiam

2298 4668 2543 4724 ﬁrmitati
2562 4666 2845 4730 addentes,
2872 4671 2951 4729 ut,
2977 4662 3023 4717 si
3052 4660 3151 4731 ipsi
3171 4666 3266 4713 aut
3286 4665 3640 4711 successores
3663 4662 3867 4709 eorum,

2300 4772 2395 4814 seu
2418 4757 2671 4827 quislibet
2691 4762 3006 4817 extraneus,
3054 4750 3181 4806 huic
3209 4740 3623 4804 commutationi
3651 4747 3712 4792 et
3739 4751 3871 4807 pr:-

2301 4826 2465 4904 cariae
2519 4845 2790 4901 contraire
2835 4837 3267 4912 praesumpserit,
3295 4835 3386 4905 qui
3431 4831 3552 4903 pari
3590 4843 3693 4885 suo
3730 4826 3877 4880 litem

2304 4940 2566 5004 intulerit,
2593 4938 2709 4993 auri
2741 4934 2932 4992 uncias
2959 4948 2993 4987 x
3016 4922 3236 4987 coactus
3276 4925 3541 4989 exsolvat,
3576 4930 3636 4978 et
3666 4935 3766 4976 sua
3791 4932 3873 4972 re-

2302 5033 2491 5103 petitio
2522 5030 2699 5085 inanis
2724 5027 2943 5083 existat.
2963 5023 3088 5078 Haac
3108 5034 3238 5076 vero
3263 5019 3455 5073 charta
3485 5014 3645 5069 ﬁrma
3670 5025 3879 5082 perma-

2304 5134 2445 5168 nam.
2478 5120 2824 5166 stimilnlinne
2846 5115 3099 5162 subnixa-
