3982 5292
151 291 284 346 1245

1496 285 2070 343 CllARTULARIUM.

3276 285 3416 343 ιειϐ

148 402 346 458 Enoch.
384 401 567 474 Signm
605 402 869 458 Vulfradi.
899 404 1124 474 Signum
1156 403 1459 457 Adolbaldi.
1499 402 1726 473 Signum
1759 387 1799 445 Α
1833 401 2152 458 fecissemus
2177 399 2581 465 auctoritatem,
2613 412 2712 470 per
2736 397 2878 453 hanc
2905 397 3053 463 illud,
3085 413 3208 452 eum
3237 400 3413 454 omni-

146 495 379 550 Albuiui.
411 494 632 565 Signum
663 494 947 550 Vuilharii.
983 496 1206 566 Signum
1234 495 1478 559 Odberti,
1500 496 1732 549 advoca-

149 587 208 640 ti.
243 584 465 656 Signum
494 588 810 645 Godoberti.
1179 576 1186 588 ’

224 697 240 727 ι
293 679 399 749 Ego
425 679 820 748 Mcgenharius,
845 659 1128 752 presbyter
1166 689 1222 736 et
1246 682 1565 745 monachus,
1595 679 1731 735 scri-

147 770 225 839 psi
269 779 322 824 et
350 771 661 840 subscripsi.
715 790 734 822 ι

360 872 543 931 XLIX.
579 873 654 927 De
682 874 821 943 fama
847 883 892 928 et
917 875 1210 944 pestilentia
1231 876 1519 930 hominum.

214 971 389 1044 (874.)
425 975 481 1028 In
528 975 645 1045 ipso
674 991 816 1030 anno
847 977 994 1047 (874)
1026 976 1164 1032 facta
1189 989 1271 1032 est
1315 977 1482 1032 fames
1542 991 1734 1044 magna

145 1075 196 1120 et
215 1067 514 1122 mortalitas
539 1067 814 1124 hominum
833 1085 928 1140 per
944 1070 1306 1140 pestilentiam
1323 1070 1734 1139 permaximam.

147 1155 342 1210 Vinum
365 1167 543 1212 autem
559 1160 739 1213 extitit
767 1161 1136 1225 abundanter;
1167 1175 1416 1231 annoque
1467 1160 1736 1222 insecuta,

147 1247 288 1316 ignis
311 1247 499 1318 globus
539 1250 832 1308 maximus.
865 1252 916 1310 in
945 1267 1140 1306 aurora
1179 1251 1307 1315 diei,
1340 1251 1408 1304 de
1433 1250 1634 1304 aethere
1655 1257 1740 1304 est

67 1389 70 1392 ί
146 1337 329 1407 lapsus
359 1380 374 1404 ,
427 1341 663 1416 itemque
717 1343 869 1397 stella
918 1352 1158 1398 cometes
1216 1332 1468 1413 apparuit
1515 1357 1566 1396 Vl
1617 1341 1739 1396 ldus

143 1430 312 1487 Junii.
991 1481 999 1489 .

362 1532 570 1589 XLIX‘.
597 1535 832 1590 Traditio
859 1533 1133 1598 Rodwaldi
1155 1534 1220 1588 de
1243 1532 1521 1588 Flitmum.

212 1626 510 1682 Residente
560 1627 763 1682 interea
814 1628 1037 1697 praefato
1064 1625 1360 1680 venerabili
1407 1623 1599 1678 abbate
1629 1621 1740 1676 Hil-

144 1718 308 1772 duino
332 1718 385 1772 in
410 1719 738 1774 monasterio
761 1717 961 1782 Sitbiu,
987 1718 1038 1772 in
1061 1717 1290 1773 ecclesia
1312 1715 1486 1769 sancti
1508 1712 1738 1777 Bertini,

143 1827 286 1866 anno
303 1828 382 1875 Ill,
395 1821 656 1883 regnante
669 1812 902 1883 gloriam
921 1827 1044 1881 rege
1057 1812 1250 1866 Carolo
1267 1827 1408 1865 anno
1424 1824 1590 1864 xxvut
1606 1808 1739 1878 (9'5),

103 1951 110 1961 ,
141 1903 227 1955 vir
241 1904 458 1973 quidam
477 1904 720 1966 illustris,
739 1903 1068 1957 Rodvvaldns
1084 1903 1323 1962 nomine.
1343 1901 1510 1954 frater
1527 1899 1743 1970 Megen-

54 2063 62 2072 Ι
140 1993 724 2064 fridi,cujussuperius
738 1995 837 2048 sub
871 1994 1153 2048 Humfrido
1189 1993 1383 2046 abbate
1417 1990 1743 2045 mentionem

140 2087 269 2151 feci,
303 2103 483 2142 secum
509 2089 672 2156 erepit
693 2089 934 2159 cogitare
955 2097 1006 2141 ut
1034 2088 1406 2142 hmreditatem
1431 2101 1582 2140 suam
1604 2085 1745 2139 inter

142 2172 380 2234 infantes
395 2195 519 2234 suos
536 2181 796 2234 divideret
813 2196 827 2247 ;
845 2181 986 2248 quod
1004 2189 1056 2240 et
1073 2178 1216 2233 fecit.
1235 2177 1522 2233 luteralios
1540 2184 1741 2242 autem,

142 2270 292 2323 dedit
317 2271 382 2323 ad
413 2279 630 2324 sanctos
676 2270 980 2333 Bertinum,
1018 2285 1114 2338 pro
1145 2270 1234 2323 filii
1269 2269 1350 2322 sui
1376 2268 1492 2321 loco
1524 2268 1742 2336 Megcn-

143 2356 296 2418 fridi.
348 2374 505 2428 quem
559 2359 688 2412 inibi
747 2369 870 2413 ante
904 2361 1228 2413 monachum
1265 2358 1486 2420 fecerat,
1515 2359 1565 2410 in
1608 2357 1745 2410 Flit-

144 2467 320 2515 mum,
377 2467 663 2504 mansum:
697 2467 819 2506 eum
869 2467 976 2507 uno
1026 2468 1182 2507 servo
1213 2464 1266 2508 et
1299 2467 1465 2506 uxore
1508 2461 1561 2505 et
1596 2450 1742 2516 filiis,

146 2558 328 2597 coram
354 2542 536 2596 multis
567 2544 815 2597 testibus.

215 2631 581 2698 Griirbaldus,
645 2635 903 2689 diaconus
946 2643 1000 2690 et
1053 2635 1373 2698 monachus,
1421 2634 1640 2704 scripsit
1689 2642 1743 2687 et

149 2724 490 2794 subscripsit.

146 2817 208 2870 L.
232 2817 321 2890 ADe
351 2818 619 2890 privilegio
648 2817 827 2890 Caroli
860 2821 994 2890 regis
1030 2824 1081 2873 in
1117 2822 1397 2890 securitate
1435 2820 1743 2873 monasterii

220 2886 420 2953 Sithiu,
462 2901 505 2941 et
532 2892 594 2942 de
623 2889 880 2955 theloneo,
915 2886 1141 2959 iempore
1172 2889 1416 2949 Hilditim'
1448 2891 1669 2943 abbatis.

218 2977 391 3048 (871.)
430 2978 586 3032 Anno
635 2995 851 3048 quoque
903 2981 1054 3051 regni
1103 2977 1322 3050 gloriosi
1380 2982 1520 3052 regis
1566 2981 1742 3036 Caroli

145 3083 340 3132 xvxrv,
371 3069 458 3136 qui
488 3077 606 3122 erat
635 3084 811 3123 annus
864 3070 1165 3124 nativitatis
1207 3070 1414 3126 Domini
1448 3069 1573 3136 875,
1610 3071 1744 3125 resi-

1833 497 1935 549 hus
1960 493 2025 548 ad
2055 508 2114 547 se
2147 491 2563 562 pertinentibus.
2595 489 2695 545 sub
2735 498 2922 546 nostra
2962 491 3418 548 constitueramus

1835 585 2146 641 defensione
2177 595 2232 641 et
2261 585 2632 640 mundeburdo
2659 594 2822 656 atque
2849 586 3203 642 immunitatis
3231 587 3416 641 tuitio-

1836 694 1922 743 ne,
1952 694 2159 734 necnon
2177 695 2365 734 omnes
2391 679 2556 734 cellas
2579 688 2633 735 et
2652 679 2806 735 villas
2834 695 2927 736 seu
2945 691 3170 734 eteteras
3200 695 3417 750 posses-

1836 771 2036 832 siones,
2069 787 2188 840 qua:
2222 773 2271 824 in
2304 769 2634 840 quibuslibet
2660 771 2811 840 pagis
2851 779 2906 825 et
2960 771 3247 825 territoriis
3276 770 3416 824 infra

1837 865 2096 919 ditionem
2151 865 2298 933 regni
2353 865 2521 917 nostri
2552 864 2876 927 consistunt,
2900 873 2960 917 ut
3004 879 3102 918 nec
3131 877 3226 917 nos
3249 879 3422 932 neque

1838 954 2265 1023 prmdeccssores
2289 951 2459 1006 nostri
2492 951 2756 1007 divideret
2778 962 2872 1006 aut
2893 951 2946 1005 in
2975 951 3109 1004 alios
3134 966 3262 1004 usus
3293 966 3424 1004 con-

1838 1052 2093 1110 verteret,
2147 1053 2316 1113 utque
2364 1042 2566 1098 familia
2615 1041 2856 1111 ejusdem
2912 1042 3224 1096 monasterii
3264 1040 3425 1094 nullis

1839 1138 2147 1194 hominibus
2175 1135 2422 1192 foderunt
2468 1136 2644 1200 daret,
2685 1135 2848 1206 regali
2880 1134 3202 1189 auctoritate
3230 1134 3422 1188 decre-

1841 1215 2121 1294 veramus;
2161 1237 2354 1299 petens
2384 1238 2445 1282 ut
2477 1228 2724 1283 eamdem
2756 1236 2998 1280 nostram
3045 1224 3422 1279 auctoritatem

1840 1339 1938 1376 suo
1957 1336 2169 1390 quoque
2193 1320 2412 1375 nomine
2440 1319 2688 1375 renovari
2714 1317 3052 1386 juberemus.
3082 1315 3190 1370 Nos
3219 1316 3423 1385 itaque,

1839 1413 1908 1467 ob
1938 1427 2175 1466 amorem
2210 1410 2451 1466 divinum
2478 1419 2533 1464 et
2561 1410 2918 1466 reverentiam
2956 1409 3267 1464 eorunidem
3295 1424 3427 1462 san-

1840 1514 2071 1566 ctorum,
2106 1501 2485 1556 auctoritatem
2514 1509 2754 1556 nostram
2784 1501 2928 1555 circa
2963 1500 3213 1555 eumdem
3251 1499 3426 1553 locum

1841 1595 2093 1649 renovari
2135 1592 2469 1657 censuimus,
2497 1601 2552 1648 et
2579 1607 2642 1648 ea
2669 1607 2790 1662 qua:
2823 1592 2932 1646 illic
2973 1592 3188 1646 decreta
3216 1589 3429 1645 fuerant

1842 1685 2097 1755 praesenti
2143 1685 2308 1740 etiam
2351 1684 2679 1740 auctoritate
2725 1683 3005 1738 roborare.
3045 1681 3297 1747 Proinde,
3333 1682 3430 1735 hos

1772 1773 1817 1832 Β
1847 1789 2060 1833 nostros
2096 1778 2302 1848 regales
2328 1780 2509 1848 apices
2556 1779 2668 1832 lieri
2697 1778 2980 1848 jussimus,
3008 1791 3106 1847 per
3136 1791 3273 1846 quos
3309 1791 3432 1831 suc-

1845 1888 2093 1928 cessores
2117 1880 2334 1928 nostros
2361 1871 2740 1933 admonemus,
2766 1879 2846 1936 ut,
2863 1871 3002 1924 sicut
3030 1869 3291 1938 pnedicto
3317 1882 3433 1923 mo-

1847 1965 2089 2021 nasterio
2133 1961 2528 2025 concessimus,
2581 1962 2652 2014 ita
2700 1960 2773 2014 illi
2806 1968 2978 2014 ratum
3009 1970 3062 2014 et
3093 1959 3283 2014 stabile
3307 1974 3432 2028 per-

1847 2072 2066 2112 manere
2098 2054 2448 2125 permittant;
2483 2062 2541 2106 nt
2571 2052 2774 2106 nullam
2820 2051 3139 2105 divisionem
3169 2053 3221 2104 in
3249 2066 3432 2104 mona-

1845 2149 2014 2205 sterio
2067 2158 2162 2204 aut
2196 2146 2319 2202 aliis
2350 2162 2444 2201 seu
2495 2145 2710 2200 caeteris
2751 2143 3184 2214 possessionibus
3233 2141 3436 2196 faciant

1847 2250 1940 2295 aut
1970 2238 2149 2294 facere
2191 2237 2529 2309 permittant,
2555 2243 2649 2288 aut
2677 2235 2728 2288 in
2748 2235 2881 2288 alios
2905 2249 3032 2288 usus
3060 2245 3431 2303 retorqueant.

1848 2330 1954 2386 Sed
1985 2331 2172 2384 ethoc
2217 2342 2313 2398 per
2337 2329 2434 2382 hos
2482 2325 2693 2397 regales
2728 2325 2910 2394 apices
2950 2324 3224 2378 sancimus
3269 2332 3432 2392 atque

1847 2423 2210 2484 decernimus,
2256 2431 2313 2474 ut
2341 2420 2520 2474 nullus
2561 2419 2725 2490 judex
2772 2418 3019 2488 publicus
3050 2426 3142 2470 aut
3178 2416 3436 2485 quislibet

1846 2529 1911 2568 ex
1959 2513 2242 2581 judiciaria
2295 2521 2578 2582 potestate,
2640 2511 2691 2564 in
2749 2509 2996 2564 ecclesiis
3039 2517 3131 2562 aut
3179 2507 3312 2562 locis
3352 2508 3435 2562 vel

1846 2607 1994 2679 agris
2023 2621 2115 2662 seu
2146 2607 2369 2676 reliquis
2397 2605 2832 2676 possessionibus
2854 2603 3062 2673 pratfati
3095 2601 3432 2665 monasterii,

1845 2714 1982 2768 quas
2017 2697 2279 2753 moderno
2321 2706 2564 2767 tempore
2606 2696 2752 2764 juste
2783 2705 2838 2752 et
2878 2695 3124 2764 lcgaliter
3174 2693 3432 2764 possidet,

1847 2789 1929 2844 vel
1959 2804 2080 2859 qua:
2111 2789 2365 2857 deinceps
2399 2788 2451 2841 in
2475 2785 2562 2855 jus
2590 2803 2650 2842 ac
2679 2787 3048 2841 dominatione
3103 2786 3270 2855 ipsius
3305 2801 3434 2840 san-

1847 2881 1920 2936 cti
1974 2880 2077 2936 loci
2108 2879 2339 2935 voluerit
2378 2880 2552 2948 pietas
2596 2879 2775 2933 divina
2806 2893 3003 2948 augere
3027 2877 3092 2931 ad
3121 2892 3312 2932 causas
3341 2877 3435 2946 ju-

1850 2972 2077 3028 diciario
2130 2985 2280 3025 more
2347 2969 2666 3035 audiendas,
2720 2970 2805 3022 vel
2861 2970 3009 3024 freda
3070 2977 3163 3023 aut
3227 2971 3435 3024 bannos

1848 3064 2278 3134 exigendos,aut
2303 3061 2617 3117 mansiones
2652 3061 2738 3116 vel
2769 3070 2986 3132 paratas
3017 3060 3314 3125 faciendas,
3341 3067 3438 3114 aut

143 3157 312 3210 dente
360 3158 546 3211 eodem
599 3174 724 3228 rege
777 3159 832 3213 in
893 3159 1063 3215 sancti
1103 3159 1345 3226 Quintini
1389 3162 1741 3227 monasterio,
1770 3149 1816 3212 C
1849 3155 2092 3210 foderum
2123 3153 2468 3223 exigendum.
2518 3161 2610 3207 θυι
2647 3151 2988 3223 ﬁdeiussores
3016 3153 3300 3219 ῑοιίεηάοδν
3342 3160 3440 3208 θυι

147 3246 281 3305 adiit
301 3245 412 3314 jam
435 3249 611 3304 dictus
640 3251 806 3305 abbas
837 3249 1122 3306 Hilduinus
1147 3251 1260 3321 jam
1300 3251 1502 3306 dictum
1533 3265 1741 3322 regem,

146 3338 427 3409 postulans
453 3339 677 3395 utsicut
705 3342 1142 3397 antecessoribus
1179 3343 1292 3398 suis
1337 3342 1452 3412 ipse
1479 3343 1564 3397 vel
1587 3353 1740 3398 ante-

152 3445 395 3486 cessores
426 3432 506 3485 sui
557 3448 730 3499 reges,
762 3449 860 3501 per
900 3433 1098 3501 regalia
1130 3433 1429 3501 privilegia,
1481 3436 1744 3488 securita-

155 3533 260 3578 tem
310 3526 624 3579 monasterii
655 3524 828 3578 S?thiu
858 3527 1238 3588 condonasset,
1270 3526 1342 3578 ita
1367 3526 1529 3579 etiam
1559 3542 1657 3580 suo
1689 3527 1740 3580 in

151 3626 393 3684 tempore
423 3623 726 3668 renovaret.
756 3614 919 3684 Cujus
950 3615 1194 3684 petitioni
1229 3631 1319 3669 rex
1362 3630 1629 3680 annuens,
1663 3616 1744 3668 di-

151 3704 382 3774 ligenter
421 3703 761 3774 adimplevit;
821 3704 1187 3772 superaddens
1229 3704 1393 3758 etiam
1439 3705 1578 3774 quod
1622 3705 1744 3760 aliis

151 3798 373 3853 uimime
427 3805 796 3856 concesserat.
853 3795 1078 3851 mercati
1142 3794 1354 3849 scilicet
1406 3795 1739 3861 theloneum,

151 3888 310 3942 sicuti
363 3887 592 3958 idipsum
624 3886 965 3956 privilegium
1012 3900 1136 3940 cum
1174 3885 1529 3955 impressione
1559 3886 1745 3942 annuli

152 3978 373 4050 regalis,
407 3985 636 4032 testatur
665 3977 717 4030 in
745 3977 886 4031 hunc
924 3977 1162 4031 modum.

220 4071 304 4126 LI.
349 4070 460 4138 (l2.
497 4069 626 4123 Feb.
657 4071 807 4140 8'74.)
844 4090 860 4119 ι
885 4071 942 4123 ln
969 4070 1189 4124 nomine
1227 4077 1432 4124 sanctae
1463 4079 1520 4125 et
1548 4070 1746 4125 indivi-

153 4163 270 4218 dnm
292 4162 584 4217 Trinitatis
609 4160 834 4216 Carolus
850 4163 1036 4232 gratim
1065 4163 1156 4217 Dei
1184 4178 1298 4217 rex.
1321 4163 1376 4217 Si
1395 4179 1586 4232 preces
1610 4165 1742 4220 iide-

155 4256 283 4310 lium
320 4263 628 4310 nostrorum
659 4257 847 4310 devote
889 4257 1043 4311 nobis
1077 4255 1450 4310 famulantium
1495 4257 1560 4312 ad
1590 4269 1745 4326 opta-

155 4358 265 4406 tum
297 4347 571 4414 effectum,
630 4349 801 4404 solita:
851 4350 1202 4421 benignitatis
1247 4349 1594 4415 liberalitate,
1623 4367 1745 4422 per-

157 4442 342 4495 venire
391 4441 757 4503 concedimus,
816 4443 1021 4512 regium
1062 4449 1118 4495 et
1171 4442 1373 4496 avitum
1433 4451 1740 4498 nostrorum

157 4531 345 4601 procul
375 4531 535 4585 dubio
581 4511 1158 4590 morem.exercemus.
1200 4530 1544 4601 Quapropter
1579 4548 1746 4588 nove-
1770 4511 1821 4569 D

159 4625 228 4677 rit
265 4624 504 4678 omnium
552 4623 788 4683 ﬁdelium
830 4632 1032 4676 sancta:
1077 4623 1170 4677 Dei
1220 4623 1477 4678 Ecclesia:
1527 4635 1744 4680 nostro-

161 4733 406 4788 rumque,
471 4727 577 4774 latn
635 4717 981 4785 praesentium
1046 4733 1208 4786 quam
1273 4728 1328 4772 et
1395 4718 1741 4784 futurorum,

162 4811 443 4872 industria,
496 4811 621 4878 quia
649 4811 974 4865 venerabilis
1003 4811 1170 4864 abbas
1200 4810 1506 4874 l'lildniuus,
1543 4811 1742 4866 fidelis-

165 4904 330 4956 simus
359 4913 560 4960 noster.
603 4914 766 4973 atque
814 4903 1187 4958 ministerialis
1233 4913 1416 4958 noster
1467 4905 1740 4967 librarius,

166 4993 330 5046 abbas
359 4991 565 5046 scilicet
598 4993 910 5047 monasterii
940 4992 1140 5060 Sithiu,
1193 4993 1282 5048 siti
1328 4993 1380 5046 in
1423 5009 1561 5063 pago
1603 4994 1737 5046 Tar-

165 5083 738 5147 \vanensi,constructi
769 5083 821 5135 in
847 5083 1104 5140 honorem
1135 5082 1306 5138 sancti
1341 5082 1741 5153 Petri,aposto-

167 5167 336 5223 lorum
371 5171 650 5240 principis,
687 5174 738 5226 in
783 5188 887 5240 quo
916 5189 1148 5247 corpora
1193 5185 1501 5229 sanctorum
1533 5175 1741 5231 confes-

169 5275 344 5290 Dllnnlm
403 5263 678 5290 ‘IIl'1\--‘n-:
727 5272 880 5290 ΛΙηιιΛ
933 5265 1139 5290 δραιῘᾎξ
1191 5266 1450 5290 ...Μ-...δίλ
1513 5280 1709 5290 --.ΑΑΑ..--

1845 3247 2096 3303 homines
2141 3246 2309 3315 ipsius
2351 3244 2669 3299 monasterii
2720 3253 2828 3298 tam
2862 3244 3123 3314 ingenuos
3173 3258 3332 3312 quam
3381 3251 3436 3296 et
3473 3254 3494 3263 “

1846 3353 2030 3394 servos
2044 3338 2467 3406 distringendos,
2485 3350 2585 3389 nec
2610 3335 2747 3388 ullas
2762 3334 3150 3389 redhibitioucs
3174 3344 3265 3385 aut
3280 3331 3434 3385 illici-

1848 3439 1931 3484 tas
1968 3428 2286 3484 occasiones
2332 3425 2706 3495 requirendas,
2744 3425 2851 3478 ullo
2897 3439 3133 3492 unquam
3191 3431 3432 3492 tempore

1846 3519 2052 3590 ingredi
2101 3517 2319 3582 audeat,
2349 3516 2432 3570 vel
2477 3531 2542 3570 ea
2590 3530 2711 3584 quae
2762 3529 2924 3585 supra
2979 3524 3276 3568 memorata
3307 3524 3434 3569 sunt

1844 3616 2062 3685 penitus
2106 3623 2360 3667 exactare
2399 3619 2723 3682 praesumat;
2773 3609 2868 3664 sed
2925 3608 3085 3663 liceat
3136 3616 3436 3663 memorato

1845 3705 2029 3760 abbati
2063 3704 2284 3771 suisque
2323 3699 2731 3756 successoribus
2758 3715 2844 3754 res
2873 3699 3112 3769 przedicti
3161 3709 3434 3752 monaste-

1844 3796 1933 3861 rii,
1964 3795 2070 3859 vel,
2107 3794 2246 3847 sicut
2302 3793 2354 3845 in
2409 3799 2678 3861 praecepto
2727 3791 2871 3860 quod
2931 3789 3198 3844 avunculo
3247 3797 3437 3843 nostro

1843 3884 2055 3954 llugoni
2114 3883 2524 3948 concessimus,
2580 3882 2928 3947 continetur,
2994 3895 3118 3934 cum
3177 3879 3434 3934 omnibus

1843 3979 2011 4033 fredis
2061 3989 2152 4032 aut
2203 3976 2400 4031 bannis
2441 3975 2545 4030 sibi
2600 3975 2891 4040 concessis,
2937 3973 3037 4029 sub
3078 3971 3436 4027 immunitatis

1843 4078 2046 4126 nostrae
2076 4067 2414 4134 defensione,
2464 4068 2646 4138 quieto
2677 4067 2866 4122 ordine
2889 4065 3185 4136 possidere.
3229 4063 3436 4119 Merca-

1846 4171 1958 4216 tum
1988 4176 2207 4231 quoque
2236 4160 2381 4214 omni
2433 4167 2692 4230 tempore,
2728 4160 2779 4212 in
2812 4159 2898 4214 die
2933 4157 3178 4222 Veneris,
3220 4171 3433 4226 praeno-

1845 4256 2048 4308 minato
2089 4260 2278 4308 sancto
2334 4251 2456 4307 loco
2504 4252 2893 4313 concessimus,
2949 4258 3009 4303 ut
3052 4248 3313 4320 quidquid
3364 4264 3433 4304 ex

1845 4347 1962 4416 ipso
1987 4354 2228 4402 mercato
2257 4345 2370 4398 sive
2403 4343 2650 4397 districto
2678 4352 2840 4411 atque
2882 4341 3062 4395 hanno
3090 4339 3299 4408 acquiri
3334 4355 3434 4409 po-

1846 4448 1974 4504 test,
2025 4439 2089 4491 ad
2138 4435 2428 4490 luminaria
2488 4434 2725 4503 ipsorum
2775 4442 3085 4487 sanctorum
3140 4430 3432 4484 Audomari

1847 4541 2010 4600 atque
2039 4530 2242 4585 Bertini
2273 4527 2576 4598 perveniat,
2615 4536 2688 4592 et,
2743 4526 2909 4582 semel
2953 4528 3002 4580 in
3050 4539 3214 4587 anno,
3247 4532 3434 4580 custos

1849 4623 2092 4679 ecclesiae
2149 4620 2410 4674 fratribus
2466 4620 2634 4690 ipsius
2693 4621 2862 4674 saneti
2921 4618 3022 4673 loci
3078 4617 3429 4673 refectionem

1821 4700 2042 4769 'exinde
2068 4711 2302 4777 tribuat;
2344 4720 2613 4781 quatenus
2659 4711 2804 4781 ipsos
2849 4724 3034 4764 servos
3061 4707 3178 4771 Dei,
3210 4709 3300 4777 qui
3332 4709 3434 4762 ibi-

1847 4807 1968 4861 dem
2014 4805 2124 4859 Deo
2172 4803 2527 4869 famulantur,
2569 4819 2669 4874 pro
2699 4801 2855 4856 nobis
2879 4816 2942 4856 ac
2973 4799 3157 4869 regina
3201 4808 3254 4852 et
3281 4799 3437 4868 prole

1846 4913 2050 4966 nostra,
2094 4901 2178 4955 vel
2218 4900 2382 4954 etiam
2414 4915 2512 4971 pro
2543 4897 2844 4953 stabilitate
2894 4893 3058 4950 totius
3087 4892 3235 4962 regni
3265 4895 3436 4948 nostri

1846 5011 1877 5049 a
1934 4997 2044 5049 Deo
2095 4993 2254 5049 nobis
2309 4991 2553 5048 concessi
2610 5000 2771 5058 atque
2826 4984 3202 5046 conservandi,
3240 4983 3442 5053 iugiter

1849 5087 2061 5143 Domini
2111 5085 2541 5142 misericordiam
2587 5094 2818 5137 exorare
2851 5081 3101 5135 delectet.
3132 5073 3194 5125 Et
3232 5084 3291 5126 ut
3331 5077 3442 5134 hme

1857 5180 2156 5234 auctoritas
2192 5177 2398 5231 nostris
2437 5175 2749 5244 futurisque
2807 5167 3174 5242 temporibus,
3219 5163 3452 5222 Domino

2381 5279 2394 5290 ι
2425 5268 2740 5290 κηληκυηι-,η
2771 5279 2998 5290 ηις-..οιηη
3043 5272 3201 5290 'nﬂnn
3229 5263 3448 5290 πὶιιηηηεη
