3982 5292
551 132 655 191 124

1626 128 1950 198 FOLQUINI
1991 129 2050 186 S.
2092 127 2369 185 BERTINI
2413 127 2721 187 MONACIII

3690 128 3844 185 1248

623 263 644 297 c
677 246 925 310 Cammo,
955 245 1221 311 notarius,
1260 244 1329 299 ad
1368 244 1537 299 vicem
1569 243 1816 310 Goizeui,
1860 258 2121 314 recogno-
2150 244 2202 303 A
2229 242 2388 296 rebus
2412 258 2549 312 quas
2575 245 2642 299 ad
2669 257 2797 299 suos
2819 259 2946 299 usus
2971 241 3231 298 hactenus
3256 241 3625 325 possederunt
3652 258 3670 305 ;
3699 258 3847 310 qua-

546 336 629 393 vit
648 345 704 391 et
729 334 1065 404 subscripsit.

627 444 646 475 ι
680 424 812 478 Data
854 440 890 478 ιι
927 423 1049 478 ldus
1078 422 1382 490 Februarii,
1423 424 1715 480 indictione
1741 440 1792 479 vi
1823 423 1960 496 (94),
1988 438 2129 478 anno

549 529 717 569 xxxiv
745 513 894 585 regni
926 515 1122 581 nostri,
1167 525 1224 572 et
1252 516 1305 571 in
1335 515 1679 572 successione
1708 514 1947 572 Lotharii
1989 516 2132 586 regis

550 619 694 659 anno
717 619 796 659 ιν.

626 716 646 749 ι
684 697 875 754 Actum
908 697 1417 768 Sancto—Quintino.
1449 720 1468 754 ι

797 787 905 843 LII.
939 788 1017 843 De
1052 791 1293 844 unctione
1326 789 1507 844 Caroli
1531 792 1882 862 imperatoris.

624 878 795 951 (875.)
833 878 962 935 Post
1002 880 1133 945 haec,
1165 880 1411 947 Carolus,
1458 895 1549 936 rex
1588 882 1939 937 occidentalis
1969 883 2139 937 Fran-

552 970 673 1036 ciae,
714 984 854 1026 anno
901 970 1063 1027 Verbi
1119 972 1380 1026 incarnati
1409 972 1535 1039 877,
1564 971 1793 1027 Romam
1841 974 1990 1028 venit
2016 988 2138 1027 cum

555 1060 802 1115 donariis
827 1060 1031 1128 multis,
1064 1061 1285 1132 ipsoque
1334 1062 1422 1117 die
1470 1062 1664 1118 natalis
1691 1061 1905 1117 Domini
1957 1064 2009 1117 in
2040 1063 2141 1116 im-

556 1160 863 1225 peratorem
893 1154 1115 1219 electus,
1175 1164 1227 1209 ct
1274 1170 1305 1209 a
1352 1153 1558 1210 Joanne
1603 1170 1741 1225 papa
1769 1164 2141 1222 consecratus,

557 1244 765 1301 italiam
816 1248 1103 1318 regendam
1153 1249 1411 1319 suscepit.
1444 1248 1562 1315 Quo
1612 1248 1666 1303 in
1722 1247 2008 1303 Franciam
2065 1262 2146 1304 re-

559 1352 739 1402 verso,
789 1337 1111 1402 Ludovicus,
1144 1339 1315 1396 frater
1357 1338 1492 1410 ejus,
1527 1356 1620 1396 rex
1662 1340 1941 1396 orientalis
1971 1340 2145 1395 Fran-

562 1429 685 1494 ciae,
715 1427 1002 1485 defunctus
1030 1441 1132 1486 est.
1168 1430 1317 1487 Tunc
1339 1432 1565 1487 Carolus
1610 1431 1922 1502 imperator,
1950 1433 2147 1501 Aquis-

562 1520 718 1591 grani
748 1519 1004 1590 palatium
1048 1538 1291 1594 pergens,
1335 1522 1497 1577 etiam
1530 1522 1776 1579 Rhenum
1822 1538 1990 1592 usque
2026 1538 2145 1589 cunt

2233 334 2356 389 liter
2385 351 2483 404 pro
2515 346 2700 391 nostra
2745 344 2799 390 et
2846 333 3091 404 conjugis
3130 344 3293 403 atque
3322 332 3497 403 prolis
3534 331 3847 385 incolumi-
3945 378 3947 393 ,

2235 433 2362 489 tate,
2394 432 2448 479 et
2479 425 2641 481 totius
2690 425 2900 496 imperii
2947 438 2978 477 a
3007 422 3118 487 Deo
3145 423 3301 477 nobis
3322 420 3609 477 commissi
3661 428 3843 479 statu,

2233 531 2328 571 eos
2352 516 2574 571 liberius
2600 532 2826 573 exorare
2846 516 3093 582 delectet,
3118 525 3281 586 atque
3311 522 3395 580 ut,
3418 515 3491 569 ob
3520 514 3845 568 remedium

2226 606 2340 677 jam
2371 609 2501 665 dicti
2549 608 2787 665 Hilduini
2822 609 3057 674 abbatis,
3105 608 3390 663 Dominum
3446 604 3849 659 indesinenter

2235 699 2529 769 deprecare
2561 700 2829 756 studeant.
2880 699 2947 754 Et
2983 707 3043 754 ut
3087 698 3190 752 hoc
3236 712 3334 767 per
3360 694 3551 751 omnia
3586 704 3846 763 tempora

2238 790 2621 847 inviolabiliter
2647 799 3017 855 conservetur,
3053 804 3214 844 manu
3245 785 3469 857 propria
3494 785 3703 840 subter
3750 780 3842 835 ir-

2239 882 2528 947 mavimus,
2552 892 2609 938 et
2630 882 2831 938 annulo
2865 890 3051 938 nostro
3088 880 3331 951 insigniri
3344 878 3652 948 iussimus.

2318 991 2337 1025 ‹
2367 972 2591 1044 Signum
2608 971 2807 1039 Caroli,
2825 971 3198 1045 gloriosissimi
3213 965 3626 1040 imperatorisA
3638 966 3841 1035 ngnsn.

2319 1080 2339 1115 ι
2362 1064 2736 1129 Audacherus,
2769 1065 3036 1131 notarius,
3065 1063 3133 1119 ad
3158 1063 3330 1118 vicem
3358 1059 3656 1122 Caudini,
3700 1073 3844 1111 reco—

2243 1156 2427 1225 gnovit
2451 1163 2508 1210 et
2526 1155 2866 1225 subscripsit.

2321 1267 2339 1299 ι
2364 1248 2556 1302 Datum
2597 1264 2628 1302 v
2657 1248 2776 1302 Kal.
2815 1248 2962 1315 Julii,
2996 1249 3287 1304 indictione
3332 1264 3388 1311 χ,
3432 1260 3587 1299 anno
3637 1257 3848 1298 xxxvm

2248 1343 2400 1407 regni
2437 1343 2617 1399 domui
2659 1343 2839 1399 Caroli
2883 1343 3224 1415 imperatoris
3276 1344 3330 1398 in
3365 1342 3611 1396 Francia
3661 1350 3721 1393 et
3756 1340 3849 1393 im-

2248 1434 2380 1503 perii
2402 1435 2658 1489 secundo.

2325 1543 2342 1573 ι
2366 1523 2561 1577 Actum
2594 1522 2856 1578 Pontione
2894 1523 3108 1593 palatio.
3136 1543 3155 1578 ι

562 1611 815 1666 exercitu
833 1614 1094 1682 pervenit.
1150 1615 1257 1669 Sed
1305 1613 1625 1678 Ludovicus,
1673 1628 1840 1683 nepos
1883 1612 2018 1683 ejus,
2047 1612 2150 1667 col-
2179 1599 2224 1658 Β
2252 1613 2360 1668 LV.
2406 1613 2482 1668 De
2510 1615 2652 1669 obitu
2687 1613 2925 1669 Hilduim'
2971 1615 3195 1677 abbatis,
3230 1624 3279 1669 et
3303 1614 3370 1669 de
3395 1614 3669 1684 exsequiis
3688 1623 3742 1666 et
3762 1629 3843 1666 se-

568 1700 725 1757 lectis
752 1703 1103 1761 orientalibus
1129 1706 1353 1761 Francis
1378 1717 1433 1761 et
1481 1706 1809 1770 Saxonibus,
1838 1715 2031 1776 patruo
2054 1707 2153 1761 ob-

567 1792 713 1847 viam
767 1794 949 1859 venit,
1001 1794 1359 1867 Rhenumque
1406 1813 1526 1852 cum
1575 1797 1815 1851 exercitu
1869 1797 2149 1867 pervenit;

569 1883 909 1954 transitoque
953 1883 1064 1951 illo,
1099 1886 1151 1940 in
1182 1887 1302 1940 villa
1342 1886 1681 1943 Anderniaca
1731 1902 1964 1958 pugnant
1995 1887 2148 1950 iniit;

569 1984 627 2029 et
646 1976 881 2033 victores
903 1978 1132 2034 extitere
1153 1979 1466 2043 orientales,
1485 1979 1907 2035 occidentalibus
1930 1979 2146 2052 fugatis.

569 2066 686 2122 lloc
713 2078 983 2139 patratum
1011 2079 1096 2125 est
1122 2086 1214 2125 vni
1245 2071 1366 2126 ldus
1385 2071 1605 2141 Aprilis.

574 2158 709 2214 Lill.
778 2159 1122 2232 Privilegium
1185 2158 1749 2285 Carommperatoris
1809 2161 1875 2215 de
1937 2159 2155 2214 Tur-rm-

1266 2247 1330 2285 aa
1455 2269 1469 2285 .

1265 2247 1469 2302 ganem.

646 2320 830 2375 llisita
859 2322 1113 2392 peractis,
1142 2322 1313 2394 rogati
1343 2320 1581 2392 praedicti
1603 2320 1923 2377 venerabilis
1949 2320 2158 2376 abbatis

576 2411 834 2478 Hilduiui,
885 2414 1152 2470 concessit
1195 2414 1336 2469 idem
1372 2429 1467 2469 rex
1516 2413 1741 2470 Carolus
1771 2414 1837 2468 ad
1883 2412 2157 2469 monaste-

578 2503 718 2557 rium
748 2501 951 2570 Sithiu,
973 2505 1040 2560 ad
1072 2520 1200 2561 usus
1227 2505 1637 2573 monachorum,
1688 2506 1742 2560 in
1773 2505 1894 2559 villa
1932 2505 2158 2560 Turrin-

576 2595 791 2664 gahem,
843 2610 1092 2651 mansum
1146 2598 1610 2664 indominicatum,
1662 2614 1784 2654 cum
1839 2599 2162 2669 appenditiis

576 2701 698 2756 quae
741 2687 793 2742 in
834 2689 999 2759 regali
1036 2690 1315 2762 privilegio
1365 2690 1804 2755 denominantur,
1838 2690 1979 2760 quod
2029 2705 2164 2760 pra:-

577 2778 724 2834 fatus
757 2779 1071 2850 imperator,
1101 2784 1171 2838 ob
1202 2783 1448 2839 eamdem
1489 2798 1732 2850 causam,
1762 2782 1877 2837 fieri
1918 2783 2082 2854 jussit
2110 2782 2163 2837 in

577 2868 696 2924 haec
722 2868 867 2926 dicta
890 2885 950 2927 se
984 2871 1293 2928 habentem.

1141 2963 1275 3019 LIV.
1318 2964 1622 3038 Exemplar.

600 3056 609 3061 ’
652 3052 744 3123 (27
765 3054 896 3109 Jun.
923 3055 1072 3123 877.)
1106 3075 1123 3107 ι
1155 3056 1211 3111 In
1261 3059 1482 3113 nomine
1530 3068 1732 3115 sanctre
1775 3069 1830 3115 et
1872 3060 2162 3117 individua:

580 3144 881 3202 Trinitatis.
906 3147 1151 3213 Carolus,
1192 3149 1434 3220 ejusdem
1467 3150 1562 3206 Dei
1588 3152 1973 3221 omnipotentis
2002 3152 2164 3208 mise-

580 3237 836 3302 ricordia,
863 3239 1155 3310 imperator
1180 3241 1472 3312 Angustus.

656 3347 677 3382 ι
707 3330 764 3384 Si
798 3330 929 3386 locis
972 3332 1150 3387 divino
1173 3332 1337 3388 cultui
1371 3334 1689 3405 mancipatis
1739 3334 2163 3390 emolumentum

582 3420 879 3491 imperialis
906 3421 1246 3477 celsitudinis
1277 3424 1620 3490 exhibemus,
1648 3433 1702 3479 et
1749 3426 1817 3481 ad
1844 3436 2164 3496 praesentem

581 3512 753 3567 vitam
785 3510 995 3569 facilius
1028 3514 1454 3585 transigendam,
1489 3523 1545 3570 et
1570 3514 1638 3570 ad
1680 3514 1915 3571 futuram
1959 3515 2169 3573 felicius

583 3605 929 3662 obtinendam
960 3607 1063 3663 hoc
1088 3608 1245 3662 nobis
1276 3609 1529 3677 prodesse
1564 3608 1767 3679 absque
1806 3611 1969 3667 dubio
1995 3610 2166 3667 conti-

587 3697 780 3751 dimus.
816 3695 1038 3752 Noverit
1071 3696 1235 3768 igitur
1270 3698 1510 3753 omnium
1559 3696 1793 3753 ﬁdelium
1847 3709 2048 3756 sanctae
2075 3699 2167 3756 Dei

586 3788 845 3845 Ecclesiae
886 3799 1320 3860 nostrorumque,
1371 3800 1478 3847 tam
1521 3794 1869 3863 praesentium
1916 3809 2079 3865 quam
2117 3803 2170 3851 et

590 3881 918 3947 futurorum,
969 3882 1250 3946 industria,
1283 3884 1563 3954 quoniam,
1611 3900 1709 3954 per
1736 3884 2168 3956 deprecationem

590 3968 850 4038 llilduini,
906 3974 1230 4029 venerabilis
1286 3975 1531 4040 abbatis,
1582 3977 1929 4033 concedimus
1983 3986 2171 4033 sancto

592 4060 811 4116 Bertino
837 4070 891 4116 et
922 4060 1177 4118 fratribus
1220 4065 1417 4119 ibidem
1441 4065 1668 4121 Domino
1692 4067 2070 4136 militantibus,
2104 4070 2172 4124 ad

593 4168 721 4209 suos
743 4168 888 4217 usus,
927 4153 982 4209 in
1010 4169 1148 4225 pago
1186 4154 1469 4223 Ternensi,
1498 4156 1555 4212 in
1582 4157 1706 4212 villa
1754 4158 2170 4231 Turringahem,

596 4260 842 4300 mansum
867 4244 1334 4315 indominicatum,
1359 4257 1434 4315 et,
1465 4248 1606 4305 inter
1636 4250 1842 4323 sylvam
1865 4260 1918 4307 et
1948 4264 2169 4316 terram,

2866 1685 3075 1754 pultura
3100 1685 3234 1755 ejus.

2328 1776 2530 1832 Relatis
2554 1778 2717 1847 igitur
2747 1777 3127 1832 traditionibus
3163 1791 3284 1845 quae
3313 1776 3417 1830 sub
3472 1775 3837 1829 amantissimo

2255 1868 2450 1923 abbate
2472 1866 2730 1922 Hilduino
2767 1876 2894 1922 sunt
2934 1867 3235 1936 acquisita,
3268 1864 3545 1920 incumbit
3568 1863 3675 1931 jam
3699 1873 3834 1915 tem-

2255 1973 2354 2028 pus
2380 1956 2581 2012 referre
2606 1972 2765 2028 quem
2794 1958 3080 2013 terminum
3111 1956 3360 2014 habuerit
3386 1954 3678 2026 prmsentis
3700 1955 3836 2008 vita.

2254 2048 2557 2119 Antequam
2584 2047 2838 2118 incipiam
2852 2047 3117 2103 calamum
3139 2061 3363 2118 ponere,
3384 2047 3595 2101 horreo
3624 2044 3839 2098 tremula

2257 2141 2344 2196 vix
2372 2157 2533 2198 manu
2561 2143 2846 2213 attingere,
2873 2144 3127 2215 quoniam
3176 2152 3300 2214 post
3345 2143 3520 2206 hunc,
3549 2155 3717 2196 nemo
3740 2138 3839 2195 cle-

2258 2232 2493 2287 ricorum
2522 2232 2714 2287 similis
2758 2234 3023 2289 successit
3052 2234 3104 2288 in
3136 2232 3281 2288 nulla
3310 2232 3561 2287 bonitate
3591 2248 3610 2296 ;
3655 2230 3711 2284 in
3737 2229 3837 2298 ipso

2259 2336 2494 2391 namque
2537 2322 2660 2377 vitae
2704 2322 2972 2387 termino,
3018 2321 3254 2377 ostendit
3293 2334 3458 2391 quam
3499 2319 3835 2374 dilectionem

2259 2420 2638 2467 consecrasset
2667 2411 2925 2482 praedicto
2976 2412 3114 2467 loco.
3143 2413 3385 2481 Denique
3418 2424 3573 2464 anno
3600 2410 3835 2463 incarna—

2262 2504 2423 2557 tionis
2453 2504 2743 2558 Dolninica:
2785 2503 2911 2568 877,
2941 2503 3032 2574 qui
3077 2511 3192 2557 erat
3244 2516 3416 2555 annus
3460 2497 3684 2570 praefati
3718 2498 3835 2567 regis

2261 2595 2438 2650 Caroli
2461 2610 2643 2650 xxxvn
2673 2594 2805 2666 (95),
2825 2603 2877 2649 et
2902 2594 3107 2665 imperii
3135 2593 3373 2664 ejusdem
3403 2606 3470 2654 ιι,
3498 2590 3554 2643 in
3579 2588 3833 2645 Carisius

2266 2685 2430 2757 regali
2478 2684 2678 2757 palatio
2729 2685 2897 2741 isdem
2932 2684 3199 2756 gloriosus
3227 2682 3393 2737 abbas
3422 2679 3723 2735 Hilduinus
3760 2678 3833 2731 de-

2263 2778 2428 2833 cessit
2451 2793 2480 2830 a
2512 2776 2730 2843 saeculo,
2760 2792 2903 2831 anno
2927 2775 3201 2847 regiminis
3237 2774 3320 2830 sui
3345 2789 3421 2827 ιιι
3446 2771 3595 2842 (96),
3630 2787 3703 2824 ru
3732 2770 3833 2823 ldus

2266 2868 2436 2923 Junii.
2464 2868 2672 2939 Corpus
2720 2877 2901 2922 autem
2936 2867 3073 2937 ejus,
3119 2865 3259 2921 sicut
3295 2871 3351 2919 et
3400 2864 3524 2934 ipse
3551 2862 3835 2929 vivenspo-

2190 2967 2236 3028 (ς
2267 2962 2583 3023 stulaverat,
2633 2962 2701 3016 ad
2748 2970 2996 3016 sanctum
3051 2959 3324 3014 Bertinum
3378 2965 3467 3011 est
3516 2954 3835 3009 translatum.

2264 3054 2505 3110 Veniens
2530 3062 2711 3109 autem
2756 3052 3056 3116 Atrebatis,
3102 3050 3154 3104 in
3183 3048 3356 3104 sancti
3406 3044 3627 3102 Vedasti
3663 3059 3839 3098 mona-

2264 3148 2434 3204 sterio
2483 3163 2586 3202 una
2615 3147 2955 3217 pernoctavit
3002 3152 3177 3207 nocte,
3230 3150 3394 3210 atque
3426 3155 3601 3194 unum
3632 3137 3837 3207 pallium

2267 3238 2401 3294 satis
2424 3236 2876 3308 pretiosissimum
2908 3249 3006 3305 pro
3059 3233 3149 3288 illo
3174 3231 3307 3287 inihi
3334 3238 3421 3285 est
3449 3229 3670 3283 datum.
3714 3224 3836 3279 Tan.

2266 3331 2390 3386 dem
2429 3330 2499 3384 ad
2532 3329 2712 3384 Sithiu
2746 3337 3084 3399 perventum,
3111 3325 3245 3381 satis
3273 3322 3547 3378 luctuosis
3570 3320 3837 3389 exsequia-

2270 3434 2390 3476 rum
2453 3418 2748 3489 eiulatibus
2783 3417 3244 3479 concelebratum,
3300 3413 3354 3467 in
3405 3410 3655 3467 ecclesia
3696 3408 3842 3464 sancti

2273 3508 2506 3574 Bertiui,
2559 3514 2751 3562 contra
2797 3506 2970 3563 sancti
3027 3503 3242 3559 Martini
3293 3503 3467 3556 altare
3494 3501 3839 3570 capith

2267 3612 2350 3659 est
2380 3600 2715 3658 tumulatum.
2765 3597 2943 3669 Atque
3006 3598 3146 3651 inter
3187 3601 3385 3649 caetera
3434 3592 3700 3654 donaria,
3738 3589 3871 3643 huic,

2268 3709 2425 3751 sacro
2466 3692 2584 3749 loco
2622 3690 2840 3762 pallium
2886 3689 3172 3759 quemdam
3206 3683 3482 3741 concessit
3534 3679 3843 3753 pretiosissi~

2271 3801 2437 3851 mum,
2465 3796 2801 3855 cappamque
2851 3781 2993 3836 nivei
3044 3778 3245 3834 coloris
3300 3776 3488 3831 rubeis
3514 3775 3843 3829 intersertam

2270 3876 2546 3932 volucrum
2594 3873 2801 3945 figuris,
2827 3871 3197 3939 cortinamque
3224 3868 3290 3924 de
3309 3868 3475 3937 pallio
3496 3868 3681 3937 pretio
3709 3865 3845 3919 raris-

2272 3970 2485 4023 simam.
2508 3966 2788 4023 Cloriosus
2802 3973 2983 4020 autem
3000 3962 3292 4032 imperator
3303 3957 3562 4022 Carolus,
3591 3959 3756 4027 ipsius
3770 3957 3845 4009 ah-

2272 4061 2412 4117 batis
2447 4059 2605 4114 fidem
2634 4056 3060 4127 obsequiumque
3092 4064 3486 4113 rememorans,
3519 4047 3844 4118 privilegium

2273 4152 2538 4225 quoddam
2564 4152 2678 4221 ipso
2703 4158 2891 4205 sancto
2917 4147 3033 4202 loco
3056 4144 3327 4225 concessit
3355 4159 3371 4209 ;
3401 4142 3454 4195 in
3498 4156 3617 4211 quo
3655 4140 3848 4195 ordina-

2277 4246 2476 4299 tionem
2523 4240 2855 4303 monasterii,
2881 4238 3021 4294 sicut
3046 4237 3233 4290 vivens
3258 4234 3591 4303 expetierat,
3616 4242 3736 4301 post
3752 4230 3847 4297 eius

536 4374 555 4412 κ
592 4337 819 4394 bunaria
850 4352 956 4399 uv.
1007 4347 1065 4394 et
1101 4341 1372 4411 mancipia
1408 4358 1529 4409 xm,
1556 4353 1612 4398 et
1638 4318 1824 4400 mansa
1874 4343 2091 4401 servilia
2121 4361 2173 4400 IV
2204 4318 2254 4378 ι)
2278 4344 2507 4393 mortem
2541 4334 2684 4402 regia
2715 4331 3060 4393 auctoritate,
3083 4326 3344 4397 disposuit
3371 4326 3423 4379 in
3452 4324 3605 4378 hunc
3635 4324 3844 4377 meum.

596 4445 693 4500 per
729 4430 953 4484 bunaria
983 4446 1077 4485 vnt
1103 4448 1118 4494 ;
1144 4433 1274 4487 etin
1303 4432 1771 4506 Monolvingahem
1793 4435 2017 4492 bunaria
2039 4453 2173 4503 xxx,

598 4521 666 4576 ad
703 4521 815 4591 jam
851 4522 1053 4577 dictum
1086 4538 1330 4577 mansum
1360 4525 1683 4593 pertinentia
1718 4543 1732 4592 ;
1761 4528 1898 4582 etin
1942 4526 2176 4583 Belrimo

598 4611 823 4665 bunaria
852 4627 945 4678 xv,
969 4621 1025 4667 ct
1048 4613 1100 4667 in
1126 4611 1370 4669 Menteka
1396 4614 1621 4669 bunaria
1645 4631 1758 4679 rm,
1792 4616 1914 4671 etin
1937 4615 2178 4672 Vertuno

597 4703 824 4758 bunaria
851 4720 980 4758 xxx.
1008 4704 1161 4761 Unde
1183 4707 1285 4760 hoc
1307 4717 1503 4761 nostra:
1525 4706 1825 4762 altitudinis
1851 4717 2177 4778 praaceptum

600 4790 717 4844 ﬁeri
746 4800 799 4845 et
830 4794 1143 4847 memoratis
1179 4791 1438 4848 fratribus
1463 4795 1632 4849 sancti
1661 4793 1861 4849 Bertiui
1903 4794 2018 4849 dari
2058 4796 2176 4865 jus-

600 4880 802 4946 simus;
841 4895 937 4951 per
981 4882 1122 4951 quod
1152 4885 1491 4951 praecipimus
1522 4882 1974 4953 atquejuhetnus,
2000 4891 2077 4948 ut,
2108 4883 2177 4937 ab

600 4975 861 5028 hodierna
887 4974 974 5028 die
999 4982 1053 5028 et
1073 4974 1348 5045 deinceps,
1384 4976 1662 5045 praedictas
1696 4974 1857 5029 resin
1896 4989 2024 5030 suos
2045 4990 2175 5030 usus

602 5074 912 5129 assumant,
967 5075 1020 5119 et
1060 5066 1255 5122 exinde
1300 5068 1489 5137 agendi
1542 5065 1846 5135 lmjusmodi
1899 5065 2175 5127 licentiam

605 5158 842 5212 habeant
885 5166 940 5212 et
966 5159 1292 5213 arternaliter
1318 5159 1657 5228 disponendi,
1689 5159 1828 5215 sicut
1858 5164 1914 5211 et
1966 5172 2031 5213 ex
2059 5156 2178 5211 aliis

680 5269 787 5292 lnl\
828 5269 952 5292 π--.
1008 5271 1151 5292 ΙΑ----
1180 5273 1193 5292 Ι
1262 5272 1414 5292 Ξ-..ΙΞ..

1820 5280 2030 5292 -.ρ-,Αῌ-ζ.
2064 5286 2174 5292 Α.-.Α.

2278 4446 2410 4502 LVI.
2450 4443 2787 4515 Pririlegium
2837 4437 3394 4515 Carolijrnpergtoris
3424 4436 3492 4490 de
3531 4434 3847 4504 dispositione

2842 4512 3003 4581 hujus
3028 4507 3293 4579 loci(97).

2354 4607 2444 4677 (20
2481 4604 2612 4660 Jun.
2652 4603 2801 4674 877.)
2837 4621 2855 4653 ι
2897 4602 2954 4656 1n
2994 4600 3209 4681 nomine
3236 4605 3440 4652 sancta:
3490 4604 3550 4651 et
3580 4594 3845 4650 individua

2283 4698 2563 4753 Trinitatis
2602 4695 2847 4761 Carolus,
2876 4693 3115 4764 ejusdem
3147 4690 3242 4745 Dei
3277 4688 3677 4757 omnipotentis
3711 4688 3843 4740 mise-

2278 4789 2538 4853 ricordia,
2586 4788 2880 4857 imperator
2918 4787 3209 4854 Augustus.
3259 4780 3371 4852 (98)
3418 4779 3627 4834 Priscis
3656 4779 3846 4834 lociset

2278 4884 2333 4940 in
2376 4884 2493 4945 eis,
2538 4898 2636 4952 pro
2677 4880 2837 4936 totius
2876 4877 3139 4933 Ecclesia}
3169 4882 3373 4930 sanctre
3409 4881 3600 4936 statu,
3635 4871 3737 4925 Deo
3762 4869 3842 4922 nri—

2276 4973 2553 5029 litantibus
2579 5012 2595 5037 ,
2643 4971 2877 5027 debitam
2931 4983 3119 5023 curam
3149 4975 3206 5021 et
3241 4962 3619 5020 defensionem
3664 4962 3841 5031 impen-

2280 5067 2489 5128 dimus,
2521 5060 2860 5131 profuturum
2909 5058 3065 5113 nobis
3109 5056 3173 5110 ad
3215 5062 3545 5124 prresentem
3592 5051 3753 5105 vitam
3778 5048 3865 5109 fer

2286 5156 2459 5211 liciter
2487 5152 2882 5224 transigendam
2907 5160 2960 5204 et
2991 5148 3246 5211 futuram,
3279 5145 3386 5200 Deo
3409 5143 3729 5213 opitulante,
3747 5154 3839 5194 out-

2289 5266 2386 5292 ιιι]
2437 5279 2653 5292 “um-..
2710 5263 2763 5292 ιι
