3982 5292
117 329 143 382 ι
155 330 265 385 249

1472 325 2044 382 CIIAR'I‘ULARIUM.

3234 287 3392 387 ἐρδο-

115 443 344 497 nimodo
379 455 482 495 non
541 413 868 496 dubitamus.
907 441 1164 496 Noverint
1213 441 1391 512 itaque
1420 456 1606 496 omnes
1636 440 1696 494 ﬁ-
1725 440 1771 499 Α
1800 433 2231 502 humalusjacel,
2257 435 2654 490 conﬁrmamus.
2681 435 3030 493 Decernimus
3050 440 3211 496 etiam
3233 458 3384 511 qum-

113 533 274 586 deles
293 542 496 586 sancta:
519 531 612 586 Dei
641 532 893 586 Ecclesia:
921 541 974 586 et
996 533 1162 608 nostri
1184 572 1200 598 ,
1225 542 1517 602 praesentes
1539 543 1701 604 atque

113 622 331 687 futuri,
384 624 510 692 quia
557 622 882 677 venerabilis
916 622 1000 676 vir
1030 623 1347 689 Hilduinus,
1389 623 1557 678 abbas
1584 638 1698 678 cte-

109 713 268 767 nobii
317 715 489 768 sancti
543 714 688 786 Petri
719 714 862 785 quod
908 723 1131 768 vocatur
1177 714 1390 779 Sitbiu,
1445 715 1534 770 ubi
1569 730 1700 769 eon-

110 805 387 861 fessorum
437 806 639 861 Christi
691 807 986 862 Audomari
1021 814 1182 876 atque
1226 805 1430 862 Bertini
1469 821 1698 876 corpora

107 896 281 951 beata
322 899 504 966 quiete
545 897 822 958 fruuntur,
874 897 1182 952 celsitudini
1220 908 1420 953 nostra:
1450 897 1700 968 frequen-

110 985 332 1041 tissime
359 988 656 1056 suggessit,
699 989 944 1042 eumdem
985 997 1230 1042 sanctum
1263 988 1439 1043 locum
1463 1029 1478 1052 ,
1518 1004 1697 1043 rerum

109 1090 340 1129 suarum
386 1077 740 1131 diminutione
769 1079 990 1131 nimium
1027 1078 1355 1146 periclitari;
1394 1094 1700 1135 memorans

109 1166 398 1238 Hugonem
447 1169 808 1223 venerabilem
856 1169 1136 1234 abbatem,
1189 1172 1458 1240 quondam
1488 1173 1701 1226 ordina-

109 1257 324 1312 tionem
367 1258 510 1312 illius
539 1260 708 1314 sancti
744 1259 845 1314 loci
879 1269 1270 1329 competentem
1299 1276 1512 1316 summa
1540 1263 1702 1316 devo-

107 1351 270 1406 tione
317 1352 604 1420 disponere
649 1352 886 1407 voluisse
937 1361 993 1406 et
1039 1354 1305 1422 coepisse,
1354 1355 1485 1418 sed,
1527 1363 1698 1407 morte

104 1451 492 1510 praeventum,
545 1459 648 1497 non
704 1443 1029 1513 perfecisse;
1086 1459 1144 1498 se
1188 1459 1350 1506 vero,
1401 1444 1699 1512 prtedeces-

106 1534 262 1588 soris
308 1534 696 1589 benevolentiae
751 1535 1016 1589 haeredem
1042 1574 1056 1597 ,
1090 1534 1387 1589 humillima
1417 1535 1699 1589 devotione

105 1634 168 1678 ut
205 1625 558 1692 perﬁceretur
589 1641 836 1681 exorare.
873 1625 979 1681 Nos
1021 1627 1203 1696 itaque
1228 1666 1243 1691 ,
1287 1627 1398 1696 jam
1427 1627 1554 1682 dicti
1587 1627 1697 1682 cari

104 1716 290 1769 nostri
325 1715 558 1770 llilduini
585 1757 599 1782 ,
633 1717 943 1786 nuperrime
977 1716 1237 1782 defuncti,
1283 1718 1576 1787 supplicem
1609 1719 1700 1772 de-

1800 540 1905 595 que
1947 540 1976 578 a
2022 532 2265 594 tempore
2314 526 2554 602 praecelsi
2601 526 2860 596 genitoris
2909 529 3117 597 nostri,
3167 532 3380 590 collatis

1800 617 2113 671 devotorum
2143 616 2210 671 ad
2255 631 2439 671 eorum
2485 618 3051 674 commemorationem
3094 603 3394 678 celebran-'

1800 708 1956 772 dam,
1988 708 2160 762 eidem
2198 717 2383 763 sancto
2427 709 2544 765 loco
2565 750 2578 772 ,
2613 719 2889 765 cartarum
2921 681 3395 784 delegationibus,‘

1799 809 1897 864 per
1944 797 2159 850 easdem
2211 798 2587 852 conﬁrmatum
2637 807 2749 864 est,
2803 802 3095 855 secundum
3145 803 3382 871 ipsorum

1800 883 2188 953 delegationem
2214 895 2266 939 et
2287 886 2708 942 ecclesiasticam
2742 890 3102 953 sanctionem,
3129 901 3383 946 maneant

1799 971 2032 1026 stabilita
2078 980 2130 1027 et
2176 988 2294 1042 qua:
2343 974 2396 1028 in
2447 976 2788 1043 postmodum
2820 979 3007 1031 eodem
3055 989 3239 1036 tenore
3275 982 3382 1035 Do-

1801 1064 1931 1117 mini
1959 1062 2256 1118 Salvatoris
2282 1065 2551 1119 addiderit
2581 1065 2884 1121 clementia.
2921 1067 3218 1124 Statuimus
3243 1086 3396 1142 quo-V

1800 1167 1904 1222 que
1934 1161 1991 1205 ut
2038 1152 2090 1206 in
2135 1154 2323 1208 eodem
2372 1155 2700 1208 monasterio
2749 1171 3001 1212 numerus
3030 1175 3058 1212 ι,
3091 1157 3396 1216 monacho?

1801 1257 1920 1295 rum
1957 1283 1971 1306 ,
2027 1244 2324 1302 secundum
2382 1245 2822 1300 constitutionem
2887 1249 3066 1303 domui
3118 1253 3378 1319 genitoris

1801 1333 2014 1395 nostri,
2073 1343 2328 1401 perpetuo
2377 1343 2562 1389 tenore
2619 1347 2898 1401 servetur;
2957 1348 3011 1392 et
3063 1343 3382 1411 praepositus

1799 1423 2088 1488 creterique
2144 1422 2520 1477 ministeriales
2568 1439 2906 1494 nequaquam
2959 1426 3127 1493 ﬁant,
3161 1431 3262 1482 nisi
3313 1447 3380 1487 ex

1801 1509 1929 1578 ipsis
1977 1510 2262 1576 fratribus,
2292 1529 2388 1582 per
2432 1513 2744 1568 electionem
2791 1531 2976 1569 eorum
3006 1526 3060 1570 et
3119 1533 3382 1574 consensu

1801 1598 2031 1652 abbatis.
2091 1599 2333 1654 Ilabeant
2389 1602 2552 1672 igitur
2609 1619 2797 1657 omnes
2853 1620 2937 1658 res
2989 1602 3380 1675 praescriptas,

1805 1685 2072 1755 imperiali
2123 1689 2451 1743 auctoritate
2501 1691 2811 1756 roboratas,
2855 1703 3120 1761 quatenus
3162 1698 3378 1750 eosdem

103 1804 389 1858 votionem
432 1813 487 1860 et
529 1777 796 1861 sinceram
839 1821 967 1879 erga
1013 1822 1112 1862 nos
1165 1777 1322 1862 ﬁdem
1350 1777 1698 1876 obsequium-
1729 1795 1771 1852 Β
1800 1779 1892 1832 θεῖ
1941 1777 2313 1879 ί³ξ¹¹¹¹¹⁰⁵ηβτθ
2356 1781 2509 1879 ¹ξ⁰δξ
2556 1797 2622 1879 3‘}
2659 1784 2887 1879 Ροηξηπ
2931 1784 3034 1879 νει
3065 1786 3214 1879 pro"?
3267 1796 3380 1841 δίη·

103 1911 221 1964 que
260 1897 628 1952 nmltimodum
658 1899 977 1963 recolentes,
1018 1899 1292 1966 ipsiusque
1321 1899 1697 1968 supplicationi

106 1988 167 2040 in
197 1988 512 2042 memoratis
534 1999 863 2053 ammentes,
886 1989 1225 2043 decernimus
1252 1991 1572 2044 auctoritate
1600 1991 1701 2044 im-

107 2081 392 2147 peratoria
415 2120 430 2144 ,
459 2089 515 2133 ut
542 2080 594 2134 in
625 2082 955 2137 monasterio
985 2084 1156 2136 sancti
1182 2081 1358 2144 Petri,
1393 2083 1480 2136 ubi
1513 2082 1699 2138 beatus

106 2168 374 2224 Bertinus
398 2173 716 2240 requiescit,
749 2173 860 2228 Deo
888 2173 1208 2230 famulantes
1228 2215 1241 2240 ,
1272 2175 1335 2230 ad
1365 2186 1563 2231 statum
1595 2174 1697 2233 loci

104 2264 291 2318 sancti
351 2263 535 2329 istius,
593 2265 689 2320 has
733 2281 820 2321 res
871 2267 1161 2336 deinceps,
1210 2268 1329 2323 sine
1384 2268 1541 2323 ullius
1585 2285 1700 2324 mo-

105 2355 272 2407 lestia
318 2353 402 2408 vel
453 2355 835 2422 diminutione,
881 2359 1226 2423 contineant,
1277 2358 1526 2414 videlicet
1569 2376 1581 2412 :
1617 2359 1698 2414 ‘ad

108 2459 367 2498 mansum
401 2445 712 2500 monasterii
744 2446 1155 2513 domin'calem,
1187 2449 1541 2514 vaccaritias,
1575 2465 1694 2502 cum

106 2535 284 2606 sylvis
323 2533 723 2602 adjacentibus,
753 2537 805 2592 in
840 2537 1259 2609 Widingaham,
1294 2537 1693 2610 Wolingabam,

109 2625 546 2696 Vumpingaham
576 2643 696 2682 cum
734 2628 1008 2683 Limchold
1031 2670 1045 2696 ,
1080 2628 1345 2684 Ililsferod
1373 2646 1493 2684 cum
1523 2631 1696 2684 Lard-

74 2719 286 2774 ‘hruca
334 2728 388 2774 et
417 2719 615 2776 Grevia
640 2762 655 2786 ,
704 2720 1050 2785 Ilirnethold,
1087 2721 1447 2790 Dakingahem
1472 2762 1486 2786 ,
1526 2723 1697 2777 Cruo-

108 2809 391 2878 nonberg,
421 2825 541 2864 cum
588 2811 799 2866 caeteris
825 2809 1144 2878 adjacentiis
1171 2821 1225 2865 et
1255 2812 1544 2866 territoriis
1570 2829 1695 2867 car-

109 2897 486 2963 pentariorum
518 2912 547 2948 v
578 2896 709 2950 inibi
755 2894 1094 2963 jacentibus;
1121 2904 1176 2949 et
1199 2897 1351 2951 villas
1380 2887 1478 2952 has
1507 2911 1522 2950 :
1553 2896 1696 2953 Vue-

108 2987 402 3050 sariuium,
422 2985 728 3050 Tarnenna,
750 2986 1000 3052 Coiacus,
1019 2986 1338 3053 Hiskinium,
1356 2988 1692 3055 Aldomhem,

107 3076 286 3132 Gisna
309 3117 324 3141 ,
354 3077 542 3142 Scala,
576 3077 1014 3134 Thorbodashem
1033 3121 1047 3145 ,
1094 3080 1590 3152 Pupurningahem,
1616 3091 1690 3146 et,

1803 1879 1965 1938 tuque
1989 1869 2196 1938 imperii
2225 1871 2428 1935 nostri,
2465 1871 2670 1925 Domini
2707 1876 3130 1930 misericordiam
3163 1877 3383 1932 uberius

1800 1973 2028 2012 exorare
2074 1959 2321 2014 delectet.
2371 1961 2436 2015 Et
2475 1971 2531 2015 ut
2580 1962 2692 2016 haec
2747 1966 3040 2020 auctoritas
3071 1982 3165 2034 per
3198 1968 3380 2021 omnia

1803 2056 2040 2119 tempora
2087 2049 2469 2104 inviolabiliter
2522 2063 2903 2118 conservetur,
2955 2071 3116 2108 manu
3160 2058 3372 2125 propria

1799 2138 1984 2192 subter
2034 2137 2404 2205 ﬁrmavimus,
2453 2149 2508 2195 et
2560 2142 2743 2196 ammli
2797 2144 2964 2197 nostri
3021 2144 3380 2214 impressione

1798 2226 2043 2297 insigniri
2074 2227 2357 2296 jussimus.

1875 2341 1892 2374 ι
1941 2318 2162 2393 Signum
2216 2319 2393 2378 Caroli
2448 2321 2820 2393 gloriosissimi
2853 2325 3213 2394 imperatoris.

1874 2436 1892 2467 ι
1936 2419 2240 2484 A‘udather,
2290 2420 2561 2484 notarius,
2617 2417 2682 2473 ad
2732 2417 2903 2473 vicem
2949 2416 3164 2473 Gosleni
3221 2432 3373 2472 recc--

1797 2507 1998 2578 gnovit.

1875 2616 1892 2648 ι
1943 2599 2073 2652 Data
2114 2615 2186 2653 xu
2232 2600 2349 2655 Kal.
2394 2602 2540 2665 Julii,
2574 2619 2715 2656 anno
2746 2617 2924 2657 xxxvu
2952 2602 3082 2672 (99),
3121 2607 3376 2671 regnante

1798 2689 1996 2745 domno
2025 2692 2256 2759 Carolo,
2308 2694 2629 2764 imperiique
2673 2695 2912 2763 ejusdem
2956 2711 3016 2748 ιι.

1873 2797 1892 2830 ι
1938 2781 2133 2836 Actum
2165 2782 2219 2836 in
2251 2783 2582 2854 Compemlio
2606 2785 2804 2854 palatio
2852 2785 3142 2854 imptzrinli,
3174 2785 3257 2839 die
3289 2799 3375 2837 xxv

1796 2882 1917 2940 post
1947 2881 2174 2927 mortem
2205 2873 2411 2943 prcefati
2443 2875 2672 2929 abbatis.
2719 2894 2737 2926 ι

2067 2985 2218 3040 LVII.
2260 2985 2338 3040 De
2359 2995 2522 3041 morte
2550 2986 2726 3040 Caroli
2758 2989 3108 3057 imperatoris.

1869 3097 2041 3170 (877.)
2067 3097 2196 3153 Post
2218 3099 2354 3164 haec,
2391 3099 2582 3155 eodem
2625 3115 2786 3165 anno,
2819 3099 3044 3154 Carolus
3081 3100 3376 3170 imperator

106 3169 165 3221 in
199 3166 466 3235 Marisco,
509 3167 945 3238 Buonmgahem;
994 3168 1202 3235 Iiecca,
1238 3185 1361 3225 cum
1401 3171 1694 3234 sedilibus,

1813 3187 2026 3243 Romam
2073 3205 2367 3260 properare
2399 3190 2608 3256 volens,
2645 3199 2764 3260 post
2809 3192 3044 3244 medium
3083 3190 3278 3244 Iulium
3313 3191 3380 3244 de

109 3257 165 3310 in
200 3256 409 3322 furnis,
440 3267 493 3312 et
515 3251 669 3325 juxta
706 3257 973 3323 Merkisa;
1005 3267 1060 3313 et
1108 3259 1272 3314 Loom
1305 3260 1373 3314 ad
1406 3259 1696 3326 Sentinas;

113 3348 166 3402 in
222 3347 520 3403 Calmontis
553 3365 767 3420 quoque
811 3349 976 3414 villa,
1025 3351 1268 3419 exceptis
1318 3351 1401 3404 his
1441 3366 1560 3420 qua:
1611 3352 1704 3404 be-

115 3444 370 3497 neliciata
404 3442 646 3510 fuerant,
697 3459 1004 3498 mansorum
1055 3444 1404 3497 medietatem
1451 3452 1507 3498 et
1544 3460 1699 3497 mau-

115 3537 420 3604 cipiormn;
467 3537 745 3590 vinearum
795 3546 974 3590 autem
1029 3536 1147 3590 dua:
1189 3545 1406 3605 partes;
1450 3551 1702 3590 mansum

114 3628 564 3682 indominicatmn
599 3642 722 3682 eum
772 3627 1012 3680 bunariis
1077 3643 1129 3679 χ.
1183 3625 1320 3680 Sunt
1368 3642 1579 3696 quoque
1623 3627 1704 3679 fa-

114 3717 280 3771 mulis
335 3717 644 3770 monasterii
671 3731 777 3770 cxu
829 3716 909 3770 ha:
935 3715 1073 3770 villae
1117 3717 1384 3785 deputata:
1416 3735 1429 3770 :
1463 3717 1667 3771 Kelmis
1689 3758 1703 3782 ,

113 3807 436 3876 Atquinium
461 3847 474 3869 .
528 3805 886 3876 Beingabem,
929 3822 1054 3860 cum
1093 3807 1397 3872 territorio,
1448 3808 1500 3862 in
1536 3807 1702 3863 Bum-

115 3897 470 3967 mingabem,
524 3896 911 3967 Sinningahem
941 3936 957 3958 ,
1008 3895 1494 3968 Okkaningahem;
1545 3908 1598 3952 et
1653 3901 1704 3952 in

113 3996 276 4041 vetus
317 3987 700 4039 monasterium
745 3985 1136 4054 piscationem,
1185 3987 1326 4042 sicut
1353 3997 1408 4042 et
1435 3989 1702 4042 anterius.

118 4081 216 4137 llis
274 4084 438 4136 rebus
484 4082 800 4152 atljicimus,
847 4084 913 4138 ad
960 4083 1161 4138 victum
1213 4083 1469 4149 fratrum,
1522 4083 1705 4138 villam

118 4173 345 4227 nomine
389 4171 776 4243 Liegesborth,
805 4189 927 4228 cum
968 4174 1113 4230 onmi
1147 4175 1454 4246 integritate
1486 4190 1610 4240 sua,
1649 4184 1708 4229 ut

117 4264 248 4318 olim
280 4263 406 4325 fuit,
450 4263 690 4333 exceptis
725 4263 1030 4319 cavallariis
1079 4265 1272 4318 tribus.
1318 4263 1395 4317 Ad
1425 4263 1705 4319 kamaram

121 4352 373 4418 fratrum,
408 4353 460 4407 in
515 4354 802 4419 vestiario,
855 4353 1141 4422 adjieimus
1192 4354 1530 4410 Krokashem
1584 4370 1707 4410 cum

119 4439 474 4507 Westkerca,
529 4452 582 4498 et
636 4459 758 4498 cum
791 4446 1146 4514 appenditiis;
1198 4454 1252 4500 et
1301 4447 1354 4500 in
1406 4446 1707 4501 Celwalda-

1807 3279 2035 3334 Francia
2085 3281 2187 3334 iter
2237 3281 2484 3349 arripuit,
2515 3288 2568 3335 et
2601 3281 2655 3333 in
2706 3279 2912 3333 Italiam
2944 3281 3189 3343 veniens,
3213 3279 3377 3348 Papia

1805 3371 2020 3426 obviam
2067 3371 2254 3425 habuit
2297 3372 2557 3426 Joannem
2589 3387 2801 3442 papam.
2835 3371 3097 3439 \‘enitque
3153 3371 3378 3425 Carolo-

1813 3474 2068 3525 mannus,
2100 3474 2268 3528 nepos
2306 3459 2506 3525 Caroli,
2536 3476 2656 3514 cum
2686 3459 2867 3514 multis
2892 3460 3122 3514 millibus
3151 3460 3374 3514 bellato-

1807 3564 1925 3602 rum
1970 3549 2036 3603 de
2082 3548 2328 3615 Bajoaria
2360 3557 2416 3602 et
2446 3548 2667 3618 reliquis
2725 3549 3114 3604 Gerunmorum
3143 3551 3378 3604 orienta-

1807 3638 1967 3702 libus,
1996 3639 2379 3692 contradicens
2418 3638 2492 3691 illi
2536 3639 2701 3692 Italia:
2749 3654 2988 3708 regnum.
3026 3639 3090 3692 Et
3117 3655 3240 3693 cum
3273 3656 3380 3693 non

1805 3730 2029 3784 haberet
2055 3731 2263 3800 copiam
2297 3731 2519 3786 Carolus
2551 3747 2644 3784 rex
2686 3731 2968 3786 resistendi
3009 3747 3180 3800 papae,
3210 3732 3378 3786 dona-

1808 3819 1902 3874 riis
1943 3819 2116 3874 sancti
2160 3819 2304 3874 Petri
2353 3820 2760 3885 connnemlatis,
2794 3835 3041 3874 reversus
3085 3829 3186 3885 est,
3238 3821 3378 3876 inﬁr-

1808 3922 2113 3980 matusque,
2147 3911 2286 3965 intra
2315 3912 2476 3982 Alpes
2516 3913 2650 3966 obiit
2676 3927 2737 3966 ιιι
2769 3911 2948 3965 Nonas
2975 3911 3245 3967 Octobris.
3270 3912 3376 3966 Cu-

1799 4000 1890 4070 jus
1915 4016 2112 4070 corpus
2159 4002 2356 4056 milites
2384 4018 2453 4056 xv
2482 4002 2670 4057 diebus
2716 4003 3050 4057 aromatibus
3100 4003 3374 4057 conditum

1806 4090 2062 4155 ferentes,
2094 4107 2216 4147 cum
2272 4092 2489 4158 foetore,
2542 4101 2761 4162 propter
2790 4091 3043 4156 calorem,
3087 4109 3380 4162 gravaren-

1808 4190 1915 4248 tur,
1974 4183 2236 4237 miserunt
2285 4183 2338 4237 in
2390 4193 2608 4239 tonnam
2659 4183 2923 4236 vinariam
2973 4182 3107 4236 alios
3138 4198 3205 4236 xv
3245 4184 3380 4238 dies.

1808 4271 2046 4327 Tandem
2101 4273 2268 4327 nimio
2311 4270 2506 4328 fanore
2555 4273 2763 4342 gravati
2819 4277 2967 4342 (nam
3015 4273 3080 4325 ad
3133 4281 3378 4326 sanetmn

1812 4362 2127 4433 Dyonisium
2153 4376 2274 4416 eum
2309 4362 2601 4416 transferre
2628 4362 2948 4432 cupierunt),
2984 4360 3200 4416 demum
3227 4361 3380 4425 victi,

1815 4453 1869 4508 in
1920 4454 2252 4509 monasterio
2313 4453 2584 4508 Nantuato
2635 4452 2980 4523 Burgundiar,
3008 4453 3148 4522 quod
3189 4452 3384 4505 dicitur

125 4544 308 4605 storp,
355 4535 638 4590 ecclesiam
676 4545 729 4590 et
775 4538 960 4593 vineas
997 4546 1051 4593 et
1107 4553 1293 4593 mansa
1330 4555 1401 4591 xu
1454 4556 1576 4594 cum
1608 4541 1705 4593 ho-
1736 4553 1784 4610 ι)
1809 4556 2056 4600 sanctum
2118 4544 2451 4607 Marcellum,
2485 4544 2832 4613 sepelierunt.
2889 4543 3192 4598 Ludovicus
3241 4541 3384 4596 filius

127 4626 392 4690 minibus;
445 4627 573 4681 item
624 4627 674 4680 in
727 4627 971 4692 Kascllo,
1025 4628 1165 4682 ultra
1206 4627 1486 4694 Rhenum,
1521 4644 1707 4684 mansa

129 4717 375 4774 similiter
423 4735 532 4784 xu;
588 4720 638 4773 in
685 4719 960 4784 Frekena,
1012 4737 1199 4781 mansa
1231 4739 1303 4786 χ,
1354 4737 1475 4776 cum
1536 4730 1709 4774 matre

128 4809 386 4877 ecclesia,
445 4821 499 4866 et
547 4812 810 4866 decimam
862 4813 970 4868 illic
1019 4813 1322 4868 ordinatam
1363 4829 1484 4869 eum
1535 4813 1708 4868 homi-

131 4903 326 4967 nibus;
381 4903 432 4956 in
474 4902 739 4958 Daventre
785 4914 974 4973 portu,
1014 4920 1201 4960 mansa
1250 4920 1354 4971 vn;
1401 4907 1466 4960 ad
1495 4916 1703 4975 portam

133 5003 310 5048 autem
332 5034 348 5058 ,
397 5004 522 5048 ante
550 4995 695 5051 fores
723 4995 994 5064 ecclesiae,
1047 4997 1390 5074 vaccaritiam
1421 5015 1541 5054 cum
1581 4998 1707 5054 hor-

136 5087 276 5154 tulo;
328 5099 412 5154 et,
464 5093 516 5146 in
552 5092 889 5156 Loconesse,
943 5109 1132 5150 mansa
1180 5109 1288 5159 vu,
1320 5110 1440 5150 cum
1473 5097 1585 5152 suis
1611 5113 1708 5165 ap-

138 5181 380 5244 penditiis
408 5191 464 5237 et
485 5185 778 5253 mancipiis.
804 5182 1165 5242 Territorium
1190 5201 1402 5256 quoque
1422 5197 1476 5242 et
1497 5188 1704 5256 vineas,

318 5284 424 5292 αι...-

1812 4635 1948 4706 ejus,
1986 4650 2080 4689 rex
2107 4635 2458 4689 constituitur
2497 4635 2547 4688 in
2578 4634 2908 4705 Compendio
2935 4633 3142 4704 palatii.

2201 4724 2378 4780 LVIII.
2409 4726 2482 4779 De
2515 4724 2742 4780 Folconc
2772 4725 2974 4780 abbate.

1881 4816 2053 4888 (878.)
2079 4814 2350 4871 Successit
2377 4816 2588 4871 interim
2630 4817 2882 4872 llilduino
2904 4819 2956 4872 in
2980 4817 3196 4872 abbatia
3226 4819 3389 4876 Folco

1810 4911 2124 4978 canonicus,
2170 4927 2203 4965 v
2231 4911 2354 4966 Idus
2405 4912 2705 4976 Februarii,
2757 4913 3034 4968 Dominica
3083 4928 3122 4976 ι,
3166 4916 3220 4969 in
3260 4935 3394 4988 qua-

1808 5005 2132 5075 dragesima,
2185 5005 2431 5074 rexitque
2493 5005 2632 5058 hanc
2687 5020 2784 5074 per
2821 5004 3250 5076 quatriennium.
3284 5009 3397 5063 Sub

1809 5096 1964 5167 cujus
1990 5103 2254 5163 tempore,
2287 5095 2521 5148 ambitus
2569 5094 2774 5150 castelli
2825 5100 2974 5152 circa
3004 5101 3402 5156 monasterium

1815 5189 1990 5244 sancti
2031 5185 2236 5242 Bertini
2271 5196 2352 5241 est
2377 5188 2677 5250 dimensus,
2701 5193 2754 5239 et
2808 5202 2911 5257 per
2947 5183 3253 5241 ministeria
3295 5193 3407 5247 tlis-
