3982 5292
161 189 314 250 12ὸὸ

1511 201 2079 264 ειιΑιιΤυιΑιιιυιι.

3288 230 3422 287 1234

152 313 354 381 polis”
402 328 430 366 a
460 311 615 367 nobis
648 327 733 367 res
772 312 1014 368 ecclesia:
1051 323 1252 369 nostra:
1279 334 1290 367 ;
1323 315 1426 371 hoc
1466 326 1610 383 sunt,
1641 320 1744 374 bu-
1771 330 1821 385 Α
1848 323 1936 380 LX
1951 323 2032 378 VI.
2063 325 2138 380 De
2160 326 2334 396 eclipsi
2356 331 2500 396 solis,
2527 344 2572 386 et
2597 336 2658 388 de
2679 337 2897 392 adventu
2937 339 3422 408 Nordmannorum.

152 407 322 472 naria
379 419 430 468 ι,
474 404 712 475 jacentia
763 405 814 458 in
876 405 1052 458 villula
1112 423 1230 476 qua:
1283 408 1485 463 dicitur
1546 410 1743 476 Silhiu,

147 511 332 564 super
372 494 531 549 ﬂuvio
577 496 837 565 Agniona,
881 512 978 551 nos
1034 513 1266 567 quoque,
1323 501 1463 569 quod
1510 511 1595 555 tua
1648 504 1747 559 fuit

145 584 386 652 petitio,
439 584 581 653 ipsas
634 599 718 638 res
764 587 980 652 ambas,
1041 596 1148 641 tam
1196 605 1288 643 eas
1337 607 1468 660 quas
1526 593 1741 660 dedisti,

145 686 277 730 tam
314 694 404 732 eas
454 694 588 748 quas
633 693 663 732 a
709 679 862 732 nobis
890 682 1526 750 expetisti,concedimus
1557 687 1649 740 tibi
1691 697 1745 742 et

143 767 321 821 uxori
357 776 443 820 tua
491 768 798 832 Bertlianae,
842 785 933 824 seu
971 770 1094 825 ﬁliis
1127 773 1340 838 vestris,
1375 775 1441 829 ad
1486 777 1740 831 excolen-

140 858 291 912 dum
345 867 396 913 et
432 860 894 919 emeliorandum:
943 872 1020 929 et,
1066 865 1208 919 sicut
1255 869 1529 932 convenit,
1587 870 1742 925 nobis

139 951 323 1006 annis
353 951 598 1022 singulis,
631 953 709 1007 ad.
729 953 1072 1009 festivitatem
1103 958 1272 1011 sancti
1309 957 1530 1021 Bertini,
1575 959 1741 1016 Nonis

138 1039 520 1107 Septembris,
549 1041 777 1095 solidmn
806 1058 821 1096 ι
852 1043 1155 1112 persolvere
1180 1047 1471 1110 studentis,
1500 1058 1552 1102 et
1577 1049 1738 1105 aliubi

138 1129 307 1196 ipsas
339 1144 427 1184 res
470 1145 571 1184 nec
600 1132 729 1186 dare
760 1149 858 1188 nec
886 1135 1116 1189 vendere
1143 1152 1239 1190 nec
1281 1150 1611 1194 commutare
1641 1158 1741 1197 nec

135 1217 401 1273 alienare
452 1227 778 1286 potestatem
825 1221 1101 1288 habeatis;
1148 1225 1263 1290 sed,
1309 1238 1365 1280 ut
1395 1228 1593 1282 dictum
1634 1240 1735 1296 est,

132 1311 398 1378 qnandiu
429 1312 691 1375 vixeritis,
736 1330 834 1383 pro
864 1326 1049 1370 nostro
1084 1317 1356 1372 beneﬁcio
1387 1321 1734 1387 possidentis;

131 1416 206 1454 ac
235 1410 369 1470 post
407 1412 648 1458 vestrum
677 1405 916 1459 omnium
948 1408 1175 1471 obitum,
1205 1409 1330 1478 ipsa:
1371 1426 1454 1465 res
1485 1414 1734 1481 praescri-

133 1505 278 1562 pne,
327 1511 449 1549 cum
497 1497 643 1551 omni
677 1498 1106 1564 emelioratione,
1137 1519 1167 1554 a
1209 1503 1361 1558 nobis
1392 1505 1474 1559 vel
1514 1522 1733 1562 succes-

131 1587 370 1640 soribus
419 1589 617 1643 nostris
657 1590 723 1644 ad
773 1591 1040 1661 integrum
1089 1593 1416 1663 recipiantur
1446 1597 1500 1650 in
1541 1614 1732 1667 perpe-

133 1683 306 1727 tuum
341 1677 690 1744 possidendzc.
733 1679 853 1735 Han:
879 1697 1008 1750 ergo
1036 1686 1309 1751 praestaria
1341 1686 1493 1739 ﬁrma
1522 1702 1734 1755 perma-

131 1774 302 1830 neat,
332 1782 451 1820 cum
483 1769 826 1837 stipulatione
863 1773 1114 1826 sulmixa.

219 1873 241 1904 c
276 1856 472 1910 Actum
526 1857 704 1912 Sithiu
746 1862 1073 1916 monasterio
1118 1864 1347 1932 publice,
1407 1867 1458 1920 in
1507 1867 1729 1924 basilica

125 1945 341 2000 Sancti
385 1946 528 2001 Petri
564 1950 788 2019 apostoli
839 1968 896 2006 ιιι
943 1953 1063 2008 Idus
1092 1957 1308 2023 Aprilis,
1351 1972 1491 2012 anno
1523 1976 1602 2024 nt,
1641 1976 1724 2013 re-

128 2048 352 2106 gnante
400 2041 597 2096 domno
628 2041 819 2098 Carolo
850 2044 1176 2114 imperatore
1213 2047 1264 2100 in
1295 2047 1523 2104 Francia
1553 2050 1722 2121 (I05),

121 2138 346 2197 nepote
373 2129 570 2185 Caroli.

214 2237 234 2269 ε
273 2219 390 2290 Ego
432 2221 711 2290 Rodulfus,
761 2224 950 2290 abbas,
980 2227 1197 2296 propria
1237 2243 1398 2284 mauu
1435 2231 1662 2286 ﬁrmavi.
1699 2250 1718 2284 ι

119 2310 330 2365 LXIII.
362 2311 436 2365 De
468 2323 632 2367 morte
663 2312 843 2369 Caroli
891 2309 1024 2387 regis
1051 2329 1097 2372 et
1142 2322 1465 2376 successione
1501 2320 1720 2377 Odonis.

207 2400 388 2472 (888.)
419 2400 546 2456 Post
589 2403 704 2459 haec
753 2413 934 2462 autem
966 2405 1191 2463 Carolus
1220 2423 1334 2475 rev,
1384 2410 1593 2480 imperii
1639 2413 1722 2468 sui

123 2506 285 2545 anno
323 2508 394 2556 tv,
424 2493 652 2548 decessit
693 2510 724 2548 a
769 2497 996 2563 saaculo;
1044 2500 1129 2554 cui
1163 2501 1380 2571 quidam
1431 2501 1566 2566 Odo,
1615 2519 1720 2558 non

123 2599 197 2637 ex
233 2583 389 2653 regia
427 2584 616 2654 stirpe,
663 2588 925 2644 successit
961 2589 1014 2642 in
1059 2605 1239 2660 regno.
1287 2591 1530 2662 Namque
1560 2597 1716 2649 dece-

125 2674 395 2728 dentibus
449 2675 885 2744 imperatoribus,
932 2679 1272 2736 Carlomanni
1320 2683 1459 2738 ﬁlius
1512 2693 1718 2737 tantum

123 2763 181 2818 in
213 2764 377 2817 cunis
415 2767 667 2820 remansit
699 2782 830 2836 puer
857 2768 1102 2837 Carolus,
1145 2772 1210 2826 de
1236 2788 1340 2842 quo
1369 2790 1490 2828 eum
1519 2775 1714 2830 Franci

122 2855 540 2922 desperassent,
587 2849 866 2923 praelatum
920 2859 1158 2914 Odoucm
1210 2878 1371 2930 super
1421 2877 1480 2917 se
1535 2879 1714 2932 regem

121 2950 402 3006 statuunt,
448 2957 590 2996 anno
622 2946 826 3000 Domini
851 2946 953 3002 888
978 2949 1147 3020 (I06).
1179 2949 1235 3003 In
1267 2951 1416 3021 cujus
1441 2967 1582 3007 anno
1629 2969 1713 3006 se-

117 3033 333 3096 cundo,
362 3035 531 3087 sancti
570 3035 769 3090 Bertiui
804 3041 1186 3096 utonasterium
1220 3057 1250 3096 a
1287 3051 1602 3114 tempestate
1630 3055 1712 3102 est
1740 3067 1783 3128 (ς

123 3124 402 3193 dejectum
431 3142 514 3179 xvr
550 3126 664 3182 Kal.
706 3129 1000 3188 Februarii.

121 3213 318 3268 LXIV.
370 3214 660 3273 Pra’sluria
698 3220 957 3277 llucbaldi
1004 3229 1246 3281 monac/ti
1275 3231 1337 3281 de
1385 3231 1710 3288 Hildincurt.

196 3305 406 3358 Eodem
447 3324 623 3373 anno,
661 3311 826 3365 isdem
879 3315 1042 3370 abbas
1086 3317 1350 3374 Rodulfus
1401 3327 1710 3390 concessit,

122 3409 217 3464 per
251 3398 614 3464 prmstariam,
645 3397 937 3468 IIucbaIdo,
987 3409 1250 3462 monacho
1283 3412 1512 3466 coenobii
1541 3418 1709 3470 sancti

119 3484 384 3551 Amandi,
411 3487 589 3541 villam
631 3494 940 3546 monasterii
975 3497 1055 3550 sui
1096 3497 1297 3564 Silhiu,
1336 3502 1386 3556 in
1412 3519 1545 3574 pago
1583 3507 1710 3583 Ver-

122 3576 444 3641 mandcnsc,
476 3590 816 3649 nuncupante
847 3581 1044 3639 Hildini
1087 3585 1330 3656 Curtem,
1359 3607 1481 3646 cum
1512 3579 1707 3650 villulis

121 3665 189 3717 ad
221 3666 469 3720 eamdem
513 3669 922 3738 pertinentibus.
955 3672 1117 3742 Cujus
1153 3681 1450 3745 przestaria:
1478 3683 1596 3738 talis
1626 3695 1708 3738 cst

119 3757 340 3834 charta.

591 3874 748 3933 LXV.
773 3877 1054 3951 Exemplar
1080 3885 1247 3957 (I07).

189 3959 395 4014 Notum
424 3977 542 4017 esse
569 3965 832 4035 volumus,
871 3973 1107 4040 qualiter
1157 3977 1382 4033 dilectus
1431 3981 1706 4038 confratcr

117 4061 307 4104 noster
378 4049 704 4121 Ilugbaldus,
775 4074 841 4112 ex
915 4064 1165 4118 emnobio
1235 4067 1362 4122 almi
1435 4073 1704 4139 pontiﬁcis

117 4138 351 4194 Amandi
397 4140 718 4199 confessoris
749 4148 814 4201 ad
844 4151 1195 4209 erudiendmn
1233 4138 1486 4214 domnnin
1535 4164 1702 4218 abba-

121 4237 228 4282 tem
279 4229 588 4301 Rodull‘um,
633 4236 897 4293 seniorem
948 4254 1213 4313 nostrum,
1262 4252 1589 4306 concedente
1635 4269 1700 4310 ac

119 4323 466 4393 przccipiente
493 4325 754 4382 Gauzlino
779 4329 1014 4398 ejusdem
1045 4336 1144 4392 loci
1171 4339 1381 4408 abbate,
1412 4346 1692 4402 omnibus-

121 4423 222 4478 que
265 4425 466 4468 sanctae
510 4415 650 4472 illius
692 4426 1125 4493 congregationis
1169 4429 1425 4489 fratribus
1473 4451 1700 4492 consen-
1726 4417 1776 4476 D

121 4503 397 4572 tientibus,
428 4508 740 4577 destinatus,
771 4515 986 4584 petierit
1014 4535 1042 4572 a
1093 4523 1312 4588 praefato
1342 4527 1539 4587 domno
1582 4533 1693 4588 Ro-

123 4591 266 4647 dull'o
287 4600 548 4665 quasdam
577 4615 665 4656 res
692 4615 909 4674 propter
947 4613 1256 4680 temporalis
1285 4617 1477 4675 solatia
1507 4637 1694 4679 neces-

121 4681 314 4749 sitatis,
343 4689 468 4742 dum
499 4690 612 4760 ejus
637 4695 936 4750 adhzercret
981 4699 1158 4768 lateri,
1190 4706 1258 4761 ab
1285 4707 1374 4764 illo
1405 4725 1692 4770 concessas

122 4777 241 4844 sibi,
273 4785 473 4840 nostris
502 4777 812 4858 specialiter
848 4799 1030 4855 usibus
1073 4802 1305 4876 delegari
1357 4819 1518 4880 atque
1557 4829 1690 4868 con-

125 4871 258 4923 tradi
291 4887 306 4924 :
341 4874 416 4930 sic
450 4884 647 4948 tamen,
679 4893 738 4938 ut
781 4888 934 4942 annis
979 4871 1219 4960 singulis.
1247 4898 1313 4952 ad
1349 4871 1693 4956 festivitatem

123 4965 290 5018 sancti
323 4966 571 5039 Amandi,
595 4991 713 5048 quae
743 4987 826 5032 est
852 4995 923 5035 vn
950 4983 1216 5040 Kalendas
1255 4987 1592 5062 Novembris,
1612 4995 1693 5066 de

125 5049 249 5117 ipsis
284 5058 442 5115 rebus
469 5065 620 5121 nobis
655 5066 994 5127 refectionem
1024 5088 1315 5143 praeparet.

192 5188 336 5292 ἕψει)
378 5191 638 5292 Αιιξιρτεε
669 5201 996 5292 Νίιυιιιιςιιιι.
1030 5207 1225 5289 Christ.
1251 5216 1494 5292 chartam
1542 5219 1684 5274 illam

126 5255 412 5292 nnnlnninm
459 5265 618 5292 τηεμ.-

1918 435 2075 490 Αιιιιο
2121 449 2239 506 post
2287 441 2401 494 luce
2455 445 2639 509 tertio,
2693 449 2938 520 ccclipsis
2980 453 3109 510 solis
3155 457 3293 514 facta
3343 474 3428 520 est

1848 541 1978 579 xvtu
2010 527 2275 585 Kalendas
2304 530 2658 603 Septembris.
2690 539 2820 594 hora
2849 546 3105 611 secunda,
3130 558 3182 603 et
3208 551 3428 610 siccitas

1848 631 2040 687 magna
2099 619 2150 672 in
2200 637 2384 678 Iliense
2413 625 2572 690 Maio,
2618 627 2778 685 Junio
2825 641 2880 686 et
2931 633 3112 700 .Iulio,
3165 649 3219 694 et
3271 643 3424 698 stella

1845 717 2083 761 cometes
2132 714 2396 780 apparuit.
2446 716 2645 771 Eodem
2697 736 2866 785 anno,
2917 724 2967 779 id
3016 735 3096 780 est
3137 729 3427 790 Dominica:

1847 800 2145 856 nativitatis
2188 804 2310 868 89I,
2361 807 2446 862 die
2477 810 2782 878 Dominico,
2820 826 2937 884 post
2981 834 3195 886 nonam,
3231 827 3424 894 pagani

1845 901 1990 955 sunt,
2022 906 2117 962 per
2147 897 2336 951 merita
2363 911 2673 955 sanctorum
2708 904 2998 962 Andomari
3029 921 3190 981 atque
3221 916 3424 975 Bertini

1843 990 1898 1034 et
1929 981 2196 1052 Folquini,
2228 989 2388 1042 occisi
2417 1007 2544 1048 cccx
2575 993 2625 1047 in
2658 995 3128 1069 Widingahannno
3159 1021 3189 1060 a
3216 1006 3425 1064 Castel-

1844 1068 2005 1125 lionis
2056 1082 2364 1130 sanctorum
2429 1068 2860 1151 praedictorum,
2904 1093 3151 1158 sequenti
3208 1111 3424 1168 quoque

1843 1157 2139 1224 Dominico,
2175 1166 2418 1231 meridie,
2450 1172 2596 1224 venit
2627 1177 2896 1233 exercitus
2921 1181 3162 1253 reliquus
3185 1201 3422 1259 pagano-

1841 1265 1960 1303 rum
2010 1254 2255 1322 anipliori
2306 1260 2644 1320 multitudine
2683 1269 2750 1322 ad
2800 1274 3073 1330 castellum
3108 1293 3418 1339 sanctorum

1839 1342 2250 1412 prmdietorum;
2298 1358 2353 1402 et
2394 1367 2767 1420 pugnaverunt
2803 1377 2830 1414 a
2869 1366 3092 1422 meridie
3133 1386 3302 1440 usque
3349 1377 3417 1430 ad

1839 1445 2144 1501 vesperum,
2173 1452 2224 1490 vr
2256 1436 2435 1495 Nonas
2462 1443 2608 1512 Maii,
2639 1458 2691 1502 et
2718 1452 2846 1506 nihil
2870 1436 3284 1522 prmvaluerunt.
3309 1465 3417 1522 Sed

1838 1522 2014 1593 aliqua
2063 1543 2190 1596 pars
2235 1531 2447 1588 illorum
2498 1537 2719 1594 intravit
2765 1546 3046 1604 ecclesiam
3073 1558 3247 1609 sancti
3285 1557 3416 1612 Ber-

1841 1615 1965 1681 tini;
1999 1617 2178 1688 ibique
2205 1625 2330 1677 carci
2361 1625 2533 1682 ellecti
2575 1644 2701 1686 sunt
2741 1652 2814 1689 an
2845 1639 2967 1705 viri,
2995 1651 3050 1696 et
3083 1646 3275 1701 vexilla
3323 1665 3416 1717 eo-_

1765 1689 1807 1748 Β
1837 1720 1954 1758 rum
1998 1707 2050 1761 in
2095 1710 2254 1764 aliam
2293 1712 2516 1783 ﬁguram
2555 1731 2756 1777 imitata
2805 1739 2963 1796 sunt;
3013 1735 3155 1802 quod
3202 1737 3412 1797 libellus

1834 1793 2214 1852 miraculorum
2247 1807 2418 1857 sancti
2446 1806 2647 1863 Bcrtini
2680 1817 3019 1882 apertissime
3055 1834 3302 1884 testatur.

1830 1903 2034 1963 LXVII.
2100 1907 2337 1974 Qualiter
2402 1917 2559 2002 abbas
2628 1921 2885 2002 Rede/[us
2947 1936 3089 2002 apud
3149 1939 3409 1997 Atreu-ilia

2363 2000 2622 2055 rcgrotans
2663 1996 2866 2052 abierit.

1902 2065 2073 2138 (89%.)
2117 2069 2344 2137 Deinde,
2389 2093 2531 2133 anno
2572 2093 2692 2150 post
2739 2087 2853 2143 haec
2896 2091 3087 2162 altero,
3144 2098 3406 2160 Rodulfus

1827 2153 1992 2212 abbas
2014 2161 2150 2229 apud
2184 2164 2495 2238 Attrebatis,
2525 2173 2575 2225 in
2605 2175 2791 2233 diebus
2828 2153 3140 2243 octavarum

1827 2251 2141 2318 sanguinem
2195 2257 2464 2325 minuans,
2510 2281 2545 2318 ιι
2589 2265 2770 2324 Nonas
2815 2270 3078 2344 Januarii,
3111 2282 3253 2338 circa
3291 2303 3406 2342 me-

1826 2338 1967 2393 diam
2013 2351 2248 2414 nomem',
2294 2350 2575 2410 brachium
2625 2359 2738 2428 ejus
2780 2369 2942 2437 cmpit
2982 2379 3293 2444 turgescens
3320 2381 3407 2436 in-

1825 2428 1978 2495 ﬁari;
2009 2435 2372 2510 paulatimque
2418 2446 2602 2503 dolore
2628 2453 2694 2506 ad
2724 2461 3015 2523 praecordia
3055 2428 3400 2535 properante,

1823 2522 1954 2579 obiit
1981 2529 2066 2584 die
2093 2531 2486 2606 illuscescente,
2525 2559 2667 2599 anno
2707 2548 2918 2607 Domini
2963 2558 3086 2612 892.
3120 2561 3235 2616 Non
3287 2566 3401 2622 lucc

1823 2628 2001 2672 autem
2048 2622 2158 2678 dixi
2211 2638 2268 2682 ut
2317 2641 2553 2689 astruam
2603 2638 2805 2697 lunaris
2846 2646 2986 2716 globi
3035 2668 3312 2711 numerum
3346 2668 3404 2714 et.

1820 2721 2055 2778 cursum,
2090 2720 2382 2775 secundum
2415 2740 2798 2796 supervacuam
2820 2741 3168 2798 mundialium
3190 2749 3370 2812 sapien
3395 2777 3402 2798 ι

1823 2800 1969 2865 tiam,
2006 2819 2034 2857 a
2065 2805 2386 2869 Christianis
2413 2832 2532 2872 esse
2581 2820 3002 2895 observandum,
3046 2848 3111 2887 ac
3155 2838 3224 2903 si,
3253 2843 3398 2907 quod

1818 2892 1966 2948 nefas
1992 2907 2074 2950 est
2100 2903 2263 2956 etiam
2295 2906 2474 2964 dicere
2503 2921 2556 2966 et
2599 2916 2859 2974 horribile
2902 2925 3108 2994 auditu,
3150 2932 3396 2991 Christus

1819 2980 1869 3034 in
1901 2999 1959 3050 ιι,
1991 3002 2050 3042 ιιι
2082 2999 2137 3044 et
2165 3008 2218 3045 tv
2249 2993 2370 3050 luna
2397 3011 2719 3068 potestatem
2751 3019 2947 3077 teneat,
2981 3016 3032 3070 in
3066 3035 3082 3072 ι
3111 3031 3292 3076 autem
3341 3036 3399 3080 ct
3471 3054 3483 3072 ι

1818 3091 1846 3124 v
1875 3093 1925 3129 et
1952 3095 2047 3132 vui
2077 3086 2321 3152 amittat;
2352 3092 2445 3145 sed
2479 3098 2747 3152 veraciter
2783 3103 2906 3157 dico
2931 3109 3072 3175 quod
3104 3116 3394 3180 praesciens

1817 3167 1994 3220 onniia
2024 3171 2162 3227 Deus
2191 3179 2628 3243 praedestinatum
2658 3188 2774 3255 ejus
2815 3197 3102 3252 terminum
3135 3203 3258 3256 vita:
3293 3210 3394 3261 sub

1818 3254 1917 3309 hac
1968 3260 2136 3315 voluit
2187 3270 2472 3324 occasione
2531 3275 2704 3332 linire.
2762 3281 3012 3350 Sepultus
3067 3301 3150 3346 est
3209 3306 3389 3351 autem

1815 3346 1980 3402 isdem
2012 3353 2258 3411 abbasin
2289 3367 2617 3421 monasterio
2645 3376 2817 3428 sancti
2853 3375 3086 3434 Vedasti.

1879 3711 2004 3766 Post
2020 3727 2244 3774 mortem
2258 3731 2435 3778 autem
2453 3724 2660 3783 Rodulﬁ
2679 3732 2907 3800 abbatis,
2927 3738 3218 3799 Balduinns
3233 3745 3382 3820 (I08)

1809 3803 2021 3860 inclitus
2081 3814 2401 3883 marchisus,
2451 3821 2712 3881 Flandriie
2737 3870 2750 3890 ,
2789 3829 3059 3900 Boloniaa,
3091 3839 3382 3898 Ternensis

1806 3895 1967 3949 etiam
2019 3914 2236 3970 comes,
2296 3907 2567 3965 abbatiam
2629 3925 2809 3974 tenere
2863 3926 3136 3994 gestiens,
3198 3947 3381 4002 regem

1806 3983 2046 4042 Francize
2098 3993 2270 4061 adiit,
2321 3998 2742 4073 deprecaturus,
2807 3983 2952 4069 sivid
3001 3983 3382 4088 quoquomuodo

1804 4090 1988 4145 posset
2025 4089 2285 4155 torqueri,
2327 4092 2598 4152 abbatiam
2647 4099 2935 4162 Sithiensis
2991 4114 3222 4168 cmnobii
3275 4118 3378 4172 sibi

1804 4172 2044 4224 concedi.
2078 4173 2230 4242 Quod
2262 4180 2544 4240 audientes
2570 4185 2683 4254 jam
2721 4191 2848 4248 dicti
2903 4201 3073 4253 sancti
3125 4201 3226 4256 loci
3264 4222 3380 4260 mo-

1802 4259 1978 4324 nachi,
2009 4261 2374 4325 Crimbaldum
2417 4279 2724 4346 quemdam,
2758 4299 2824 4338 ex
2877 4286 3004 4356 ipsis
3031 4294 3374 4362 monachum,

1803 4351 1925 4420 (sub
1952 4353 2171 4426 Hngone
2199 4365 2493 4421 venerabili
2519 4369 2713 4428 abbate
2755 4351 3069 4436 duodecimo
3095 4351 3374 4453 praedicto,

1801 4447 2075 4514 vestitum,
2103 4452 2272 4522 gratia
2305 4465 2362 4509 et
2390 4457 2593 4516 honore
2619 4464 2876 4538 dignum).
2912 4473 2976 4524 ad
3022 4447 3200 4543 regem
3245 4474 3401 4533 diri-'

1803 4547 1953 4606 gunt,
1985 4539 2035 4593 id
2078 4545 2424 4613 omnimodis,
2449 4550 2493 4603 si
2524 4565 2720 4620 posset,
2753 4561 3033 4614 consilium
3069 4572 3182 4619 toto
3209 4583 3378 4623 cona-

1803 4630 1946 4684 mine
1978 4637 2370 4692 evacuandum.
2403 4640 2520 4708 Quo
2547 4645 2881 4716 proﬁciente,
2924 4652 3139 4709 obviam
3190 4659 3379 4716 habuit

1800 4723 2048 4778 eumdem
2091 4727 2361 4793 comitem,
2405 4746 2512 4802 quo
2557 4735 2802 4792 tenderet
2840 4742 3226 4810 requirentem.
3257 4750 3375 4815 Cui,

1799 4829 1921 4869 cum
1948 4819 2317 4885 respondisset
2339 4839 2398 4880 se
2429 4842 2607 4896 regem
2638 4839 2894 4898 expetere
2940 4833 3097 4899 velle,
3126 4839 3389 4898 indicavit

1803 4907 1850 4962 ei
1895 4924 1954 4964 se
1994 4907 2140 4978 regia
2171 4910 2460 4972 donatione
2497 4919 2767 4974 abbatiam
2816 4924 3103 4996 acquirere
3132 4942 3314 4995 posse,
3343 4934 3394 4990 si

1803 5001 2187 5056 monachorum
2233 5003 2480 5063 voluntas
2524 5009 2576 5061 in
2623 5009 2725 5064 hoc
2776 5030 2890 5074 non
2937 5014 3209 5070 videretur
3262 5035 3401 5080 con-

1804 5095 1996 5160 traire;
2048 5106 2105 5146 se
2146 5107 2361 5163 quoque
2411 5098 2604 5154 obnixe
2651 5110 2842 5168 petere
2895 5123 2965 5164 ne
3016 5118 3139 5158 eum
3183 5123 3244 5163 ex
3295 5112 3404 5171 hoc

1801 5242 1992 5292 agatur
2022 5229 2088 5284 de
2138 5227 2376 5292 ejusdem
2423 5235 2596 5289 Caroli
2651 5252 2818 5292 rectm
2856 5251 2908 5292 in
2963 5240 3212 5292 Francia.
3248 5253 3408 5292 (Ὶιῖιιε
