3982 5292
570 259 711 316 1235

1634 241 1955 312 FOLQUINI
1995 240 2051 295 S.
2094 240 2365 296 BERTIM
2406 236 2712 294 MONAClll

3697 233 3833 288 1256

567 375 731 431 vellet
781 368 1059 443 impedire.
1091 366 1309 421 Talibus
1362 364 1415 417 in
1464 351 1651 415 (verbis
1682 359 1976 414 discessum
2011 366 2134 421 est;
2167 339 2296 408 Aet
2355 353 2426 407 ita
2485 358 2697 407 constat
2748 348 2964 405 factum.
3017 349 3189 406 Isdem
3240 356 3424 403 autem
3453 346 3829 409 Winemarus,

570 462 1042 530 Crimbaldusque,
1064 457 1150 511 via
1172 471 1276 528 qua
1298 460 1557 524 coeperat,
1576 449 1823 522 pervenit
1841 448 1907 503 ad
1929 462 2138 516 regem;

570 554 880 624 reperitque
934 549 1008 605 ibi
1074 545 1439 603 venerabitem
1488 542 1799 606 Folconcm,
1871 539 2140 608 quondam

572 644 860 702 Sithiensis
904 640 1138 697 caenobii
1186 631 1457 700 abbatem,
1499 641 1626 688 tunc
1673 645 1804 686 vero
1848 629 2142 700 gloriosum

570 733 900 788 Rhemorum
947 723 1401 796 arcliipraesulcm.
1437 720 1532 777 Cui
1583 733 1704 775 eum
1751 733 1817 773 ex
1851 716 2144 771 monacho-

569 818 693 878 rum
712 820 913 885 verbis,
941 818 1243 873 intimasset
1261 827 1448 869 omnes
1470 810 1798 866 unanimiter
1819 817 1944 863 ante
1968 808 2140 863 locum

572 910 707 966 velle
731 909 1000 971 deserere,
1033 920 1191 975 quam
1219 918 1373 958 sacer
1410 901 1563 958 locus
1592 900 1694 954 sub
1720 897 1895 953 laicali
1936 897 2144 967 redige-

571 1010 725 1057 retur
745 1004 1028 1070 potestate,
1055 992 1362 1065 postulavit,
1392 992 1445 1046 in
1468 982 1580 1045 ‘Dei
1625 986 2011 1057 omnipotentis
2040 999 2143 1039 no-

572 1092 739 1157 mine,
763 1098 823 1145 ut
850 1094 1129 1158 expeteret
1157 1083 1270 1156 regi
1302 1098 1370 1138 ne
1394 1083 1496 1137 hoc
1518 1080 1619 1135 sub
1660 1078 1776 1149 ejus
1823 1076 1974 1147 regni
2022 1092 2144 1147 per-

572 1182 813 1236 mitteret
839 1178 955 1233 fieri
986 1186 1244 1247 tempore,
1272 1173 1414 1244 quod
1444 1172 1511 1226 ab
1542 1168 1978 1225 antecessoribus
2005 1181 2143 1221 nun-

573 1286 734 1341 quam
761 1269 1043 1324 videbatur
1072 1266 1270 1321 l‘actnm
1319 1278 1457 1319 esse.
1497 1261 1649 1328 Quod
1698 1259 1924 1315 audiens
1966 1256 2143 1313 archi-

574 1364 854 1434 episcOpus
880 1360 1063 1424 Folco,
1096 1357 1389 1414 condolens
1404 1354 1645 1427 petitioni
1667 1354 1805 1424 ejus,
1829 1366 2142 1421 memorque

573 1454 806 1523 antiquae
834 1450 1136 1507 dilectionis
1163 1450 1308 1504 circa
1334 1446 1582 1502 eumdem
1626 1444 1823 1509 locum,
1863 1457 1972 1497 una
2018 1455 2143 1496 cum

576 1546 693 1617 ipso
716 1544 1026 1601 Grimbaldo
1053 1543 1118 1597 ad
1156 1556 1335 1612 regem
1366 1540 1610 1603 veniens,
1644 1537 1807 1593 verba
1851 1533 2144 1590 monacho-

572 1651 694 1693 rum
725 1634 1011 1698 intimavit,
1052 1641 1128 1698 et,
1158 1646 1227 1686 ne
1262 1631 1430 1685 laicus
1479 1627 1763 1683 monachis
1810 1637 2142 1706 superpone—

2243 442 2351 498 doli
2380 441 2646 507 minister,
2681 441 2732 495 in
2764 440 2942 496 cordis
2982 441 3065 495 sui
3103 440 3302 494 duritia
3341 453 3730 509 perseverans,
3776 454 3835 494 se

2242 535 2465 590 minime
2507 549 2656 588 reum
2705 533 2867 602 coepit
2894 547 3183 598 excusare;
3234 530 3519 588 asserebat
3575 531 3731 586 enim
3777 546 3835 585 se

2242 625 2344 680 hoc
2383 639 2478 695 pro
2507 623 2734 679 senioris
2764 623 2847 678 sui
2874 622 3128 678 fidelitate
3150 630 3416 692 patrasse,
3450 620 3666 674 idcirco
3704 618 3835 673 tine-

2245 725 2400 771 tenus
2429 716 2482 770 in
2509 715 2625 785 ipso
2652 714 2949 787 permansit
2993 715 3352 768 anathemate.
3400 710 3716 765 Baldninus
3742 724 3837 763 auo

2246 807 2664 878 tem,posthaac,
2692 805 2963 860 abbatiam
2987 805 3217 860 obtinuit
3256 804 3405 873 regia
3436 801 3764 856 donatione.

2243 899 2430 955 LXIX.
2453 897 2531 952 De
2551 898 2789 952 unctione
2812 894 2989 1020 Ctg‘og
3012 897 3144 976 regis
3165 904 3210 949 et
3236 895 3300 948 de
3319 893 3560 963 ejusdem
3584 890 3836 945 electione

2901 983 2927 1020 ε
2995 982 3193 1019 ναηεια.

2901 983 2927 1021 ε
2943 982 2978 1019 I'
2995 982 3193 1019 mncta.

2315 1057 2487 1131 (895.)
2514 1058 2671 1113 Anno
2701 1056 2862 1128 igitur
2890 1054 3191 1109 nativitatis
3207 1053 3419 1109 Domini
3452 1051 3589 1117 893,
3612 1050 3837 1106 Carolus

2242 1167 2397 1223 puer,
2421 1149 2767 1205 Carlomanni
2798 1148 2940 1219 regis
2972 1146 3112 1201 filius
3139 1146 3309 1218 (109),
3338 1161 3434 1200 rex
3478 1142 3836 1199 constituitur

2245 1242 2469 1297 [themis
2486 1240 2724 1303 civitate,
2741 1238 2797 1293 in
2814 1236 3194 1291 Purificatione
3215 1243 3415 1289 sanctae
3439 1232 3655 1295 Mariae,
3676 1229 3839 1285 1x30-

2243 1346 2342 1386 nas
2369 1330 2670 1395 Februarii,
2702 1337 3049 1384 consecratus
3076 1342 3106 1380 a
3138 1323 3397 1395 praedicto
3450 1321 3704 1377 Folcone
3757 1336 3837 1374 ar-

2243 1422 2582 1494 cliiprmsule,
2621 1421 2835 1475 vivente
2877 1418 3053 1473 adhuc
3080 1416 3266 1473 Odone
3295 1414 3576 1470 antedieto
3606 1427 3758 1483 rege.
3787 1411 3835 1465 la

2242 1513 2396 1583 cujus
2420 1526 2561 1567 anno
2580 1524 2643 1575 lt,
2668 1507 2944 1564 castellum
2966 1506 3138 1562 sancti
3158 1502 3458 1559 Audomari
3485 1503 3618 1573 igne
3644 1516 3835 1555 consu-

2243 1603 2432 1657 mitur.
2457 1601 2699 1656 Audiens
2719 1598 2835 1655 Odo
2860 1613 2953 1651 rex
2977 1596 3119 1667 quod
3143 1610 3272 1666 pars
3293 1595 3476 1664 aliqua
3501 1594 3834 1648 Francorum

573 1734 745 1793 retur,
773 1723 1096 1780 omnimodis
1141 1720 1475 1792 expoposcit.
1518 1719 1631 1774 Rex
1676 1727 1858 1773 autem
1902 1702 2144 1770 annuens
2174 1714 2219 1774 Β
2247 1694 2302 1747 ίη
2354 1706 2536 1761 regem
2584 1691 2865 1793 ﬁnissem
2895 1686 3663 1793 Fa.r°l“m'.pﬁrsfq“°23mr
3694 1684 3835 1738 illum

575 1817 691 1887 ejus
718 1815 985 1885 petitioni,
1032 1828 1129 1883 per
1158 1812 1384 1867 fratrum
1411 1810 1753 1874 electionem,
1799 1808 1974 1863 eidem
2025 1804 2143 1859 Fol-

574 1906 696 1962 coni
722 1905 993 1962 abbatiam
1022 1905 1236 1959 demum
1263 1902 1536 1959 commisit
1566 1900 1856 1972 regendam
1902 1896 2017 1970 [qui
2048 1911 2144 1950 an-

577 1997 664 2054 nis
700 2005 931 2068 quatuor
958 2003 1180 2051 strenue
1228 1994 1385 2057 rexit,
1432 2005 1694 2063 reparans
1733 1986 2141 2051 monasterium,

581 2088 684 2144 sub
710 2086 940 2144 Rodulfo
974 2086 1190 2151 abbate,
1223 2092 1546 2155 tempestate
1587 2088 1981 2149 consumptum.
2018 2076 2145 2147 Ejus

582 2192 845 2251 tempore,
875 2179 1189 2234 Cluniacum
1221 2174 1520 2247 fundatur].
1565 2174 1691 2229 llaec
1718 2172 1782 2229 .ei
1826 2185 1954 2241 ergo
1982 2183 2144 2224 causa

578 2271 863 2327 seminaria
922 2268 1022 2323 fuit
1068 2266 1174 2322 odii
1217 2267 1358 2321 inter
1406 2264 1654 2319 eumdem
1702 2260 1987 2316 Folconem
2035 2258 2145 2328 epi-

578 2375 799 2431 scopum
851 2368 907 2414 et
947 2359 1216 2423 abbatem,
1258 2366 1314 2411 et
1355 2353 1602 2409 inclitum
1643 2350 1959 2421 Balduinum
2005 2362 2146 2401 mar-

578 2451 826 2510 chionem
853 2467 868 2517 ;
899 2458 952 2505 et
977 2450 1091 2505 haec
1124 2447 1399 2503 inimicitia
1427 2461 1519 2499 vni
1547 2456 1811 2498 annorum
1841 2440 1952 2498 fere
1983 2453 2146 2493 occu-

582 2553 809 2615 paverat
855 2551 1083 2612 tempus,
1114 2537 1577 2618 doneepraafatus
1621 2549 1806 2591 comes
1853 2532 2146 2587 Balduinus

582 2636 779 2708 (scelus
821 2633 963 2705 quod
989 2633 1169 2687 animo
1195 2638 1517 2701 conceperat
1544 2634 1816 2684 evomeret
1844 2634 1903 2681 ut
1933 2624 2143 2694 (quem-

577 2726 703 2779 dam
741 2724 966 2779 militem
997 2738 1174 2787 snum,
1205 2721 1423 2776 nomine
1452 2719 1846 2784 Wincmarum,
1874 2716 1942 2771 ad
1968 2730 2146 2786 regem

579 2815 829 2871 Carolum
851 2829 1099 2884 puerum,
1127 2814 1217 2882 qui
1249 2823 1375 2867 tunc
1402 2811 1677 2882 regnabat,
1710 2822 1809 2877 pro
1830 2808 1931 2862 bac
1957 2806 2147 2863 eadem

579 2920 743 2962 causa
778 2907 1049 2975 dirigeret,
1082 2912 1138 2958 et
1170 2912 1229 2957 ut
1255 2901 1490 2973 episcopi
1518 2900 1755 2954 animum
1793 2898 2053 2968 placaret,
2094 2905 2150 2952 et

582 2999 650 3053 ad
667 2996 1111 3052 consentiendum
1142 2995 1215 3059 id,
1238 2994 1285 3049 si
1311 3008 1417 3063 quo
1434 2992 1593 3047 modo
1613 3000 1815 3060 posset,
1841 2989 2143 3044 inclinaret.

2246 1801 2369 1839 cum
2393 1794 2566 1839 matre
2586 1783 2941 1837 Ermcntruda
2963 1782 3016 1835 in
3039 1781 3245 1836 cunctis
3261 1779 3467 1834 finibus
3479 1778 3831 1834 Francorum.

2246 1873 2487 1928 Tandem
2517 1872 2731 1937 Franci,
2756 1872 2848 1943 qni
2872 1886 2995 1926 eum
3020 1884 3179 1942 super
3197 1886 3256 1925 se
3288 1884 3479 1940 regem
3505 1879 3817 1932 statuerant,

2244 1980 2454 2021 veneno
2482 1964 2686 2021 Odonis
2717 1965 2859 2035 regis
2890 1963 3055 2018 vitain
3080 1962 3429 2032 exstinguere
3466 1961 3639 2015 moliti
3662 1972 3817 2022 sunt;

2244 2058 2388 2126 quod
2418 2065 2472 2111 et
2501 2056 2763 2109 fecerunt.
2789 2053 2907 2121 Quo
2932 2052 3206 2118 defuncto,
3228 2050 3463 2107 Carolus
3493 2066 3616 2115 rex,
3640 2050 3828 2119 absque

2243 2150 2351 2204 ulla
2389 2147 2788 2210 contrarietate,
2844 2145 3174 2200 Francorum
3223 2144 3471 2213 suscepit
3526 2143 3832 2212 imperium.

2245 2240 2343 2307 Qui
2374 2237 2724 2294 confirmatus
2749 2237 2801 2290 in
2824 2250 3010 2306 regno,
3029 2233 3317 2305 quemdam
3349 2233 3673 2301 Haganum,
3696 2232 3835 2301 cujus

2245 2344 2413 2402 genus
2469 2338 2524 2384 et
2571 2327 2824 2383 nobilitas
2874 2308 3222 2398 ignorabatur
3275 2340 3306 2379 a
3361 2325 3636 2391 Francis,
3686 2340 3834 2394 super

2245 2437 2436 2478 omnes
2464 2421 2734 2491 diligendo
2763 2420 2976 2486 extulit,
3009 2429 3063 2474 et
3090 2419 3235 2473 hunc
3270 2417 3605 2472 familiarius
3635 2418 3831 2472 exteris

2246 2513 2347 2569 sibi
2378 2512 2751 2568 consiliarium
2779 2511 2989 2567 ascivit.
3016 2510 3167 2576 Quod
3198 2510 3445 2564 videntes
3482 2509 3715 2573 Franci,
3742 2524 3831 2563 nou

2246 2603 2438 2659 leviter
2464 2604 2631 2675 ignoti
2663 2602 2899 2658 hominis
2923 2601 3188 2657 amicitias
3217 2600 3485 2665 tulerunt;
3515 2604 3747 2671 regique
3771 2598 3826 2653 ab

2248 2694 2351 2749 hoc
2389 2691 2609 2759 infensi,
2640 2693 2862 2748 insidias
2893 2693 2965 2759 ei,
2999 2693 3053 2747 in
3096 2691 3377 2762 Lugdune,
3408 2693 3563 2762 regia
3600 2694 3828 2753 civitate.

2248 2786 2610 2840 tetenderunt.
2648 2783 2875 2855 Cognito
2895 2791 3096 2849 autem,
3122 2797 3215 2838 rex
3245 2781 3494 2845 Carolus,
3538 2800 3644 2852 per
3669 2784 3829 2854 fugam

2247 2877 2445 2932 exinde
2465 2876 2699 2946 elapsus,
2725 2876 2779 2930 in
2811 2890 3032 2943 regnum
3058 2876 3327 2946 quondam
3350 2874 3603 2930 Lotharii
3628 2893 3826 2930 succes-

2250 2967 2338 3022 sit.
2386 2966 2583 3022 Franci
2617 2968 2671 3021 in
2708 2969 2973 3022 sententia
3030 2976 3464 3037 perseverantes,
3506 2965 3831 3023 Rodbertam

580 3088 824 3156 Cumque
869 3084 1150 3155 episcopus
1202 3056 1258 3137 in
1306 3056 1423 3148 sua,
1473 3091 1532 3136 ut
1578 3056 1840 3150 coeperat,
1886 3078 2149 3135 sententia
2175 3063 2224 3129 C
2251 3058 2559 3127 quemdam:
2587 3056 2810 3112 murem
2831 3056 3034 3156 οάοηίξ
3056 3059 3197 3129 regis
3225 3060 3725 3156 suprafnemm‘a‘l}
3748 3075 3832 3114 50‘

580 3176 919 3245 perduraret,
948 3174 1133 3244 sicque
1161 3171 1427 3240 dejeraret
1454 3171 1599 3226 nullo
1626 3173 1782 3226 modo
1820 3170 2152 3225 consentiret

579 3275 640 3321 ut
673 3267 861 3332 laicus,
913 3268 1457 3321 contra'sanctorum
1497 3275 1761 3317 canonum
1794 3270 2010 3323 statuta,
2040 3259 2152 3329 jam

582 3358 739 3413 dicta:
767 3356 1134 3412 dominaretur
1167 3353 1418 3416 abbatim,
1445 3354 1612 3408 isdem
1638 3351 2003 3418 Winemarus,
2030 3365 2152 3406 cum

580 3448 664 3502 ira
694 3461 959 3511 reversus,
993 3453 1047 3500 et
1091 3445 1214 3515 quia
1258 3445 1372 3499 haec
1414 3444 1740 3514 Compendio
1788 3444 1985 3514 palatio
2034 3453 2153 3498 acta

581 3547 760 3602 erant,
790 3536 1014 3592 tetendit
1040 3535 1260 3591 insidias
1290 3535 1540 3605 episcopo
1571 3534 1794 3589 Rliemis
1841 3533 2152 3589 revertenti.

586 3629 877 3699 Episwpus
903 3636 1081 3681 autem
1106 3624 1289 3698 .bujus
1336 3628 1413 3681 rei
1447 3628 1666 3698 ignarus
1709 3641 1833 3681 cum
1878 3625 1987 3680 illic
2031 3640 2163 3705 cum

583 3720 769 3792 paucis
808 3719 1128 3783 advenisset,
1155 3718 1440 3789 praedictus
1481 3719 1749 3789 (minister
1778 3716 1923 3787 mali)
1965 3716 2153 3771 Wine-

583 3827 785 3879 marus,
814 3827 977 3882 super
1013 3826 1135 3867 eum
1183 3826 1303 3867 cum
1356 3826 1549 3881 magna
1598 3810 1880 3866 ferocitate
1920 3812 2152 3877 irruens,

582 3916 691 3958 non
711 3901 914 3957 veritus
933 3901 1153 3971 justitire
1182 3915 1283 3955 nec
1304 3901 1687 3969 pertimescens
1707 3900 1843 3954 iram
1869 3898 1987 3966 Dei,
2013 3900 2155 3970 quod

586 3993 768 4048 auditu
831 4002 916 4047 est
960 3992 1121 4047 etiam
1168 3991 1446 4057 horribile,
1490 3991 1799 4061 episcopum
1843 3989 2155 4045 lancearum

585 4081 854 4137 interfecit
886 4082 1195 4150 punctione,
1245 4096 1386 4135 anno
1433 4080 1725 4136 Dominicm
1773 4079 2154 4135 incarnationis

582 4173 708 4240 900,
741 4188 808 4227 xv
834 4172 951 4226 Kal.
978 4170 1126 4237 Julii,
1161 4171 1292 4226 feria
1326 4188 1406 4235 tn,
1449 4172 1584 4233 hora
1614 4188 1684 4226 vr.
1719 4171 1861 4227 Ecce
1904 4171 2148 4241 qualiter,

584 4284 686 4341 pro
733 4266 987 4323 Ecclesia
1030 4264 1316 4320 Sitliiensis
1348 4265 1596 4332 tuitione,
1627 4264 1801 4320 cultor
1829 4265 2000 4331 vinem
2044 4263 2151 4317 Do-

584 4359 717 4415 mini
769 4357 941 4421 cadit,
999 4355 1169 4411 libans
1221 4355 1487 4411 Salvatori
1540 4356 1776 4410 animam
1825 4354 2152 4425 jungendum

585 4456 893 4504 sanctorum
921 4444 1100 4500 choris
1127 4444 1179 4499 in
1210 4448 1429 4515 perenni
1457 4446 1670 4515 gaudio.
1715 4444 1879 4515 Cujus
1927 4423 2151 4498 venera-
2183 4423 2231 4483 Ῑ)

582 4538 690 4593 bile
717 4550 910 4607 corpus
956 4543 1313 4600 assumentes,
1347 4535 1549 4601 Remis,
1587 4536 1640 4590 in
1686 4535 1970 4590 ecclesiam
2025 4534 2152 4588 almi

586 4625 813 4699 Remigii
842 4627 1105 4697 praesulis,
1135 4626 1428 4682 honorifice
1472 4626 1821 4696 sepelierunt.
1874 4625 2025 4692 Quod
2061 4640 2155 4679 ne-

585 4719 670 4775 fas
715 4720 1011 4774 inanditum
1056 4719 1199 4774 illico
1253 4716 1583 4772 diffamatum
1633 4731 1717 4773 est
1766 4733 1864 4787 per
1912 4718 2155 4787 regiones

585 4823 901 4869 cunctarum
928 4812 1349 4882 provinciarum,
1382 4826 1482 4866 nec
1530 4811 1701 4879 potuit
1748 4810 1902 4865 lateri
1946 4809 2150 4874 Romae,

558 4920 898 4983 cunctarum
944 4908 1156 4962 urbium
1216 4908 1466 4963 dominae.
1522 4906 1673 4962 Unde
1724 4916 1778 4961 et
1832 4904 2157 4976 apostolicus

587 5003 755 5072 ipsius
786 5009 984 5055 sanctae
1027 5000 1283 5054 Romana:
1328 4998 1580 5054 Ecclesia:
1624 4997 1934 5068 praedictum
1976 4996 2159 5051 Wine-

591 5106 799 5147 marum
848 5089 1138 5158 apostolica
1198 5090 1518 5144 auctoritate
1566 5090 1738 5159 vinxit
1792 5089 2155 5152 anathemate,

587 5183 830 5239 scribens
860 5181 926 5234 ad
955 5180 1236 5249 episcopos
1273 5187 1587 5235 cunctarum
1628 5178 2051 5248 provinciarum,
2098 5186 2159 5231 ut

1338 5270 1468 5292 .-ηιξ
1495 5269 1760 5292 L-.._!-!.I:!

697 5285 772 5292 Α..-
807 5272 955 5292 ...-...l-
999 5270 1246 5292 J-..........-

1798 5284 1945 5292 ...ι-..ιιι
1966 5285 1977 5292 α
2016 5284 2113 5292 ,ιε-ι,-

2256 3166 2352 3223 per
2371 3166 2428 3207 se
2454 3167 2634 3223 regem
2648 3159 2922 3219 statuunt;
2947 3152 3037 3222 qui
3054 3163 3171 3207 erat
3191 3161 3348 3222 pater
3371 3151 3631 3224 ﬂugonis,
3644 3162 3824 3223 postea

2254 3241 2586 3296 Francorum
2633 3241 2822 3307 ducis,
2875 3243 3218 3312 regnavitque
3264 3243 3423 3295 annis
3464 3241 3583 3297 fere
3607 3243 3829 3296 duobus.

2448 3355 2611 3410 LXX.
2655 3353 2842 3426 Pugna
2871 3354 3050 3411 Caroli
3073 3368 3255 3412 contra
3287 3357 3647 3413 Rodbertum.

2323 3443 2452 3500 Post
2505 3447 2619 3500 haec
2673 3446 2898 3502 Carolus
2945 3463 3073 3513 rex,
3117 3458 3448 3519 congregato
3486 3453 3740 3503 exercitu
3776 3448 3835 3502 de

2255 3551 2420 3606 regno
2457 3534 2697 3591 Lotbarii
2723 3545 2778 3592 et
2804 3538 2871 3592 de
2918 3537 3136 3607 reliquis
3174 3538 3540 3593 orientalibus
3591 3539 3833 3601 Francis,

2254 3634 2443 3680 contra
2473 3625 2723 3680 eumdem
2758 3626 3088 3681 Rodbertum
3118 3635 3458 3698 pugnaturus
3484 3629 3732 3693 accedit,
3766 3635 3831 3687 et.

2255 3718 2312 3775 in
2342 3720 2428 3775 die
2456 3720 2687 3789 quodam
2735 3719 3015 3775 Dominico
3040 3719 3432 3784 illuscescente,
3464 3721 3697 3774 transiit
3722 3734 3833 3774 cum

2254 3812 2493 3865 exercitu
2525 3810 2721 3865 vadum
2764 3809 2998 3865 fluminis
3021 3810 3210 3876 lserae;
3243 3811 3603 3879 occurritque
3634 3813 3685 3865 ei
3714 3827 3837 3881 pm-

2255 3903 2437 3971 dictns;
2486 3901 2826 3974 Robbertus_
2854 3918 2977 3958 cum
3037 3902 3449 3957 occidentalium
3498 3902 3833 3957 Francorum

2255 3992 2626 4061 multitudine,
2658 3992 2711 4048 in
2764 4007 2903 4065 pago
2961 3993 3303 4062 Suessonico,
3342 3994 3397 4048 in
3456 3992 3587 4049 loco
3632 3980 3833 4049 nuncu-

2255 4100 2380 4160 pato
2405 4088 2668 4162 (HO).....
2697 4090 2947 4159 factaque
2988 4097 3071 4145 est
3111 4089 3256 4160 inibi;
3282 4096 3468 4143 mutua
3498 4089 3836 4145 Francorum

2255 4181 2426 4236 caedes
2463 4180 2820 4250 permaxima.
2863 4178 3148 4234 Folbertus
3190 4187 3368 4233 autem
3413 4178 3649 4248 quidam
3677 4218 3696 4243 ,
3742 4177 3838 4233 Ca-

2257 4272 2353 4327 roli
2407 4273 2550 4344 regis
2599 4273 2999 4344 antesignanus,
3044 4269 3373 4327 Rodbertum
3402 4271 3455 4325 in
3504 4273 3705 4340 pratlio
3753 4288 3838 4326 ex-

2257 4366 2507 4435 quirebat
2558 4364 2840 4418 attentius.
2886 4362 3093 4418 Accidit
3150 4372 3332 4415 autem
3399 4368 3464 4415 ut
3526 4369 3842 4417 occurreret

2256 4456 2330 4511 illi
2364 4457 2574 4510 detecta
2621 4455 2813 4519 barba,
2864 4469 3025 4524 quam
3074 4453 3335 4525 prolixam
3393 4450 3567 4511 lorica
3634 4460 3842 4508 texerat

2256 4563 2419 4619 super
2448 4547 2700 4618 alligata;
2731 4561 2961 4616 moxque
3005 4546 3124 4601 sine
3152 4560 3324 4611 mora,
3367 4544 3577 4601 mutuis
3621 4561 3686 4600 se
3712 4561 3837 4600 eoa-

2255 4636 2523 4693 f‘odientes
2565 4636 2803 4708 Spiculis,
2857 4645 2996 4691 terra
3033 4645 3184 4690 tenus
3231 4634 3446 4705 utrique
3496 4635 3834 4699 ceciderunt,

2256 4741 2471 4797 unaque.
2515 4742 2638 4782 cum
2685 4726 2947 4798 sanguine
2983 4725 3231 4796 spiritum
3267 4724 3519 4781 efﬂarunt
3550 4727 3703 4781 vitm.
3728 4726 3833 4778 An-

2256 4820 2467 4874 dientes
2496 4828 2675 4873 autem
2708 4816 3079 4873 Occidentales
3105 4832 3285 4890 regem
3317 4832 3506 4874 eorum
3537 4818 3834 4880 corruisse,

2258 4909 2312 4963 in
2358 4908 2483 4978 fuga
2515 4910 2656 4963 versi
2696 4917 2821 4963 sunt
2847 4949 2861 4973 ,
2919 4908 3250 4980 victoriaque
3286 4909 3454 4965 cessit
3483 4909 3688 4966 Carolo
3718 4924 3833 4965 cum

2257 4997 2641 5053 Orientalibus.
2681 4996 2807 5053 Post
2836 4999 3272 5054 cruentissimum
3301 5012 3430 5057 vero
3456 5000 3730 5069 praelium,
3762 4999 3834 5052 vi-

2257 5091 2389 5146 dens
2416 5088 2642 5147 Carolus
2676 5105 2736 5146 se
2770 5091 2944 5147 adhuc
2982 5092 3123 5147 inter
3166 5090 3607 5148 adversariorum
3663 5092 3834 5147 medio

2255 5181 2511 5253 positum,
2534 5182 2656 5237 hinc
2669 5183 3302 5255 scilicetHugonem,jam
3326 5186 3456 5241 dicti
3472 5184 3740 5242 Rodberti
3756 5203 3836 5243 re-
