  <div class='ocr_page' id='page_1' title='image "/cluster/home/n/w/nwhite01/storage/ocr_20150623/136/hvd.32044015471766/628.png"; bbox 0 0 3982 5292; ppageno 0'>
   <div class='ocr_carea' id='block_1_1' title="bbox 130 251 282 307">
    <p class='ocr_par' dir='ltr' id='par_1_1' title="bbox 130 251 282 307">
     <span class='ocr_line' id='line_1_1' title="bbox 130 251 282 307; baseline -0.026 0"><span class='ocrx_word' id='word_1_1' title='bbox 130 251 282 307; x_wconf 66' lang='grc'><strong>1257</strong></span> 
     </span>
    </p>
   </div>
   <div class='ocr_carea' id='block_1_2' title="bbox 1480 236 2050 293">
    <p class='ocr_par' dir='ltr' id='par_1_2' title="bbox 1480 236 2050 293">
     <span class='ocr_line' id='line_1_2' title="bbox 1480 236 2050 293; baseline -0.004 0"><span class='ocrx_word' id='word_1_2' title='bbox 1480 236 2050 293; x_wconf 66' lang='grc' dir='ltr'><strong>ΕΗᾹΒΤΗΑΒΙΕΜ.</strong></span> 
     </span>
    </p>
   </div>
   <div class='ocr_carea' id='block_1_3' title="bbox 3275 238 3447 327">
    <p class='ocr_par' dir='ltr' id='par_1_3' title="bbox 3275 238 3447 327">
     <span class='ocr_line' id='line_1_3' title="bbox 3275 238 3447 327; baseline 0.017 -34"><span class='ocrx_word' id='word_1_3' title='bbox 3275 238 3447 327; x_wconf 27' lang='grc' dir='ltr'><strong>ιῖδδι</strong></span> 
     </span>
    </p>
   </div>
   <div class='ocr_carea' id='block_1_4' title="bbox 143 345 3420 433">
    <p class='ocr_par' dir='ltr' id='par_1_4' title="bbox 143 345 3420 433">
     <span class='ocr_line' id='line_1_4' title="bbox 143 345 3420 433; baseline -0.005 -14"><span class='ocrx_word' id='word_1_4' title='bbox 143 376 455 433; x_wconf 85' lang='lat' dir='ltr'><strong>cavensque</strong></span> <span class='ocrx_word' id='word_1_5' title='bbox 483 378 550 418; x_wconf 91' lang='lat' dir='ltr'><strong>ne</strong></span> <span class='ocrx_word' id='word_1_6' title='bbox 580 361 841 417; x_wconf 88' lang='lat' dir='ltr'><strong>irruerint</strong></span> <span class='ocrx_word' id='word_1_7' title='bbox 869 374 1031 432; x_wconf 82' lang='lat' dir='ltr'><strong>super</strong></span> <span class='ocrx_word' id='word_1_8' title='bbox 1066 372 1190 413; x_wconf 89' lang='lat' dir='ltr'><strong>eum</strong></span> <span class='ocrx_word' id='word_1_9' title='bbox 1238 372 1359 413; x_wconf 92' lang='lat' dir='ltr'><strong>cum</strong></span> <span class='ocrx_word' id='word_1_10' title='bbox 1391 353 1737 411; x_wconf 72' lang='lat' dir='ltr'><strong>multitudine</strong></span> <span class='ocrx_word' id='word_1_11' title='bbox 1765 356 1815 413; x_wconf 73' lang='grc' dir='ltr'>Α</span> <span class='ocrx_word' id='word_1_12' title='bbox 1842 346 2028 418; x_wconf 82' lang='lat' dir='ltr'><strong>llugo,</strong></span> <span class='ocrx_word' id='word_1_13' title='bbox 2086 348 2192 403; x_wconf 82' lang='lat' dir='ltr'><strong>dux</strong></span> <span class='ocrx_word' id='word_1_14' title='bbox 2264 347 2600 405; x_wconf 81' lang='lat' dir='ltr'><strong>Francorum</strong></span> <span class='ocrx_word' id='word_1_15' title='bbox 2664 345 2897 413; x_wconf 91' lang='lat' dir='ltr'><strong>inclitus,</strong></span> <span class='ocrx_word' id='word_1_16' title='bbox 2974 346 3420 419; x_wconf 85' lang='lat' dir='ltr'><strong>lleribertnsque,</strong></span> 
     </span>
    </p>
   </div>
   <div class='ocr_carea' id='block_1_5' title="bbox 142 446 1733 522">
    <p class='ocr_par' dir='ltr' id='par_1_5' title="bbox 142 446 1733 522">
     <span class='ocr_line' id='line_1_5' title="bbox 142 446 1733 522; baseline -0.009 -8"><span class='ocrx_word' id='word_1_17' title='bbox 142 459 405 522; x_wconf 78' lang='lat' dir='ltr'><strong>hostium,</strong></span> <span class='ocrx_word' id='word_1_18' title='bbox 446 470 697 512; x_wconf 80' lang='lat' dir='ltr'><strong>reversus</strong></span> <span class='ocrx_word' id='word_1_19' title='bbox 747 463 831 510; x_wconf 92' lang='lat' dir='ltr'><strong>est</strong></span> <span class='ocrx_word' id='word_1_20' title='bbox 886 467 1010 508; x_wconf 91' lang='lat' dir='ltr'><strong>cum</strong></span> <span class='ocrx_word' id='word_1_21' title='bbox 1057 451 1190 516; x_wconf 85' lang='lat' dir='ltr'><strong>suis,</strong></span> <span class='ocrx_word' id='word_1_22' title='bbox 1222 450 1364 505; x_wconf 90' lang='lat' dir='ltr'><strong>unde</strong></span> <span class='ocrx_word' id='word_1_23' title='bbox 1402 456 1645 513; x_wconf 84' lang='lat' dir='ltr'><strong>venerat,</strong></span> <span class='ocrx_word' id='word_1_24' title='bbox 1681 446 1733 499; x_wconf 94' lang='lat' dir='ltr'><strong>in</strong></span> 
     </span>
    </p>
   </div>
   <div class='ocr_carea' id='block_1_6' title="bbox 142 555 671 625">
    <p class='ocr_par' dir='ltr' id='par_1_6' title="bbox 142 555 671 625">
     <span class='ocr_line' id='line_1_6' title="bbox 142 555 671 625; baseline -0.009 -13"><span class='ocrx_word' id='word_1_25' title='bbox 142 555 388 611; x_wconf 86' lang='lat' dir='ltr'><strong>Lotharii</strong></span> <span class='ocrx_word' id='word_1_26' title='bbox 424 570 671 625; x_wconf 80' lang='lat' dir='ltr'><strong>regnum.</strong></span> 
     </span>
    </p>
   </div>
   <div class='ocr_carea' id='block_1_7' title="bbox 428 662 1450 734">
    <p class='ocr_par' dir='ltr' id='par_1_7' title="bbox 428 662 1450 734">
     <span class='ocr_line' id='line_1_7' title="bbox 428 662 1450 734; baseline -0.008 -11"><span class='ocrx_word' id='word_1_27' title='bbox 428 667 612 723; x_wconf 75' lang='lat' dir='ltr'><strong>LXXI.</strong></span> <span class='ocrx_word' id='word_1_28' title='bbox 645 666 722 721; x_wconf 87' lang='lat' dir='ltr'><strong>De</strong></span> <span class='ocrx_word' id='word_1_29' title='bbox 760 664 1049 719; x_wconf 75' lang='lat' dir='ltr'><strong>inclusione</strong></span> <span class='ocrx_word' id='word_1_30' title='bbox 1080 665 1212 734; x_wconf 75' lang='lat' dir='ltr'><strong>regis</strong></span> <span class='ocrx_word' id='word_1_31' title='bbox 1252 662 1450 716; x_wconf 77' lang='lat' dir='ltr'><strong>Caroli.</strong></span> 
     </span>
    </p>
   </div>
   <div class='ocr_carea' id='block_1_8' title="bbox 216 750 1738 828">
    <p class='ocr_par' dir='ltr' id='par_1_8' title="bbox 216 750 1738 828">
     <span class='ocr_line' id='line_1_8' title="bbox 216 750 1738 828; baseline -0.007 -15"><span class='ocrx_word' id='word_1_32' title='bbox 216 759 315 813; x_wconf 81' lang='lat' dir='ltr'><strong>llis</strong></span> <span class='ocrx_word' id='word_1_33' title='bbox 342 759 411 813; x_wconf 87' lang='lat' dir='ltr'><strong>ita</strong></span> <span class='ocrx_word' id='word_1_34' title='bbox 434 760 684 828; x_wconf 88' lang='lat' dir='ltr'><strong>patratis,</strong></span> <span class='ocrx_word' id='word_1_35' title='bbox 720 756 1010 827; x_wconf 61' lang='lat' dir='ltr'><strong>praedictus</strong></span> <span class='ocrx_word' id='word_1_36' title='bbox 1042 754 1377 816; x_wconf 88' lang='lat' dir='ltr'><strong>Heribertus,</strong></span> <span class='ocrx_word' id='word_1_37' title='bbox 1410 753 1557 806; x_wconf 92' lang='lat' dir='ltr'><strong>omni</strong></span> <span class='ocrx_word' id='word_1_38' title='bbox 1589 750 1738 803; x_wconf 84' lang='lat' dir='ltr'><strong>dolo-</strong></span> 
     </span>
    </p>
   </div>
   <div class='ocr_carea' id='block_1_9' title="bbox 138 845 1738 921">
    <p class='ocr_par' dir='ltr' id='par_1_9' title="bbox 138 845 1738 921">
     <span class='ocr_line' id='line_1_9' title="bbox 138 845 1738 921; baseline -0.007 -14"><span class='ocrx_word' id='word_1_39' title='bbox 138 854 308 907; x_wconf 83' lang='lat' dir='ltr'><strong>sitate</strong></span> <span class='ocrx_word' id='word_1_40' title='bbox 370 850 588 921; x_wconf 87' lang='lat' dir='ltr'><strong>plenus,</strong></span> <span class='ocrx_word' id='word_1_41' title='bbox 629 858 749 920; x_wconf 80' lang='lat' dir='ltr'><strong>post</strong></span> <span class='ocrx_word' id='word_1_42' title='bbox 795 863 977 918; x_wconf 83' lang='lat' dir='ltr'><strong>regem</strong></span> <span class='ocrx_word' id='word_1_43' title='bbox 1024 845 1275 902; x_wconf 89' lang='lat' dir='ltr'><strong>Carolum</strong></span> <span class='ocrx_word' id='word_1_44' title='bbox 1332 847 1552 899; x_wconf 92' lang='lat' dir='ltr'><strong>nuntios</strong></span> <span class='ocrx_word' id='word_1_45' title='bbox 1592 845 1738 898; x_wconf 81' lang='lat' dir='ltr'><strong>misit</strong></span> 
     </span>
    </p>
   </div>
   <div class='ocr_carea' id='block_1_10' title="bbox 137 934 1737 1011">
    <p class='ocr_par' dir='ltr' id='par_1_10' title="bbox 137 934 1737 1011">
     <span class='ocr_line' id='line_1_10' title="bbox 137 934 1737 1011; baseline -0.004 -18"><span class='ocrx_word' id='word_1_46' title='bbox 137 942 329 996; x_wconf 86' lang='lat' dir='ltr'><strong>verbis</strong></span> <span class='ocrx_word' id='word_1_47' title='bbox 352 940 595 1011; x_wconf 82' lang='lat' dir='ltr'><strong>pacificis</strong></span> <span class='ocrx_word' id='word_1_48' title='bbox 645 939 696 993; x_wconf 92' lang='lat' dir='ltr'><strong>in</strong></span> <span class='ocrx_word' id='word_1_49' title='bbox 731 938 878 1002; x_wconf 90' lang='lat' dir='ltr'><strong>dolo,</strong></span> <span class='ocrx_word' id='word_1_50' title='bbox 902 938 1086 993; x_wconf 91' lang='lat' dir='ltr'><strong>dicens</strong></span> <span class='ocrx_word' id='word_1_51' title='bbox 1117 952 1175 991; x_wconf 88' lang='lat' dir='ltr'><strong>se</strong></span> <span class='ocrx_word' id='word_1_52' title='bbox 1210 936 1537 991; x_wconf 87' lang='lat' dir='ltr'><strong>omnimodis</strong></span> <span class='ocrx_word' id='word_1_53' title='bbox 1566 934 1737 1005; x_wconf 69' lang='lat' dir='ltr'><strong>pmni-</strong></span> 
     </span>
    </p>
   </div>
   <div class='ocr_carea' id='block_1_11' title="bbox 138 1024 1734 1098">
    <p class='ocr_par' dir='ltr' id='par_1_11' title="bbox 138 1024 1734 1098">
     <span class='ocr_line' id='line_1_11' title="bbox 138 1024 1734 1098; baseline -0.004 -15"><span class='ocrx_word' id='word_1_54' title='bbox 138 1039 263 1084; x_wconf 79' lang='lat' dir='ltr'><strong>tere</strong></span> <span class='ocrx_word' id='word_1_55' title='bbox 287 1030 432 1098; x_wconf 74' lang='lat' dir='ltr'><strong>quod</strong></span> <span class='ocrx_word' id='word_1_56' title='bbox 461 1038 651 1083; x_wconf 91' lang='lat' dir='ltr'><strong>contra</strong></span> <span class='ocrx_word' id='word_1_57' title='bbox 688 1043 809 1081; x_wconf 93' lang='lat' dir='ltr'><strong>eum</strong></span> <span class='ocrx_word' id='word_1_58' title='bbox 850 1035 1078 1081; x_wconf 89' lang='lat' dir='ltr'><strong>conatus</strong></span> <span class='ocrx_word' id='word_1_59' title='bbox 1106 1024 1296 1080; x_wconf 92' lang='lat' dir='ltr'><strong>fuisset</strong></span> <span class='ocrx_word' id='word_1_60' title='bbox 1332 1040 1531 1095; x_wconf 85' lang='lat' dir='ltr'><strong>agere;</strong></span> <span class='ocrx_word' id='word_1_61' title='bbox 1576 1026 1734 1089; x_wconf 86' lang='lat' dir='ltr'><strong>unde,</strong></span> 
     </span>
    </p>
   </div>
   <div class='ocr_carea' id='block_1_12' title="bbox 135 1116 1740 1188">
    <p class='ocr_par' dir='ltr' id='par_1_12' title="bbox 135 1116 1740 1188">
     <span class='ocr_line' id='line_1_12' title="bbox 135 1116 1740 1188; baseline -0.003 -13"><span class='ocrx_word' id='word_1_62' title='bbox 135 1121 189 1175; x_wconf 85' lang='lat' dir='ltr'><strong>si</strong></span> <span class='ocrx_word' id='word_1_63' title='bbox 226 1129 606 1186; x_wconf 89' lang='lat' dir='ltr'><strong>reverteretur,</strong></span> <span class='ocrx_word' id='word_1_64' title='bbox 638 1119 887 1188; x_wconf 87' lang='lat' dir='ltr'><strong>promisit</strong></span> <span class='ocrx_word' id='word_1_65' title='bbox 924 1118 971 1172; x_wconf 94' lang='lat' dir='ltr'><strong>ei</strong></span> <span class='ocrx_word' id='word_1_66' title='bbox 1013 1132 1234 1187; x_wconf 81' lang='lat' dir='ltr'><strong>regnum</strong></span> <span class='ocrx_word' id='word_1_67' title='bbox 1278 1116 1609 1171; x_wconf 85' lang='lat' dir='ltr'><strong>Francorum</strong></span> <span class='ocrx_word' id='word_1_68' title='bbox 1642 1132 1740 1186; x_wconf 91' lang='lat' dir='ltr'><strong>per</strong></span> 
     </span>
    </p>
   </div>
   <div class='ocr_carea' id='block_1_13' title="bbox 134 1198 1745 1281">
    <p class='ocr_par' dir='ltr' id='par_1_13' title="bbox 134 1198 1745 1281">
     <span class='ocr_line' id='line_1_13' title="bbox 134 1198 1745 1281; baseline -0.002 -14"><span class='ocrx_word' id='word_1_69' title='bbox 134 1214 326 1267; x_wconf 84' lang='lat' dir='ltr'><strong>omnia</strong></span> <span class='ocrx_word' id='word_1_70' title='bbox 376 1210 685 1281; x_wconf 88' lang='lat' dir='ltr'><strong>subjugare.</strong></span> <span class='ocrx_word' id='word_1_71' title='bbox 741 1210 896 1276; x_wconf 81' lang='lat' dir='ltr'><strong>Quod</strong></span> <span class='ocrx_word' id='word_1_72' title='bbox 970 1210 1197 1265; x_wconf 85' lang='lat' dir='ltr'><strong>audiens</strong></span> <span class='ocrx_word' id='word_1_73' title='bbox 1262 1210 1529 1273; x_wconf 87' lang='lat' dir='ltr'><strong>Carolus,</strong></span> <span class='ocrx_word' id='word_1_74' title='bbox 1582 1198 1745 1263; x_wconf 69' lang='lat' dir='ltr'><strong>laetus</strong></span> 
     </span>
    </p>
   </div>
   <div class='ocr_carea' id='block_1_14' title="bbox 135 1302 1741 1373">
    <p class='ocr_par' dir='ltr' id='par_1_14' title="bbox 135 1302 1741 1373">
     <span class='ocr_line' id='line_1_14' title="bbox 135 1302 1741 1373; baseline -0.004 -12"><span class='ocrx_word' id='word_1_75' title='bbox 135 1306 372 1361; x_wconf 78' lang='lat' dir='ltr'><strong>effectus</strong></span> <span class='ocrx_word' id='word_1_76' title='bbox 409 1320 580 1373; x_wconf 85' lang='lat' dir='ltr'><strong>usque</strong></span> <span class='ocrx_word' id='word_1_77' title='bbox 623 1304 797 1357; x_wconf 88' lang='lat' dir='ltr'><strong>sancti</strong></span> <span class='ocrx_word' id='word_1_78' title='bbox 836 1302 1080 1370; x_wconf 85' lang='lat' dir='ltr'><strong>Quintini</strong></span> <span class='ocrx_word' id='word_1_79' title='bbox 1128 1314 1388 1363; x_wconf 89' lang='lat' dir='ltr'><strong>castrum,</strong></span> <span class='ocrx_word' id='word_1_80' title='bbox 1420 1302 1741 1357; x_wconf 76' lang='lat' dir='ltr'><strong>V’crmandis</strong></span> 
     </span>
    </p>
   </div>
   <div class='ocr_carea' id='block_1_15' title="bbox 134 1392 1740 1455">
    <p class='ocr_par' dir='ltr' id='par_1_15' title="bbox 134 1392 1740 1455">
     <span class='ocr_line' id='line_1_15' title="bbox 134 1392 1740 1455; baseline -0.002 -4"><span class='ocrx_word' id='word_1_81' title='bbox 134 1405 229 1451; x_wconf 85' lang='lat' dir='ltr'><strong>est</strong></span> <span class='ocrx_word' id='word_1_82' title='bbox 257 1411 526 1451; x_wconf 89' lang='lat' dir='ltr'><strong>reversus.</strong></span> <span class='ocrx_word' id='word_1_83' title='bbox 561 1393 657 1449; x_wconf 88' lang='lat' dir='ltr'><strong>Cui</strong></span> <span class='ocrx_word' id='word_1_84' title='bbox 686 1407 978 1448; x_wconf 85' lang='lat' dir='ltr'><strong>occurrens</strong></span> <span class='ocrx_word' id='word_1_85' title='bbox 1010 1393 1176 1447; x_wconf 89' lang='lat' dir='ltr'><strong>isdem</strong></span> <span class='ocrx_word' id='word_1_86' title='bbox 1201 1392 1539 1455; x_wconf 88' lang='lat' dir='ltr'><strong>llcribertns,</strong></span> <span class='ocrx_word' id='word_1_87' title='bbox 1566 1394 1740 1447; x_wconf 88' lang='lat' dir='ltr'><strong>intro-</strong></span> 
     </span>
    </p>
   </div>
   <div class='ocr_carea' id='block_1_16' title="bbox 134 1485 1739 1555">
    <p class='ocr_par' dir='ltr' id='par_1_16' title="bbox 134 1485 1739 1555">
     <span class='ocr_line' id='line_1_16' title="bbox 134 1485 1739 1555; baseline -0.001 -13"><span class='ocrx_word' id='word_1_88' title='bbox 134 1488 303 1543; x_wconf 84' lang='lat' dir='ltr'><strong>duxit</strong></span> <span class='ocrx_word' id='word_1_89' title='bbox 340 1502 463 1540; x_wconf 92' lang='lat' dir='ltr'><strong>eum</strong></span> <span class='ocrx_word' id='word_1_90' title='bbox 505 1486 556 1539; x_wconf 90' lang='lat' dir='ltr'><strong>in</strong></span> <span class='ocrx_word' id='word_1_91' title='bbox 602 1486 851 1541; x_wconf 92' lang='lat' dir='ltr'><strong>eumdem</strong></span> <span class='ocrx_word' id='word_1_92' title='bbox 888 1494 1169 1550; x_wconf 90' lang='lat' dir='ltr'><strong>castrum,</strong></span> <span class='ocrx_word' id='word_1_93' title='bbox 1212 1487 1645 1555; x_wconf 67' lang='lat' dir='ltr'><strong>prwparavilqne</strong></span> <span class='ocrx_word' id='word_1_94' title='bbox 1690 1485 1739 1539; x_wconf 87' lang='lat' dir='ltr'><strong>ei</strong></span> 
     </span>
    </p>
   </div>
   <div class='ocr_carea' id='block_1_17' title="bbox 134 1578 1737 1645">
    <p class='ocr_par' dir='ltr' id='par_1_17' title="bbox 134 1578 1737 1645">
     <span class='ocr_line' id='line_1_17' title="bbox 134 1578 1737 1645; baseline -0.001 -11"><span class='ocrx_word' id='word_1_95' title='bbox 134 1580 455 1641; x_wconf 82' lang='lat' dir='ltr'><strong>convivium</strong></span> <span class='ocrx_word' id='word_1_96' title='bbox 506 1579 637 1632; x_wconf 85' lang='lat' dir='ltr'><strong>satis</strong></span> <span class='ocrx_word' id='word_1_97' title='bbox 677 1578 1062 1633; x_wconf 80' lang='lat' dir='ltr'><strong>lautissimum.</strong></span> <span class='ocrx_word' id='word_1_98' title='bbox 1109 1578 1273 1633; x_wconf 89' lang='lat' dir='ltr'><strong>Facta</strong></span> <span class='ocrx_word' id='word_1_99' title='bbox 1321 1586 1502 1633; x_wconf 85' lang='lat' dir='ltr'><strong>autem</strong></span> <span class='ocrx_word' id='word_1_100' title='bbox 1557 1588 1737 1645; x_wconf 90' lang='lat' dir='ltr'><strong>nocte,</strong></span> 
     </span>
    </p>
   </div>
   <div class='ocr_carea' id='block_1_18' title="bbox 135 1670 1814 1767">
    <p class='ocr_par' dir='ltr' id='par_1_18' title="bbox 135 1670 1814 1767">
     <span class='ocr_line' id='line_1_18' title="bbox 135 1670 1814 1767; baseline 0 -42"><span class='ocrx_word' id='word_1_101' title='bbox 135 1686 271 1725; x_wconf 84' lang='lat' dir='ltr'><strong>cum</strong></span> <span class='ocrx_word' id='word_1_102' title='bbox 299 1685 487 1724; x_wconf 88' lang='lat' dir='ltr'><strong>omnes</strong></span> <span class='ocrx_word' id='word_1_103' title='bbox 518 1671 642 1723; x_wconf 88' lang='lat' dir='ltr'><strong>vino</strong></span> <span class='ocrx_word' id='word_1_104' title='bbox 668 1685 709 1724; x_wconf 55' lang='lat' dir='ltr'><strong>si</strong></span> <span class='ocrx_word' id='word_1_105' title='bbox 731 1670 860 1739; x_wconf 85' lang='lat' dir='ltr'><strong>pulli</strong></span> <span class='ocrx_word' id='word_1_106' title='bbox 890 1670 1256 1738; x_wconf 83' lang='lat' dir='ltr'><strong>quiescerent,</strong></span> <span class='ocrx_word' id='word_1_107' title='bbox 1292 1671 1549 1741; x_wconf 75' lang='lat' dir='ltr'><strong>przecepit</strong></span> <span class='ocrx_word' id='word_1_108' title='bbox 1570 1670 1730 1725; x_wconf 68' lang='lat' dir='ltr'><strong>lle’ri-</strong></span> <span class='ocrx_word' id='word_1_109' title='bbox 1770 1709 1814 1767; x_wconf 75' lang='grc' dir='ltr'><strong>Β</strong></span> 
     </span>
    </p>
   </div>
   <div class='ocr_carea' id='block_1_19' title="bbox 136 1759 1736 1824">
    <p class='ocr_par' dir='ltr' id='par_1_19' title="bbox 136 1759 1736 1824">
     <span class='ocr_line' id='line_1_19' title="bbox 136 1759 1736 1824; baseline 0.001 -11"><span class='ocrx_word' id='word_1_110' title='bbox 136 1759 335 1813; x_wconf 81' lang='lat' dir='ltr'><strong>bertus</strong></span> <span class='ocrx_word' id='word_1_111' title='bbox 372 1760 486 1813; x_wconf 89' lang='lat' dir='ltr'><strong>suis</strong></span> <span class='ocrx_word' id='word_1_112' title='bbox 528 1767 607 1823; x_wconf 93' lang='lat' dir='ltr'><strong>ut,</strong></span> <span class='ocrx_word' id='word_1_113' title='bbox 639 1760 921 1824; x_wconf 80' lang='lat' dir='ltr'><strong>abeuntes,</strong></span> <span class='ocrx_word' id='word_1_114' title='bbox 951 1760 1133 1813; x_wconf 85' lang='lat' dir='ltr'><strong>omnia</strong></span> <span class='ocrx_word' id='word_1_115' title='bbox 1162 1774 1352 1814; x_wconf 90' lang='lat' dir='ltr'><strong>eorum</strong></span> <span class='ocrx_word' id='word_1_116' title='bbox 1394 1775 1544 1813; x_wconf 88' lang='lat' dir='ltr'><strong>arma</strong></span> <span class='ocrx_word' id='word_1_117' title='bbox 1578 1760 1736 1814; x_wconf 90' lang='lat' dir='ltr'><strong>tolle-</strong></span> 
     </span>
    </p>
   </div>
   <div class='ocr_carea' id='block_1_20' title="bbox 136 1849 1746 1919">
    <p class='ocr_par' dir='ltr' id='par_1_20' title="bbox 136 1849 1746 1919">
     <span class='ocr_line' id='line_1_20' title="bbox 136 1849 1746 1919; baseline 0.001 -16"><span class='ocrx_word' id='word_1_118' title='bbox 136 1858 290 1915; x_wconf 88' lang='lat' dir='ltr'><strong>rent,</strong></span> <span class='ocrx_word' id='word_1_119' title='bbox 323 1865 412 1914; x_wconf 89' lang='lat' dir='ltr'><strong>ne,</strong></span> <span class='ocrx_word' id='word_1_120' title='bbox 444 1850 497 1903; x_wconf 91' lang='lat' dir='ltr'><strong>in</strong></span> <span class='ocrx_word' id='word_1_121' title='bbox 547 1849 689 1904; x_wconf 87' lang='lat' dir='ltr'><strong>facto</strong></span> <span class='ocrx_word' id='word_1_122' title='bbox 734 1850 877 1918; x_wconf 88' lang='lat' dir='ltr'><strong>quod</strong></span> <span class='ocrx_word' id='word_1_123' title='bbox 927 1849 1107 1904; x_wconf 82' lang='lat' dir='ltr'><strong>facere</strong></span> <span class='ocrx_word' id='word_1_124' title='bbox 1150 1852 1443 1919; x_wconf 88' lang='lat' dir='ltr'><strong>cogitabat,</strong></span> <span class='ocrx_word' id='word_1_125' title='bbox 1478 1851 1746 1905; x_wconf 82' lang='lat' dir='ltr'><strong>baberent</strong></span> 
     </span>
    </p>
   </div>
   <div class='ocr_carea' id='block_1_21' title="bbox 134 1939 1746 2011">
    <p class='ocr_par' dir='ltr' id='par_1_21' title="bbox 134 1939 1746 2011">
     <span class='ocr_line' id='line_1_21' title="bbox 134 1939 1746 2011; baseline 0.002 -19"><span class='ocrx_word' id='word_1_126' title='bbox 134 1940 293 1994; x_wconf 86' lang='lat' dir='ltr'><strong>unde</strong></span> <span class='ocrx_word' id='word_1_127' title='bbox 338 1942 593 1994; x_wconf 84' lang='lat' dir='ltr'><strong>resistere</strong></span> <span class='ocrx_word' id='word_1_128' title='bbox 647 1950 886 2011; x_wconf 90' lang='lat' dir='ltr'><strong>possent.</strong></span> <span class='ocrx_word' id='word_1_129' title='bbox 927 1939 1060 1994; x_wconf 90' lang='lat' dir='ltr'><strong>Orto</strong></span> <span class='ocrx_word' id='word_1_130' title='bbox 1102 1940 1265 2009; x_wconf 85' lang='lat' dir='ltr'><strong>igitur</strong></span> <span class='ocrx_word' id='word_1_131' title='bbox 1303 1941 1436 2005; x_wconf 88' lang='lat' dir='ltr'><strong>sole,</strong></span> <span class='ocrx_word' id='word_1_132' title='bbox 1471 1942 1746 2011; x_wconf 83' lang='lat' dir='ltr'><strong>accipiens</strong></span> 
     </span>
    </p>
   </div>
   <div class='ocr_carea' id='block_1_22' title="bbox 139 2030 1743 2103">
    <p class='ocr_par' dir='ltr' id='par_1_22' title="bbox 139 2030 1743 2103">
     <span class='ocr_line' id='line_1_22' title="bbox 139 2030 1743 2103; baseline 0.001 -17"><span class='ocrx_word' id='word_1_133' title='bbox 139 2047 371 2103; x_wconf 92' lang='lat' dir='ltr'><strong>regem,</strong></span> <span class='ocrx_word' id='word_1_134' title='bbox 420 2031 642 2084; x_wconf 90' lang='lat' dir='ltr'><strong>tradidit</strong></span> <span class='ocrx_word' id='word_1_135' title='bbox 687 2031 966 2085; x_wconf 78' lang='lat' dir='ltr'><strong>castodiae.</strong></span> <span class='ocrx_word' id='word_1_136' title='bbox 1017 2030 1211 2085; x_wconf 81' lang='lat' dir='ltr'><strong>Milites</strong></span> <span class='ocrx_word' id='word_1_137' title='bbox 1241 2040 1459 2096; x_wconf 87' lang='lat' dir='ltr'><strong>autem,</strong></span> <span class='ocrx_word' id='word_1_138' title='bbox 1488 2049 1644 2100; x_wconf 91' lang='lat' dir='ltr'><strong>cum,</strong></span> <span class='ocrx_word' id='word_1_139' title='bbox 1677 2034 1743 2087; x_wconf 91' lang='lat' dir='ltr'><strong>ad</strong></span> 
     </span>
    </p>
   </div>
   <div class='ocr_carea' id='block_1_23' title="bbox 139 2121 1744 2195">
    <p class='ocr_par' dir='ltr' id='par_1_23' title="bbox 139 2121 1744 2195">
     <span class='ocr_line' id='line_1_23' title="bbox 139 2121 1744 2195; baseline 0.002 -20"><span class='ocrx_word' id='word_1_140' title='bbox 139 2137 305 2176; x_wconf 84' lang='lat' dir='ltr'><strong>arma</strong></span> <span class='ocrx_word' id='word_1_141' title='bbox 347 2121 738 2190; x_wconf 88' lang='lat' dir='ltr'><strong>confugientes,</strong></span> <span class='ocrx_word' id='word_1_142' title='bbox 779 2138 886 2176; x_wconf 73' lang='lat' dir='ltr'><strong>ron</strong></span> <span class='ocrx_word' id='word_1_143' title='bbox 932 2123 1253 2191; x_wconf 89' lang='lat' dir='ltr'><strong>reperirent,</strong></span> <span class='ocrx_word' id='word_1_144' title='bbox 1293 2123 1359 2177; x_wconf 90' lang='lat' dir='ltr'><strong>ad</strong></span> <span class='ocrx_word' id='word_1_145' title='bbox 1384 2125 1615 2195; x_wconf 90' lang='lat' dir='ltr'><strong>propria</strong></span> <span class='ocrx_word' id='word_1_146' title='bbox 1644 2125 1744 2179; x_wconf 90' lang='lat' dir='ltr'><strong>do-</strong></span> 
     </span>
    </p>
   </div>
   <div class='ocr_carea' id='block_1_24' title="bbox 138 2212 1745 2284">
    <p class='ocr_par' dir='ltr' id='par_1_24' title="bbox 138 2212 1745 2284">
     <span class='ocr_line' id='line_1_24' title="bbox 138 2212 1745 2284; baseline 0.003 -18"><span class='ocrx_word' id='word_1_147' title='bbox 138 2212 325 2267; x_wconf 86' lang='lat' dir='ltr'><strong>lentes</strong></span> <span class='ocrx_word' id='word_1_148' title='bbox 366 2213 818 2283; x_wconf 87' lang='lat' dir='ltr'><strong>repatriaverunt.</strong></span> <span class='ocrx_word' id='word_1_149' title='bbox 874 2213 1192 2268; x_wconf 87' lang='lat' dir='ltr'><strong>lleribertus</strong></span> <span class='ocrx_word' id='word_1_150' title='bbox 1244 2224 1424 2267; x_wconf 89' lang='lat' dir='ltr'><strong>autem</strong></span> <span class='ocrx_word' id='word_1_151' title='bbox 1471 2216 1745 2284; x_wconf 89' lang='lat' dir='ltr'><strong>accipiens</strong></span> 
     </span>
    </p>
   </div>
   <div class='ocr_carea' id='block_1_25' title="bbox 142 2302 1745 2374">
    <p class='ocr_par' dir='ltr' id='par_1_25' title="bbox 142 2302 1745 2374">
     <span class='ocr_line' id='line_1_25' title="bbox 142 2302 1745 2374; baseline 0.004 -17"><span class='ocrx_word' id='word_1_152' title='bbox 142 2302 433 2369; x_wconf 86' lang='lat' dir='ltr'><strong>Carolum,</strong></span> <span class='ocrx_word' id='word_1_153' title='bbox 457 2304 611 2357; x_wconf 87' lang='lat' dir='ltr'><strong>duxit</strong></span> <span class='ocrx_word' id='word_1_154' title='bbox 633 2304 683 2357; x_wconf 93' lang='lat' dir='ltr'><strong>in</strong></span> <span class='ocrx_word' id='word_1_155' title='bbox 713 2315 951 2359; x_wconf 88' lang='lat' dir='ltr'><strong>castrmn</strong></span> <span class='ocrx_word' id='word_1_156' title='bbox 977 2305 1120 2374; x_wconf 89' lang='lat' dir='ltr'><strong>quod</strong></span> <span class='ocrx_word' id='word_1_157' title='bbox 1143 2306 1339 2360; x_wconf 89' lang='lat' dir='ltr'><strong>dicitur</strong></span> <span class='ocrx_word' id='word_1_158' title='bbox 1361 2306 1570 2361; x_wconf 87' lang='lat' dir='ltr'><strong>Parona</strong></span> <span class='ocrx_word' id='word_1_159' title='bbox 1595 2308 1745 2364; x_wconf 85' lang='lat' dir='ltr'><strong>Scot-</strong></span> 
     </span>
    </p>
   </div>
   <div class='ocr_carea' id='block_1_26' title="bbox 146 2396 1744 2470">
    <p class='ocr_par' dir='ltr' id='par_1_26' title="bbox 146 2396 1744 2470">
     <span class='ocr_line' id='line_1_26' title="bbox 146 2396 1744 2470; baseline 0.004 -23"><span class='ocrx_word' id='word_1_160' title='bbox 146 2405 333 2449; x_wconf 92' lang='lat' dir='ltr'><strong>torum</strong></span> <span class='ocrx_word' id='word_1_161' title='bbox 361 2411 377 2457; x_wconf 82' lang='lat'><strong>;</strong></span> <span class='ocrx_word' id='word_1_162' title='bbox 405 2405 631 2464; x_wconf 85' lang='lat' dir='ltr'><strong>eratque</strong></span> <span class='ocrx_word' id='word_1_163' title='bbox 658 2396 728 2450; x_wconf 85' lang='lat' dir='ltr'><strong>ibi</strong></span> <span class='ocrx_word' id='word_1_164' title='bbox 778 2397 879 2450; x_wconf 92' lang='lat' dir='ltr'><strong>sub</strong></span> <span class='ocrx_word' id='word_1_165' title='bbox 924 2398 1169 2451; x_wconf 89' lang='lat' dir='ltr'><strong>custodia</strong></span> <span class='ocrx_word' id='word_1_166' title='bbox 1214 2398 1432 2453; x_wconf 87' lang='lat' dir='ltr'><strong>clausus</strong></span> <span class='ocrx_word' id='word_1_167' title='bbox 1476 2416 1647 2470; x_wconf 85' lang='lat' dir='ltr'><strong>usque</strong></span> <span class='ocrx_word' id='word_1_168' title='bbox 1676 2401 1744 2454; x_wconf 93' lang='lat' dir='ltr'><strong>ad</strong></span> 
     </span>
    </p>
   </div>
   <div class='ocr_carea' id='block_1_27' title="bbox 147 2486 1745 2562">
    <p class='ocr_par' dir='ltr' id='par_1_27' title="bbox 147 2486 1745 2562">
     <span class='ocr_line' id='line_1_27' title="bbox 147 2486 1745 2562; baseline 0.005 -23"><span class='ocrx_word' id='word_1_169' title='bbox 147 2486 301 2539; x_wconf 86' lang='lat' dir='ltr'><strong>diem</strong></span> <span class='ocrx_word' id='word_1_170' title='bbox 356 2487 547 2541; x_wconf 91' lang='lat' dir='ltr'><strong>mortis</strong></span> <span class='ocrx_word' id='word_1_171' title='bbox 574 2486 709 2554; x_wconf 89' lang='lat' dir='ltr'><strong>ejus.</strong></span> <span class='ocrx_word' id='word_1_172' title='bbox 762 2486 913 2543; x_wconf 83' lang='lat' dir='ltr'><strong>Uxor</strong></span> <span class='ocrx_word' id='word_1_173' title='bbox 956 2504 1085 2544; x_wconf 80' lang='lat' dir='ltr'><strong>vero</strong></span> <span class='ocrx_word' id='word_1_174' title='bbox 1114 2490 1253 2560; x_wconf 84' lang='lat' dir='ltr'><strong>ejus,</strong></span> <span class='ocrx_word' id='word_1_175' title='bbox 1288 2492 1493 2562; x_wconf 86' lang='lat' dir='ltr'><strong>regina,</strong></span> <span class='ocrx_word' id='word_1_176' title='bbox 1527 2494 1745 2548; x_wconf 90' lang='lat' dir='ltr'><strong>nomine</strong></span> 
     </span>
    </p>
   </div>
   <div class='ocr_carea' id='block_1_28' title="bbox 141 2575 1746 2654">
    <p class='ocr_par' dir='ltr' id='par_1_28' title="bbox 141 2575 1746 2654">
     <span class='ocr_line' id='line_1_28' title="bbox 141 2575 1746 2654; baseline 0.004 -21"><span class='ocrx_word' id='word_1_177' title='bbox 141 2575 379 2644; x_wconf 86' lang='lat' dir='ltr'><strong>Odgiva,</strong></span> <span class='ocrx_word' id='word_1_178' title='bbox 414 2592 611 2647; x_wconf 87' lang='lat' dir='ltr'><strong>genere</strong></span> <span class='ocrx_word' id='word_1_179' title='bbox 672 2580 1054 2646; x_wconf 89' lang='lat' dir='ltr'><strong>transmarina,</strong></span> <span class='ocrx_word' id='word_1_180' title='bbox 1106 2598 1228 2637; x_wconf 92' lang='lat' dir='ltr'><strong>cum</strong></span> <span class='ocrx_word' id='word_1_181' title='bbox 1277 2592 1332 2639; x_wconf 91' lang='lat' dir='ltr'><strong>et</strong></span> <span class='ocrx_word' id='word_1_182' title='bbox 1384 2585 1499 2654; x_wconf 90' lang='lat' dir='ltr'><strong>ipsa</strong></span> <span class='ocrx_word' id='word_1_183' title='bbox 1548 2586 1746 2640; x_wconf 88' lang='lat' dir='ltr'><strong>multas</strong></span> 
     </span>
    </p>
   </div>
   <div class='ocr_carea' id='block_1_29' title="bbox 142 2667 1743 2743">
    <p class='ocr_par' dir='ltr' id='par_1_29' title="bbox 142 2667 1743 2743">
     <span class='ocr_line' id='line_1_29' title="bbox 142 2667 1743 2743; baseline 0.006 -22"><span class='ocrx_word' id='word_1_184' title='bbox 142 2667 517 2721; x_wconf 88' lang='lat' dir='ltr'><strong>insecutiones</strong></span> <span class='ocrx_word' id='word_1_185' title='bbox 550 2668 741 2723; x_wconf 85' lang='lat' dir='ltr'><strong>fuisset</strong></span> <span class='ocrx_word' id='word_1_186' title='bbox 770 2670 871 2724; x_wconf 92' lang='lat' dir='ltr'><strong>sub</strong></span> <span class='ocrx_word' id='word_1_187' title='bbox 915 2671 1017 2726; x_wconf 91' lang='lat' dir='ltr'><strong>hoc</strong></span> <span class='ocrx_word' id='word_1_188' title='bbox 1062 2682 1303 2743; x_wconf 91' lang='lat' dir='ltr'><strong>tempore</strong></span> <span class='ocrx_word' id='word_1_189' title='bbox 1352 2690 1535 2743; x_wconf 90' lang='lat' dir='ltr'><strong>passa,</strong></span> <span class='ocrx_word' id='word_1_190' title='bbox 1575 2676 1743 2731; x_wconf 89' lang='lat' dir='ltr'><strong>filium</strong></span> 
     </span>
    </p>
   </div>
   <div class='ocr_carea' id='block_1_30' title="bbox 142 2760 1745 2835">
    <p class='ocr_par' dir='ltr' id='par_1_30' title="bbox 142 2760 1745 2835">
     <span class='ocr_line' id='line_1_30' title="bbox 142 2760 1745 2835; baseline 0.004 -21"><span class='ocrx_word' id='word_1_191' title='bbox 142 2776 338 2825; x_wconf 86' lang='lat' dir='ltr'><strong>suum,</strong></span> <span class='ocrx_word' id='word_1_192' title='bbox 373 2760 700 2815; x_wconf 88' lang='lat' dir='ltr'><strong>Ludovicum</strong></span> <span class='ocrx_word' id='word_1_193' title='bbox 748 2778 997 2832; x_wconf 90' lang='lat' dir='ltr'><strong>puerum,</strong></span> <span class='ocrx_word' id='word_1_194' title='bbox 1031 2765 1099 2819; x_wconf 90' lang='lat' dir='ltr'><strong>ad</strong></span> <span class='ocrx_word' id='word_1_195' title='bbox 1126 2766 1329 2835; x_wconf 82' lang='lat' dir='ltr'><strong>Anglos</strong></span> <span class='ocrx_word' id='word_1_196' title='bbox 1360 2768 1556 2823; x_wconf 83' lang='lat' dir='ltr'><strong>direxit</strong></span> <span class='ocrx_word' id='word_1_197' title='bbox 1591 2777 1745 2822; x_wconf 88' lang='lat' dir='ltr'><strong>tuen-</strong></span> 
     </span>
    </p>
   </div>
   <div class='ocr_carea' id='block_1_31' title="bbox 143 2845 1745 2916">
    <p class='ocr_par' dir='ltr' id='par_1_31' title="bbox 143 2845 1745 2916">
     <span class='ocr_line' id='line_1_31' title="bbox 143 2845 1745 2916; baseline 0.007 -17"><span class='ocrx_word' id='word_1_198' title='bbox 143 2845 319 2910; x_wconf 85' lang='lat' dir='ltr'><strong>dum;</strong></span> <span class='ocrx_word' id='word_1_199' title='bbox 352 2861 475 2899; x_wconf 88' lang='lat' dir='ltr'><strong>nam</strong></span> <span class='ocrx_word' id='word_1_200' title='bbox 514 2856 569 2899; x_wconf 95' lang='lat' dir='ltr'><strong>et</strong></span> <span class='ocrx_word' id='word_1_201' title='bbox 594 2846 767 2916; x_wconf 89' lang='lat' dir='ltr'><strong>ipsum</strong></span> <span class='ocrx_word' id='word_1_202' title='bbox 814 2849 1127 2915; x_wconf 81' lang='lat' dir='ltr'><strong>quaerebant</strong></span> <span class='ocrx_word' id='word_1_203' title='bbox 1156 2850 1608 2907; x_wconf 77' lang='lat' dir='ltr'><strong>interficiendum.</strong></span> <span class='ocrx_word' id='word_1_204' title='bbox 1638 2853 1745 2911; x_wconf 79' lang='lat' dir='ltr'><strong>Re-</strong></span> 
     </span>
    </p>
   </div>
   <div class='ocr_carea' id='block_1_32' title="bbox 142 2936 1745 3016">
    <p class='ocr_par' dir='ltr' id='par_1_32' title="bbox 142 2936 1745 3016">
     <span class='ocr_line' id='line_1_32' title="bbox 142 2936 1745 3016; baseline 0.007 -26"><span class='ocrx_word' id='word_1_205' title='bbox 142 2951 276 3007; x_wconf 88' lang='lat' dir='ltr'><strong>gem</strong></span> <span class='ocrx_word' id='word_1_206' title='bbox 307 2936 470 3005; x_wconf 89' lang='lat' dir='ltr'><strong>igitur</strong></span> <span class='ocrx_word' id='word_1_207' title='bbox 494 2951 659 3006; x_wconf 87' lang='lat' dir='ltr'><strong>super</strong></span> <span class='ocrx_word' id='word_1_208' title='bbox 678 2953 736 2993; x_wconf 90' lang='lat' dir='ltr'><strong>se</strong></span> <span class='ocrx_word' id='word_1_209' title='bbox 756 2937 949 2993; x_wconf 87' lang='lat' dir='ltr'><strong>Franci</strong></span> <span class='ocrx_word' id='word_1_210' title='bbox 976 2949 1218 2997; x_wconf 86' lang='lat' dir='ltr'><strong>statuunt</strong></span> <span class='ocrx_word' id='word_1_211' title='bbox 1238 2942 1527 2999; x_wconf 85' lang='lat' dir='ltr'><strong>Rodulfum</strong></span> <span class='ocrx_word' id='word_1_212' title='bbox 1556 2962 1745 3016; x_wconf 90' lang='lat' dir='ltr'><strong>quem-</strong></span> 
     </span>
    </p>
   </div>
   <div class='ocr_carea' id='block_1_33' title="bbox 143 3028 1817 3128">
    <p class='ocr_par' dir='ltr' id='par_1_33' title="bbox 143 3028 1817 3128">
     <span class='ocr_line' id='line_1_33' title="bbox 143 3028 1817 3128; baseline 0.007 -46"><span class='ocrx_word' id='word_1_213' title='bbox 143 3029 279 3082; x_wconf 89' lang='lat' dir='ltr'><strong>dam</strong></span> <span class='ocrx_word' id='word_1_214' title='bbox 310 3037 464 3097; x_wconf 90' lang='lat' dir='ltr'><strong>patre</strong></span> <span class='ocrx_word' id='word_1_215' title='bbox 494 3028 746 3095; x_wconf 81' lang='lat' dir='ltr'><strong>Ricardo,</strong></span> <span class='ocrx_word' id='word_1_216' title='bbox 778 3046 973 3101; x_wconf 89' lang='lat' dir='ltr'><strong>genere</strong></span> <span class='ocrx_word' id='word_1_217' title='bbox 1017 3031 1387 3088; x_wconf 85' lang='lat' dir='ltr'><strong>Alvernicum.</strong></span> <span class='ocrx_word' id='word_1_218' title='bbox 1430 3036 1542 3091; x_wconf 92' lang='lat' dir='ltr'><strong>Sub</strong></span> <span class='ocrx_word' id='word_1_219' title='bbox 1590 3036 1742 3106; x_wconf 89' lang='lat' dir='ltr'><strong>cujus</strong></span> <span class='ocrx_word' id='word_1_220' title='bbox 1767 3062 1817 3128; x_wconf 66' lang='grc' dir='ltr'>ο</span> 
     </span>
    </p>
   </div>
   <div class='ocr_carea' id='block_1_34' title="bbox 144 3124 1741 3205">
    <p class='ocr_par' dir='ltr' id='par_1_34' title="bbox 144 3124 1741 3205">
     <span class='ocr_line' id='line_1_34' title="bbox 144 3124 1741 3205; baseline 0.008 -28"><span class='ocrx_word' id='word_1_221' title='bbox 144 3134 401 3193; x_wconf 83' lang='lat' dir='ltr'><strong>tempore</strong></span> <span class='ocrx_word' id='word_1_222' title='bbox 436 3124 745 3195; x_wconf 87' lang='lat' dir='ltr'><strong>Stephanus</strong></span> <span class='ocrx_word' id='word_1_223' title='bbox 770 3167 784 3191; x_wconf 93' lang='lat'><strong>,</strong></span> <span class='ocrx_word' id='word_1_224' title='bbox 826 3124 1189 3184; x_wconf 86' lang='lat' dir='ltr'><strong>Tarvanensis</strong></span> <span class='ocrx_word' id='word_1_225' title='bbox 1239 3129 1495 3187; x_wconf 72' lang='lat' dir='ltr'><strong>Ecclesiaa</strong></span> <span class='ocrx_word' id='word_1_226' title='bbox 1529 3135 1741 3205; x_wconf 83' lang='lat' dir='ltr'><strong>episco-</strong></span> 
     </span>
    </p>
   </div>
   <div class='ocr_carea' id='block_1_35' title="bbox 144 3213 1745 3293">
    <p class='ocr_par' dir='ltr' id='par_1_35' title="bbox 144 3213 1745 3293">
     <span class='ocr_line' id='line_1_35' title="bbox 144 3213 1745 3293; baseline 0.012 -28"><span class='ocrx_word' id='word_1_227' title='bbox 144 3228 277 3283; x_wconf 90' lang='lat' dir='ltr'><strong>pus,</strong></span> <span class='ocrx_word' id='word_1_228' title='bbox 309 3213 542 3269; x_wconf 89' lang='lat' dir='ltr'><strong>decessit</strong></span> <span class='ocrx_word' id='word_1_229' title='bbox 582 3232 611 3269; x_wconf 90' lang='lat' dir='ltr'><strong>a</strong></span> <span class='ocrx_word' id='word_1_230' title='bbox 643 3218 872 3284; x_wconf 66' lang='lat' dir='ltr'><strong>saaculo;</strong></span> <span class='ocrx_word' id='word_1_231' title='bbox 913 3220 999 3273; x_wconf 94' lang='lat' dir='ltr'><strong>cui</strong></span> <span class='ocrx_word' id='word_1_232' title='bbox 1041 3221 1095 3274; x_wconf 93' lang='lat' dir='ltr'><strong>in</strong></span> <span class='ocrx_word' id='word_1_233' title='bbox 1126 3222 1439 3293; x_wconf 88' lang='lat' dir='ltr'><strong>episcopatu</strong></span> <span class='ocrx_word' id='word_1_234' title='bbox 1480 3229 1745 3283; x_wconf 89' lang='lat' dir='ltr'><strong>successit</strong></span> 
     </span>
    </p>
   </div>
   <div class='ocr_carea' id='block_1_36' title="bbox 144 3305 1745 3390">
    <p class='ocr_par' dir='ltr' id='par_1_36' title="bbox 144 3305 1745 3390">
     <span class='ocr_line' id='line_1_36' title="bbox 144 3305 1745 3390; baseline 0.01 -29"><span class='ocrx_word' id='word_1_235' title='bbox 144 3305 475 3371; x_wconf 85' lang='lat' dir='ltr'><strong>Wicfridus,</strong></span> <span class='ocrx_word' id='word_1_236' title='bbox 500 3308 658 3379; x_wconf 84' lang='lat' dir='ltr'><strong>hujus</strong></span> <span class='ocrx_word' id='word_1_237' title='bbox 680 3311 851 3365; x_wconf 89' lang='lat' dir='ltr'><strong>nostri</strong></span> <span class='ocrx_word' id='word_1_238' title='bbox 880 3315 1175 3369; x_wconf 91' lang='lat' dir='ltr'><strong>monasteri</strong></span> <span class='ocrx_word' id='word_1_239' title='bbox 1200 3314 1374 3371; x_wconf 84' lang='lat' dir='ltr'><strong>Sithiu</strong></span> <span class='ocrx_word' id='word_1_240' title='bbox 1399 3322 1745 3390; x_wconf 83' lang='lat' dir='ltr'><strong>praepositus,</strong></span> 
     </span>
    </p>
   </div>
   <div class='ocr_carea' id='block_1_37' title="bbox 147 3399 1801 3481">
    <p class='ocr_par' dir='ltr' id='par_1_37' title="bbox 147 3399 1801 3481">
     <span class='ocr_line' id='line_1_37' title="bbox 147 3399 1801 3481; baseline 0.011 -30"><span class='ocrx_word' id='word_1_241' title='bbox 147 3414 301 3453; x_wconf 88' lang='lat' dir='ltr'><strong>anno</strong></span> <span class='ocrx_word' id='word_1_242' title='bbox 324 3399 716 3457; x_wconf 89' lang='lat' dir='ltr'><strong>incarnationis</strong></span> <span class='ocrx_word' id='word_1_243' title='bbox 742 3403 1033 3460; x_wconf 67' lang='lat' dir='ltr'><strong>Dominicae</strong></span> <span class='ocrx_word' id='word_1_244' title='bbox 1059 3405 1186 3472; x_wconf 81' lang='lat'><strong>925,</strong></span> <span class='ocrx_word' id='word_1_245' title='bbox 1209 3424 1285 3462; x_wconf 84' lang='lat' dir='ltr'><strong>xu</strong></span> <span class='ocrx_word' id='word_1_246' title='bbox 1309 3410 1577 3469; x_wconf 83' lang='lat' dir='ltr'><strong>Kalendas</strong></span> <span class='ocrx_word' id='word_1_247' title='bbox 1596 3415 1745 3481; x_wconf 86' lang='lat' dir='ltr'><strong>Julii,</strong></span> <span class='ocrx_word' id='word_1_248' title='bbox 1788 3434 1801 3445; x_wconf 90' lang='grc'>·</span> 
     </span>
    </p>
   </div>
   <div class='ocr_carea' id='block_1_38' title="bbox 152 3492 1749 3565">
    <p class='ocr_par' dir='ltr' id='par_1_38' title="bbox 152 3492 1749 3565">
     <span class='ocr_line' id='line_1_38' title="bbox 152 3492 1749 3565; baseline 0.014 -22"><span class='ocrx_word' id='word_1_249' title='bbox 152 3493 219 3547; x_wconf 85' lang='lat' dir='ltr'><strong>ab</strong></span> <span class='ocrx_word' id='word_1_250' title='bbox 268 3492 494 3548; x_wconf 84' lang='lat' dir='ltr'><strong>Artaldo</strong></span> <span class='ocrx_word' id='word_1_251' title='bbox 541 3495 925 3564; x_wconf 84' lang='lat' dir='ltr'><strong>archipraesule</strong></span> <span class='ocrx_word' id='word_1_252' title='bbox 977 3512 1353 3557; x_wconf 89' lang='lat' dir='ltr'><strong>consecratus.</strong></span> <span class='ocrx_word' id='word_1_253' title='bbox 1415 3504 1512 3561; x_wconf 86' lang='lat' dir='ltr'><strong>His</strong></span> <span class='ocrx_word' id='word_1_254' title='bbox 1558 3508 1749 3565; x_wconf 91' lang='lat' dir='ltr'><strong>diebus</strong></span> 
     </span>
    </p>
   </div>
   <div class='ocr_carea' id='block_1_39' title="bbox 153 3584 1747 3671">
    <p class='ocr_par' dir='ltr' id='par_1_39' title="bbox 153 3584 1747 3671">
     <span class='ocr_line' id='line_1_39' title="bbox 153 3584 1747 3671; baseline 0.013 -32"><span class='ocrx_word' id='word_1_255' title='bbox 153 3584 511 3651; x_wconf 85' lang='lat' dir='ltr'><strong>Nordmanni,</strong></span> <span class='ocrx_word' id='word_1_256' title='bbox 529 3604 558 3642; x_wconf 91' lang='lat' dir='ltr'><strong>a</strong></span> <span class='ocrx_word' id='word_1_257' title='bbox 575 3587 875 3661; x_wconf 82' lang='lat' dir='ltr'><strong>Rotomago</strong></span> <span class='ocrx_word' id='word_1_258' title='bbox 894 3592 1119 3648; x_wconf 91' lang='lat' dir='ltr'><strong>collecta</strong></span> <span class='ocrx_word' id='word_1_259' title='bbox 1140 3595 1484 3655; x_wconf 89' lang='lat' dir='ltr'><strong>multitudine</strong></span> <span class='ocrx_word' id='word_1_260' title='bbox 1509 3602 1747 3671; x_wconf 91' lang='lat' dir='ltr'><strong>navium,</strong></span> 
     </span>
    </p>
   </div>
   <div class='ocr_carea' id='block_1_40' title="bbox 152 3677 1748 3759">
    <p class='ocr_par' dir='ltr' id='par_1_40' title="bbox 152 3677 1748 3759">
     <span class='ocr_line' id='line_1_40' title="bbox 152 3677 1748 3759; baseline 0.013 -29"><span class='ocrx_word' id='word_1_261' title='bbox 152 3677 599 3747; x_wconf 89' lang='lat' dir='ltr'><strong>circumjacentia</strong></span> <span class='ocrx_word' id='word_1_262' title='bbox 634 3682 802 3738; x_wconf 86' lang='lat' dir='ltr'><strong>maris</strong></span> <span class='ocrx_word' id='word_1_263' title='bbox 840 3682 1018 3738; x_wconf 89' lang='lat' dir='ltr'><strong>littora</strong></span> <span class='ocrx_word' id='word_1_264' title='bbox 1049 3687 1422 3745; x_wconf 87' lang='lat' dir='ltr'><strong>devastabant.</strong></span> <span class='ocrx_word' id='word_1_265' title='bbox 1463 3691 1617 3759; x_wconf 88' lang='lat' dir='ltr'><strong>Quod</strong></span> <span class='ocrx_word' id='word_1_266' title='bbox 1648 3710 1748 3749; x_wconf 88' lang='lat' dir='ltr'><strong>au-</strong></span> 
     </span>
    </p>
   </div>
   <div class='ocr_carea' id='block_1_41' title="bbox 153 3770 1747 3853">
    <p class='ocr_par' dir='ltr' id='par_1_41' title="bbox 153 3770 1747 3853">
     <span class='ocr_line' id='line_1_41' title="bbox 153 3770 1747 3853; baseline 0.012 -30"><span class='ocrx_word' id='word_1_267' title='bbox 153 3770 311 3826; x_wconf 91' lang='lat' dir='ltr'><strong>diens</strong></span> <span class='ocrx_word' id='word_1_268' title='bbox 340 3770 603 3828; x_wconf 78' lang='lat' dir='ltr'><strong>Rodulfus</strong></span> <span class='ocrx_word' id='word_1_269' title='bbox 630 3790 746 3840; x_wconf 85' lang='lat' dir='ltr'><strong>rex,</strong></span> <span class='ocrx_word' id='word_1_270' title='bbox 768 3788 1096 3847; x_wconf 83' lang='lat' dir='ltr'><strong>congregato</strong></span> <span class='ocrx_word' id='word_1_271' title='bbox 1124 3780 1457 3839; x_wconf 84' lang='lat' dir='ltr'><strong>Francorum</strong></span> <span class='ocrx_word' id='word_1_272' title='bbox 1482 3787 1747 3853; x_wconf 81' lang='lat' dir='ltr'><strong>exercitu,</strong></span> 
     </span>
    </p>
   </div>
   <div class='ocr_carea' id='block_1_42' title="bbox 153 3863 1747 3944">
    <p class='ocr_par' dir='ltr' id='par_1_42' title="bbox 153 3863 1747 3944">
     <span class='ocr_line' id='line_1_42' title="bbox 153 3863 1747 3944; baseline 0.013 -29"><span class='ocrx_word' id='word_1_273' title='bbox 153 3872 350 3916; x_wconf 87' lang='lat' dir='ltr'><strong>contra</strong></span> <span class='ocrx_word' id='word_1_274' title='bbox 376 3863 549 3927; x_wconf 85' lang='lat' dir='ltr'><strong>hosin</strong></span> <span class='ocrx_word' id='word_1_275' title='bbox 575 3882 711 3937; x_wconf 89' lang='lat' dir='ltr'><strong>pago</strong></span> <span class='ocrx_word' id='word_1_276' title='bbox 734 3867 1083 3927; x_wconf 88' lang='lat' dir='ltr'><strong>Tarvanense</strong></span> <span class='ocrx_word' id='word_1_277' title='bbox 1114 3885 1451 3944; x_wconf 89' lang='lat' dir='ltr'><strong>pugnaturus</strong></span> <span class='ocrx_word' id='word_1_278' title='bbox 1496 3881 1747 3936; x_wconf 90' lang='lat' dir='ltr'><strong>accessit.</strong></span> 
     </span>
    </p>
   </div>
   <div class='ocr_carea' id='block_1_43' title="bbox 156 3952 1753 4035">
    <p class='ocr_par' dir='ltr' id='par_1_43' title="bbox 156 3952 1753 4035">
     <span class='ocr_line' id='line_1_43' title="bbox 156 3952 1753 4035; baseline 0.013 -29"><span class='ocrx_word' id='word_1_279' title='bbox 156 3952 393 4025; x_wconf 90' lang='lat' dir='ltr'><strong>Cognito</strong></span> <span class='ocrx_word' id='word_1_280' title='bbox 422 3955 547 4020; x_wconf 90' lang='lat' dir='ltr'><strong>hoc,</strong></span> <span class='ocrx_word' id='word_1_281' title='bbox 573 3955 905 4013; x_wconf 83' lang='lat' dir='ltr'><strong>Nordmanni</strong></span> <span class='ocrx_word' id='word_1_282' title='bbox 954 3964 1217 4030; x_wconf 88' lang='lat' dir='ltr'><strong>captivos,</strong></span> <span class='ocrx_word' id='word_1_283' title='bbox 1242 3980 1378 4035; x_wconf 86' lang='lat' dir='ltr'><strong>quos</strong></span> <span class='ocrx_word' id='word_1_284' title='bbox 1426 3968 1492 4024; x_wconf 91' lang='lat' dir='ltr'><strong>de</strong></span> <span class='ocrx_word' id='word_1_285' title='bbox 1522 3970 1753 4027; x_wconf 84' lang='lat' dir='ltr'><strong>diversis</strong></span> 
     </span>
    </p>
   </div>
   <div class='ocr_carea' id='block_1_44' title="bbox 154 4043 1750 4130">
    <p class='ocr_par' dir='ltr' id='par_1_44' title="bbox 154 4043 1750 4130">
     <span class='ocr_line' id='line_1_44' title="bbox 154 4043 1750 4130; baseline 0.014 -34"><span class='ocrx_word' id='word_1_286' title='bbox 154 4043 295 4100; x_wconf 87' lang='lat' dir='ltr'><strong>locis</strong></span> <span class='ocrx_word' id='word_1_287' title='bbox 326 4047 1061 4121; x_wconf 87' lang='lat' dir='ltr'><strong>sumpserant,jugularunt.</strong></span> <span class='ocrx_word' id='word_1_288' title='bbox 1101 4054 1362 4113; x_wconf 79' lang='lat' dir='ltr'><strong>Rodulfus</strong></span> <span class='ocrx_word' id='word_1_289' title='bbox 1403 4069 1582 4115; x_wconf 86' lang='lat' dir='ltr'><strong>autem</strong></span> <span class='ocrx_word' id='word_1_290' title='bbox 1632 4077 1750 4130; x_wconf 90' lang='lat' dir='ltr'><strong>rex,</strong></span> 
     </span>
    </p>
   </div>
   <div class='ocr_carea' id='block_1_45' title="bbox 155 4137 1752 4224">
    <p class='ocr_par' dir='ltr' id='par_1_45' title="bbox 155 4137 1752 4224">
     <span class='ocr_line' id='line_1_45' title="bbox 155 4137 1752 4224; baseline 0.013 -33"><span class='ocrx_word' id='word_1_291' title='bbox 155 4137 210 4191; x_wconf 90' lang='lat' dir='ltr'><strong>in</strong></span> <span class='ocrx_word' id='word_1_292' title='bbox 237 4146 424 4192; x_wconf 89' lang='lat' dir='ltr'><strong>monte</strong></span> <span class='ocrx_word' id='word_1_293' title='bbox 444 4141 533 4209; x_wconf 91' lang='lat' dir='ltr'><strong>qui</strong></span> <span class='ocrx_word' id='word_1_294' title='bbox 556 4141 751 4195; x_wconf 90' lang='lat' dir='ltr'><strong>dicitur</strong></span> <span class='ocrx_word' id='word_1_295' title='bbox 767 4141 1064 4218; x_wconf 85' lang='lat' dir='ltr'><strong>Falcoberg</strong></span> <span class='ocrx_word' id='word_1_296' title='bbox 1084 4147 1358 4207; x_wconf 90' lang='lat' dir='ltr'><strong>insecutus</strong></span> <span class='ocrx_word' id='word_1_297' title='bbox 1380 4166 1493 4218; x_wconf 92' lang='lat' dir='ltr'><strong>eos,</strong></span> <span class='ocrx_word' id='word_1_298' title='bbox 1510 4154 1752 4224; x_wconf 66' lang='lat' dir='ltr'><strong>praelium</strong></span> 
     </span>
    </p>
   </div>
   <div class='ocr_carea' id='block_1_46' title="bbox 158 4230 1757 4316">
    <p class='ocr_par' dir='ltr' id='par_1_46' title="bbox 158 4230 1757 4316">
     <span class='ocr_line' id='line_1_46' title="bbox 158 4230 1757 4316; baseline 0.012 -31"><span class='ocrx_word' id='word_1_299' title='bbox 158 4230 458 4298; x_wconf 91' lang='lat' dir='ltr'><strong>commisit,</strong></span> <span class='ocrx_word' id='word_1_300' title='bbox 488 4232 789 4305; x_wconf 79' lang='lat' dir='ltr'><strong>fugatisque</strong></span> <span class='ocrx_word' id='word_1_301' title='bbox 817 4237 1216 4303; x_wconf 78' lang='lat' dir='ltr'><strong>eis,vicmriam</strong></span> <span class='ocrx_word' id='word_1_302' title='bbox 1247 4253 1329 4298; x_wconf 92' lang='lat' dir='ltr'><strong>est</strong></span> <span class='ocrx_word' id='word_1_303' title='bbox 1351 4245 1598 4316; x_wconf 88' lang='lat' dir='ltr'><strong>adeptus,</strong></span> <span class='ocrx_word' id='word_1_304' title='bbox 1626 4247 1757 4304; x_wconf 89' lang='lat' dir='ltr'><strong>licet</strong></span> 
     </span>
    </p>
   </div>
   <div class='ocr_carea' id='block_1_47' title="bbox 166 4326 1149 4399">
    <p class='ocr_par' dir='ltr' id='par_1_47' title="bbox 166 4326 1149 4399">
     <span class='ocr_line' id='line_1_47' title="bbox 166 4326 1149 4399; baseline 0.011 -24"><span class='ocrx_word' id='word_1_305' title='bbox 166 4336 291 4375; x_wconf 86' lang='lat' dir='ltr'><strong>cum</strong></span> <span class='ocrx_word' id='word_1_306' title='bbox 328 4336 549 4377; x_wconf 88' lang='lat' dir='ltr'><strong>suorum</strong></span> <span class='ocrx_word' id='word_1_307' title='bbox 586 4326 824 4381; x_wconf 84' lang='lat' dir='ltr'><strong>maximo</strong></span> <span class='ocrx_word' id='word_1_308' title='bbox 849 4327 1149 4399; x_wconf 89' lang='lat' dir='ltr'><strong>dispendio.</strong></span> 
     </span>
    </p>
   </div>
   <div class='ocr_carea' id='block_1_48' title="bbox 420 4453 1461 4539">
    <p class='ocr_par' dir='ltr' id='par_1_48' title="bbox 420 4453 1461 4539">
     <span class='ocr_line' id='line_1_48' title="bbox 420 4453 1461 4539; baseline 0.014 -31"><span class='ocrx_word' id='word_1_309' title='bbox 420 4453 630 4510; x_wconf 81' lang='lat' dir='ltr'><strong>LXXII.</strong></span> <span class='ocrx_word' id='word_1_310' title='bbox 676 4456 753 4512; x_wconf 86' lang='lat' dir='ltr'><strong>De</strong></span> <span class='ocrx_word' id='word_1_311' title='bbox 775 4460 999 4515; x_wconf 76' lang='lat' dir='ltr'><strong>adventu</strong></span> <span class='ocrx_word' id='word_1_312' title='bbox 1031 4462 1283 4520; x_wconf 77' lang='lat' dir='ltr'><strong>Ludovici</strong></span> <span class='ocrx_word' id='word_1_313' title='bbox 1307 4470 1461 4539; x_wconf 80' lang='lat' dir='ltr'><strong>regis.</strong></span> 
     </span>
    </p>
   </div>
   <div class='ocr_carea' id='block_1_49' title="bbox 239 4568 1753 4643">
    <p class='ocr_par' dir='ltr' id='par_1_49' title="bbox 239 4568 1753 4643">
     <span class='ocr_line' id='line_1_49' title="bbox 239 4568 1753 4643; baseline 0.011 -18"><span class='ocrx_word' id='word_1_314' title='bbox 239 4568 412 4641; x_wconf 88' lang='lat'><strong>(929.)</strong></span> <span class='ocrx_word' id='word_1_315' title='bbox 466 4572 625 4627; x_wconf 86' lang='lat' dir='ltr'><strong>Anno</strong></span> <span class='ocrx_word' id='word_1_316' title='bbox 674 4573 955 4643; x_wconf 74' lang='lat' dir='ltr'><strong>posthaec</strong></span> <span class='ocrx_word' id='word_1_317' title='bbox 1013 4580 1405 4636; x_wconf 88' lang='lat' dir='ltr'><strong>incarnationis</strong></span> <span class='ocrx_word' id='word_1_318' title='bbox 1459 4584 1753 4641; x_wconf 65' lang='lat' dir='ltr'><strong>Dominicae</strong></span> 
     </span>
    </p>
   </div>
   <div class='ocr_carea' id='block_1_50' title="bbox 167 4660 1751 4745">
    <p class='ocr_par' dir='ltr' id='par_1_50' title="bbox 167 4660 1751 4745">
     <span class='ocr_line' id='line_1_50' title="bbox 167 4660 1751 4745; baseline 0.008 -29"><span class='ocrx_word' id='word_1_319' title='bbox 167 4660 292 4727; x_wconf 88' lang='lat'><strong>929,</strong></span> <span class='ocrx_word' id='word_1_320' title='bbox 323 4661 549 4718; x_wconf 89' lang='lat' dir='ltr'><strong>Carolus</strong></span> <span class='ocrx_word' id='word_1_321' title='bbox 579 4678 672 4718; x_wconf 89' lang='lat' dir='ltr'><strong>rex</strong></span> <span class='ocrx_word' id='word_1_322' title='bbox 705 4664 758 4718; x_wconf 90' lang='lat' dir='ltr'><strong>in</strong></span> <span class='ocrx_word' id='word_1_323' title='bbox 803 4662 1014 4721; x_wconf 91' lang='lat' dir='ltr'><strong>Parona</strong></span> <span class='ocrx_word' id='word_1_324' title='bbox 1061 4677 1264 4735; x_wconf 89' lang='lat' dir='ltr'><strong>castro,</strong></span> <span class='ocrx_word' id='word_1_325' title='bbox 1293 4672 1344 4725; x_wconf 92' lang='lat' dir='ltr'><strong>in</strong></span> <span class='ocrx_word' id='word_1_326' title='bbox 1376 4674 1617 4728; x_wconf 90' lang='lat' dir='ltr'><strong>custodia</strong></span> <span class='ocrx_word' id='word_1_327' title='bbox 1646 4691 1751 4745; x_wconf 89' lang='lat' dir='ltr'><strong>qua</strong></span> 
     </span>
    </p>
   </div>
   <div class='ocr_carea' id='block_1_51' title="bbox 184 4751 1750 4837">
    <p class='ocr_par' dir='ltr' id='par_1_51' title="bbox 184 4751 1750 4837">
     <span class='ocr_line' id='line_1_51' title="bbox 184 4751 1750 4837; baseline 0.011 -32"><span class='ocrx_word' id='word_1_328' title='bbox 184 4751 383 4807; x_wconf 89' lang='lat' dir='ltr'><strong>missus</strong></span> <span class='ocrx_word' id='word_1_329' title='bbox 407 4752 604 4820; x_wconf 90' lang='lat' dir='ltr'><strong>fuerat,</strong></span> <span class='ocrx_word' id='word_1_330' title='bbox 627 4755 761 4809; x_wconf 91' lang='lat' dir='ltr'><strong>obiit</strong></span> <span class='ocrx_word' id='word_1_331' title='bbox 802 4772 853 4810; x_wconf 75' lang='lat' dir='ltr'><strong>vr</strong></span> <span class='ocrx_word' id='word_1_332' title='bbox 883 4756 1152 4814; x_wconf 87' lang='lat' dir='ltr'><strong>Kalendas</strong></span> <span class='ocrx_word' id='word_1_333' title='bbox 1180 4760 1452 4829; x_wconf 88' lang='lat' dir='ltr'><strong>Octobris,</strong></span> <span class='ocrx_word' id='word_1_334' title='bbox 1482 4767 1750 4837; x_wconf 87' lang='lat' dir='ltr'><strong>sepultus-</strong></span> 
     </span>
    </p>
   </div>
   <div class='ocr_carea' id='block_1_52' title="bbox 177 4844 1750 4913">
    <p class='ocr_par' dir='ltr' id='par_1_52' title="bbox 177 4844 1750 4913">
     <span class='ocr_line' id='line_1_52' title="bbox 177 4844 1750 4913; baseline 0.012 -20"><span class='ocrx_word' id='word_1_335' title='bbox 177 4855 282 4908; x_wconf 89' lang='lat' dir='ltr'><strong>que</strong></span> <span class='ocrx_word' id='word_1_336' title='bbox 340 4851 425 4897; x_wconf 91' lang='lat' dir='ltr'><strong>est</strong></span> <span class='ocrx_word' id='word_1_337' title='bbox 467 4844 518 4897; x_wconf 91' lang='lat' dir='ltr'><strong>in</strong></span> <span class='ocrx_word' id='word_1_338' title='bbox 559 4847 891 4901; x_wconf 89' lang='lat' dir='ltr'><strong>monasterio</strong></span> <span class='ocrx_word' id='word_1_339' title='bbox 919 4850 1091 4903; x_wconf 89' lang='lat' dir='ltr'><strong>sancti</strong></span> <span class='ocrx_word' id='word_1_340' title='bbox 1146 4850 1355 4907; x_wconf 88' lang='lat' dir='ltr'><strong>Fursei.</strong></span> <span class='ocrx_word' id='word_1_341' title='bbox 1394 4852 1540 4910; x_wconf 87' lang='lat' dir='ltr'><strong>Obiit</strong></span> <span class='ocrx_word' id='word_1_342' title='bbox 1583 4856 1750 4913; x_wconf 86' lang='lat' dir='ltr'><strong>etiam</strong></span> 
     </span>
    </p>
   </div>
   <div class='ocr_carea' id='block_1_53' title="bbox 176 4933 1751 5016">
    <p class='ocr_par' dir='ltr' id='par_1_53' title="bbox 176 4933 1751 5016">
     <span class='ocr_line' id='line_1_53' title="bbox 176 4933 1751 5016; baseline 0.015 -33"><span class='ocrx_word' id='word_1_343' title='bbox 176 4941 293 4998; x_wconf 92' lang='lat' dir='ltr'><strong>post</strong></span> <span class='ocrx_word' id='word_1_344' title='bbox 319 4934 435 4988; x_wconf 78' lang='lat' dir='ltr'><strong>hzec</strong></span> <span class='ocrx_word' id='word_1_345' title='bbox 460 4933 722 4992; x_wconf 81' lang='lat' dir='ltr'><strong>Rodulfus</strong></span> <span class='ocrx_word' id='word_1_346' title='bbox 758 4954 847 4993; x_wconf 88' lang='lat' dir='ltr'><strong>rex</strong></span> <span class='ocrx_word' id='word_1_347' title='bbox 875 4939 1055 5011; x_wconf 72' lang='lat'><strong>(“2).</strong></span> <span class='ocrx_word' id='word_1_348' title='bbox 1097 4941 1215 5009; x_wconf 88' lang='lat' dir='ltr'><strong>Quo</strong></span> <span class='ocrx_word' id='word_1_349' title='bbox 1242 4946 1516 5016; x_wconf 88' lang='lat' dir='ltr'><strong>defuncto,</strong></span> <span class='ocrx_word' id='word_1_350' title='bbox 1556 4950 1751 5007; x_wconf 87' lang='lat' dir='ltr'><strong>Franci</strong></span> 
     </span>
    </p>
   </div>
   <div class='ocr_carea' id='block_1_54' title="bbox 176 5027 1752 5103">
    <p class='ocr_par' dir='ltr' id='par_1_54' title="bbox 176 5027 1752 5103">
     <span class='ocr_line' id='line_1_54' title="bbox 176 5027 1752 5103; baseline 0.015 -31"><span class='ocrx_word' id='word_1_351' title='bbox 176 5030 477 5080; x_wconf 87' lang='lat' dir='ltr'><strong>transmare</strong></span> <span class='ocrx_word' id='word_1_352' title='bbox 517 5037 740 5099; x_wconf 88' lang='lat' dir='ltr'><strong>propter</strong></span> <span class='ocrx_word' id='word_1_353' title='bbox 772 5027 1103 5088; x_wconf 86' lang='lat' dir='ltr'><strong>Ludovicum</strong></span> <span class='ocrx_word' id='word_1_354' title='bbox 1154 5034 1413 5103; x_wconf 83' lang='lat' dir='ltr'><strong>dirigunt,</strong></span> <span class='ocrx_word' id='word_1_355' title='bbox 1447 5047 1504 5093; x_wconf 91' lang='lat' dir='ltr'><strong>ut</strong></span> <span class='ocrx_word' id='word_1_356' title='bbox 1546 5056 1670 5095; x_wconf 91' lang='lat' dir='ltr'><strong>cum</strong></span> <span class='ocrx_word' id='word_1_357' title='bbox 1701 5041 1752 5095; x_wconf 92' lang='lat' dir='ltr'><strong>in</strong></span> 
     </span>
    </p>
   </div>
   <div class='ocr_carea' id='block_1_55' title="bbox 178 5114 1749 5192">
    <p class='ocr_par' dir='ltr' id='par_1_55' title="bbox 178 5114 1749 5192">
     <span class='ocr_line' id='line_1_55' title="bbox 178 5114 1749 5192; baseline 0.015 -30"><span class='ocrx_word' id='word_1_358' title='bbox 178 5121 402 5178; x_wconf 88' lang='lat' dir='ltr'><strong>paterno</strong></span> <span class='ocrx_word' id='word_1_359' title='bbox 428 5114 563 5171; x_wconf 90' lang='lat' dir='ltr'><strong>solio</strong></span> <span class='ocrx_word' id='word_1_360' title='bbox 610 5118 662 5172; x_wconf 90' lang='lat' dir='ltr'><strong>in</strong></span> <span class='ocrx_word' id='word_1_361' title='bbox 706 5135 931 5189; x_wconf 67' lang='lat' dir='ltr'><strong>regatur.</strong></span> <span class='ocrx_word' id='word_1_362' title='bbox 967 5123 1323 5179; x_wconf 82' lang='lat' dir='ltr'><strong>sublimarent</strong></span> <span class='ocrx_word' id='word_1_363' title='bbox 1372 5128 1749 5192; x_wconf 82' lang='lat' dir='ltr'><strong>Francorum;</strong></span> 
     </span>
    </p>
   </div>
   <div class='ocr_carea' id='block_1_56' title="bbox 1838 438 3421 510">
    <p class='ocr_par' dir='ltr' id='par_1_56' title="bbox 1838 438 3421 510">
     <span class='ocr_line' id='line_1_56' title="bbox 1838 438 3421 510; baseline 0.003 -17"><span class='ocrx_word' id='word_1_364' title='bbox 1838 438 2094 510; x_wconf 86' lang='lat' dir='ltr'><strong>deceptor</strong></span> <span class='ocrx_word' id='word_1_365' title='bbox 2121 438 2669 505; x_wconf 85' lang='lat' dir='ltr'><strong>fraudulentissimus,</strong></span> <span class='ocrx_word' id='word_1_366' title='bbox 2713 450 2768 495; x_wconf 89' lang='lat' dir='ltr'><strong>et</strong></span> <span class='ocrx_word' id='word_1_367' title='bbox 2798 440 3071 496; x_wconf 81' lang='lat' dir='ltr'><strong>Adalolfus</strong></span> <span class='ocrx_word' id='word_1_368' title='bbox 3099 444 3421 498; x_wconf 86' lang='lat' dir='ltr'><strong>marchisus.</strong></span> 
     </span>
    </p>
   </div>
   <div class='ocr_carea' id='block_1_57' title="bbox 1838 520 3423 605">
    <p class='ocr_par' dir='ltr' id='par_1_57' title="bbox 1838 520 3423 605">
     <span class='ocr_line' id='line_1_57' title="bbox 1838 520 3423 605; baseline 0.001 -19"><span class='ocrx_word' id='word_1_369' title='bbox 1838 532 2209 602; x_wconf 75' lang='lat' dir='ltr'><strong>SuscipientCs</strong></span> <span class='ocrx_word' id='word_1_370' title='bbox 2254 548 2433 605; x_wconf 86' lang='lat' dir='ltr'><strong>regem</strong></span> <span class='ocrx_word' id='word_1_371' title='bbox 2478 520 3003 603; x_wconf 26' lang='lat' dir='ltr'><strong>Lugdunikcivitate,</strong></span> <span class='ocrx_word' id='word_1_372' title='bbox 3056 548 3178 587; x_wconf 88' lang='lat' dir='ltr'><strong>cum</strong></span> <span class='ocrx_word' id='word_1_373' title='bbox 3216 534 3423 589; x_wconf 86' lang='lat' dir='ltr'><strong>honore</strong></span> 
     </span>
    </p>
   </div>
   <div class='ocr_carea' id='block_1_58' title="bbox 1838 626 3424 698">
    <p class='ocr_par' dir='ltr' id='par_1_58' title="bbox 1838 626 3424 698">
     <span class='ocr_line' id='line_1_58' title="bbox 1838 626 3424 698; baseline 0.001 -18"><span class='ocrx_word' id='word_1_374' title='bbox 1838 626 2075 681; x_wconf 83' lang='lat' dir='ltr'><strong>maximo</strong></span> <span class='ocrx_word' id='word_1_375' title='bbox 2110 627 2403 693; x_wconf 90' lang='lat' dir='ltr'><strong>deducunt,</strong></span> <span class='ocrx_word' id='word_1_376' title='bbox 2440 628 2621 697; x_wconf 86' lang='lat' dir='ltr'><strong>ibique</strong></span> <span class='ocrx_word' id='word_1_377' title='bbox 2648 642 2769 680; x_wconf 90' lang='lat' dir='ltr'><strong>eum</strong></span> <span class='ocrx_word' id='word_1_378' title='bbox 2804 627 2855 680; x_wconf 92' lang='lat' dir='ltr'><strong>in</strong></span> <span class='ocrx_word' id='word_1_379' title='bbox 2904 642 3085 698; x_wconf 86' lang='lat' dir='ltr'><strong>regem</strong></span> <span class='ocrx_word' id='word_1_380' title='bbox 3114 626 3328 683; x_wconf 87' lang='lat' dir='ltr'><strong>elevant</strong></span> <span class='ocrx_word' id='word_1_381' title='bbox 3368 638 3424 681; x_wconf 86' lang='lat' dir='ltr'><strong>et</strong></span> 
     </span>
    </p>
   </div>
   <div class='ocr_carea' id='block_1_59' title="bbox 1838 720 3481 791">
    <p class='ocr_par' dir='ltr' id='par_1_59' title="bbox 1838 720 3481 791">
     <span class='ocr_line' id='line_1_59' title="bbox 1838 720 3481 791; baseline 0 -18"><span class='ocrx_word' id='word_1_382' title='bbox 1838 730 2065 791; x_wconf 89' lang='lat' dir='ltr'><strong>ungunt.</strong></span> <span class='ocrx_word' id='word_1_383' title='bbox 2109 720 2209 787; x_wconf 87' lang='lat' dir='ltr'><strong>Qui</strong></span> <span class='ocrx_word' id='word_1_384' title='bbox 2240 720 2593 776; x_wconf 86' lang='lat' dir='ltr'><strong>confirmatus</strong></span> <span class='ocrx_word' id='word_1_385' title='bbox 2622 720 2674 773; x_wconf 91' lang='lat' dir='ltr'><strong>in</strong></span> <span class='ocrx_word' id='word_1_386' title='bbox 2710 736 2897 791; x_wconf 80' lang='lat' dir='ltr'><strong>regno,</strong></span> <span class='ocrx_word' id='word_1_387' title='bbox 2932 720 3301 785; x_wconf 89' lang='lat' dir='ltr'><strong>lleribertmn,</strong></span> <span class='ocrx_word' id='word_1_388' title='bbox 3331 735 3427 789; x_wconf 84' lang='lat' dir='ltr'><strong>pa-</strong></span> <span class='ocrx_word' id='word_1_389' title='bbox 3478 782 3481 787; x_wconf 22' lang='grc' dir='ltr'><em>Α</em></span> 
     </span>
    </p>
   </div>
   <div class='ocr_carea' id='block_1_60' title="bbox 1839 808 3484 885">
    <p class='ocr_par' dir='ltr' id='par_1_60' title="bbox 1839 808 3484 885">
     <span class='ocr_line' id='line_1_60' title="bbox 1839 808 3484 885; baseline 0.001 -19"><span class='ocrx_word' id='word_1_390' title='bbox 1839 814 1939 868; x_wconf 91' lang='lat' dir='ltr'><strong>tris</strong></span> <span class='ocrx_word' id='word_1_391' title='bbox 1971 813 2055 867; x_wconf 91' lang='lat' dir='ltr'><strong>sui</strong></span> <span class='ocrx_word' id='word_1_392' title='bbox 2112 814 2426 868; x_wconf 91' lang='lat' dir='ltr'><strong>traditorem</strong></span> <span class='ocrx_word' id='word_1_393' title='bbox 2463 822 2517 866; x_wconf 82' lang='lat' dir='ltr'><strong>ct</strong></span> <span class='ocrx_word' id='word_1_394' title='bbox 2557 822 2814 867; x_wconf 77' lang='lat' dir='ltr'><strong>tortorem</strong></span> <span class='ocrx_word' id='word_1_395' title='bbox 2845 853 2859 876; x_wconf 94' lang='lat'><strong>,</strong></span> <span class='ocrx_word' id='word_1_396' title='bbox 2902 829 2959 866; x_wconf 91' lang='lat' dir='ltr'><strong>se</strong></span> <span class='ocrx_word' id='word_1_397' title='bbox 3003 830 3217 883; x_wconf 71' lang='lat' dir='ltr'><strong>quoque</strong></span> <span class='ocrx_word' id='word_1_398' title='bbox 3262 815 3416 885; x_wconf 89' lang='lat' dir='ltr'><strong>parili</strong></span> <span class='ocrx_word' id='word_1_399' title='bbox 3478 808 3484 815; x_wconf 88' lang='grc'><em>’</em></span> 
     </span>
    </p>
   </div>
   <div class='ocr_carea' id='block_1_61' title="bbox 1837 902 3427 974">
    <p class='ocr_par' dir='ltr' id='par_1_61' title="bbox 1837 902 3427 974">
     <span class='ocr_line' id='line_1_61' title="bbox 1837 902 3427 974; baseline 0.001 -17"><span class='ocrx_word' id='word_1_400' title='bbox 1837 903 1998 957; x_wconf 88' lang='lat' dir='ltr'><strong>modo</strong></span> <span class='ocrx_word' id='word_1_401' title='bbox 2034 903 2285 971; x_wconf 88' lang='lat' dir='ltr'><strong>decipere</strong></span> <span class='ocrx_word' id='word_1_402' title='bbox 2335 902 2665 973; x_wconf 87' lang='lat' dir='ltr'><strong>cupientem,</strong></span> <span class='ocrx_word' id='word_1_403' title='bbox 2698 904 2807 956; x_wconf 79' lang='lat' dir='ltr'><strong>Deo</strong></span> <span class='ocrx_word' id='word_1_404' title='bbox 2848 902 2920 956; x_wconf 92' lang='lat' dir='ltr'><strong>illi</strong></span> <span class='ocrx_word' id='word_1_405' title='bbox 2949 903 3166 973; x_wconf 86' lang='lat' dir='ltr'><strong>dignam</strong></span> <span class='ocrx_word' id='word_1_406' title='bbox 3209 919 3305 974; x_wconf 91' lang='lat' dir='ltr'><strong>pro</strong></span> <span class='ocrx_word' id='word_1_407' title='bbox 3342 903 3427 959; x_wconf 86' lang='lat' dir='ltr'><strong>fa—</strong></span> 
     </span>
    </p>
   </div>
   <div class='ocr_carea' id='block_1_62' title="bbox 1839 994 3426 1065">
    <p class='ocr_par' dir='ltr' id='par_1_62' title="bbox 1839 994 3426 1065">
     <span class='ocr_line' id='line_1_62' title="bbox 1839 994 3426 1065; baseline 0.001 -16"><span class='ocrx_word' id='word_1_408' title='bbox 1839 995 1941 1049; x_wconf 82' lang='lat' dir='ltr'><strong>ctis</strong></span> <span class='ocrx_word' id='word_1_409' title='bbox 1975 994 2471 1063; x_wconf 87' lang='lat' dir='ltr'><strong>compensationem</strong></span> <span class='ocrx_word' id='word_1_410' title='bbox 2501 994 2779 1059; x_wconf 88' lang='lat' dir='ltr'><strong>reddente,</strong></span> <span class='ocrx_word' id='word_1_411' title='bbox 2829 995 2917 1048; x_wconf 88' lang='lat' dir='ltr'><strong>tali</strong></span> <span class='ocrx_word' id='word_1_412' title='bbox 2955 996 3163 1065; x_wconf 91' lang='lat' dir='ltr'><strong>punivit</strong></span> <span class='ocrx_word' id='word_1_413' title='bbox 3201 996 3426 1051; x_wconf 90' lang='lat' dir='ltr'><strong>ultione.</strong></span> 
     </span>
    </p>
   </div>
   <div class='ocr_carea' id='block_1_63' title="bbox 1838 1086 3428 1157">
    <p class='ocr_par' dir='ltr' id='par_1_63' title="bbox 1838 1086 3428 1157">
     <span class='ocr_line' id='line_1_63' title="bbox 1838 1086 3428 1157; baseline 0 -14"><span class='ocrx_word' id='word_1_414' title='bbox 1838 1086 2134 1143; x_wconf 83' lang='lat' dir='ltr'><strong>Notaverat</strong></span> <span class='ocrx_word' id='word_1_415' title='bbox 2161 1088 2330 1143; x_wconf 88' lang='lat' dir='ltr'><strong>isdem</strong></span> <span class='ocrx_word' id='word_1_416' title='bbox 2364 1088 2681 1142; x_wconf 88' lang='lat' dir='ltr'><strong>lleribertus</strong></span> <span class='ocrx_word' id='word_1_417' title='bbox 2704 1088 2842 1141; x_wconf 90' lang='lat' dir='ltr'><strong>diem</strong></span> <span class='ocrx_word' id='word_1_418' title='bbox 2866 1104 2973 1157; x_wconf 91' lang='lat' dir='ltr'><strong>quo</strong></span> <span class='ocrx_word' id='word_1_419' title='bbox 2999 1105 3091 1142; x_wconf 82' lang='lat' dir='ltr'><strong>rex</strong></span> <span class='ocrx_word' id='word_1_420' title='bbox 3124 1087 3428 1144; x_wconf 79' lang='lat' dir='ltr'><strong>Ludovicus</strong></span> 
     </span>
    </p>
   </div>
   <div class='ocr_carea' id='block_1_64' title="bbox 1839 1178 3426 1252">
    <p class='ocr_par' dir='ltr' id='par_1_64' title="bbox 1839 1178 3426 1252">
     <span class='ocr_line' id='line_1_64' title="bbox 1839 1178 3426 1252; baseline 0.004 -22"><span class='ocrx_word' id='word_1_421' title='bbox 1839 1188 2095 1233; x_wconf 90' lang='lat' dir='ltr'><strong>venatum</strong></span> <span class='ocrx_word' id='word_1_422' title='bbox 2127 1179 2205 1233; x_wconf 88' lang='lat' dir='ltr'><strong>ire</strong></span> <span class='ocrx_word' id='word_1_423' title='bbox 2246 1178 2496 1244; x_wconf 87' lang='lat' dir='ltr'><strong>deberet;</strong></span> <span class='ocrx_word' id='word_1_424' title='bbox 2528 1181 2997 1251; x_wconf 55' lang='lat' dir='ltr'><strong>pereogitavitque</strong></span> <span class='ocrx_word' id='word_1_425' title='bbox 3045 1181 3316 1252; x_wconf 86' lang='lat' dir='ltr'><strong>ingenium</strong></span> <span class='ocrx_word' id='word_1_426' title='bbox 3347 1193 3426 1245; x_wconf 88' lang='lat' dir='ltr'><strong>ut.</strong></span> 
     </span>
    </p>
   </div>
   <div class='ocr_carea' id='block_1_65' title="bbox 1839 1270 3424 1342">
    <p class='ocr_par' dir='ltr' id='par_1_65' title="bbox 1839 1270 3424 1342">
     <span class='ocr_line' id='line_1_65' title="bbox 1839 1270 3424 1342; baseline 0.003 -20"><span class='ocrx_word' id='word_1_427' title='bbox 1839 1272 2057 1339; x_wconf 89' lang='lat' dir='ltr'><strong>quando</strong></span> <span class='ocrx_word' id='word_1_428' title='bbox 2110 1270 2225 1340; x_wconf 91' lang='lat' dir='ltr'><strong>ipse</strong></span> <span class='ocrx_word' id='word_1_429' title='bbox 2280 1287 2403 1326; x_wconf 91' lang='lat' dir='ltr'><strong>cum</strong></span> <span class='ocrx_word' id='word_1_430' title='bbox 2441 1286 2566 1342; x_wconf 85' lang='lat' dir='ltr'><strong>rege</strong></span> <span class='ocrx_word' id='word_1_431' title='bbox 2623 1271 2905 1326; x_wconf 84' lang='lat' dir='ltr'><strong>venatorio</strong></span> <span class='ocrx_word' id='word_1_432' title='bbox 2946 1272 3219 1326; x_wconf 86' lang='lat' dir='ltr'><strong>insisteret</strong></span> <span class='ocrx_word' id='word_1_433' title='bbox 3262 1272 3424 1337; x_wconf 90' lang='lat' dir='ltr'><strong>lusui,</strong></span> 
     </span>
    </p>
   </div>
   <div class='ocr_carea' id='block_1_66' title="bbox 1842 1363 3431 1437">
    <p class='ocr_par' dir='ltr' id='par_1_66' title="bbox 1842 1363 3431 1437">
     <span class='ocr_line' id='line_1_66' title="bbox 1842 1363 3431 1437; baseline 0.001 -19"><span class='ocrx_word' id='word_1_434' title='bbox 1842 1365 2038 1419; x_wconf 81' lang='lat' dir='ltr'><strong>fabulis</strong></span> <span class='ocrx_word' id='word_1_435' title='bbox 2079 1368 2192 1419; x_wconf 90' lang='lat' dir='ltr'><strong>suis</strong></span> <span class='ocrx_word' id='word_1_436' title='bbox 2220 1363 2482 1430; x_wconf 87' lang='lat' dir='ltr'><strong>illectum,</strong></span> <span class='ocrx_word' id='word_1_437' title='bbox 2515 1365 2701 1435; x_wconf 91' lang='lat' dir='ltr'><strong>procul</strong></span> <span class='ocrx_word' id='word_1_438' title='bbox 2747 1380 2777 1419; x_wconf 86' lang='lat' dir='ltr'><strong>a</strong></span> <span class='ocrx_word' id='word_1_439' title='bbox 2806 1365 3153 1420; x_wconf 90' lang='lat' dir='ltr'><strong>venatoribus</strong></span> <span class='ocrx_word' id='word_1_440' title='bbox 3181 1364 3431 1437; x_wconf 74' lang='lat' dir='ltr'><strong>sejunge-</strong></span> 
     </span>
    </p>
   </div>
   <div class='ocr_carea' id='block_1_67' title="bbox 1842 1456 3423 1529">
    <p class='ocr_par' dir='ltr' id='par_1_67' title="bbox 1842 1456 3423 1529">
     <span class='ocr_line' id='line_1_67' title="bbox 1842 1456 3423 1529; baseline 0.001 -19"><span class='ocrx_word' id='word_1_441' title='bbox 1842 1467 1925 1511; x_wconf 90' lang='lat' dir='ltr'><strong>ret</strong></span> <span class='ocrx_word' id='word_1_442' title='bbox 1966 1473 2167 1526; x_wconf 84' lang='lat' dir='ltr'><strong>regem,</strong></span> <span class='ocrx_word' id='word_1_443' title='bbox 2206 1472 2439 1526; x_wconf 86' lang='lat' dir='ltr'><strong>moxque</strong></span> <span class='ocrx_word' id='word_1_444' title='bbox 2477 1456 2750 1529; x_wconf 83' lang='lat' dir='ltr'><strong>ligamime</strong></span> <span class='ocrx_word' id='word_1_445' title='bbox 2786 1459 3049 1523; x_wconf 88' lang='lat' dir='ltr'><strong>vinctum,</strong></span> <span class='ocrx_word' id='word_1_446' title='bbox 3084 1460 3423 1514; x_wconf 57' lang='lat' dir='ltr'><strong>crudelitatis</strong></span> 
     </span>
    </p>
   </div>
   <div class='ocr_carea' id='block_1_68' title="bbox 1840 1551 3432 1619">
    <p class='ocr_par' dir='ltr' id='par_1_68' title="bbox 1840 1551 3432 1619">
     <span class='ocr_line' id='line_1_68' title="bbox 1840 1551 3432 1619; baseline 0 -14"><span class='ocrx_word' id='word_1_447' title='bbox 1840 1566 1954 1605; x_wconf 72' lang='lat' dir='ltr'><strong>sua:</strong></span> <span class='ocrx_word' id='word_1_448' title='bbox 1996 1562 2273 1606; x_wconf 79' lang='lat' dir='ltr'><strong>exerceret</strong></span> <span class='ocrx_word' id='word_1_449' title='bbox 2315 1560 2516 1605; x_wconf 87' lang='lat' dir='ltr'><strong>actum.</strong></span> <span class='ocrx_word' id='word_1_450' title='bbox 2578 1551 2691 1606; x_wconf 83' lang='lat' dir='ltr'><strong>Hoc</strong></span> <span class='ocrx_word' id='word_1_451' title='bbox 2738 1563 2917 1607; x_wconf 86' lang='lat' dir='ltr'><strong>autem</strong></span> <span class='ocrx_word' id='word_1_452' title='bbox 2966 1554 3278 1619; x_wconf 88' lang='lat' dir='ltr'><strong>consilium,</strong></span> <span class='ocrx_word' id='word_1_453' title='bbox 3320 1555 3432 1609; x_wconf 82' lang='lat' dir='ltr'><strong>Deo</strong></span> 
     </span>
    </p>
   </div>
   <div class='ocr_carea' id='block_1_69' title="bbox 1844 1645 3431 1718">
    <p class='ocr_par' dir='ltr' id='par_1_69' title="bbox 1844 1645 3431 1718">
     <span class='ocr_line' id='line_1_69' title="bbox 1844 1645 3431 1718; baseline 0.003 -21"><span class='ocrx_word' id='word_1_454' title='bbox 1844 1647 2159 1710; x_wconf 88' lang='lat' dir='ltr'><strong>miserante,</strong></span> <span class='ocrx_word' id='word_1_455' title='bbox 2188 1661 2293 1699; x_wconf 93' lang='lat' dir='ltr'><strong>non</strong></span> <span class='ocrx_word' id='word_1_456' title='bbox 2328 1646 2503 1715; x_wconf 90' lang='lat' dir='ltr'><strong>potuit</strong></span> <span class='ocrx_word' id='word_1_457' title='bbox 2540 1645 2729 1711; x_wconf 87' lang='lat' dir='ltr'><strong>latere,</strong></span> <span class='ocrx_word' id='word_1_458' title='bbox 2758 1647 2850 1701; x_wconf 89' lang='lat' dir='ltr'><strong>sed</strong></span> <span class='ocrx_word' id='word_1_459' title='bbox 2876 1649 2987 1718; x_wconf 85' lang='lat' dir='ltr'><strong>regi</strong></span> <span class='ocrx_word' id='word_1_460' title='bbox 3022 1650 3326 1704; x_wconf 89' lang='lat' dir='ltr'><strong>nuntiatum</strong></span> <span class='ocrx_word' id='word_1_461' title='bbox 3350 1662 3431 1703; x_wconf 85' lang='lat' dir='ltr'><strong>est</strong></span> 
     </span>
    </p>
   </div>
   <div class='ocr_carea' id='block_1_70' title="bbox 1844 1736 3434 1806">
    <p class='ocr_par' dir='ltr' id='par_1_70' title="bbox 1844 1736 3434 1806">
     <span class='ocr_line' id='line_1_70' title="bbox 1844 1736 3434 1806; baseline 0.004 -17"><span class='ocrx_word' id='word_1_462' title='bbox 1844 1738 1913 1790; x_wconf 91' lang='lat' dir='ltr'><strong>ab</strong></span> <span class='ocrx_word' id='word_1_463' title='bbox 1942 1752 2048 1790; x_wconf 80' lang='lat' dir='ltr'><strong>uno</strong></span> <span class='ocrx_word' id='word_1_464' title='bbox 2070 1736 2366 1806; x_wconf 88' lang='lat' dir='ltr'><strong>horumqni</strong></span> <span class='ocrx_word' id='word_1_465' title='bbox 2397 1737 2521 1793; x_wconf 86' lang='lat' dir='ltr'><strong>huic</strong></span> <span class='ocrx_word' id='word_1_466' title='bbox 2542 1740 2772 1794; x_wconf 60' lang='lat' dir='ltr'><strong>Consilio</strong></span> <span class='ocrx_word' id='word_1_467' title='bbox 2802 1741 3121 1796; x_wconf 79' lang='lat' dir='ltr'><strong>videbantur</strong></span> <span class='ocrx_word' id='word_1_468' title='bbox 3147 1743 3434 1797; x_wconf 88' lang='lat' dir='ltr'><strong>interesse.</strong></span> 
     </span>
    </p>
   </div>
   <div class='ocr_carea' id='block_1_71' title="bbox 1844 1826 3436 1902">
    <p class='ocr_par' dir='ltr' id='par_1_71' title="bbox 1844 1826 3436 1902">
     <span class='ocr_line' id='line_1_71' title="bbox 1844 1826 3436 1902; baseline 0.004 -22"><span class='ocrx_word' id='word_1_469' title='bbox 1844 1826 2087 1897; x_wconf 86' lang='lat' dir='ltr'><strong>Cumque</strong></span> <span class='ocrx_word' id='word_1_470' title='bbox 2124 1828 2211 1882; x_wconf 91' lang='lat' dir='ltr'><strong>die</strong></span> <span class='ocrx_word' id='word_1_471' title='bbox 2253 1836 2480 1894; x_wconf 87' lang='lat' dir='ltr'><strong>statuto,</strong></span> <span class='ocrx_word' id='word_1_472' title='bbox 2529 1830 2596 1883; x_wconf 89' lang='lat' dir='ltr'><strong>ad</strong></span> <span class='ocrx_word' id='word_1_473' title='bbox 2636 1831 2975 1886; x_wconf 88' lang='lat' dir='ltr'><strong>venationem</strong></span> <span class='ocrx_word' id='word_1_474' title='bbox 3018 1834 3280 1898; x_wconf 79' lang='lat' dir='ltr'><strong>exissent,</strong></span> <span class='ocrx_word' id='word_1_475' title='bbox 3310 1849 3436 1902; x_wconf 87' lang='lat' dir='ltr'><strong>par-</strong></span> 
     </span>
    </p>
   </div>
   <div class='ocr_carea' id='block_1_72' title="bbox 1848 1917 3437 1995">
    <p class='ocr_par' dir='ltr' id='par_1_72' title="bbox 1848 1917 3437 1995">
     <span class='ocr_line' id='line_1_72' title="bbox 1848 1917 3437 1995; baseline 0.003 -23"><span class='ocrx_word' id='word_1_476' title='bbox 1848 1928 1952 1972; x_wconf 91' lang='lat' dir='ltr'><strong>tem</strong></span> <span class='ocrx_word' id='word_1_477' title='bbox 1987 1917 2223 1987; x_wconf 90' lang='lat' dir='ltr'><strong>aliquam</strong></span> <span class='ocrx_word' id='word_1_478' title='bbox 2252 1919 2483 1973; x_wconf 89' lang='lat' dir='ltr'><strong>militum</strong></span> <span class='ocrx_word' id='word_1_479' title='bbox 2517 1936 2609 1974; x_wconf 82' lang='lat' dir='ltr'><strong>rex</strong></span> <span class='ocrx_word' id='word_1_480' title='bbox 2662 1920 2714 1973; x_wconf 93' lang='lat' dir='ltr'><strong>in</strong></span> <span class='ocrx_word' id='word_1_481' title='bbox 2746 1922 2958 1976; x_wconf 87' lang='lat' dir='ltr'><strong>occulto</strong></span> <span class='ocrx_word' id='word_1_482' title='bbox 2990 1923 3309 1978; x_wconf 87' lang='lat' dir='ltr'><strong>insidiarum</strong></span> <span class='ocrx_word' id='word_1_483' title='bbox 3338 1941 3437 1995; x_wconf 75' lang='lat' dir='ltr'><strong>po-</strong></span> 
     </span>
    </p>
   </div>
   <div class='ocr_carea' id='block_1_73' title="bbox 1845 2012 3430 2086">
    <p class='ocr_par' dir='ltr' id='par_1_73' title="bbox 1845 2012 3430 2086">
     <span class='ocr_line' id='line_1_73' title="bbox 1845 2012 3430 2086; baseline 0.003 -21"><span class='ocrx_word' id='word_1_484' title='bbox 1845 2012 1953 2066; x_wconf 89' lang='lat' dir='ltr'><strong>suit</strong></span> <span class='ocrx_word' id='word_1_485' title='bbox 1980 2012 2118 2077; x_wconf 90' lang='lat' dir='ltr'><strong>loco,</strong></span> <span class='ocrx_word' id='word_1_486' title='bbox 2162 2012 2289 2066; x_wconf 88' lang='lat' dir='ltr'><strong>dato</strong></span> <span class='ocrx_word' id='word_1_487' title='bbox 2322 2012 2427 2067; x_wconf 91' lang='lat' dir='ltr'><strong>illis</strong></span> <span class='ocrx_word' id='word_1_488' title='bbox 2458 2014 2786 2084; x_wconf 86' lang='lat' dir='ltr'><strong>cognitionis</strong></span> <span class='ocrx_word' id='word_1_489' title='bbox 2821 2015 2994 2085; x_wconf 89' lang='lat' dir='ltr'><strong>signo,</strong></span> <span class='ocrx_word' id='word_1_490' title='bbox 3038 2018 3179 2086; x_wconf 86' lang='lat' dir='ltr'><strong>quod</strong></span> <span class='ocrx_word' id='word_1_491' title='bbox 3206 2018 3430 2071; x_wconf 88' lang='lat' dir='ltr'><strong>audien-</strong></span> 
     </span>
    </p>
   </div>
   <div class='ocr_carea' id='block_1_74' title="bbox 1848 2104 3433 2178">
    <p class='ocr_par' dir='ltr' id='par_1_74' title="bbox 1848 2104 3433 2178">
     <span class='ocr_line' id='line_1_74' title="bbox 1848 2104 3433 2178; baseline 0.004 -20"><span class='ocrx_word' id='word_1_492' title='bbox 1848 2113 1948 2171; x_wconf 89' lang='lat' dir='ltr'><strong>tes,</strong></span> <span class='ocrx_word' id='word_1_493' title='bbox 1984 2104 2299 2161; x_wconf 82' lang='lat' dir='ltr'><strong>advolarent</strong></span> <span class='ocrx_word' id='word_1_494' title='bbox 2324 2106 2597 2163; x_wconf 88' lang='lat' dir='ltr'><strong>continuo.</strong></span> <span class='ocrx_word' id='word_1_495' title='bbox 2626 2108 2812 2178; x_wconf 90' lang='lat' dir='ltr'><strong>Igitur,</strong></span> <span class='ocrx_word' id='word_1_496' title='bbox 2833 2125 2955 2163; x_wconf 92' lang='lat' dir='ltr'><strong>cum</strong></span> <span class='ocrx_word' id='word_1_497' title='bbox 2979 2110 3195 2178; x_wconf 89' lang='lat' dir='ltr'><strong>utrique</strong></span> <span class='ocrx_word' id='word_1_498' title='bbox 3223 2125 3433 2165; x_wconf 83' lang='lat' dir='ltr'><strong>sermo-</strong></span> 
     </span>
    </p>
   </div>
   <div class='ocr_carea' id='block_1_75' title="bbox 1843 2201 3422 2272">
    <p class='ocr_par' dir='ltr' id='par_1_75' title="bbox 1843 2201 3422 2272">
     <span class='ocr_line' id='line_1_75' title="bbox 1843 2201 3422 2272; baseline 0.001 -17"><span class='ocrx_word' id='word_1_499' title='bbox 1843 2201 2090 2256; x_wconf 88' lang='lat' dir='ltr'><strong>cinantcs</strong></span> <span class='ocrx_word' id='word_1_500' title='bbox 2122 2202 2457 2265; x_wconf 84' lang='lat' dir='ltr'><strong>incederent,</strong></span> <span class='ocrx_word' id='word_1_501' title='bbox 2492 2217 2586 2255; x_wconf 79' lang='lat' dir='ltr'><strong>rex</strong></span> <span class='ocrx_word' id='word_1_502' title='bbox 2621 2202 2827 2256; x_wconf 86' lang='lat' dir='ltr'><strong>scilicet</strong></span> <span class='ocrx_word' id='word_1_503' title='bbox 2851 2203 3246 2272; x_wconf 88' lang='lat' dir='ltr'><strong>insidiatorqne</strong></span> <span class='ocrx_word' id='word_1_504' title='bbox 3271 2219 3422 2266; x_wconf 91' lang='lat' dir='ltr'><strong>suus,</strong></span> 
     </span>
    </p>
   </div>
   <div class='ocr_carea' id='block_1_76' title="bbox 1843 2294 3429 2367">
    <p class='ocr_par' dir='ltr' id='par_1_76' title="bbox 1843 2294 3429 2367">
     <span class='ocr_line' id='line_1_76' title="bbox 1843 2294 3429 2367; baseline 0.001 -20"><span class='ocrx_word' id='word_1_505' title='bbox 1843 2294 2258 2364; x_wconf 84' lang='lat' dir='ltr'><strong>apprehendens</strong></span> <span class='ocrx_word' id='word_1_506' title='bbox 2300 2308 2423 2349; x_wconf 89' lang='lat' dir='ltr'><strong>eum</strong></span> <span class='ocrx_word' id='word_1_507' title='bbox 2474 2310 2590 2359; x_wconf 86' lang='lat' dir='ltr'><strong>rex,</strong></span> <span class='ocrx_word' id='word_1_508' title='bbox 2632 2295 2787 2364; x_wconf 87' lang='lat' dir='ltr'><strong>quasi</strong></span> <span class='ocrx_word' id='word_1_509' title='bbox 2834 2295 3177 2365; x_wconf 71' lang='lat' dir='ltr'><strong>amplexandi</strong></span> <span class='ocrx_word' id='word_1_510' title='bbox 3232 2297 3429 2367; x_wconf 80' lang='lat' dir='ltr'><strong>gratia,</strong></span> 
     </span>
    </p>
   </div>
   <div class='ocr_carea' id='block_1_77' title="bbox 1845 2387 3431 2454">
    <p class='ocr_par' dir='ltr' id='par_1_77' title="bbox 1845 2387 3431 2454">
     <span class='ocr_line' id='line_1_77' title="bbox 1845 2387 3431 2454; baseline 0.004 -15"><span class='ocrx_word' id='word_1_511' title='bbox 1845 2387 2113 2443; x_wconf 85' lang='lat' dir='ltr'><strong>abstraxit</strong></span> <span class='ocrx_word' id='word_1_512' title='bbox 2166 2388 2441 2444; x_wconf 89' lang='lat' dir='ltr'><strong>vinculum</strong></span> <span class='ocrx_word' id='word_1_513' title='bbox 2494 2389 2626 2444; x_wconf 90' lang='lat' dir='ltr'><strong>setis</strong></span> <span class='ocrx_word' id='word_1_514' title='bbox 2679 2399 3012 2454; x_wconf 83' lang='lat' dir='ltr'><strong>contortum,</strong></span> <span class='ocrx_word' id='word_1_515' title='bbox 3067 2390 3213 2444; x_wconf 75' lang='lat' dir='ltr'><strong>sella:</strong></span> <span class='ocrx_word' id='word_1_516' title='bbox 3265 2391 3431 2453; x_wconf 89' lang='lat' dir='ltr'><strong>illius,</strong></span> 
     </span>
    </p>
   </div>
   <div class='ocr_carea' id='block_1_78' title="bbox 1845 2477 3425 2552">
    <p class='ocr_par' dir='ltr' id='par_1_78' title="bbox 1845 2477 3425 2552">
     <span class='ocr_line' id='line_1_78' title="bbox 1845 2477 3425 2552; baseline 0.003 -21"><span class='ocrx_word' id='word_1_517' title='bbox 1845 2492 1956 2532; x_wconf 66' lang='lat' dir='ltr'><strong>suae</strong></span> <span class='ocrx_word' id='word_1_518' title='bbox 1982 2477 2309 2548; x_wconf 86' lang='lat' dir='ltr'><strong>alligationis</strong></span> <span class='ocrx_word' id='word_1_519' title='bbox 2353 2495 2549 2544; x_wconf 91' lang='lat' dir='ltr'><strong>causa,</strong></span> <span class='ocrx_word' id='word_1_520' title='bbox 2592 2480 2911 2550; x_wconf 84' lang='lat' dir='ltr'><strong>alligatum;</strong></span> <span class='ocrx_word' id='word_1_521' title='bbox 2966 2495 3219 2550; x_wconf 85' lang='lat' dir='ltr'><strong>moxque,</strong></span> <span class='ocrx_word' id='word_1_522' title='bbox 3268 2483 3425 2552; x_wconf 84' lang='lat' dir='ltr'><strong>signo</strong></span> 
     </span>
    </p>
   </div>
   <div class='ocr_carea' id='block_1_79' title="bbox 1844 2566 3434 2641">
    <p class='ocr_par' dir='ltr' id='par_1_79' title="bbox 1844 2566 3434 2641">
     <span class='ocr_line' id='line_1_79' title="bbox 1844 2566 3434 2641; baseline 0.003 -19"><span class='ocrx_word' id='word_1_523' title='bbox 1844 2566 1992 2633; x_wconf 89' lang='lat' dir='ltr'><strong>dato,</strong></span> <span class='ocrx_word' id='word_1_524' title='bbox 2022 2568 2231 2625; x_wconf 70' lang='lat' dir='ltr'><strong>insidia:</strong></span> <span class='ocrx_word' id='word_1_525' title='bbox 2272 2580 2630 2625; x_wconf 84' lang='lat' dir='ltr'><strong>surrexerunt</strong></span> <span class='ocrx_word' id='word_1_526' title='bbox 2656 2570 2721 2624; x_wconf 88' lang='lat' dir='ltr'><strong>de</strong></span> <span class='ocrx_word' id='word_1_527' title='bbox 2759 2570 2895 2625; x_wconf 91' lang='lat' dir='ltr'><strong>loco.</strong></span> <span class='ocrx_word' id='word_1_528' title='bbox 2939 2570 3279 2641; x_wconf 89' lang='lat' dir='ltr'><strong>Captumque</strong></span> <span class='ocrx_word' id='word_1_529' title='bbox 3321 2571 3434 2627; x_wconf 85' lang='lat' dir='ltr'><strong>lle-</strong></span> 
     </span>
    </p>
   </div>
   <div class='ocr_carea' id='block_1_80' title="bbox 1846 2658 3433 2733">
    <p class='ocr_par' dir='ltr' id='par_1_80' title="bbox 1846 2658 3433 2733">
     <span class='ocr_line' id='line_1_80' title="bbox 1846 2658 3433 2733; baseline 0.004 -21"><span class='ocrx_word' id='word_1_530' title='bbox 1846 2658 2106 2714; x_wconf 81' lang='lat' dir='ltr'><strong>ribertum</strong></span> <span class='ocrx_word' id='word_1_531' title='bbox 2174 2661 2478 2732; x_wconf 86' lang='lat' dir='ltr'><strong>interrogat</strong></span> <span class='ocrx_word' id='word_1_532' title='bbox 2530 2678 2648 2728; x_wconf 85' lang='lat' dir='ltr'><strong>rex,</strong></span> <span class='ocrx_word' id='word_1_533' title='bbox 2702 2663 2833 2733; x_wconf 90' lang='lat' dir='ltr'><strong>quid</strong></span> <span class='ocrx_word' id='word_1_534' title='bbox 2882 2664 2983 2719; x_wconf 89' lang='lat' dir='ltr'><strong>sibi</strong></span> <span class='ocrx_word' id='word_1_535' title='bbox 3030 2664 3189 2719; x_wconf 87' lang='lat' dir='ltr'><strong>vellet</strong></span> <span class='ocrx_word' id='word_1_536' title='bbox 3217 2664 3433 2719; x_wconf 89' lang='lat' dir='ltr'><strong>vinculo</strong></span> 
     </span>
    </p>
   </div>
   <div class='ocr_carea' id='block_1_81' title="bbox 1846 2753 3435 2826">
    <p class='ocr_par' dir='ltr' id='par_1_81' title="bbox 1846 2753 3435 2826">
     <span class='ocr_line' id='line_1_81' title="bbox 1846 2753 3435 2826; baseline 0.002 -19"><span class='ocrx_word' id='word_1_537' title='bbox 1846 2754 1987 2822; x_wconf 90' lang='lat' dir='ltr'><strong>quod</strong></span> <span class='ocrx_word' id='word_1_538' title='bbox 2033 2754 2179 2809; x_wconf 70' lang='lat' dir='ltr'><strong>sella:</strong></span> <span class='ocrx_word' id='word_1_539' title='bbox 2224 2756 2442 2825; x_wconf 89' lang='lat' dir='ltr'><strong>gerebat</strong></span> <span class='ocrx_word' id='word_1_540' title='bbox 2483 2753 2672 2821; x_wconf 73' lang='lat' dir='ltr'><strong>allixo;</strong></span> <span class='ocrx_word' id='word_1_541' title='bbox 2729 2771 2961 2826; x_wconf 86' lang='lat' dir='ltr'><strong>moxque</strong></span> <span class='ocrx_word' id='word_1_542' title='bbox 3008 2756 3294 2812; x_wconf 85' lang='lat' dir='ltr'><strong>confessus</strong></span> <span class='ocrx_word' id='word_1_543' title='bbox 3347 2768 3435 2811; x_wconf 86' lang='lat' dir='ltr'><strong>est</strong></span> 
     </span>
    </p>
   </div>
   <div class='ocr_carea' id='block_1_82' title="bbox 1846 2844 3437 2916">
    <p class='ocr_par' dir='ltr' id='par_1_82' title="bbox 1846 2844 3437 2916">
     <span class='ocr_line' id='line_1_82' title="bbox 1846 2844 3437 2916; baseline 0.001 -19"><span class='ocrx_word' id='word_1_544' title='bbox 1846 2858 1965 2913; x_wconf 72' lang='lat' dir='ltr'><strong>qua:</strong></span> <span class='ocrx_word' id='word_1_545' title='bbox 1992 2844 2251 2900; x_wconf 87' lang='lat' dir='ltr'><strong>adversus</strong></span> <span class='ocrx_word' id='word_1_546' title='bbox 2294 2845 2543 2899; x_wconf 87' lang='lat' dir='ltr'><strong>eumdem</strong></span> <span class='ocrx_word' id='word_1_547' title='bbox 2576 2845 2919 2900; x_wconf 90' lang='lat' dir='ltr'><strong>machinatus</strong></span> <span class='ocrx_word' id='word_1_548' title='bbox 2955 2856 3073 2901; x_wconf 89' lang='lat' dir='ltr'><strong>erat</strong></span> <span class='ocrx_word' id='word_1_549' title='bbox 3109 2848 3275 2901; x_wconf 87' lang='lat' dir='ltr'><strong>corde</strong></span> <span class='ocrx_word' id='word_1_550' title='bbox 3314 2861 3437 2916; x_wconf 84' lang='lat' dir='ltr'><strong>per-</strong></span> 
     </span>
    </p>
   </div>
   <div class='ocr_carea' id='block_1_83' title="bbox 1850 2934 3443 3005">
    <p class='ocr_par' dir='ltr' id='par_1_83' title="bbox 1850 2934 3443 3005">
     <span class='ocr_line' id='line_1_83' title="bbox 1850 2934 3443 3005; baseline 0.001 -17"><span class='ocrx_word' id='word_1_551' title='bbox 1850 2949 2030 2989; x_wconf 86' lang='lat' dir='ltr'><strong>verso.</strong></span> <span class='ocrx_word' id='word_1_552' title='bbox 2082 2934 2347 3005; x_wconf 67' lang='lat' dir='ltr'><strong>Praecepit</strong></span> <span class='ocrx_word' id='word_1_553' title='bbox 2384 2943 2564 2989; x_wconf 90' lang='lat' dir='ltr'><strong>autem</strong></span> <span class='ocrx_word' id='word_1_554' title='bbox 2615 2950 2735 3001; x_wconf 85' lang='lat' dir='ltr'><strong>rex,</strong></span> <span class='ocrx_word' id='word_1_555' title='bbox 2793 2944 2851 2990; x_wconf 90' lang='lat' dir='ltr'><strong>et</strong></span> <span class='ocrx_word' id='word_1_556' title='bbox 2909 2934 3443 3005; x_wconf 87' lang='lat' dir='ltr'><strong>comprehenderunt</strong></span> 
     </span>
    </p>
   </div>
   <div class='ocr_carea' id='block_1_84' title="bbox 1845 3026 3435 3099">
    <p class='ocr_par' dir='ltr' id='par_1_84' title="bbox 1845 3026 3435 3099">
     <span class='ocr_line' id='line_1_84' title="bbox 1845 3026 3435 3099; baseline 0.002 -20"><span class='ocrx_word' id='word_1_557' title='bbox 1845 3040 1989 3089; x_wconf 91' lang='lat' dir='ltr'><strong>eum,</strong></span> <span class='ocrx_word' id='word_1_558' title='bbox 2029 3036 2085 3080; x_wconf 89' lang='lat' dir='ltr'><strong>et</strong></span> <span class='ocrx_word' id='word_1_559' title='bbox 2126 3026 2179 3080; x_wconf 93' lang='lat' dir='ltr'><strong>in</strong></span> <span class='ocrx_word' id='word_1_560' title='bbox 2210 3028 2403 3081; x_wconf 87' lang='lat' dir='ltr'><strong>arbore</strong></span> <span class='ocrx_word' id='word_1_561' title='bbox 2432 3026 2627 3091; x_wconf 87' lang='lat' dir='ltr'><strong>vicina,</strong></span> <span class='ocrx_word' id='word_1_562' title='bbox 2661 3027 2761 3081; x_wconf 91' lang='lat' dir='ltr'><strong>sub</strong></span> <span class='ocrx_word' id='word_1_563' title='bbox 2793 3026 2978 3081; x_wconf 84' lang='lat' dir='ltr'><strong>ascilla</strong></span> <span class='ocrx_word' id='word_1_564' title='bbox 3018 3026 3268 3099; x_wconf 87' lang='lat' dir='ltr'><strong>ligatum,</strong></span> <span class='ocrx_word' id='word_1_565' title='bbox 3316 3042 3435 3082; x_wconf 82' lang='lat' dir='ltr'><strong>sus-</strong></span> 
     </span>
    </p>
   </div>
   <div class='ocr_carea' id='block_1_85' title="bbox 1846 3114 3425 3184">
    <p class='ocr_par' dir='ltr' id='par_1_85' title="bbox 1846 3114 3425 3184">
     <span class='ocr_line' id='line_1_85' title="bbox 1846 3114 3425 3184; baseline 0.001 -17"><span class='ocrx_word' id='word_1_566' title='bbox 1846 3114 2169 3184; x_wconf 90' lang='lat' dir='ltr'><strong>penderunt.</strong></span> <span class='ocrx_word' id='word_1_567' title='bbox 2222 3114 2444 3184; x_wconf 90' lang='lat' dir='ltr'><strong>Cunque</strong></span> <span class='ocrx_word' id='word_1_568' title='bbox 2488 3115 2665 3169; x_wconf 88' lang='lat' dir='ltr'><strong>adhuc</strong></span> <span class='ocrx_word' id='word_1_569' title='bbox 2729 3114 3018 3184; x_wconf 90' lang='lat' dir='ltr'><strong>palpitaret</strong></span> <span class='ocrx_word' id='word_1_570' title='bbox 3068 3117 3311 3184; x_wconf 87' lang='lat' dir='ltr'><strong>pendens</strong></span> <span class='ocrx_word' id='word_1_571' title='bbox 3373 3116 3425 3169; x_wconf 91' lang='lat' dir='ltr'><strong>in</strong></span> 
     </span>
    </p>
   </div>
   <div class='ocr_carea' id='block_1_86' title="bbox 1848 3204 3443 3276">
    <p class='ocr_par' dir='ltr' id='par_1_86' title="bbox 1848 3204 3443 3276">
     <span class='ocr_line' id='line_1_86' title="bbox 1848 3204 3443 3276; baseline 0.001 -17"><span class='ocrx_word' id='word_1_572' title='bbox 1848 3204 2067 3270; x_wconf 90' lang='lat' dir='ltr'><strong>arbore,</strong></span> <span class='ocrx_word' id='word_1_573' title='bbox 2086 3205 2251 3276; x_wconf 90' lang='lat' dir='ltr'><strong>jussit</strong></span> <span class='ocrx_word' id='word_1_574' title='bbox 2282 3221 2375 3259; x_wconf 85' lang='lat' dir='ltr'><strong>rex</strong></span> <span class='ocrx_word' id='word_1_575' title='bbox 2404 3220 2510 3274; x_wconf 90' lang='lat' dir='ltr'><strong>quo</strong></span> <span class='ocrx_word' id='word_1_576' title='bbox 2533 3205 2804 3273; x_wconf 90' lang='lat' dir='ltr'><strong>pendebat</strong></span> <span class='ocrx_word' id='word_1_577' title='bbox 2826 3205 3059 3275; x_wconf 82' lang='lat' dir='ltr'><strong>(funem)</strong></span> <span class='ocrx_word' id='word_1_578' title='bbox 3093 3206 3355 3271; x_wconf 90' lang='lat' dir='ltr'><strong>incidere,</strong></span> <span class='ocrx_word' id='word_1_579' title='bbox 3383 3216 3443 3260; x_wconf 82' lang='lat' dir='ltr'><strong>et</strong></span> 
     </span>
    </p>
   </div>
   <div class='ocr_carea' id='block_1_87' title="bbox 1848 3296 3441 3366">
    <p class='ocr_par' dir='ltr' id='par_1_87' title="bbox 1848 3296 3441 3366">
     <span class='ocr_line' id='line_1_87' title="bbox 1848 3296 3441 3366; baseline 0.001 -16"><span class='ocrx_word' id='word_1_580' title='bbox 1848 3296 1944 3351; x_wconf 91' lang='lat' dir='ltr'><strong>Dei</strong></span> <span class='ocrx_word' id='word_1_581' title='bbox 1988 3296 2130 3351; x_wconf 92' lang='lat' dir='ltr'><strong>hunc</strong></span> <span class='ocrx_word' id='word_1_582' title='bbox 2185 3297 2437 3366; x_wconf 87' lang='lat' dir='ltr'><strong>potestati</strong></span> <span class='ocrx_word' id='word_1_583' title='bbox 2470 3297 2832 3359; x_wconf 85' lang='lat' dir='ltr'><strong>committere,</strong></span> <span class='ocrx_word' id='word_1_584' title='bbox 2877 3296 2922 3351; x_wconf 81' lang='lat' dir='ltr'><strong>si</strong></span> <span class='ocrx_word' id='word_1_585' title='bbox 2976 3296 3138 3363; x_wconf 88' lang='lat' dir='ltr'><strong>hujus</strong></span> <span class='ocrx_word' id='word_1_586' title='bbox 3191 3297 3292 3351; x_wconf 91' lang='lat' dir='ltr'><strong>sub</strong></span> <span class='ocrx_word' id='word_1_587' title='bbox 3336 3297 3441 3351; x_wconf 84' lang='lat' dir='ltr'><strong>hoc</strong></span> 
     </span>
    </p>
   </div>
   <div class='ocr_carea' id='block_1_88' title="bbox 1850 3386 3437 3455">
    <p class='ocr_par' dir='ltr' id='par_1_88' title="bbox 1850 3386 3437 3455">
     <span class='ocr_line' id='line_1_88' title="bbox 1850 3386 3437 3455; baseline 0.001 -14"><span class='ocrx_word' id='word_1_588' title='bbox 1850 3402 1980 3441; x_wconf 88' lang='lat' dir='ltr'><strong>casu</strong></span> <span class='ocrx_word' id='word_1_589' title='bbox 2028 3386 2186 3441; x_wconf 90' lang='lat' dir='ltr'><strong>vellet</strong></span> <span class='ocrx_word' id='word_1_590' title='bbox 2234 3387 2402 3441; x_wconf 87' lang='lat' dir='ltr'><strong>vitam</strong></span> <span class='ocrx_word' id='word_1_591' title='bbox 2442 3402 2685 3441; x_wconf 89' lang='lat' dir='ltr'><strong>servare.</strong></span> <span class='ocrx_word' id='word_1_592' title='bbox 2737 3387 2849 3442; x_wconf 91' lang='lat' dir='ltr'><strong>Deo</strong></span> <span class='ocrx_word' id='word_1_593' title='bbox 2901 3396 3083 3442; x_wconf 89' lang='lat' dir='ltr'><strong>autem</strong></span> <span class='ocrx_word' id='word_1_594' title='bbox 3118 3387 3192 3441; x_wconf 92' lang='lat' dir='ltr'><strong>illi</strong></span> <span class='ocrx_word' id='word_1_595' title='bbox 3233 3386 3437 3455; x_wconf 88' lang='lat' dir='ltr'><strong>justam</strong></span> 
     </span>
    </p>
   </div>
   <div class='ocr_carea' id='block_1_89' title="bbox 1853 3477 3439 3548">
    <p class='ocr_par' dir='ltr' id='par_1_89' title="bbox 1853 3477 3439 3548">
     <span class='ocr_line' id='line_1_89' title="bbox 1853 3477 3439 3548; baseline 0.001 -15"><span class='ocrx_word' id='word_1_596' title='bbox 1853 3478 2267 3533; x_wconf 91' lang='lat' dir='ltr'><strong>retributionem</strong></span> <span class='ocrx_word' id='word_1_597' title='bbox 2324 3493 2423 3548; x_wconf 90' lang='lat' dir='ltr'><strong>pro</strong></span> <span class='ocrx_word' id='word_1_598' title='bbox 2463 3477 2621 3532; x_wconf 90' lang='lat' dir='ltr'><strong>factis</strong></span> <span class='ocrx_word' id='word_1_599' title='bbox 2679 3479 2963 3544; x_wconf 85' lang='lat' dir='ltr'><strong>reddente,</strong></span> <span class='ocrx_word' id='word_1_600' title='bbox 3007 3495 3129 3533; x_wconf 90' lang='lat' dir='ltr'><strong>cum</strong></span> <span class='ocrx_word' id='word_1_601' title='bbox 3178 3480 3439 3537; x_wconf 89' lang='lat' dir='ltr'><strong>dimissus</strong></span> 
     </span>
    </p>
   </div>
   <div class='ocr_carea' id='block_1_90' title="bbox 1853 3568 3443 3639">
    <p class='ocr_par' dir='ltr' id='par_1_90' title="bbox 1853 3568 3443 3639">
     <span class='ocr_line' id='line_1_90' title="bbox 1853 3568 3443 3639; baseline 0.003 -16"><span class='ocrx_word' id='word_1_602' title='bbox 1853 3569 2051 3623; x_wconf 86' lang='lat' dir='ltr'><strong>fuisset</strong></span> <span class='ocrx_word' id='word_1_603' title='bbox 2081 3583 2146 3622; x_wconf 88' lang='lat' dir='ltr'><strong>ex</strong></span> <span class='ocrx_word' id='word_1_604' title='bbox 2174 3568 2389 3633; x_wconf 92' lang='lat' dir='ltr'><strong>arbore,</strong></span> <span class='ocrx_word' id='word_1_605' title='bbox 2412 3570 2623 3639; x_wconf 91' lang='lat' dir='ltr'><strong>crepuit</strong></span> <span class='ocrx_word' id='word_1_606' title='bbox 2649 3570 2889 3626; x_wconf 89' lang='lat' dir='ltr'><strong>medius:</strong></span> <span class='ocrx_word' id='word_1_607' title='bbox 2921 3579 3041 3626; x_wconf 89' lang='lat' dir='ltr'><strong>erat</strong></span> <span class='ocrx_word' id='word_1_608' title='bbox 3064 3572 3207 3625; x_wconf 90' lang='lat' dir='ltr'><strong>enim</strong></span> <span class='ocrx_word' id='word_1_609' title='bbox 3237 3573 3443 3627; x_wconf 85' lang='lat' dir='ltr'><strong>crassi-</strong></span> 
     </span>
    </p>
   </div>
   <div class='ocr_carea' id='block_1_91' title="bbox 1855 3655 3447 3732">
    <p class='ocr_par' dir='ltr' id='par_1_91' title="bbox 1855 3655 3447 3732">
     <span class='ocr_line' id='line_1_91' title="bbox 1855 3655 3447 3732; baseline 0.004 -19"><span class='ocrx_word' id='word_1_610' title='bbox 1855 3659 2057 3714; x_wconf 91' lang='lat' dir='ltr'><strong>tudinis</strong></span> <span class='ocrx_word' id='word_1_611' title='bbox 2085 3658 2282 3713; x_wconf 69' lang='lat' dir='ltr'><strong>nimiaz.</strong></span> <span class='ocrx_word' id='word_1_612' title='bbox 2299 3655 2529 3729; x_wconf 90' lang='lat' dir='ltr'><strong>Talique</strong></span> <span class='ocrx_word' id='word_1_613' title='bbox 2556 3669 2733 3715; x_wconf 90' lang='lat' dir='ltr'><strong>morte</strong></span> <span class='ocrx_word' id='word_1_614' title='bbox 2755 3659 2917 3716; x_wconf 87' lang='lat' dir='ltr'><strong>finem</strong></span> <span class='ocrx_word' id='word_1_615' title='bbox 2938 3662 3225 3732; x_wconf 63' lang='lat' dir='ltr'><strong>praesentis</strong></span> <span class='ocrx_word' id='word_1_616' title='bbox 3251 3662 3447 3719; x_wconf 87' lang='lat' dir='ltr'><strong>habuit</strong></span> 
     </span>
    </p>
   </div>
   <div class='ocr_carea' id='block_1_92' title="bbox 1854 3750 1998 3806">
    <p class='ocr_par' dir='ltr' id='par_1_92' title="bbox 1854 3750 1998 3806">
     <span class='ocr_line' id='line_1_92' title="bbox 1854 3750 1998 3806; baseline 0.007 -3"><span class='ocrx_word' id='word_1_617' title='bbox 1854 3750 1998 3806; x_wconf 70' lang='lat' dir='ltr'><strong>vita).</strong></span> 
     </span>
    </p>
   </div>
   <div class='ocr_carea' id='block_1_93' title="bbox 2112 3884 3212 3942">
    <p class='ocr_par' dir='ltr' id='par_1_93' title="bbox 2112 3884 3212 3942">
     <span class='ocr_line' id='line_1_93' title="bbox 2112 3884 3212 3942; baseline 0.002 -2"><span class='ocrx_word' id='word_1_618' title='bbox 2112 3884 2343 3940; x_wconf 75' lang='lat' dir='ltr'><strong>LXXIII.</strong></span> <span class='ocrx_word' id='word_1_619' title='bbox 2390 3885 2466 3941; x_wconf 85' lang='lat' dir='ltr'><strong>De</strong></span> <span class='ocrx_word' id='word_1_620' title='bbox 2505 3895 2672 3940; x_wconf 76' lang='lat' dir='ltr'><strong>morte</strong></span> <span class='ocrx_word' id='word_1_621' title='bbox 2697 3884 2953 3941; x_wconf 79' lang='lat' dir='ltr'><strong>Balduim&#39;</strong></span> <span class='ocrx_word' id='word_1_622' title='bbox 2991 3886 3212 3942; x_wconf 77' lang='lat' dir='ltr'><strong>abbatis.</strong></span> 
     </span>
    </p>
   </div>
   <div class='ocr_carea' id='block_1_94' title="bbox 1931 4016 3444 4090">
    <p class='ocr_par' dir='ltr' id='par_1_94' title="bbox 1931 4016 3444 4090">
     <span class='ocr_line' id='line_1_94' title="bbox 1931 4016 3444 4090; baseline 0.003 -18"><span class='ocrx_word' id='word_1_623' title='bbox 1931 4016 2104 4089; x_wconf 86' lang='lat'><strong>(9|8.)</strong></span> <span class='ocrx_word' id='word_1_624' title='bbox 2145 4017 2446 4073; x_wconf 85' lang='lat' dir='ltr'><strong>Balduinus</strong></span> <span class='ocrx_word' id='word_1_625' title='bbox 2474 4017 2714 4090; x_wconf 85' lang='lat' dir='ltr'><strong>(Calvus)</strong></span> <span class='ocrx_word' id='word_1_626' title='bbox 2746 4028 2946 4085; x_wconf 90' lang='lat' dir='ltr'><strong>autem,</strong></span> <span class='ocrx_word' id='word_1_627' title='bbox 2978 4035 3161 4078; x_wconf 88' lang='lat' dir='ltr'><strong>comes</strong></span> <span class='ocrx_word' id='word_1_628' title='bbox 3190 4033 3244 4078; x_wconf 92' lang='lat' dir='ltr'><strong>et</strong></span> <span class='ocrx_word' id='word_1_629' title='bbox 3274 4024 3444 4079; x_wconf 81' lang='lat' dir='ltr'><strong>abbas</strong></span> 
     </span>
    </p>
   </div>
   <div class='ocr_carea' id='block_1_95' title="bbox 1858 4109 3440 4172">
    <p class='ocr_par' dir='ltr' id='par_1_95' title="bbox 1858 4109 3440 4172">
     <span class='ocr_line' id='line_1_95' title="bbox 1858 4109 3440 4172; baseline 0.003 -9"><span class='ocrx_word' id='word_1_630' title='bbox 1858 4110 2173 4164; x_wconf 89' lang='lat' dir='ltr'><strong>monasterii</strong></span> <span class='ocrx_word' id='word_1_631' title='bbox 2200 4109 2396 4172; x_wconf 90' lang='lat' dir='ltr'><strong>Sithiu,</strong></span> <span class='ocrx_word' id='word_1_632' title='bbox 2438 4110 2699 4165; x_wconf 85' lang='lat' dir='ltr'><strong>ambitum</strong></span> <span class='ocrx_word' id='word_1_633' title='bbox 2727 4110 2931 4165; x_wconf 90' lang='lat' dir='ltr'><strong>castelli</strong></span> <span class='ocrx_word' id='word_1_634' title='bbox 2970 4112 3116 4167; x_wconf 90' lang='lat' dir='ltr'><strong>circa</strong></span> <span class='ocrx_word' id='word_1_635' title='bbox 3169 4122 3440 4169; x_wconf 85' lang='lat' dir='ltr'><strong>monaste-</strong></span> 
     </span>
    </p>
   </div>
   <div class='ocr_carea' id='block_1_96' title="bbox 1859 4199 3438 4273">
    <p class='ocr_par' dir='ltr' id='par_1_96' title="bbox 1859 4199 3438 4273">
     <span class='ocr_line' id='line_1_96' title="bbox 1859 4199 3438 4273; baseline 0.004 -20"><span class='ocrx_word' id='word_1_636' title='bbox 1859 4200 2000 4253; x_wconf 89' lang='lat' dir='ltr'><strong>rium</strong></span> <span class='ocrx_word' id='word_1_637' title='bbox 2043 4201 2214 4255; x_wconf 89' lang='lat' dir='ltr'><strong>sancti</strong></span> <span class='ocrx_word' id='word_1_638' title='bbox 2282 4199 2489 4255; x_wconf 84' lang='lat' dir='ltr'><strong>Bertini</strong></span> <span class='ocrx_word' id='word_1_639' title='bbox 2537 4203 2862 4267; x_wconf 84' lang='lat' dir='ltr'><strong>construxit,</strong></span> <span class='ocrx_word' id='word_1_640' title='bbox 2909 4212 2964 4257; x_wconf 90' lang='lat' dir='ltr'><strong>et</strong></span> <span class='ocrx_word' id='word_1_641' title='bbox 2995 4218 3094 4273; x_wconf 90' lang='lat' dir='ltr'><strong>per</strong></span> <span class='ocrx_word' id='word_1_642' title='bbox 3138 4204 3438 4261; x_wconf 87' lang='lat' dir='ltr'><strong>ministeria</strong></span> 
     </span>
    </p>
   </div>
   <div class='ocr_carea' id='block_1_97' title="bbox 1860 4290 3440 4366">
    <p class='ocr_par' dir='ltr' id='par_1_97' title="bbox 1860 4290 3440 4366">
     <span class='ocr_line' id='line_1_97' title="bbox 1860 4290 3440 4366; baseline 0.003 -20"><span class='ocrx_word' id='word_1_643' title='bbox 1860 4291 2155 4362; x_wconf 87' lang='lat' dir='ltr'><strong>disposuit;</strong></span> <span class='ocrx_word' id='word_1_644' title='bbox 2184 4300 2235 4347; x_wconf 91' lang='lat' dir='ltr'><strong>et</strong></span> <span class='ocrx_word' id='word_1_645' title='bbox 2261 4302 2383 4363; x_wconf 92' lang='lat' dir='ltr'><strong>post</strong></span> <span class='ocrx_word' id='word_1_646' title='bbox 2405 4293 2517 4348; x_wconf 73' lang='lat' dir='ltr'><strong>hzec</strong></span> <span class='ocrx_word' id='word_1_647' title='bbox 2534 4290 2616 4365; x_wconf 94' lang='lat' dir='ltr'><strong>[ut</strong></span> <span class='ocrx_word' id='word_1_648' title='bbox 2637 4292 2855 4349; x_wconf 87' lang='lat' dir='ltr'><strong>brevius</strong></span> <span class='ocrx_word' id='word_1_649' title='bbox 2877 4295 2994 4366; x_wconf 85' lang='lat' dir='ltr'><strong>ejus</strong></span> <span class='ocrx_word' id='word_1_650' title='bbox 3017 4294 3159 4351; x_wconf 89' lang='lat' dir='ltr'><strong>facta</strong></span> <span class='ocrx_word' id='word_1_651' title='bbox 3185 4298 3440 4365; x_wconf 87' lang='lat' dir='ltr'><strong>perstrin-</strong></span> 
     </span>
    </p>
   </div>
   <div class='ocr_carea' id='block_1_98' title="bbox 1776 4386 3442 4479">
    <p class='ocr_par' dir='ltr' id='par_1_98' title="bbox 1776 4386 3442 4479">
     <span class='ocr_line' id='line_1_98' title="bbox 1776 4386 3442 4479; baseline 0.003 -40"><span class='ocrx_word' id='word_1_652' title='bbox 1776 4417 1831 4479; x_wconf 69' lang='grc' dir='ltr'>Β</span> <span class='ocrx_word' id='word_1_653' title='bbox 1862 4386 2227 4479; x_wconf 49' lang='lat' dir='ltr'><strong>gantur,_plus</strong></span> <span class='ocrx_word' id='word_1_654' title='bbox 2251 4386 2476 4441; x_wconf 87' lang='lat' dir='ltr'><strong>abstulit</strong></span> <span class='ocrx_word' id='word_1_655' title='bbox 2500 4386 2757 4441; x_wconf 76' lang='lat' dir='ltr'><strong>Ecclesiae</strong></span> <span class='ocrx_word' id='word_1_656' title='bbox 2779 4404 2940 4457; x_wconf 89' lang='lat' dir='ltr'><strong>quam</strong></span> <span class='ocrx_word' id='word_1_657' title='bbox 2977 4388 3157 4455; x_wconf 88' lang='lat' dir='ltr'><strong>dedit;</strong></span> <span class='ocrx_word' id='word_1_658' title='bbox 3188 4400 3240 4445; x_wconf 91' lang='lat' dir='ltr'><strong>et</strong></span> <span class='ocrx_word' id='word_1_659' title='bbox 3256 4390 3442 4445; x_wconf 59' lang='lat' dir='ltr'><strong>bacte«</strong></span> 
     </span>
    </p>
   </div>
   <div class='ocr_carea' id='block_1_99' title="bbox 1857 4476 3442 4549">
    <p class='ocr_par' dir='ltr' id='par_1_99' title="bbox 1857 4476 3442 4549">
     <span class='ocr_line' id='line_1_99' title="bbox 1857 4476 3442 4549; baseline 0.003 -19"><span class='ocrx_word' id='word_1_660' title='bbox 1857 4492 1960 4531; x_wconf 91' lang='lat' dir='ltr'><strong>nus</strong></span> <span class='ocrx_word' id='word_1_661' title='bbox 1981 4477 2046 4532; x_wconf 93' lang='lat' dir='ltr'><strong>de</strong></span> <span class='ocrx_word' id='word_1_662' title='bbox 2074 4476 2273 4531; x_wconf 89' lang='lat' dir='ltr'><strong>damno</strong></span> <span class='ocrx_word' id='word_1_663' title='bbox 2295 4492 2325 4530; x_wconf 83' lang='lat' dir='ltr'><strong>a</strong></span> <span class='ocrx_word' id='word_1_664' title='bbox 2347 4491 2404 4531; x_wconf 90' lang='lat' dir='ltr'><strong>se</strong></span> <span class='ocrx_word' id='word_1_665' title='bbox 2432 4485 2746 4546; x_wconf 87' lang='lat' dir='ltr'><strong>perpetrato</strong></span> <span class='ocrx_word' id='word_1_666' title='bbox 2775 4480 3012 4535; x_wconf 89' lang='lat' dir='ltr'><strong>sentient</strong></span> <span class='ocrx_word' id='word_1_667' title='bbox 3039 4480 3289 4534; x_wconf 88' lang='lat' dir='ltr'><strong>monachi</strong></span> <span class='ocrx_word' id='word_1_668' title='bbox 3313 4494 3442 4549; x_wconf 78' lang='lat' dir='ltr'><strong>pra:-</strong></span> 
     </span>
    </p>
   </div>
   <div class='ocr_carea' id='block_1_100' title="bbox 1855 4567 3445 4638">
    <p class='ocr_par' dir='ltr' id='par_1_100' title="bbox 1855 4567 3445 4638">
     <span class='ocr_line' id='line_1_100' title="bbox 1855 4567 3445 4638; baseline 0.001 -15"><span class='ocrx_word' id='word_1_669' title='bbox 1855 4580 2040 4624; x_wconf 86' lang='lat' dir='ltr'><strong>sentes</strong></span> <span class='ocrx_word' id='word_1_670' title='bbox 2068 4580 2123 4623; x_wconf 91' lang='lat' dir='ltr'><strong>et</strong></span> <span class='ocrx_word' id='word_1_671' title='bbox 2164 4567 2353 4622; x_wconf 89' lang='lat' dir='ltr'><strong>futuri.</strong></span> <span class='ocrx_word' id='word_1_672' title='bbox 2401 4568 2701 4638; x_wconf 88' lang='lat' dir='ltr'><strong>Postquam</strong></span> <span class='ocrx_word' id='word_1_673' title='bbox 2741 4580 2921 4625; x_wconf 90' lang='lat' dir='ltr'><strong>autem</strong></span> <span class='ocrx_word' id='word_1_674' title='bbox 2957 4570 3116 4624; x_wconf 91' lang='lat' dir='ltr'><strong>annis</strong></span> <span class='ocrx_word' id='word_1_675' title='bbox 3150 4569 3338 4625; x_wconf 90' lang='lat' dir='ltr'><strong>decem</strong></span> <span class='ocrx_word' id='word_1_676' title='bbox 3394 4580 3445 4625; x_wconf 90' lang='lat' dir='ltr'><strong>et</strong></span> 
     </span>
    </p>
   </div>
   <div class='ocr_carea' id='block_1_101' title="bbox 1856 4659 3448 4734">
    <p class='ocr_par' dir='ltr' id='par_1_101' title="bbox 1856 4659 3448 4734">
     <span class='ocr_line' id='line_1_101' title="bbox 1856 4659 3448 4734; baseline 0.002 -19"><span class='ocrx_word' id='word_1_677' title='bbox 1856 4670 2063 4730; x_wconf 83' lang='lat' dir='ltr'><strong>septem</strong></span> <span class='ocrx_word' id='word_1_678' title='bbox 2105 4659 2221 4715; x_wconf 92' lang='lat' dir='ltr'><strong>solo</strong></span> <span class='ocrx_word' id='word_1_679' title='bbox 2275 4661 2495 4717; x_wconf 89' lang='lat' dir='ltr'><strong>nomine</strong></span> <span class='ocrx_word' id='word_1_680' title='bbox 2556 4661 2892 4734; x_wconf 63' lang='lat' dir='ltr'><strong>praefuisset]</strong></span> <span class='ocrx_word' id='word_1_681' title='bbox 2934 4670 3240 4733; x_wconf 65' lang='lat' dir='ltr'><strong>aegrotans,</strong></span> <span class='ocrx_word' id='word_1_682' title='bbox 3290 4662 3448 4727; x_wconf 90' lang='lat' dir='ltr'><strong>obiit,</strong></span> 
     </span>
    </p>
   </div>
   <div class='ocr_carea' id='block_1_102' title="bbox 1858 4752 3451 4825">
    <p class='ocr_par' dir='ltr' id='par_1_102' title="bbox 1858 4752 3451 4825">
     <span class='ocr_line' id='line_1_102' title="bbox 1858 4752 3451 4825; baseline 0.001 -18"><span class='ocrx_word' id='word_1_683' title='bbox 1858 4770 2001 4809; x_wconf 89' lang='lat' dir='ltr'><strong>anno</strong></span> <span class='ocrx_word' id='word_1_684' title='bbox 2029 4754 2191 4809; x_wconf 77' lang='lat' dir='ltr'><strong>Verbi</strong></span> <span class='ocrx_word' id='word_1_685' title='bbox 2227 4754 2492 4809; x_wconf 89' lang='lat' dir='ltr'><strong>incarnati</strong></span> <span class='ocrx_word' id='word_1_686' title='bbox 2520 4755 2645 4821; x_wconf 85' lang='grc'><strong>918,</strong></span> <span class='ocrx_word' id='word_1_687' title='bbox 2671 4771 2724 4810; x_wconf 86' lang='lat' dir='ltr'><strong>Iv</strong></span> <span class='ocrx_word' id='word_1_688' title='bbox 2744 4755 2866 4810; x_wconf 87' lang='lat' dir='ltr'><strong>ldus</strong></span> <span class='ocrx_word' id='word_1_689' title='bbox 2894 4752 3251 4825; x_wconf 87' lang='lat' dir='ltr'><strong>Septembris.</strong></span> <span class='ocrx_word' id='word_1_690' title='bbox 3282 4754 3451 4810; x_wconf 87' lang='lat' dir='ltr'><strong>Cum-</strong></span> 
     </span>
    </p>
   </div>
   <div class='ocr_carea' id='block_1_103' title="bbox 1858 4844 3457 4917">
    <p class='ocr_par' dir='ltr' id='par_1_103' title="bbox 1858 4844 3457 4917">
     <span class='ocr_line' id='line_1_103' title="bbox 1858 4844 3457 4917; baseline 0.002 -19"><span class='ocrx_word' id='word_1_691' title='bbox 1858 4862 1964 4917; x_wconf 89' lang='lat' dir='ltr'><strong>que</strong></span> <span class='ocrx_word' id='word_1_692' title='bbox 1992 4861 2189 4915; x_wconf 91' lang='lat' dir='ltr'><strong>corpus</strong></span> <span class='ocrx_word' id='word_1_693' title='bbox 2219 4844 2336 4914; x_wconf 90' lang='lat' dir='ltr'><strong>ejus</strong></span> <span class='ocrx_word' id='word_1_694' title='bbox 2378 4862 2506 4917; x_wconf 89' lang='lat' dir='ltr'><strong>pars</strong></span> <span class='ocrx_word' id='word_1_695' title='bbox 2547 4847 2725 4916; x_wconf 90' lang='lat' dir='ltr'><strong>aliqua</strong></span> <span class='ocrx_word' id='word_1_696' title='bbox 2756 4846 2986 4901; x_wconf 86' lang='lat' dir='ltr'><strong>militum</strong></span> <span class='ocrx_word' id='word_1_697' title='bbox 3022 4848 3074 4900; x_wconf 93' lang='lat' dir='ltr'><strong>in</strong></span> <span class='ocrx_word' id='word_1_698' title='bbox 3119 4844 3297 4900; x_wconf 91' lang='lat' dir='ltr'><strong>Sitbiu</strong></span> <span class='ocrx_word' id='word_1_699' title='bbox 3340 4863 3457 4901; x_wconf 84' lang='lat' dir='ltr'><strong>mo-</strong></span> 
     </span>
    </p>
   </div>
   <div class='ocr_carea' id='block_1_104' title="bbox 1860 4939 3460 5015">
    <p class='ocr_par' dir='ltr' id='par_1_104' title="bbox 1860 4939 3460 5015">
     <span class='ocr_line' id='line_1_104' title="bbox 1860 4939 3460 5015; baseline -0.003 -18"><span class='ocrx_word' id='word_1_700' title='bbox 1860 4943 2124 5006; x_wconf 86' lang='lat' dir='ltr'><strong>nasterio,</strong></span> <span class='ocrx_word' id='word_1_701' title='bbox 2165 4939 2323 5010; x_wconf 85' lang='lat' dir='ltr'><strong>juxta</strong></span> <span class='ocrx_word' id='word_1_702' title='bbox 2357 4952 2566 5013; x_wconf 87' lang='lat' dir='ltr'><strong>patrem</strong></span> <span class='ocrx_word' id='word_1_703' title='bbox 2608 4956 2764 4995; x_wconf 92' lang='lat' dir='ltr'><strong>suum</strong></span> <span class='ocrx_word' id='word_1_704' title='bbox 2795 4940 3141 5012; x_wconf 75' lang='lat' dir='ltr'><strong>(Balduinum</strong></span> <span class='ocrx_word' id='word_1_705' title='bbox 3172 4939 3460 5015; x_wconf 77' lang='lat' dir='ltr'><strong>Ferreum}</strong></span> 
     </span>
    </p>
   </div>
   <div class='ocr_carea' id='block_1_105' title="bbox 1859 5030 3460 5100">
    <p class='ocr_par' dir='ltr' id='par_1_105' title="bbox 1859 5030 3460 5100">
     <span class='ocr_line' id='line_1_105' title="bbox 1859 5030 3460 5100; baseline -0.002 -9"><span class='ocrx_word' id='word_1_706' title='bbox 1859 5038 2063 5093; x_wconf 87' lang='lat' dir='ltr'><strong>vellent</strong></span> <span class='ocrx_word' id='word_1_707' title='bbox 2096 5033 2383 5100; x_wconf 89' lang='lat' dir='ltr'><strong>tumulare,</strong></span> <span class='ocrx_word' id='word_1_708' title='bbox 2431 5052 2568 5091; x_wconf 85' lang='lat' dir='ltr'><strong>uxor</strong></span> <span class='ocrx_word' id='word_1_709' title='bbox 2591 5031 2727 5100; x_wconf 88' lang='lat' dir='ltr'><strong>ejus,</strong></span> <span class='ocrx_word' id='word_1_710' title='bbox 2768 5037 2992 5093; x_wconf 89' lang='lat' dir='ltr'><strong>nomine</strong></span> <span class='ocrx_word' id='word_1_711' title='bbox 3036 5030 3323 5095; x_wconf 88' lang='lat' dir='ltr'><strong>Elftrudis,</strong></span> <span class='ocrx_word' id='word_1_712' title='bbox 3362 5052 3460 5090; x_wconf 79' lang='lat' dir='ltr'><strong>eu-</strong></span> 
     </span>
    </p>
   </div>
   <div class='ocr_carea' id='block_1_106' title="bbox 1860 5123 3445 5192">
    <p class='ocr_par' dir='ltr' id='par_1_106' title="bbox 1860 5123 3445 5192">
     <span class='ocr_line' id='line_1_106' title="bbox 1860 5123 3445 5192; baseline -0.016 0"><span class='ocrx_word' id='word_1_713' title='bbox 1860 5129 2017 5192; x_wconf 81' lang='lat' dir='ltr'><strong>Diens</strong></span> <span class='ocrx_word' id='word_1_714' title='bbox 2052 5142 2176 5182; x_wconf 79' lang='lat' dir='ltr'><strong>cum</strong></span> <span class='ocrx_word' id='word_1_715' title='bbox 2210 5125 2302 5179; x_wconf 81' lang='lat' dir='ltr'><strong>illo</strong></span> <span class='ocrx_word' id='word_1_716' title='bbox 2330 5129 2535 5186; x_wconf 76' lang='lat' dir='ltr'><strong>pariter</strong></span> <span class='ocrx_word' id='word_1_717' title='bbox 2561 5127 2613 5179; x_wconf 92' lang='lat' dir='ltr'><strong>in</strong></span> <span class='ocrx_word' id='word_1_718' title='bbox 2640 5140 2748 5179; x_wconf 92' lang='lat' dir='ltr'><strong>uno</strong></span> <span class='ocrx_word' id='word_1_719' title='bbox 2794 5128 3070 5178; x_wconf 74' lang='lat' dir='ltr'><strong>cimimrio</strong></span> <span class='ocrx_word' id='word_1_720' title='bbox 3094 5123 3445 5172; x_wconf 58' lang='lat' dir='ltr'><strong>concinens;</strong></span> 
     </span>
    </p>
   </div>
  </div>
