3982 5292
471 114 630 173 ’1159
691 122 699 135 ’

1569 100 1900 173 FOLQUI‘Nl
1933 101 1993 158 S.
2025 98 2304 157 BERTINI
2345 96 2653 157 MONACHI

2794 52 2821 73 V

3630 93 3767 149 1W

488 213 653 267 batur
688 206 738 265 sl
783 204 874 263 vel
919 201 1163 261 ecclesia:
1220 199 1402 271 aliqua
1461 197 1647 281 furtim
1716 196 2073 253 subintrasset
2103 200 2148 255 A
2210 208 2440 266 LXXVI.
2471 209 2803 281 οεεηθηπη
2831 208 3148 280 feminam,"
3177 207 3234 261 θη
3257 206 3357 260 ’,οε
3384 208 3731 259 manuum.

489 303 687 358 atrium
720 300 901 372 (“5).

550 394 840 449 .Marcham
875 406 1003 447 vero
1044 387 1161 460 ejus
1205 385 1300 442 ﬁlii
1330 383 1445 454 ejus
1475 383 1619 439 inter
1650 397 1708 438 se
1738 380 2075 440 diviserunt,

495 498 552 544 et
599 483 890 549 Arnulfus,
954 481 1045 552 qui
1106 479 1280 550 major
1339 487 1469 532 natu
1530 485 1673 541 erat,
1732 472 2075 535 Flandriam;

494 575 775 634 Adalolfus
831 588 963 629 vero
1012 571 1288 626 civitatem
1340 568 1640 623 Bononiam
1692 575 1748 620 et
1804 565 2077 634 regionem

496 667 922 731 Taruennieam,
974 663 1287 734 pariterque
1349 659 1521 715 sancti
1579 656 1783 712 Bertiui
1843 652 2083 722 suscepit

495 762 786 817 abbatiam.
815 758 982 829 Cujus
1029 770 1297 819 amorem,
1329 761 1593 825 quantum
1642 752 1786 804 circa
1830 745 2080 802 eumdem

478 858 674 914 locum
722 855 932 919 habuit,
965 859 1234 908 testantur
1272 848 1362 919 qui
1406 848 1583 902 adhuc
1636 851 1946 915 supersunt,
1992 838 2083 912 qui

492 966 618 1006 eum
651 948 755 1003 fine
783 957 940 1002 tenus
964 948 1353 1013 cognoverunt.

583 1035 821 1094 LXXIV.
848 1036 927 1091 De
959 1033 1243 1089 elevatione
1277 1030 1446 1085 sancti
1476 1025 1724 1098 Folqm'ui
1746 1021 1991 1094 episwpi.

500 1140 505 1149 '
566 1133 743 1207 (928.)
776 1132 931 1186 Anno
960 1126 1229 1200 post‘htec
1274 1122 1402 1186 928,
1454 1119 1783 1176 felicissimae
1832 1116 2084 1171 incarna-

498 1203 662 1283 tionis
690 1223 816 1280 Jcsu
859 1217 1059 1277 Christi
1119 1215 1328 1272 Domini
1379 1212 1572 1277 nostri,
1621 1220 1863 1279 tempore
1909 1203 2087 1261 Caroli

503 1312 755 1383 reclausi,
784 1314 1081 1370 indictione
1132 1288 1171 1375 ιζ
1226 1323 1381 1364 meus
1409 1305 1498 1377 qui
1543 1305 1645 1359 hoc
1685 1303 1858 1372 ipsum
1908 1296 2088 1353 scribo

494 1424 681 1485 pater,
708 1408 1007 1479 Folquinus
1042 1398 1283 1468 nomine,
1312 1416 1435 1456 cum
1475 1397 1646 1454 fratre
1674 1410 1794 1461 suo,
1828 1398 2089 1462 apparatu

500 1482 613 1574 quo
665 1507 941 1574 poterant,
989 1497 1057 1553 de
1114 1508 1280 1564 regno
1329 1489 1574 1545 Lotharii
1617 1490 1724 1542 huc
1767 1482 2084 1546 adveniunt,

2250 303 2397 373 (938)
2436 301 2605 371 Hujus
2632 312 2811 357 autem
2837 301 3047 356 abbatis
3072 308 3126 355 et
3153 298 3369 354 comitis
3400 284 3613 353 Arnulfi
3673 313 3771 352 no—

2180 393 2444 450 bilissima
2510 395 2705 461 coujux
2760 395 2958 458 Adata,
3033 408 3156 448 cum
3204 390 3509 461 saepissime
3562 391 3773 460 magnis

2184 489 2589 543 infirmitatibus
2623 498 2765 543 esset
2787 495 3076 558 aggravata
3104 527 3119 551 ,
3161 486 3474 540 desiderare
3513 483 3689 552 carpit
3717 482 3773 535 in

2185 582 2287 636 hoc
2314 581 2646 645 monasterio
2675 586 2723 636 ei
2750 580 3019 635 licentiam
3044 580 3294 633 monachi
3328 579 3524 631 darent
3546 578 3773 639 intrare,

2187 681 2246 725 ut
2283 688 2463 726 coram
2501 674 2671 727 altare
2713 673 2890 727 sancti
2918 672 3145 733 Bertini,
3179 686 3280 741 pro
3310 668 3486 723 salute
3517 669 3779 739 depreca-

2187 772 2332 827 tura,
2367 763 2549 818 liceret
2580 780 2639 818 se
2671 773 3035 833 prosternere.
3083 760 3250 829 llujus
3274 762 3440 830 igitur
3472 759 3555 815 rei
3592 775 3777 824 causa,

2187 854 2466 909 advocatis
2514 856 2910 910 venerabilibus
2938 855 3203 924 episcopis
3257 852 3551 918 Wicfrido,
3579 850 3779 905 Tana-

2189 945 2373 1000 nensis
2402 946 2657 1001 Ecclesiae
2685 947 2958 1015 episc0po,
2996 955 3049 998 et
3079 944 3350 1007 Folberto,
3406 942 3782 998 Cameracen-

2191 1039 2287 1101 sis,
2315 1039 2609 1093 denudavit
2652 1038 2732 1093 eis
2777 1039 3101 1093 desiderium
3125 1053 3303 1091 suum.
3341 1037 3589 1105 Accepta
3622 1034 3782 1089 etiam

2191 1143 2221 1182 a
2269 1128 2550 1183 monachis
2600 1129 2839 1192 licentia,
2893 1144 3035 1182 anno
3064 1126 3362 1180 nativitatis
3406 1123 3631 1179 Domini
3658 1122 3782 1189 938,

2193 1233 2440 1289 annoque
2470 1235 2500 1272 v
2526 1219 2967 1291 (ll'5‘)Ludovici
3013 1219 3176 1288 regis,
3210 1217 3341 1271 feria
3375 1217 3629 1271 secunda
3656 1214 3783 1271 Pas-

2193 1312 2331 1376 cha),
2384 1311 2799 1365 introduxerunt
2833 1327 2951 1365 eam
2981 1309 3185 1381 praefati
3213 1309 3457 1379 episcopi
3487 1309 3547 1361 in
3594 1307 3782 1360 eodem

2194 1403 2544 1467 monasterio,
2584 1418 2690 1457 non
2740 1402 2859 1457 sine
2915 1412 3152 1456 tremore
3199 1400 3462 1463 maximo,
3525 1398 3782 1468 quoniam

2196 1496 2298 1550 hoc
2350 1494 2438 1548 illa
2488 1494 2660 1564 prima
2704 1493 2884 1549 facere
2930 1504 3367 1563 pmsumpscrat,
3422 1490 3577 1559 quod
3634 1498 3785 1543 antea

495 1597 674 1653 sancti
738 1591 988 1662 Folquini
1045 1602 1263 1657 corpus,
1316 1585 1460 1655 quod
1513 1598 1579 1638 eo
1633 1595 1803 1650 usque
1848 1587 2090 1650 tempore

2206 1590 2500 1660 reginarum
2556 1586 2697 1642 nulla
2728 1587 3110 1656 concupiscere
3136 1585 3217 1639 vel
3246 1582 3508 1638 audebat.
3532 1581 3785 1637 lntrando

503 1700 649 1744 terra
684 1684 986 1757 tegebatur,
1034 1681 1215 1735 levare
1252 1678 1552 1747 cupientes.
1581 1674 1747 1728 Erant
1773 1671 1915 1725 enim
1952 1666 2089 1722 utri-

502 1780 611 1850 que
634 1778 877 1850 ejusdem
911 1773 1050 1829 beati
1077 1771 1174 1826 viri
1201 1768 1406 1824 carnali
1455 1764 1926 1836 consanguinitate
1963 1774 2090 1829 pro-

503 1872 659 1927 ximi.
705 1867 978 1923 Postulata
1009 1865 1174 1943 etiam
1225 1877 1254 1915 a
1283 1858 1541 1930 prmdicto
1573 1856 1773 1912 comite
1811 1861 1865 1907 et
1900 1851 2093 1905 abbate

510 1960 807 2031 Adalolpbo
842 1956 1079 2022 licentia,
1131 1964 1355 2007 ventum
1384 1959 1469 2004 est
1521 1948 1589 2001 ad
1624 1945 1795 2002 sancti
1824 1943 1924 1997 viri
1953 1951 2095 1995 tum-

503 2054 630 2108 bam
666 2030 787 2107 cum
817 2048 992 2104 cereis
1040 2057 1096 2102 et
1139 2039 1578 2099 thimiamateriis
1636 2046 1689 2092 et
1737 2037 1906 2091 choro
1948 2030 2094 2102 psal-

509 2142 761 2205 lentium,
805 2139 1266 2202 elcvaveruntque
1315 2144 1512 2200 corpus
1545 2126 1723 2182 idibus
1751 2121 2092 2187 Novembris,

505 2235 645 2291 feria
672 2249 726 2297 v,
757 2232 844 2287 die
893 2228 1273 2291 illucescente;
1309 2229 1853 2295 praeparaveruutque
1902 2230 2096 2287 supra-

507 2328 640 2383 dicti
690 2322 1043 2379 refectionem
1079 2317 1357 2381 fratribus,
1400 2322 1559 2385 prout
1604 2319 1877 2382 poterant,
1910 2308 2097 2362 viuum

510 2432 744 2489 namque
784 2424 839 2471 et
887 2413 1067 2470 omnia
1117 2410 1183 2466 ad
1211 2410 1411 2463 victum
1460 2403 1767 2461 necessaria
1821 2400 2099 2456 venientes

506 2514 695 2567 secum
744 2506 1071 2563 detulerant.
1111 2501 1321 2570 Quibus
1370 2497 1628 2569 peractis,
1682 2494 1980 2566 gaudentes
2032 2491 2101 2547 ad

510 2600 728 2671 propria
758 2605 884 2653 sunt
913 2594 1150 2658 reversi;
1183 2598 1342 2646 erant
1388 2598 1595 2655 autem,
1627 2588 1798 2643 isdem
1845 2583 2103 2639 videlicet

444 2750 455 2755 ,
511 2691 809 2763 Folquiuus
844 2698 899 2744 et
928 2683 1275 2756 Regenwala,
1320 2683 1488 2738 frater
1516 2696 1666 2745 suus,
1723 2679 1818 2733 lilii
1863 2675 2101 2742 Odwiui,

514 2782 609 2837 filii
639 2780 860 2835 alterius
889 2775 1122 2840 Odwiai,
1159 2774 1251 2843 qui
1299 2780 1419 2827 erat
1466 2770 1639 2825 frater
1676 2768 1818 2824 beati
1858 2765 2103 2837 praesulis

512 2872 785 2944 Fotquini.
807 2871 967 2926 Pater
988 2877 1168 2923 autem
1185 2865 1425 2937 ejusdem
1453 2862 1628 2919 sancti
1655 2860 1892 2932 episcopi
1926 2858 2105 2914 dictus

2194 1697 2396 1751 autem,
2445 1685 2676 1756 plurima
2733 1684 2859 1738 huic
2907 1683 3023 1736 loco
3079 1688 3401 1735 ornamenta
3449 1677 3780 1741 contulit,“

2193 1778 2430 1850 quandiu
2469 1777 2624 1840 vixit,
2664 1790 2954 1844 nmnquam
2996 1775 3201 1828 donare
3222 1771 3489 1827 cessavit.

2263 1871 2320 1925 lu
2347 1872 2461 1941 ipso
2489 1885 2705 1941 quoque
2738 1867 2853 1938 ejus
2881 1869 3145 1937 ingressu,
3198 1865 3426 1920 inclitus
3476 1861 3764 1916 marchisus

2194 1964 2471 2031 Arnulfus,
2520 1978 2616 2034 per
2648 1972 2893 2033 rogatmn
2929 1958 3168 2028 ejusdem
3225 1971 3339 2012 sua:
3387 1944 3765 2009 amantissimi:

2194 2056 2460 2127 conjugis,
2521 2054 2741 2108 tradidit
2787 2051 2959 2106 eidem
3025 2049 3162 2111 loco,
3217 2046 3285 2101 ad
3340 2061 3481 2100 usus
3539 2043 3782 2109 fratrum,

2197 2150 2385 2205 tiseum
2426 2145 2602 2220 ’Merki
2651 2162 2775 2200 cum
2820 2144 3072 2198 onmibus
3110 2138 3438 2211 adjaceutiis
3464 2178 3480 2199 ,
3537 2135 3778 2197 ecclesia,

2198 2239 2499 2311 mancipiis,
2546 2237 2809 2301 :cdificiis,
2840 2236 2998 2291 terris
3021 2232 3176 2289 cultis
3211 2240 3265 2288 et
3306 2229 3563 2292 incultis,
3611 2229 3785 2298 pratis,

2199 2333 2435 2404 pascuis,
2478 2329 2885 2401 piscatiouibus,
2932 2326 3253 2381 animalibus
3302 2323 3567 2394 quaesitis
3620 2331 3679 2376 et
3720 2322 3791 2374 in-

2198 2423 2477 2495 quirendis
2513 2440 2525 2476 :
2558 2436 2621 2476 ea
2654 2421 2881 2487 ratione,
2922 2427 3003 2483 ut,
3034 2418 3272 2490 quandiu
3294 2416 3662 2480 adviverent,
3696 2413 3791 2482 ipse

2200 2517 2448 2572 videlicet
2469 2525 2519 2571 et
2544 2530 2681 2569 uxor
2704 2530 2798 2569 sua
2822 2520 3286 2583 supramemorata
3314 2510 3528 2574 Adata,
3563 2508 3791 2574 ﬁliusque

2201 2621 2387 2662 eorum
2406 2604 2699 2659 Dalduiuus
2725 2645 2739 2669 ,
2805 2603 2856 2657 in
2882 2600 3120 2669 suijuris
3159 2599 3402 2654 dominio
3438 2597 3787 2669 possiderent,

2201 2708 2255 2754 et
2287 2698 2511 2770 singulis
2534 2697 2691 2752 anuis
2712 2704 2928 2750 centqu
2960 2692 3162 2749 solidos
3187 2690 3462 2745 fratribus
3485 2705 3594 2759 pro
3626 2688 3787 2742 eodm

2206 2788 2336 2844 fisco
2386 2785 2785 2858 persolverent;
2837 2791 2958 2854 post
2990 2796 3180 2836 eorum
3229 2795 3367 2834 vero
3409 2781 3489 2834 de
3540 2780 3649 2832 hac
3694 2776 3790 2829 luce

2203 2883 2522 2947 discessum,
2558 2887 2667 2934 tota
2693 2876 2964 2949 possessio
2997 2871 3235 2943 ejusdem
3262 2871 3597 2927 monasterii
3623 2869 3786 2939 subj:-

514 2974 601 3020 est
644 2961 1022 3026 Hieronimus;
1077 2955 1312 3028 genitrix
1362 2969 1492 3009 vero
1550 2949 1964 3008 llermentrudis
2019 2934 2174 3005 estC
2580 2934 2750 3037 Qua?“
2781 2934 3122 3024 ".adilion'em
3147 2978 3271 3019 cum
3294 2963 3591 3032 pmsuria
3614 2934 3790 3016 deséﬁ.

517 3065 730 3114 vocata.

762 3145 978 3203 LXXV.
1025 3143 1103 3199 De
1129 3152 1293 3197 morte
1322 3140 1601 3212 Adalolplu’
1628 3140 1853 3195 abbatis.

589 3236 739 3312 (953)
786 3238 956 3309 Igitur
974 3243 1096 3307 post
1124 3230 1238 3289 haec
1264 3230 1612 3300 Adalolpbus,
1646 3245 1829 3285 comes
1857 3236 1912 3284 et
1936 3228 2106 3285 abbas

518 3331 702 3402 (pius,
747 3338 1102 3400 posteaquam
1137 3323 1294 3394 annis
1322 3321 1633 3392 quindecim
1674 3318 1924 3384 cmuobio
1979 3318 2107 3374 huic

518 3422 868 3495 pracfuisset).
896 3420 951 3475 in
978 3420 1083 3473 hoc
1105 3416 1221 3486 ipso
1247 3413 1581 3469 monasterio
1605 3410 1782 3467 Sitbiu
1813 3419 2105 3481 :egrotans,

518 3513 657 3569 obiit
704 3526 847 3567 anno
888 3508 1188 3564 nativitatis
1229 3504 1446 3560 Domini
1495 3503 1622 3569 935,
1664 3502 1847 3558 Idibus
1875 3498 2108 3555 Novem-

524 3605 657 3673 bris,
702 3602 1050 3674 sepultusque
1094 3599 1263 3656 estin
1306 3596 1527 3652 basilica
1583 3594 1757 3649 sancti
1789 3592 2019 3674 Bertiui,
2052 3592 2108 3646 in

521 3700 695 3755 altare
730 3696 954 3753 sinistro
988 3691 1177 3748 altaris
1212 3690 1387 3747 sancti
1410 3688 1615 3744 Dertini
1643 3687 1932 3758 capitanci.
1958 3666 2112 3750 \lnter

522 3790 731 3861 reliqua
757 3798 940 3844 autem
971 3784 1220 3848 donaria,
1250 3781 1401 3837 dedit
1427 3780 1495 3836 ad
1519 3779 1769 3835 eumdem
1814 3777 1991 3832 locum
2021 3790 2114 3831 ca-

523 3882 681 3936 licem
728 3880 813 3936 sui
862 3886 1022 3949 potus
1053 3889 1281 3930 aureum
1338 3881 1394 3929 et
1455 3870 1693 3927 balteum
1756 3868 1825 3923 ad
1886 3866 2110 3922 calicem

518 3969 953 4027 consecrationis
996 3966 1258 4023 Dominici
1290 3963 1570 4037 sanguinis
1599 3961 1902 4017 faciendum
1934 3976 1948 4026 ;
2021 3973 2113 4013 ar—

526 4061 703 4118 millas
762 4069 943 4115 autem
998 4074 1126 4113 suas
1177 4067 1364 4112 sancto
1409 4055 1719 4110 Audomaro
1763 4051 1832 4107 ad
1859 4059 2113 4122 patenam

516 4142 797 4210 concessit
839 4149 1156 4205 faciendam.
1203 4147 1438 4202 Dederat
1488 4160 1704 4215 quoque
1744 4152 1904 4198 antea
1938 4141 2115 4197 eidem

528 4252 721 4299 saneto
748 4242 1058 4297 Audoutaro
1087 4238 1305 4309 pallium
1338 4236 1635 4307 quoddam,
1694 4250 1828 4288 auro
1852 4231 2117 4302 margari—

526 4340 707 4407 tisque
758 4331 986 4389 mirifice
1041 4307 1348 4395 intextum;
1413 4335 1599 4383 contra
1657 4326 1801 4397 quod
1858 4307 2195 4389 AruulfusD

529 4428 775 4497 (inclitus
839 4423 1143 4480 marchisus
1213 4430 1269 4478 et
1340 4420 1497 4476 istius
1548 4418 1715 4474 abbas
1772 4425 2114 4480 conventus,

530 4520 702 4575 frater
729 4515 1011 4587 Adalolphi
1039 4514 1145 4586 iam
1192 4512 1414 4583 mortui)
1457 4509 1685 4564 alterum
1744 4515 1933 4563 sancto
1986 4504 2119 4560 Ber—

536 4613 647 4670 tino
704 4610 994 4675 concessit,
1050 4604 1319 4663 consimili
1358 4618 1520 4674 opere
1569 4601 1921 4673 prrecipuum.
1988 4596 2118 4652 Post

534 4705 689 4776 cujus
730 4703 1032 4758 luctuosum
1086 4699 1290 4755 obitum
1321 4737 1335 4763 ,
1403 4694 1736 4765 Arnulphus,
1774 4692 1945 4746 frater
1975 4688 2115 4758 ejus,

532 4785 808 4852 abbatiam
838 4808 961 4849 cum
998 4790 1205 4861 reliquo
1231 4790 1347 4859 ejus
1380 4786 1640 4841 comitatu
1684 4782 1891 4853 recepit
1939 4778 2015 4850 (et
2043 4779 2117 4833 ita

534 4889 783 4946 Ecclesia
841 4887 981 4952 ista,
1030 4893 1248 4955 pastore
1296 4879 1550 4950 religioso
1597 4875 1838 4937 viduata,
1889 4888 1919 4927 a
1971 4870 2123 4929 laicis

539 4979 831 5044 maritalis,
864 4992 962 5047 per
994 4976 1209 5031 modum
1238 4969 1569 5028 ltazreditatis
1599 4976 1685 5025 est
1706 4963 2002 5039 possessa).

615 5136 663 5207 (l
681 5134 763 5205 l5)
787 5133 915 5189 Post
936 5133 1051 5187 haec
1077 5130 1200 5186 cod.
1230 5129 1462 5184 Audom.
1488 5124 1638 5181 addit
1662 5135 1782 5194 qua:
1806 5128 2122 5192 sequuntur.
2194 5191 2199 5199 ⁸

789 5220 909 5292 _N_am
929 5235 1019 5292 per
1041 5223 1204 5282 legem
1225 5219 1498 5292 celebrem,

2207 3065 2332 3121 bere
2357 3063 2584 3134 rogavit,
2614 3070 2669 3117 et
2700 3062 2815 3132 ipse
2845 3059 3061 3131 propria
3086 3072 3247 3111 manu
3277 3055 3550 3121 firmavit,
3594 3063 3648 3109 et
3673 3052 3792 3106 reli-

2205 3174 2341 3229 quos
2377 3155 2559 3228 palatii
2601 3156 2686 3210 sui
2716 3168 2971 3226 proceres
3001 3160 3059 3205 ut
3084 3149 3478 3206 describerent
3522 3144 3787 3229 percepit.

2207 3221 2271 3305 lli
2315 3221 2441 3302 sunt
2469 3255 2652 3300 autem
2686 3221 2884 3297 testes:
2923 3239 3256 3301 Uuicfrtdus,
3296 3236 3631 3306 episc0pus;
3671 3221 3798 3285 Fin-

2210 3340 2410 3399 bertus,
2441 3337 2759 3407 episcopus;
2796 3333 3083 3398 Damasus,
3112 3330 3447 3401 episcopus;
3474 3324 3799 3387 Βεωῖήάυῂ

2209 3430 2523 3502 presbyter;
2596 3425 2979 3497 Eugelandus,
3068 3422 3406 3487 monachus;
3492 3418 3797 3473 Vuinetma-

2210 3539 2342 3589 rus,
2394 3520 2669 3584 decanos;
2726 3514 3112 3582 Grimbaldus;
3175 3512 3438 3577 Odarius,
3480 3509 3794 3566 monachus;

2214 3611 2519 3668 Everardus
2567 3649 2583 3676 ,
2653 3608 3008 3670 advocatus;
3106 3603 3528 3665 Vuinetmarus,
3606 3599 3797 3659 laicus;

2212 3700 2512 3767 Rodulfus;
2596 3697 2846 3761 Hericus,
2900 3694 3111 3755 laicus;
3164 3692 3562 3747 Vuinetmarus
3594 3730 3613 3754 ,
3690 3687 3792 3741 dia-

2212 3812 2381 3854 conus
2438 3806 2495 3851 et
2556 3790 2872 3848 monachus,
2904 3785 3247 3853 subscripsit.
3303 3783 3449 3837 Ante
3502 3782 3618 3836 hoc
3638 3789 3799 3833 autem

2216 3899 2426 3959 tempus
2454 3883 2809 3954 Adalolphus,
2838 3887 2966 3935 tunc
2987 3877 3202 3948 quidem
3222 3876 3509 3946 puerulus,
3554 3889 3701 3928 nunc
3721 3886 3801 3924 an-

2216 3989 2325 4037 tem
2381 3986 2543 4034 aatate
2567 3972 2847 4037 mediocri,
2896 3970 3016 4040 ipso
3061 3968 3222 4023 etiam
3277 3965 3602 4021 sacerdotio
3648 3964 3797 4019 bono-

2217 4071 2440 4135 randus,
2472 4085 2500 4122 a
2524 4076 2676 4138 patre
2724 4061 3029 4125 Evehardo,
3063 4073 3290 4115 summae
3317 4056 3633 4112 nobilitatis
3677 4055 3799 4116 viro,
3824 4048 3837 4063 “

2218 4172 2273 4220 et
2294 4170 2468 4217 matre
2501 4157 2778 4221 Ricsinda,
2818 4155 2871 4209 iu
2900 4154 3004 4210 hoc
3044 4150 3382 4207 monasterio
3416 4140 3804 4203 sancto'Pctro

2220 4262 2519 4322 sanctoque
2565 4249 2787 4304 Bertino
2837 4255 2921 4302 est
2986 4243 3221 4299 oblatus.
3288 4238 3568 4295 Rodulfus
3628 4240 3802 4297 etiam,

2223 4347 2392 4418 ipsius
2427 4341 2632 4399 castelli
2656 4351 2856 4411 praeter
2880 4337 3142 4399 urbanus,
3181 4332 3350 4387 filium
3385 4345 3578 4393 suum,
3604 4329 3807 4385 nonnae

2227 4436 2572 4497 Vualterum,
2633 4447 2756 4486 cum
2818 4429 3026 4492 morbo,
3082 4423 3275 4479 medici
3322 4436 3491 4491 quem
3555 4420 3808 4474 variolau

2228 4535 2451 4589 vocant,
2477 4522 2638 4578 morti
2663 4521 2937 4575 videretur
2955 4532 3073 4572 esse
3095 4514 3395 4584 prox-imus,
3420 4511 3570 4565 ulnis
3589 4508 3809 4579 propriis

2225 4618 2546 4684 sustollens,
2605 4630 2790 4672 coram
2819 4611 2991 4667 sancti
3016 4607 3214 4664 Bertini
3246 4606 3425 4660 altare
3472 4602 3804 4675 deportavit;

2229 4712 2665 4777 ruonachumque
2706 4703 3052 4766 effecturum,
3099 4699 3143 4753 si
3170 4698 3286 4768 ejus
3314 4696 3403 4767 pia
3422 4694 3808 4765 juvareturia-

2230 4804 2579 4866 tcrcessione,
2606 4798 2915 4871 spopondit.
2941 4796 3108 4862 Quem
3135 4807 3263 4847 mox
3286 4791 3457 4846 saluti
3482 4790 3808 4847 restitutum,

2230 4900 2342 4955 Deo
2385 4893 2745 4964 omnipotenti
2780 4889 3039 4944 famulum
3077 4894 3133 4939 et
3159 4893 3354 4939 sancto
3375 4883 3608 4939 Bertino
3626 4878 3812 4938 obtulit

2228 4986 2554 5044 monachum
2589 4980 2975 5054 perpetualiter
3002 4990 3447 5047 permansurum.

2475 5144 2719 5195 Sanctam,
2740 5144 3011 5186 sanctorum

2475 5206 2557 5255 Sic
2580 5191 2745 5251 norma
2761 5200 2905 5259 jubet
2922 5191 3281 5244 monachorum.

2477 5267 2569 5292 uin
2595 5266 2725 5292 inane
2761 5272 2891 5292 Ililnl‘
2912 5260 3058 5292 rilnnl
