3982 5292
225 271 354 331 ιεσι

1574 250 2143 309 CllARTULMllUM.
2180 282 2201 299 .

3346 251 3488 307 Ἡδὲ

257 380 511 442 LXXVII.
547 380 624 436 De
651 378 984 434 conversione
1013 374 1391 429 monachorum
1423 351 1489 421 [in
1535 364 1766 434 regulari
1831 347 2038 432 Ajllud
2069 363 2243 418 sancti
2274 361 2505 428 Bcrtini,
2538 361 2890 434 regularitate
2941 359 3240 428 viduatum,
3283 364 3349 419 ad
3379 370 3492 436 pri-

855 449 1124 518 propositu
1139 483 1152 497 .

291 546 612 614 Antedictus
660 550 840 597 autem
871 541 1040 594 abbas
1069 547 1123 592 et
1169 550 1355 591 comes
1400 529 1677 594 Arnulfus,
1709 529 1803 583 do-

220 644 336 697 lens
379 640 691 710 religionem
735 634 1114 695 monasticam,
1168 645 1287 699 quae
1344 626 1474 680 inibi
1530 625 1582 678 in
1634 620 1801 692 priori

225 742 466 802 tempore
494 747 522 783 a
555 732 714 782 beato
759 725 985 779 Bertino
1030 729 1341 776 constructa
1402 716 1634 785 vigebat,
1679 723 1807 767 tunc

222 823 483 894 temporis
531 821 824 880 abolitam,
857 816 1094 883 cogitare
1141 811 1307 880 corpit
1336 808 1571 876 qualiter
1624 804 1808 874 pristi-

221 934 346 972 nam
383 915 696 982 religionem
721 917 1020 971 extrueret,
1049 914 1102 959 et
1127 904 1305 958 locum
1350 901 1571 969 antiqua
1600 897 1806 952 sancti-

223 1020 332 1065 tate
359 1008 696 1062 uobilitaret.

294 1102 423 1167 Sed,
455 1101 731 1154 voluntate
769 1093 1020 1150 altissimi
1075 1091 1195 1152 Dei,
1240 1089 1332 1159 qui
1370 1101 1620 1156 sponsam
1655 1098 1806 1137 suam

223 1195 524 1251 Ecclesium
558 1191 829 1252 videlicet,
877 1200 1189 1256 quanquam
1237 1181 1504 1236 interdum
1539 1175 1806 1238 ﬂuctuari,

224 1301 500 1357 nunquam
532 1293 710 1337 tamen
744 1277 1046 1350 periclitari
1093 1274 1362 1346 permisit,
1393 1271 1643 1325 eumdem
1668 1283 1811 1322 mar-

225 1381 477 1435 chionem
532 1374 804 1430 continuis
858 1371 1190 1424 cruciatibus
1227 1366 1442 1430 calculi,
1477 1363 1567 1433 qui
1600 1363 1810 1416 urinam

232 1473 513 1534 inhibens,
561 1475 908 1536 nuncupatur
952 1463 1112 1532 vulgo
1167 1461 1420 1529 lapissus,
1449 1457 1616 1510 voluit
1643 1470 1814 1509 mace-

227 1565 366 1620 rari.
399 1564 479 1632 Ad
499 1576 684 1632 quem,
719 1556 966 1611 medendi
995 1554 1188 1624 gratia,
1230 1550 1382 1604 n'mlti
1421 1547 1813 1618 cirurgicorum

223 1655 585 1712 convolarunt
634 1657 916 1720 sperantes
951 1662 1028 1707 se,
1061 1645 1127 1698 ab
1155 1660 1220 1697 eo
1257 1642 1346 1711 qui
1379 1638 1629 1694 allluebat
1673 1637 1814 1691 divi-

224 1753 340 1814 tiis,
370 1747 796 1804 emolumentum
823 1758 929 1795 non
977 1753 1203 1808 parvum
1233 1744 1575 1804 accepturos.
1605 1731 1709 1784 Sed
1741 1731 1812 1784 illi

225 1861 340 1901 suae
383 1843 516 1896 artis
557 1839 809 1910 peritiam
852 1842 1159 1904 quaerentes
1200 1830 1253 1883 in
1295 1845 1417 1882 eum
1449 1826 1731 1885 extollere,
1763 1832 1817 1877 et

225 1936 538 1993 extollendo
593 1939 892 1992 ostentare,
923 1929 1022 1981 sub
1053 1923 1208 1992 cujus
1248 1931 1470 1991 aspectu
1515 1920 1816 1974 octodecim

225 2032 400 2092 viros,
432 2025 595 2080 simili
621 2023 810 2077 morbo
833 2019 1131 2079 confectas,
1168 2016 1495 2077 inciderunt,
1530 2027 1665 2080 quos
1692 2011 1818 2080 qui-

227 2123 354 2176 dem
379 2132 588 2180 omnes,
620 2130 728 2168 uno
772 2113 988 2180 dempto
1018 2109 1108 2178 qui
1136 2109 1185 2160 iu
1220 2106 1366 2160 brevi
1402 2113 1630 2158 mortem
1660 2103 1816 2166 obiit,

230 2217 582 2265 curaverunt.
615 2205 683 2259 Et
732 2203 857 2271 quia
885 2202 929 2254 is
961 2200 1062 2253 sibi
1119 2197 1382 2252 medelam
1411 2194 1671 2249 incitandi
1709 2195 1814 2248 evi-

231 2301 460 2354 tandam
493 2295 750 2358 ostendit,
777 2294 841 2347 de
873 2301 1070 2345 caetero
1115 2288 1222 2344 tale
1248 2289 1376 2358 quid
1404 2287 1822 2356 suggerentibus

232 2391 472 2447 ulterius
501 2389 689 2442 audire
717 2382 978 2452 nequivit.
1011 2381 1236 2434 Demum
1263 2379 1442 2434 divina
1471 2377 1643 2447 gratia
1668 2377 1735 2429 ad
1764 2390 1823 2430 se

235 2496 558 2544 conversus,
610 2475 935 2543 contemptis
968 2469 1348 2548 hujusmundi
1377 2467 1620 2530 medelis,
1648 2475 1826 2520 mente

238 2574 309 2629 ad
334 2588 458 2628 eum
487 2567 730 2624 cucurrit
750 2566 841 2634 qui
891 2562 1006 2618 solo
1037 2577 1286 2616 sermone
1315 2559 1570 2612 universa
1613 2566 1826 2611 restau-

237 2678 349 2730 rat,
373 2673 427 2718 et
458 2659 750 2717 venerandi
776 2655 1006 2713 Gerardi
1055 2655 1404 2724 prmsentiam
1452 2668 1546 2723 per
1575 2653 1825 2705 nuntium

236 2757 483 2812 velocem
515 2751 787 2823 quaeritat.
843 2747 1179 2801 Advcnicnte
1241 2745 1505 2813 siquidem
1565 2743 1678 2796 viro
1707 2741 1826 2806 Dei,

239 2845 519 2903 intimavit
549 2842 858 2912 lugubrum,
895 2847 953 2892 ut
988 2853 1085 2907 pro
1107 2837 1354 2906 corporis
1400 2835 1649 2890 sanitatis
1675 2848 1828 2888 recu-

221 2928 527 3013 peratione
559 2931 962 3002 Omnipotcntis
998 2929 1342 2985 clementiam
1383 2927 1720 2998 imploraret.

314 3033 542 3091 Verum,
593 3026 712 3079 fusa
761 3038 945 3093 prece,
972 3030 1026 3076 et
1053 3019 1390 3089 marquiouis
1416 3018 1598 3071 animo
1647 3015 1825 3071 sancti

233 3122 345 3176 viri
379 3117 606 3175 consilio
633 3113 868 3184 pulsato,
912 3119 1181 3182 quatenus
1210 3109 1275 3163 de
1316 3123 1535 3162 suorum
1559 3107 1824 3162 bonorum

233 3193 520 3266 afﬂuentia
578 3204 765 3275 egenis
811 3202 986 3266 daret,
1045 3199 1261 3255 volente
1307 3198 1442 3263 Deo,
1489 3198 1830 3275 obtemperat

231 3300 550 3358 marchisus
591 3305 811 3359 saneto;
864 3293 1261 3361 celebratisque
1301 3291 1598 3343 missarum
1631 3288 1830 3342 solem-

230 3395 348 3450 niis
403 3405 525 3445 cum
569 3388 793 3442 fletuum
837 3384 1105 3454 suspiriis,
1163 3381 1400 3435 triduani
1434 3380 1628 3449 jejunii
1657 3378 1829 3432 absti-

233 3482 433 3538 nentia
469 3479 722 3533 indicitur
776 3475 872 3530 illi.
903 3474 1147 3540 Cumque
1173 3485 1354 3525 comes
1390 3471 1489 3522 iste
1521 3482 1834 3522 sacramen-

233 3587 427 3632 torum
453 3574 683 3627 devotus
715 3567 1091 3638 participasset
1119 3563 1413 3633 mysteriis,
1449 3570 1670 3629 repente
1700 3558 1833 3611 min-

233 3666 408 3739 gendi
465 3662 738 3732 appetitus
808 3653 1546 3722 marcbionemsa'pedictum
1584 3648 1829 3718 impellit,

233 3769 317 3825 ct,
346 3770 594 3826 congruo
645 3761 864 3823 petente
908 3763 1149 3811 secessu,
1186 3746 1303 3800 sine
1334 3743 1647 3798 ditlicultate
1676 3757 1836 3795 uren-

235 3863 353 3906 tem
396 3847 582 3903 emisit
631 3843 892 3914 lapillum.
931 3839 1047 3908 Quo
1074 3839 1316 3909 pristime
1357 3835 1576 3890 sanitati
1608 3834 1834 3888 mirabi-

233 3944 372 3997 liter
412 3938 689 4002 restituto,
728 3943 931 4004 quanta
962 3935 1014 3987 in
1039 3929 1155 4000 ejus
1184 3929 1501 4000 pectusculo
1529 3924 1837 4002 abundabat

233 4030 566 4093 exsultatio,
612 4034 883 4097 quantave
939 4038 1097 4078 arcas
1147 4023 1324 4075 virum
1373 4020 1467 4074 Dei
1530 4017 1836 4072 exercuerit

234 4122 561 4182 condecens
599 4117 902 4181 veneratio,
949 4130 1056 4169 non
1090 4121 1288 4168 nostrae
1316 4111 1435 4182 Opis
1474 4118 1558 4164 est
1594 4121 1838 4178 compre-

233 4215 515 4274 hendere.
546 4208 741 4266 Comes
766 4207 948 4278 igitur,
979 4205 1226 4260 beneficii
1256 4203 1436 4258 collati
1465 4209 1839 4256 remunerator

235 4303 691 4366 liberalissimus,
747 4301 921 4355 virum
974 4299 1068 4353 Dei
1142 4297 1323 4351 multis
1364 4304 1656 4367 peroptans
1702 4307 1841 4364 prae-

237 4398 412 4456 miari
438 4392 1038 4458 muneribus,omnibus
1055 4390 1271 4459 spretis,
1291 4389 1473 4444 comiti
1495 4388 1840 4458 respondisse

238 4492 460 4546 dicitur
489 4505 502 4540 :
533 4504 551 4536 ι
591 4485 646 4539 Si
700 4493 910 4547 nostra,
938 4481 1212 4549 inquiens,
1245 4480 1653 4548 dereliquimus,
1706 4493 1837 4546 quo-

242 4575 420 4640 modo
491 4579 663 4634 aliena
723 4572 1090 4644 accipiemus?
1152 4591 1172 4622 ι
1230 4570 1600 4625 Sacramentis
1662 4577 1843 4622 tamen

250 4671 612 4731 terribilibus
652 4667 948 4722 obstrictus
971 4678 1175 4724 cernes,
1205 4663 1291 4715 vix
1333 4664 1544 4716 tandem
1575 4659 1848 4729 compellit

245 4779 309 4823 ut
338 4779 571 4821 suarum
620 4759 938 4814 facultatum
987 4755 1228 4809 decimas
1273 4761 1620 4822 acceptaret;
1652 4759 1705 4805 et
1745 4751 1848 4804 hoc

215 4848 479 4932 quoque
529 4854 681 4923 prius
711 4849 989 4906 humiliter
1019 4845 1309 4901 declinavit
1357 4845 1499 4913 quod
1541 4844 1700 4914 paulo
1729 4851 1850 4912 post

244 4970 362 5010 non
404 4948 603 5017 cupide
630 4944 889 5013 suscepit,
949 4958 1085 5013 quas
1135 4939 1385 5010 prudenti
1417 4938 1851 4992 consideratione

244 5040 590 5117 dispertivit.
642 5039 772 5093 ltem
821 5046 875 5090 et
923 5042 1187 5106 quotquot
1251 5031 1590 5086 abbatiarum
1673 5044 1854 5084 comes

246 5141 602 5195 memoratus
654 5129 890 5186 habebat
934 5143 1028 5182 sua
1089 5127 1190 5182 sub
1241 5133 1530 5194 potestate,
1583 5123 1715 5178 utile
1753 5125 1854 5180 sibi

1846 1707 1892 1765 Β

1908 454 2108 508 stinum
2135 464 2336 508 sancta!
2363 452 2560 524 regulae
2580 453 2839 507 honorem
2871 451 3158 517 stabiliret,
3193 461 3247 507 ct
3287 463 3342 507 ut
3371 470 3490 524 per—

1908 561 2120 600 versam
2153 545 2619 604 consuetudinem.
2659 561 2724 599 ne
2767 544 2976 598 scilicet
3002 545 3066 600 de
3095 554 3292 600 cretei-0
3318 563 3492 601 srecu-

1908 635 2052 706 lares
2070 638 2167 690 viri
2194 637 2449 690 abbatum
2471 635 2701 690 cilicium
2721 647 3062 705 usurparent,
3092 637 3492 694 fuudilusevel-

1911 730 2088 800 leret),
2113 739 2166 784 et
2197 746 2317 784 cum
2351 729 2481 799 ipsis
2510 730 2787 784 monachis
2814 739 3047 784 tractare
3072 731 3257 800 coepit,
3282 732 3325 786 si
3357 731 3497 787 forte

1911 824 1977 877 ad
2013 837 2338 877 censensum
2391 821 2516 876 boni
2570 821 2779 875 consilii
2829 837 3016 876 eorum
3054 822 3293 876 animum
3341 823 3498 877 incli-

1912 930 2044 968 nare
2067 922 2268 984 posset.
2295 913 2537 982 Cumque
2569 913 2639 965 illi
2682 913 2732 965 in
2757 913 3113 966 obduratione
3147 915 3342 967 mentis
3373 929 3498 983 per-

1912 1019 2214 1070 manentes,
2244 1022 2342 1060 nec
2367 1007 2527 1060 minis
2552 1023 2650 1060 nec
2680 1005 3098 1061 blanditionibus
3132 1005 3498 1074 ﬂecterentur,

1913 1102 2011 1156 hos
2050 1101 2114 1156 de
2171 1099 2503 1154 monasterio
2538 1099 2794 1168 praecepit
2853 1099 3022 1162 abire,
3078 1114 3221 1152 anno
3260 1098 3499 1152 saluber-

1915 1195 2066 1247 rima:
2112 1193 2412 1246 nativitatis
2437 1190 2562 1245 Jcsu
2597 1191 2797 1245 Christi
2837 1192 3045 1245 Domini
3099 1190 3204 1246 964
3235 1207 3342 1245 xvn
3381 1190 3500 1246 Kal.

1915 1285 2087 1349 Maii;
2142 1286 2351 1355 ipsique
2384 1283 2626 1338 Gerardo
2677 1283 2880 1348 abbati,
2933 1285 3024 1354 qui
3068 1299 3204 1354 pene
3243 1284 3390 1339 solus
3446 1293 3505 1338 et

1916 1380 2146 1449 primus,
2192 1380 2243 1432 in
2299 1379 2539 1432 occiduis
2577 1378 2844 1446 partibus,
2877 1377 3097 1431 ultimus
3145 1377 3504 1446 temporibus.

1918 1469 2185 1540 regularis
2213 1469 2336 1522 vita:
2386 1483 2630 1522 normam
2679 1468 2954 1529 servabat,
2990 1483 3112 1522 cum
3167 1467 3447 1522 monachis
3474 1485 3506 1523 e

1918 1561 2148 1615 diversis
2202 1559 2336 1613 locis
2374 1558 2642 1624 collectis,
2674 1558 2924 1611 eumdem
2963 1559 3350 1613 n'ionasterium
3402 1568 3509 1613 tra-

1920 1651 2056 1704 didit
2096 1649 2417 1721 regulariter
2447 1649 2880 1719 guberiiamlunt.
2943 1646 3071 1702 Erat
3106 1660 3283 1702 autem
3330 1649 3509 1721 populi

1919 1744 2126 1798 adhoc
2179 1745 2352 1812 ipsum
2408 1743 2776 1812 spectaculum
2822 1742 3132 1813 congregati
3195 1758 3300 1796 non
3358 1743 3508 1812 parvi

1921 1835 2182 1900 muneris,
2234 1844 2459 1903 eratque
2486 1834 2667 1888 videre
2717 1833 2954 1888 dolorem
2986 1833 3194 1888 cunctis
3239 1834 3290 1887 in
3332 1849 3514 1887 mona-

1921 1928 2146 1982 chorum
2187 1928 2335 1980 exitu
2386 1926 2780 1996 permaximum
2835 1935 2889 1979 et
2937 1925 3202 1995 lacrymas
3257 1925 3309 1979 in
3342 1925 3515 1978 Oculis

1923 2019 2322 2089 plurimorutn,
2384 2017 2854 2085 turbationemque
2907 2016 3149 2087 ejusdem
3202 2015 3301 2069 loci
3347 2016 3513 2068 finu-

1924 2111 2098 2165 lorum
2150 2125 2276 2165 cum
2334 2109 2540 2178 reliqua
2601 2107 2948 2162 multitudine
2986 2108 3243 2177 plebium,
3294 2108 3346 2160 in
3398 2123 3514 2159 mo-

1926 2205 2133 2258 nachos
2180 2203 2459 2274 regulares
2507 2209 2560 2257 et
2610 2203 2662 2256 iu
2717 2203 2890 2271 ipsum
2935 2203 3188 2255 comitem
3237 2201 3516 2270 insurgere

1929 2294 2248 2348 volentium.
2281 2293 2476 2348 Comes
2503 2303 2706 2356 autem,
2742 2302 2862 2362 post
2889 2308 2985 2347 eos
3013 2293 3269 2363 dirigens,
3304 2293 3517 2362 regavii.

1927 2396 1988 2440 ut
2018 2395 2419 2442 reverterentur
2451 2400 2466 2449 ;
2500 2385 2817 2454 promittens
2845 2384 3026 2438 omnia
3055 2399 3112 2439 se
3134 2385 3214 2438 eis
3253 2383 3515 2438 daturum

1930 2480 2262 2543 necessaria,
2315 2487 2521 2532 tantum
2553 2487 2611 2532 ut
2658 2485 2990 2532 revertentes
3020 2476 3085 2529 ad
3119 2490 3276 2530 suum
3315 2469 3515 2534 locum.

1929 2570 2313 2642 profiterentur
2345 2584 2403 2623 se
2437 2568 2682 2622 ordinem
2738 2582 2957 2621 servare
3014 2565 3396 2620 monasticam.
3449 2567 3522 2619 Λι

1929 2659 2003 2715 illi
2038 2665 2090 2715 in
2122 2661 2387 2717 sententia
2419 2670 2848 2730 perseverantes,
2901 2675 3023 2714 cum
3065 2674 3256 2729 magna
3285 2672 3519 2727 sequen-

1933 2753 2064 2807 tium
2095 2752 2414 2824 pepulorum
2456 2752 2797 2806 multitudine
2846 2759 3125 2813 exeuntes,
3153 2751 3293 2818 apinl
3334 2749 3518 2804 villam

1932 2842 2170 2913 ejusdem
2201 2841 2534 2906 monasterii,
2582 2841 2942 2896 Loconessam
2993 2849 3377 2909 nuncupatam,
3424 2839 3523 2894 ali-

1932 2935 2243 3004 quantisper
2279 2933 2543 2988 demorati
2597 2942 2742 2989 sunt.
2791 2932 2921 2989 Post
2965 2932 3359 3003 aliquantulum
3414 2949 3513 2988 au-

1936 3034 2066 3089 tem,
2095 3024 2270 3093 major
2290 3039 2416 3092 pirs
2441 3038 2628 3078 eorum
2679 3023 2859 3077 navim
2899 3024 2951 3076 in
3001 3037 3206 3078 oceano
3236 3023 3525 3088 intrantes,

1937 3115 1989 3170 in
2019 3115 2378 3169 transmarina
2424 3114 2641 3184 regione
2677 3114 2841 3169 delati
2873 3124 3020 3169 sunt.
3067 3113 3212 3180 Quos
3241 3129 3331 3168 rex
3361 3113 3524 3167 Adal-

1933 3215 2119 3261 stenus
2146 3205 2293 3277 (114)
2325 3205 2554 3274 benigne
2577 3207 2880 3275 suscipiens
2901 3246 2915 3270 ,
2946 3187 3331 3259 monasterium
3382 3205 3528 3273 quod

1933 3298 2130 3352 dicitur
2147 3297 2213 3351 ad
2227 3296 2453 3350 Balneos
2473 3297 2551 3350 eis
2566 3297 2749 3350 statim
2775 3295 3077 3363 concessitj;
3099 3296 3168 3349 ob
3191 3295 3246 3348 id
3268 3297 3524 3360 maxime,

1934 3388 2060 3459 quia
2107 3386 2274 3442 frater
2314 3385 2557 3456 ejusdem
2596 3386 2764 3440 incliti
2815 3386 2979 3456 regis,
3026 3385 3270 3440 Eminus
3308 3400 3421 3449 rex,
3471 3385 3527 3440 in

1935 3481 2269 3537 monasterio
2318 3487 2490 3535 sancti
2535 3481 2738 3535 Bcrtini
2784 3479 2960 3534 fuerat
3001 3479 3313 3533 tumulatus.
3347 3479 3527 3549 Siqui-

1936 3577 2056 3632 dem
2096 3590 2238 3628 anno
2265 3571 2426 3628 Verbi
2453 3571 2716 3625 incarnati
2747 3571 2874 3636 952,
2910 3570 3081 3625 isdem
3104 3585 3198 3624 rex
3251 3570 3526 3633 Edwinus,

1937 3684 2058 3724 cum
2091 3676 2322 3737 cogente
2362 3663 2543 3733 aliqua
2574 3665 2723 3734 regni
2756 3664 2840 3718 sui
2889 3664 3314 3733 perturbatione,
3342 3663 3442 3717 hac
3472 3663 3529 3717 in

1937 3758 2105 3813 maris
2143 3767 2318 3826 parte,
2376 3770 2598 3810 ascensa
2650 3756 2794 3819 navi,
2832 3755 2990 3809 vellet
3016 3754 3291 3819 devenire,
3321 3765 3533 3824 pertur-

1935 3849 2155 3904 batione
2199 3858 2483 3903 ventorum
2513 3845 2652 3901 facta
2697 3845 2929 3915 navique
2958 3845 3166 3911 collisa,
3197 3845 3386 3899 mediis
3431 3842 3532 3898 itu-

1942 3943 2117 3997 ctibus
2165 3942 2455 4011 absorptus
2501 3948 2603 3994 est.
2651 3937 2816 4008 Cujus
2859 3953 3055 4007 corpus
3102 3954 3225 3992 cum
3275 3938 3342 3992 ad
3385 3937 3537 3994 littus

1939 4042 2083 4086 esset
2108 4032 2414 4095 devectum,
2442 4029 2772 4101 Adalolphus
2803 4043 3008 4093 comes,
3035 4029 3290 4098 quoniam
3318 4028 3537 4098 propin-

1939 4140 2078 4196 quus
2121 4125 2172 4179 ei
2211 4122 2417 4179 carnali
2466 4122 2932 4192 consanguinitate
2976 4130 3114 4185 erat,
3159 4136 3282 4175 cum
3330 4119 3537 4175 honore

1941 4232 2184 4282 sumens,
2237 4215 2304 4269 ad
2335 4215 2505 4270 sancti
2536 4212 2742 4269 Bcrtini
2797 4213 3184 4268 monasterium
3238 4211 3428 4266 detulit
3455 4218 3542 4264 ιιι--

1943 4308 2278 4362 mulandum.
2308 4306 2436 4361 l’ost
2457 4306 2610 4376 cujus
2635 4313 2888 4367 mortem,
2920 4303 3090 4359 frater
3118 4303 3234 4372 ejus
3256 4318 3349 4356 rex
3373 4300 3536 4355 Adal-

1872 4424 1918 4482 ι)
1947 4409 2152 4463 steuus,
2175 4398 2406 4468 plurima
2440 4397 2563 4451 huic
2598 4396 2716 4450 loco
2743 4396 2796 4449 in
2830 4394 2946 4463 ejus
2969 4395 3310 4465 eleemosyua
3336 4393 3540 4448 direxit

1953 4497 2184 4555 exemia,
2229 4498 2311 4553 et,
2365 4487 2436 4542 ob
2483 4488 2572 4553 id,
2613 4484 2853 4555 ejusdem
2898 4486 3206 4541 monasterii
3247 4485 3544 4538 monachos

1955 4581 2260 4636 amabiliter
2306 4579 2545 4648 suscepit
2588 4579 2652 4632 ad
2687 4594 2744 4633 se
2781 4579 3078 4634 venientes.
3113 4576 3323 4645 Reliqui
3360 4586 3541 4632 autem

1958 4671 2386 4733 monachorum,
2443 4683 2674 4737 quorum
2721 4682 2816 4721 cor
2869 4667 3008 4721 Deus
3042 4663 3375 4718 visitationis
3431 4680 3545 4720 suae

1957 4763 2130 4835 gratia
2190 4760 2575 4824 illustraverat,
2617 4757 2855 4827 regulam
2917 4754 3305 4824 amplectentes
3357 4769 3547 4810 mona-

1957 4858 2167 4912 chicam
2195 4855 2262 4907 ad
2289 4853 2564 4923 proprium
2603 4850 2803 4906 reversi
2843 4862 2971 4905 sunt
2999 4847 3413 4911 monasterium,
3445 4847 3554 4904 En-

1959 4944 2220 5018 gelandns
2265 4942 2564 5006 videlicet,
2617 4941 2717 4993 loci
2770 4936 2931 5006 hujus
2988 4945 3148 4992 antea
3193 4937 3557 5006 praepositus;

1960 5035 2308 5094 Grimbaldus
2331 5049 2455 5087 cum
2487 5029 2827 5093 Drotbwino,
2871 5031 2987 5103 ipsa
3033 5026 3328 5080 senecmtis
3354 5030 3562 5087 canitia

1961 5122 2258 5182 venerandi
2285 5139 2300 5188 ;
2328 5133 2453 5191 post
2487 5124 2584 5176 hos
2610 5117 2946 5188 Adalolphus
2996 5127 3053 5173 et
3079 5113 3376 5180 Galandus,
3407 5117 3571 5192 Sig“-
