3982 5292
606 244 747 303 i263

1671 222 1998 303 FOLQQINI
2038 218 2098 277 S.
2137 215 2415 273 BERTINI
2450 214 2757 273 MONACHI

3686 210 3782 266 lilii

602 357 722 411 nari
750 355 987 424 poterat,
1007 342 1217 419 Agiloni
1238 341 1494 415 quodam,
1519 338 1703 396 Sancti
1734 337 1862 408 Apri
1895 335 2182 400 monacho,
2214 316 2258 374 Α
2291 328 2542 393 vandum,
2595 342 2736 382 anno
2781 341 2812 380 a
2857 325 3136 382 nativitate
3190 324 3400 382 Domini
3453 325 3566 383 952.
3599 326 3784 402 Suscepit

604 446 885 503 Toletante
911 438 1167 503 civitatis,
1200 452 1322 493 cum
1354 432 1634 497 Womaro,
1679 428 1949 484 Blandinii
2001 442 2189 483 mona-

592 536 757 593 sterii
788 531 1070 595 monacho,
1111 543 1217 583 non
1246 540 1369 582 cum
1398 522 1610 579 abbatis
1641 520 1877 585 nomine,
1929 516 2190 590 regularis

602 628 732 686 vita:
784 623 1043 696 regimen,
1091 619 1290 675 comite
1325 617 1572 688 jubente,
1623 621 1677 667 et
1720 609 1965 667 Gerardo
1997 610 2189 664 abbate

606 716 1000 780 consentiente,
1029 725 1349 768 concessum
1389 718 1492 764 est.
1538 706 1695 761 Brevi
1718 712 1899 759 autem
1931 699 2192 774 post'hrec

606 820 873 881 tempore,
916 805 1144 878 Agilone
1191 810 1424 865 mortuo,
1469 799 1712 856 Gerardo
1771 796 1966 852 abbate
2010 804 2192 866 postu-

606 900 753 954 lante
787 938 800 963 ,
846 906 902 952 et
945 895 1144 951 comite
1187 890 1414 948 Arunlfo
1457 897 1767 952 annuente,
1819 885 1977 941 Wido
2025 885 2192 955 ipsius

607 990 833 1047 Gerardi
862 1003 1050 1059 nepos,
1073 986 1242 1043 abbas
1270 985 1321 1040 in
1346 984 1449 1040 hoc
1469 981 1797 1038 monasterio
1819 986 2189 1044 consecratur,

610 1097 753 1136 anno
813 1080 1111 1135 nativitatis
1165 1076 1462 1132 Dominicze
1501 1074 1647 1139 947;
1696 1074 1795 1129 sub
1849 1070 2003 1142 cujus
2058 1079 2192 1125 temo

606 1188 741 1242 pore
800 1169 986 1242 Unago
1045 1168 1264 1240 quidam
1328 1165 1627 1238 puerulus,
1679 1178 1711 1219 a
1761 1171 1918 1234 patre
1963 1160 2190 1229 Odoue,

609 1261 847 1318 civitatis
875 1257 1227 1325 Monsteriali,
1252 1256 1549 1311 monachus
1579 1254 1667 1309 hic
1691 1251 1903 1308 oblatus
1939 1249 2190 1305 efﬁcitur.

610 1353 757 1417 Post,
786 1352 954 1407 isdem
983 1349 1149 1406 abbas
1176 1347 1358 1413 Wido,
1383 1346 1509 1417 quia
1533 1344 1695 1399 nimis
1725 1357 1875 1397 vana:
1896 1340 2197 1412 iuventutis

612 1444 807 1517 gaudia
834 1443 1160 1508 sectabatur,
1193 1440 1333 1512 apud
1359 1438 1614 1495 comitem
1642 1437 1945 1501 incusatus,
1978 1433 2193 1490 abbatia

610 1547 703 1599 est
742 1536 1042 1603 fraudatus,
1088 1544 1143 1591 et
1185 1533 1360 1589 sancti
1392 1532 1624 1586 Bavonis
1671 1529 2001 1585 monasterio
2030 1528 2198 1582 abbas

615 1639 700 1686 est
733 1628 1055 1684 destinatus.
1094 1624 1391 1681 Womarus
1426 1632 1605 1678 autem
1655 1621 1893 1692 regimen
1941 1619 2197 1674 monasti-

613 1736 736 1775 cum
765 1720 865 1775 sub
899 1715 1131 1788 regulari
1162 1715 1383 1787 regebat
1428 1711 1786 1769 districtione.
1812 1711 1929 1778 Quo
1957 1721 2199 1781 tempore

616 1828 719 1883 ego
746 1812 861 1884 ipse
890 1810 1006 1865 haec
1051 1808 1295 1863 scribens
1319 1805 1634 1876 Folquinus,
1681 1819 1711 1857 a
1741 1813 1899 1874 patre
1936 1801 2201 1872 Folquino

615 1916 781 1973 supra
828 1898 941 1969 jam
993 1907 1315 1964 memorato,
1378 1904 1553 1950 matre
1605 1892 1886 1959 Thiedala,
1918 1895 1984 1949 de
2033 1906 2200 1962 regno

616 1992 877 2049 Lothario
915 1990 1059 2046 dicto
1106 1989 1213 2044 huc
1266 1986 1556 2052 adductus,
1623 1997 1765 2037 anno
1813 1981 2203 2037 incarnationis

614 2085 944 2149 felicissimae
979 2081 1191 2139 Domini
1217 2080 1385 2135 nostri
1401 2077 1526 2134 Jesu
1552 2075 1753 2131 Christi
1782 2074 1904 2140 948,
1937 2074 2023 2129 die
2054 2073 2206 2129 festi-

615 2178 803 2234 vitatis
830 2174 1148 2231 elevationis
1179 2172 1349 2228 sancti
1375 2169 1604 2235 Bertini,
1640 2182 1760 2239 qua:
1808 2166 2046 2223 succedit
2088 2181 2205 2221 om-

616 2269 769 2325 nium
812 2276 1121 2322 sanctorum
1177 2261 1496 2327 festivitati,
1545 2268 1735 2314 sancto
1780 2257 2002 2313 Bertiuo
2055 2255 2207 2313 obla-

617 2369 732 2424 tus,
765 2356 1093 2421 monachus,
1140 2352 1275 2423 proh
1324 2349 1510 2406 dolor!
1570 2348 1870 2404 facietenus
1912 2362 2032 2403 sum
2075 2344 2206 2402 ell‘e-

616 2457 761 2506 cms'
875 2513 1155 2573 Lxxvnt.
1200 2512 1277 2569 De
1321 2510 1684 2567 Hildebrando
1728 2509 1933 2565 abbate.

695 2628 869 2699 Supra
913 2633 1248 2683 memoratus
1276 2623 1440 2692 igitur
1483 2621 1751 2693 gloriosus
1781 2619 2078 2675 marcbises
2105 2619 2206 2674 Ar-

619 2718 823 2783 nulfus,
851 2726 974 2788 post
1016 2714 1301 2771 Widouem
1350 2714 1681 2769 antedictum
1735 2711 2005 2776 abbatem,
2038 2715 2207 2782 parvo

620 2818 745 2880 post
808 2816 1068 2876 tempore,
1133 2802 1499 2859 Hildebrando
1557 2801 1739 2872 nepoti
1782 2816 1903 2867 suo,
1954 2800 2205 2855 eumdem

622 2897 1014 2954 monasterium
1064 2893 1393 2950 eontradidit
1440 2893 1509 2948 ad
1571 2892 1867 2965 regendum
1917 2893 2018 2949 sub
2053 2890 2208 2961 cujus

624 2998 869 3058 tempore
895 2986 969 3041 ita
1022 2985 1076 3039 in
1110 2985 1214 3039 hoc
1244 2981 1574 3039 monasterio
1616 2982 1920 3038 sanctitatis
1964 2982 2207 3037 excrevit

2289 422 2452 478 etiam
2480 420 2768 493 prredictus
2797 420 2967 478 abbas
3007 422 3060 477 in
3102 423 3431 478 monasterio
3458 427 3705 493 quemdam
3724 445 3786 485 ca-

2289 515 2545 570 nonicum
2579 513 2832 569 Saxonici
2855 515 3093 584 generis,
3126 514 3619 583 nomineOdoldum,
3645 518 3698 572 ad
3712 538 3788 576 mo-

2290 608 2557 663 nasticum
2584 607 2980 678 coufugientem
3004 608 3273 674 habitum;
3308 607 3395 662 cui
3425 608 3490 663 ad
3521 609 3788 668 imbuendam

2290 715 2584 770 puerorum
2635 700 2837 756 scolam
2868 700 3161 755 commisit.
3193 699 3327 754 Erat
3370 701 3511 754 enim
3538 701 3789 759 litteratoria

2291 801 2409 845 arte
2476 791 2856 862 peritissimus.
2909 791 2976 845 Et
3027 790 3266 845 decaniaa
3333 806 3516 847 curam
3566 794 3787 858 commisit,

2293 899 2456 956 quam
2504 899 2674 955 usque
2697 884 2877 951 hodie,
2906 883 3017 940 Deo
3046 884 3364 949 miserante,
3394 883 3545 955 regit.

2293 1016 2531 1073 LXXIX.
2566 1015 2640 1072 De
2668 1018 3002 1072 conversione
3025 1016 3401 1071 monachorum
3427 1017 3479 1070 in
3506 1017 3740 1084 Atrebatis,
3757 1032 3787 1075 et

2774 1090 2839 1142 de
2863 1086 3163 1159 Regenoldo
3188 1088 3394 1141 abbate.

2365 1198 2498 1256 Cum
2537 1199 2699 1271 igitur
2720 1199 2869 1256 locus
2919 1200 3024 1255 iste
3053 1201 3310 1272 religione
3334 1215 3439 1270 qua
3475 1201 3793 1272 supradiximus

2295 1295 2505 1366 vigeret
2536 1296 2638 1351 sub
2690 1294 2917 1366 praefato
2966 1294 3181 1359 abbate,
3231 1294 3486 1366 cogitatio
3534 1296 3691 1351 incidit
3718 1302 3792 1368 glo-

2295 1387 2441 1443 rioso
2466 1387 2650 1443 comiti
2681 1386 2925 1452 Arnulfo,
2958 1399 3017 1442 ut
3060 1389 3177 1459 pari
3206 1389 3463 1457 religione
3500 1390 3650 1446 sancti
3674 1389 3792 1446 Vada-

2298 1482 2367 1535 sti
2399 1480 2712 1535 nobilitaret
2738 1479 3151 1535 monasterium.
3188 1477 3340 1537 Unde
3368 1490 3424 1535 et
3443 1480 3678 1537 accersito
3693 1484 3791 1539 don-

2299 1589 2369 1628 no
2392 1573 2583 1627 abbate
2607 1570 2994 1636 llildebrando,
3024 1571 3223 1626 direxit
3244 1570 3311 1626 ad
3342 1573 3577 1627 eumdem
3601 1584 3791 1630 monaste-

2229 1673 2273 1732 Β
2306 1666 2444 1719 rium
2499 1663 2883 1736 (posteaquam
2922 1662 3327 1734 congregationi
3376 1664 3715 1720 monachorum
3736 1665 3791 1720 Si-

2306 1755 2594 1811 tbiensium
2660 1755 3018 1825 quadrianuis
3069 1753 3448 1824 prmfuisset),
3503 1763 3559 1810 ut
3620 1758 3790 1827 exemplo

2302 1864 2527 1919 operum
2574 1862 2794 1904 suorum
2846 1855 2901 1903 et
2941 1846 3322 1903 exhortatione
3375 1849 3441 1903 ad
3486 1848 3790 1903 observantiam

2303 1955 2399 1997 eos
2427 1941 2748 1995 accenderet
2792 1940 3108 1996 monasticae
3157 1939 3379 2009 regulas.
3426 1939 3539 2007 Quo
3574 1956 3673 1994 cum
3709 1956 3789 2009 per-

2304 2034 2558 2097 venisset,
2585 2043 2640 2088 et
2676 2032 2728 2087 id
2771 2047 2870 2102 pro
2913 2047 3023 2102 quo
3046 2040 3270 2087 venerat
3312 2031 3530 2101 implere
3558 2031 3790 2085 omnimodis

2305 2132 2595 2194 satagerct,
2646 2123 2714 2178 ad
2772 2122 3020 2177 ultimum
3077 2122 3338 2192 praefatus
3382 2121 3624 2192 gloriosus
3672 2137 3790 2177 eomes

2305 2215 2524 2268 obedire
2551 2213 2794 2269 nolentes
2841 2214 3097 2285 praecepit
3134 2214 3468 2269 monasterio
3490 2213 3651 2278 exire;
3674 2228 3788 2267 mona-

2306 2308 2458 2363 sterii
2480 2317 2658 2362 autem
2686 2322 2872 2362 curam
2908 2321 3031 2362 cum
3066 2306 3149 2360 his
3176 2306 3269 2375 qui
3296 2314 3657 2367 remanserant,
3676 2304 3785 2358 eidem

2308 2399 2489 2455 abbati
2535 2400 2788 2470 prtecepit
2815 2399 3140 2469 gubernare.
3185 2397 3309 2465 Quo
3350 2397 3403 2451 id
3446 2411 3538 2467 pro
3574 2395 3727 2449 viribus
3747 2405 3786 2445 at

2310 2503 2522 2565 tempus
2534 2505 2756 2549 strenue
2781 2492 3129 2563 adimplente,
3158 2507 3254 2563 pro
3281 2491 3465 2546 labore
3482 2499 3533 2545 et
3555 2488 3785 2545 exhortatio-

2309 2601 2379 2641 nc
2407 2602 2528 2655 quae
2569 2585 2673 2640 illis
2715 2593 2900 2653 utpote
2940 2582 3164 2638 rudibus
3215 2581 3453 2651 impendi
3487 2590 3592 2636 erat
3627 2592 3780 2639 necesse.

2310 2677 2683 2751 negligebatur
2709 2679 2777 2734 ab
2806 2677 2896 2733 illo
2934 2676 3087 2733 locus
3114 2675 3655 2746 iste.Deprecatuse5t
3675 2681 3780 2726 antes

2312 2772 2480 2828 isdem
2534 2772 2703 2827 abbas
2771 2770 3014 2826 inclitum
3089 2769 3426 2825 marchisum
3484 2765 3718 2830 Amulium,
3748 2771 3780 2816 ut

2312 2862 2700 2918 monasterium
2764 2862 2867 2917 hoc
2927 2860 3106 2915 Sithiu
3167 2859 3334 2916 alicui
3364 2873 3431 2914 ex
3467 2858 3582 2928 ipsis
3614 2854 3779 2910 fratribus

2312 2953 2675 3011 committeret
2694 2954 3127 3025 gubernandum,
3167 2967 3255 3019 ne,
3287 2952 3419 3008 dum
3457 2948 3778 3007 curisinsistuu

604 3081 835 3153 .religio,
885 3086 946 3134 ut
978 3076 1155 3132 forma
1192 3085 1247 3131 et
1300 3075 1607 3144 exemplum
1665 3074 1805 3129 foret
1842 3074 2053 3130 cunctis
2111 3088 2206 3144 per
2234 3062 2281 3126 C
2313 3046 2627 3153 Tonaswm
2684 3043 3472 3153 “nius."nfeligt‘ret'alterius'.
3503 3041 3697 3142 Annaeus
3724 3049 3778 3153 δῖ

591 3172 908 3230 .~eircuitum
934 3169 1259 3225 constructis
1286 3164 1650 3221 monasteriis.
1680 3163 2002 3221 Gaudebant
2048 3165 2217 3237 siqui-

605 3263 748 3320 dem
784 3259 1034 3316 monachi
1089 3258 1190 3315 sub
1221 3266 1370 3313 tanto
1405 3255 1568 3312 Patre
1614 3256 1918 3322 constituti,
1949 3257 2208 3327 quoniam

589 3357 711 3412 meis
743 3364 798 3412 et
842 3353 1101 3410 interiora
1151 3350 1415 3407 mentium
1446 3365 1542 3406 sua
1575 3350 1958 3405 exhortatione
1985 3349 2219 3405 admini—

614 3444 835 3503 stra’bat
857 3443 1076 3515 pabula,
1106 3451 1163 3498 et
1204 3441 1475 3496 exteriora
1526 3439 1847 3510 corporibus
1886 3438 2218 3495 sufficienter

632 3540 913 3612 praebebat
958 3537 1292 3600 necessaria,
1333 3534 1585 3591 studebat
1613 3545 1816 3599 autem,
1850 3534 1991 3590 inter
2013 3534 2217 3605 reliqua

598 3658 603 3665 -
628 3641 832 3687 sancta:
860 3630 1058 3701 regula:
1084 3636 1375 3699 praecepta,
1398 3626 1632 3695 jussioni
1676 3626 1805 3681 huic
1835 3626 2069 3681 maxime
2089 3627 2219 3682 obe-

604 3722 769 3789 "dire,
805 3736 912 3793 qua
960 3721 1142 3775 abbati
1176 3720 1488 3790 praecipitur
1529 3726 1589 3773 ut
1617 3716 1836 3773 studeat
1882 3717 2003 3789 plus
2045 3716 2217 3772 amari

616 3829 795 3887 quam
824 3813 1022 3878 timeri,
1054 3825 1113 3867 ut
1143 3827 1231 3876 ne,
1269 3812 1394 3867 dum
1428 3810 1590 3866 nitnis
1617 3811 1869 3867 eraderet
1912 3810 2216 3881 eruginem,

611 3903 974 3974 Tfrangeretur
1018 3903 1270 3958 humanae
1304 3900 1609 3974 fragilitatis
1636 3915 1764 3966 vas;
1809 3900 2221 3956 discretionem-

615 4012 741 4068 vque
779 3998 851 4051 ita
875 3996 927 4051 in
948 3996 1159 4051 cunctis
1196 3995 1310 4051 suis
1333 3994 1544 4049 actibus
1583 3993 1920 4059 assumebat,
1943 4001 2002 4048 ut
2032 3992 2084 4048 in
2102 3992 2221 4061 jus-

622 4090 878 4144 sionihus
900 4089 1013 4145 suis
1048 4096 1193 4143 esset
1219 4096 1275 4143 et
1320 4088 1463 4157 quod
1495 4086 1664 4143 fortes
1687 4094 1968 4157 cuperent,
1992 4095 2049 4142 et
2074 4088 2218 4158 quod

618 4178 839 4234 'infirmi
864 4192 971 4232 non
998 4176 1326 4247 refugerent.
1353 4175 1645 4231 Ordinatus
1666 4186 1751 4231 est
1781 4186 1960 4232 autem
1987 4193 2132 4234 anno
2152 4178 2219 4233 ab

634 4264 1010 4323 incarnatione
1036 4263 1250 4319 Domini
1288 4263 1392 4319 950
1437 4278 1468 4319 a
1504 4262 1785 4318 Vincfrido
1814 4262 2219 4321 Tarvennensis

639 4357 897 4414 Ecclesia:
917 4355 1190 4428 episcopo,
1216 4370 1305 4410 xvt
1334 4354 1607 4410 Kalendas
1631 4353 1853 4426 Aprilis.
1878 4354 2016 4411 Huic
2040 4366 2217 4413 autem

637 4464 823 4506 comes
853 4444 1132 4513 Arnulfus,
1176 4445 1345 4517 ipsius
1376 4446 1591 4502 abbatis
1634 4446 1965 4513 avunculus,
1993 4447 2060 4502 ad
2093 4464 2223 4505 usus

636 4544 869 4602 fratrum
901 4537 1004 4594 sub
1030 4550 1095 4593 eo
1136 4536 1431 4592 viventium
1465 4536 1698 4592 reddidit
1740 4536 1923 4591 villam
1954 4551 2227 4608 nuncupa-

640 4640 756 4688 tam
816 4630 1041 4694 Arecas,
1092 4643 1213 4699 quae
1271 4627 1351 4682 uti
1400 4626 1557 4699 longe
1609 4626 1837 4685 inferius
1887 4629 2086 4685 dixisse
2140 4645 2227 4686 me

642 4722 889 4788 memini,
920 4737 1087 4776 unum
1117 4730 1236 4777 erat
1276 4735 1345 4776 ex
1382 4720 1770 4792 principalibus
1797 4722 2027 4778 abbatia:
2054 4736 2226 4777 mem-

639 4815 775 4881 bris,
807 4824 861 4870 et
884 4815 1096 4870 abbatis
1123 4814 1442 4885 obsequium
1483 4821 1603 4868 erat
1624 4814 1874 4884 deputata
1900 4831 1915 4880 ;
1945 4814 2000 4869 in
2036 4830 2141 4885 qua
2170 4823 2227 4869 et

645 4907 862 4963 abbatis
908 4906 1206 4977 anliquitns
1247 4906 1420 4962 sessio
1460 4905 1529 4962 ab
1568 4907 1869 4968 inquirenti
1914 4905 2226 4976 frequenta-

2313 3139 2428 3191 tcm
2458 3150 2660 3202 comes,
2711 3151 2833 3191 cum
2872 3135 3016 3190 illius
3051 3133 3303 3200 consilio,
3341 3133 3546 3189 cuidam
3581 3129 3778 3201 ipsiusmo-

2318 3227 2540 3284 nasterii
2573 3227 2863 3291 monacho,
2918 3225 3134 3282 nomine
3164 3224 3490 3297 chenoldo,
3526 3221 3678 3276 fratrum
3693 3224 3768 3267 tan-

2318 3317 2608 3390 tumfvolun
2619 3326 2728 3375 tate
2748 3318 3018 3380 obstante,
3046 3317 3098 3370 in
3116 3300 3769 3371 abbatis‘sublimarithomte.

2322 3411 2618 3470 Ordinatus
2649 3420 2735 3467 est
2780 3421 2960 3466 autem
3001 3425 3143 3465 anno
3189 3407 3258 3463 ab
3285 3407 3629 3463 incarnatione
3648 3396 3778 3455 Domini

2317 3502 2444 3569 954,
2472 3519 2547 3558 xu
2577 3501 2849 3559 Kalendas
2875 3500 3097 3572 Aprilis,
3127 3499 3196 3554 ab
3217 3498 3505 3563 Wicfrido,
3531 3485 3782 3549 Tarranensis

2321 3598 2576 3655 Ecclesia:
2605 3598 2852 3668 praesule.
2894 3596 3290 3652 llildebrandus
3324 3603 3498 3651 autem
3526 3592 3671 3651 abbas,
3690 3580 3782 3638 nobis

2319 3689 2614 3750 flentibus.
2655 3705 2840 3744 curam
2877 3689 3181 3743 animarum
3237 3688 3416 3743 eidem
3462 3686 3629 3740 domno
3673 3670 3781 3731 abbati

2318 3781 2628 3854 Regenoldo
2653 3781 3017 3845 committens,
3050 3779 3328 3835 Atrebatis
3355 3777 3526 3834 rediit.
3553 3766 3783 3843 Regenohlus

2321 3886 2501 3928 autem
2526 3874 2693 3929 abbas
2718 3874 2852 3928 satis
2890 3871 3132 3942 pervigili
3158 3886 3287 3927 cura
3330 3869 3571 3925 sollicitus
3593 3870 3681 3919 erat
3698 3858 3781 3913 circa

2321 3966 2560 4036 regimen
2611 3964 2913 4018 animarum
2972 3963 3071 4018 sibi
3137 3962 3564 4023 commissarum;
3617 3954 3657 4007 in
3696 3944 3783 4003 brevi

2322 4068 2503 4112 autem
2531 4065 2772 4126 tempore
2802 4054 3049 4111 amabilis
3093 4055 3275 4110 extitit
3301 4054 3538 4110 onmibus
3565 4056 3610 4103 et
3627 4047 3781 4100 devotus.

2322 4148 2423 4215 Qui
2450 4148 2803 4204 confirmatus
2832 4148 2884 4203 in
2917 4148 3035 4202 loco
3055 4149 3185 4202 emit
3215 4162 3244 4201 a
3265 4146 3488 4217 quodam
3505 4141 3605 4195 viro
3623 4127 3786 4191 illustris-

2320 4239 2480 4303 simo,
2520 4236 2741 4310 Hugone
2765 4237 3044 4301 vocabulo,
3067 4237 3356 4307 adjuvante
3391 4231 3561 4289 inclito
3577 4218 3785 4310 marchiooe

2321 4328 2573 4395 Arnulfo,
2601 4328 2887 4383 ecclesiam
2929 4304 3219 4398 quamdam
3262 4328 3317 4382 in
3356 4326 3546 4381 honore
3579 4304 3784 4373 sancti“

2254 4406 2530 4495 D'chaelis
2586 4428 2950 4476 constructam
2972 4462 2988 4487 ,
3027 4430 3387 4491 nuncupatam
3420 4403 3785 4495 Vuachimrilhfu

2328 4515 2489 4569 sitam
2526 4512 2581 4567 in
2606 4527 2743 4583 pago
2786 4511 3114 4580 Bononensi,
3158 4487 3309 4566 libris
3332 4525 3366 4565 v
3408 4487 3787 4564 denariorutttJlic

2329 4606 2494 4661 etiam
2550 4613 2793 4676 tempore
2865 4602 3161 4676 regiminis‘
3190 4606 3306 4670 sui,
3350 4598 3692 4659 consentiente,
3721 4584 3785 4676 ίφο

2328 4673 2684 4769 compellente
2727 4673 2962 4769 glorioso
2996 4698 3196 4754 comite
3236 4694 3470 4759 Arnulfo,
3500 4685 3643 4746 sancti
3674 4673 3784 4774 Ant-lt?

2330 4794 2467 4849 mari
2519 4792 2775 4863 reliquias
2817 4808 2940 4846 cum
2979 4792 3189 4847 honore
3214 4790 3459 4852 maximo,
3482 4792 3529 4841 et
3556 4791 3652 4836 cum
3672 4766 3787 4827 mulli‘

2334 4884 2493 4940 modo
2536 4901 2601 4941 ac
2626 4884 2972 4941 devotissimo
3002 4883 3384 4938 monachorum
3409 4893 3469 4933 ac
3507 4864 3783 4929 canonico"!!!l
3878 4942 3879 4949 γ

2647 4985 2701 5008 nl
2735 4986 2906 5008 Insul-tus
2958 4983 3106 5008 Imnnc
3134 4973 3375 5008 Rha-nim
3400 4970 3519 5008 αἶπος
3566 4960 3663 5008 huic
3878 4958 3879 5007 ‘

2333 4975 2591 5008 n‘uuann‘n
