3982 5292
204 395 343 451 1265

1557 387 2131 448 μηΑῐὶΤυιΑΒΙῢΜ.

3329 402 3466 459 1265

200 512 322 563 dem
346 507 626 561 custodem
650 524 679 561 a
710 504 917 562 balneis
943 519 1240 570 reversum,
1265 503 1441 560 subita
1473 502 1784 559 infirmitate
1813 485 1858 546 Α
1887 501 2089 557 familia
2115 499 2355 572 ejusdem
2402 501 2712 558 monasterii
2754 503 2916 559 nullis
2942 505 3268 576 quibuslibet
3295 509 3468 564 homi-

199 610 530 669 Curreptum,
564 609 637 676 et,
665 601 718 654 ni
749 600 1136 654 intercessione
1166 606 1487 653 succurrant
1512 595 1783 661 monachi,

243 708 326 748 uox
358 707 479 746 esse
526 693 865 746 moriturum.
901 690 1054 758 Quod
1091 691 1370 747 audientes
1400 689 1598 745 fratres
1621 730 1636 756 ,
1665 702 1788 744 cum

227 783 402 852 'aptim
437 799 576 837 unus
624 783 1044 847 Eucharistiam,
1093 783 1230 836 alter
1259 792 1503 837 sacratas
1528 781 1790 850 reliquias

202 871 402 927 afferre
429 881 777 931 conarentur.
813 888 940 927 ecce
965 872 1102 926 alter
1137 873 1290 926 adest
1329 872 1574 936 nuntius,
1606 871 1791 926 dicens

198 964 283 1018 eis
331 979 400 1018 ne
449 964 889 1027 sollicitarentur,
939 964 1194 1033 quoniam
1256 964 1424 1018 isdem
1486 964 1789 1035 presbyter,

201 1064 394 1110 sancto
427 1056 497 1109 illi
549 1056 860 1110 Audomaro
900 1056 1121 1127 dignam
1168 1055 1516 1126 blasphemia:
1573 1070 1788 1126 pmnam

195 1145 484 1211 reddente,
520 1147 810 1201 terminum
837 1147 1119 1218 praesentis
1147 1146 1363 1202 fecisset
1390 1148 1532 1202 vitae.
1567 1147 1792 1218 Cognito

195 1251 384 1296 autem
427 1242 530 1296 hoc
574 1241 754 1312 populi
791 1241 1030 1312 undique
1055 1242 1120 1295 ad
1166 1241 1454 1296 ecclesiam
1495 1255 1790 1296 concurre-

194 1342 351 1399 runt,
385 1343 437 1388 et
495 1334 663 1390 facult
702 1343 754 1388 te
799 1349 903 1403 qua
953 1341 1227 1402 poterant,
1269 1333 1522 1403 reliquias
1574 1341 1793 1388 sanctas

194 1426 627 1480 honoraverunt.
656 1425 859 1478 Partim
887 1432 1064 1478 autem
1081 1439 1339 1495 prospere
1365 1439 1460 1495 pro
1485 1425 1683 1494 quibus
1706 1437 1793 1478 ve-

198 1530 400 1574 nerant
427 1521 726 1590 acquisit's.
757 1519 989 1574 ecclesia
1041 1519 1092 1573 in
1141 1518 1398 1573 Frekenis
1425 1518 1570 1588 regia
1625 1518 1792 1572 dona-

199 1613 352 1664 tione
384 1620 621 1680 recepta,
663 1626 786 1665 cum
823 1610 1064 1679 reliquiis
1109 1609 1279 1662 sancti
1315 1610 1379 1662 ad
1421 1609 1634 1678 propria
1665 1616 1791 1662 sunt

196 1701 429 1756 reversi.
474 1701 586 1756 Sub
634 1701 840 1771 przefati
886 1703 1099 1756 abbatis
1142 1702 1183 1765 l,
1238 1702 1659 1769 gloriosissimus
1695 1719 1789 1756 rex

197 1791 614 1846 occidentalium
665 1793 991 1847 Francorum
1026 1793 1326 1848 Ludovicus
1371 1794 1602 1848 decessit
1627 1809 1655 1847 a
1683 1809 1787 1849 s:e-

197 1879 345 1942 cuio,
379 1890 435 1936 et
483 1881 688 1946 Remis,
720 1883 770 1936 in
815 1883 1147 1936 monasterio
1193 1883 1364 1936 sancti
1419 1884 1671 1955 Remigii,
1710 1893 1796 1939 est

207 1968 509 2024 tumulatus
538 1987 589 2025 ιχ
630 1971 754 2026 ldus
785 1971 1142 2041 Septembris.
1176 1972 1271 2026 Cui
1297 1973 1348 2025 in
1381 1988 1545 2041 regno
1576 1990 1794 2028 succes-

197 2059 277 2114 sit
315 2059 455 2115 lilius
481 2059 599 2127 ejus
621 2063 794 2116 adhuc
824 2077 958 2131 puer
988 2061 1296 2128 Lotharius,
1332 2080 1387 2116 tu
1415 2064 1539 2118 ldus
1566 2064 1795 2118 Novem-

214 2149 350 2214 bris,
387 2151 441 2204 in
499 2165 678 2222 regem
714 2153 782 2207 ab
819 2152 1042 2206 Artoldo
1092 2153 1479 2223 archiprzesule
1510 2154 1796 2210 Bernensis

198 2240 453 2295 ecclesia:
481 2253 846 2297 consecratus.

288 2332 425 2404 (Sub
452 2349 560 2402 quo
598 2334 854 2389 Arnulfus
890 2349 1095 2398 comes,
1129 2344 1182 2390 et
1206 2335 1494 2392 Sithiensis
1523 2337 1794 2403 Ecclesiae,

199 2434 471 2494 quantum
523 2425 588 2478 ad
639 2422 954 2495 temporale,
997 2427 1429 2493 administrator,
1459 2429 1796 2500 privilegium

201 2523 568 2579 immunitatis
590 2525 1126 2594 confirmationisque
1167 2526 1432 2581 bonorum
1456 2541 1484 2579 a
1505 2527 1800 2596 semetipso

202 2618 480 2681 datorum,
513 2628 566 2672 et
593 2619 848 2686 deinceps
881 2617 1287 2683 donandorum;
1319 2617 1444 2670 item
1493 2617 1559 2670 de
1587 2617 1797 2687 justitia

197 2725 371 2779 quam
430 2711 724 2765 debeamus
754 2711 980 2774 habere,
1023 2711 1076 2764 in
1124 2710 1375 2764 omnibus
1419 2709 1550 2764 locis
1599 2711 1801 2766 nostris

203 2801 539 2871 impetravit,
571 2803 865 2858 secundum
905 2803 1045 2856 hanc
1078 2800 1309 2856 formam
1333 2816 1454 2872 quae
1484 2801 1571 2857 hic
1605 2803 1802 2857 verbo-

205 2903 371 2948 tenus
397 2893 698 2964 inseritur).

556 2987 844 3056 Exemplar
871 2987 1126 3058 privilegii
1155 2988 1446 3059 impetrati.

285 3079 337 3150 (7
372 3079 600 3135 Ianuar.
636 3081 785 3152 962.)
820 3101 839 3132 ‹
867 3081 923 3136 In
963 3083 1180 3136 nomine
1208 3093 1410 3136 sanctae
1436 3089 1489 3136 et
1516 3081 1806 3136 individua:

1889 592 2049 647 uibus
2078 591 2321 648 foderum
2351 593 2534 658 daret;
2581 603 2637 648 et
2688 603 2746 649 ut
2791 610 2854 649 ea
2882 612 3003 666 qum
3032 611 3062 652 a
3094 597 3338 654 fidelibus
3379 609 3467 654 re~

1889 687 2033 741 centi
2063 694 2302 757 tempore
2329 702 2589 743 concessa
2637 697 2782 752 sunt,
2817 700 2998 745 nostra
3047 707 3260 764 quoque
3285 703 3472 750 aucto-'

1891 775 2053 830 ritate
2113 775 2492 840 firmaremus,
2550 776 2826 831 humiliter
2875 780 3167 848 petierunt.
3228 781 3470 849 Quorum

1889 867 2240 938 petitionibus
2269 868 2500 923 libenter
2543 869 2942 938 acquievimus;
2982 875 3041 926 ct
3093 873 3161 928 ita
3195 874 3247 928 in
3297 875 3472 931 omni-

1892 957 1994 1011 bus
2023 957 2390 1024 concedimus,
2434 967 2595 1029 alque
2634 975 2732 1029 per
2777 961 2876 1016 hoc
2906 973 3234 1033 praeceptum
3269 966 3471 1020 confir-

1892 1062 2124 1111 mamus,
2156 1048 2342 1103 fiscum
2381 1049 2630 1104 videlicet
2677 1049 2880 1116 Morke,
2927 1068 3048 1107 cum
3093 1055 3343 1109 omnibus
3373 1071 3470 1125 ap-

1892 1140 2188 1208 penditiis,
2239 1157 2402 1211 quem
2457 1142 2502 1197 is
2562 1141 2776 1198 inclitus
2828 1144 3133 1200 marchisus
3175 1144 3474 1212 Arnulfus,

1895 1241 2081 1288 noster
2129 1233 2497 1299 ﬁdelissimus,
2540 1235 2714 1290 eidem
2757 1235 2876 1292 loco
2921 1248 3107 1293 sancto
3153 1240 3471 1305 tradiderat,

1891 1326 2286 1392 consentiente,
2329 1328 2439 1382 imo
2469 1336 2692 1398 rogante
2741 1329 2936 1384 Athala
2978 1330 3218 1400 ejusdem
3250 1331 3478 1404 conjuge

1896 1416 2227 1472 nobilissima
2259 1457 2272 1481 ,
2316 1427 2557 1486 tempore
2605 1433 2710 1486 quo
2756 1418 2870 1488 ipsa
2932 1419 3252 1475 feminarum
3301 1421 3478 1492 prima

1895 1508 2124 1563 tentavit
2172 1510 2377 1579 ingredi
2432 1519 2615 1563 sancta
2667 1509 2836 1576 ipsius
2889 1512 3204 1567 monasterii
3255 1511 3474 1579 limina;

1894 1600 2076 1654 villam
2123 1601 2284 1655 etiam
2339 1600 2509 1656 Arcas
2560 1602 2797 1666 dictam,
2847 1618 3008 1672 quam
3056 1605 3226 1658 isdem
3263 1617 3479 1674 qquue

1895 1689 2060 1745 victui
2103 1689 2332 1744 fratrum
2379 1691 2622 1757 adauxit,
2669 1691 2721 1745 in
2759 1708 2863 1762 qua
2898 1694 3175 1749 etalodem
3217 1694 3480 1752 Everardi

1897 1780 2162 1846 illustris,
2203 1779 2442 1848 ejusdem
2487 1781 2588 1837 loci
2635 1783 2904 1848 advocati,
2933 1801 3092 1855 quem
3143 1795 3264 1854 post
3321 1801 3478 1841 suum

1896 1870 2103 1924 obitum
2149 1870 2278 1940 ipsis
2309 1871 2528 1925 tradidit
2577 1871 2834 1928 fratribus
2880 1875 3316 1945 suscipiendum;
3367 1891 3482 1931 mo-

1895 1961 2189 2016 nasterium
2217 1977 2432 2032 quoque
2489 1963 2660 2018 sancti
2710 1965 3006 2032 Michaelis,
3040 1966 3480 2024 Wachimvillare

1896 2053 2122 2118 dictum,
2151 2070 2272 2109 cum
2305 2056 2631 2124 appenditiis
2659 2057 2770 2112 suis
2797 2073 2810 2123 ;
2859 2057 3111 2114 Petresse
3141 2075 3355 2130 quoque
3392 2075 3484 2116 ec-

1895 2143 2143 2211 clesiam,
2172 2145 2379 2215 praefati
2419 2147 2674 2203 marchisi
2720 2146 3019 2218 traditione‘
3037 2149 3331 2206 donatam:
3366 2152 3483 2207 haec

1896 2237 2076 2291 omnia
2105 2237 2280 2292 eidem
2305 2237 2425 2294 loco
2453 2248 2644 2294 sancto
2671 2240 3057 2296 confirmamus
3099 2243 3262 2314 regali
3297 2253 3484 2298 aucto-

1896 2325 2079 2381 ritate.
2111 2325 2345 2381 Proinde
2374 2328 2473 2383 hos
2527 2336 2741 2386 nostros
2773 2329 2980 2401 regales
3020 2331 3200 2402 apices
3230 2330 3344 2386 ﬁeri
3367 2330 3485 2400 jus-

1899 2417 2102 2482 simus,
2151 2433 2251 2488 per
2297 2435 2436 2489 quos
2484 2435 2830 2477 successores
2876 2431 3092 2478 nostros
3131 2423 3482 2478 admonemus

1899 2517 1959 2562 ut
1991 2508 2134 2562 sicut
2180 2509 2440 2576 praedicto
2487 2511 2818 2566 monasterio
2857 2511 3228 2567 concessimus
3255 2552 3269 2577 ,
3299 2495 3370 2565 ita
3403 2510 3478 2565 illi

1902 2609 2080 2671 ratum
2124 2609 2180 2654 et
2225 2601 2420 2656 stabile
2462 2618 2782 2672 permanere
2811 2605 3158 2673 permittant;
3187 2614 3245 2659 ut
3275 2603 3478 2659 nullam

1901 2691 2220 2747 divisionem
2259 2692 2311 2747 in
2361 2695 2706 2750 monasteriis
2747 2704 2840 2750 aut
2886 2695 3037 2752 cellis
3065 2697 3149 2751 vel
3189 2695 3331 2751 villis
3380 2710 3478 2750 seu

1902 2783 2116 2838 caeteris
2161 2784 2589 2852 possessionibus
2632 2786 2830 2842 faciant
2889 2795 2981 2842 aut
3028 2787 3209 2844 facere
3252 2788 3490 2859 permit-V

1906 2883 2042 2939 tant,
2074 2884 2168 2929 aut
2193 2876 2246 2930 in
2287 2869 2436 2930 alios'
2456 2893 2583 2933 usus
2611 2888 2978 2949 retorqueant.
3014 2879 3118 2935 Sed
3148 2880 3329 2935 ethoc
3355 2894 3484 2935 san-

1905 2965 2081 3020 eimus
2109 2975 2272 3036 atque
2303 2970 2673 3037 decernimus,
2703 2981 2763 3026 ut
2810 2973 2989 3027 nullus
3007 2972 3170 3044 judex
3216 2971 3489 3044 publicus,

1905 3067 2000 3112 aut
2033 3059 2290 3128 quislibet
2337 3075 2404 3115 ex
2443 3060 2728 3130 judiciaria
2779 3073 3081 3133 potestate,
3124 3065 3178 3118 in
3227 3062 3495 3119 ecclesias

205 3169 516 3226 Trinitatis.
548 3173 858 3234 Lotharius,
901 3174 1080 3227 divina
1109 3173 1398 3229 ordinante
1431 3172 1795 3238 Providentia,

1907 3159 2001 3204 aut
2024 3161 2249 3206 caeteras
2271 3155 2643 3223 possessiones
2668 3158 2952 3210 memorati
2984 3157 3318 3221 monasterii,
3351 3171 3488 3227 quas

204 3275 308 3315 rex
333 3261 686 3316 Francorum.
717 3263 852 3318 Cum
881 3263 1014 3318 locis
1047 3262 1232 3317 divino
1265 3264 1432 3318 cultui
1477 3265 1795 3335 maneipatis

1906 3255 2048 3294 nunc
2073 3242 2330 3310 possidet,
2353 3243 2437 3296 vel
2466 3259 2586 3313 qua:
2625 3245 2878 3314 deinceps
2918 3245 3148 3301 voluerit
3178 3246 3361 3300 divina
3392 3261 3487 3316 po-

200 3352 280 3406 ob
301 3351 495 3406 divina:
525 3353 800 3408 servitutis
833 3369 1095 3418 amorem,
1128 3369 1285 3422 opem
1317 3369 1613 3424 congruam
1666 3353 1799 3408 feci-

204 3458 354 3507 mus,
406 3443 739 3510 imperialem
771 3443 1017 3513 profecto
1061 3458 1265 3497 morem
1315 3442 1570 3497 decenter
1612 3441 1800 3511 imple-

202 3549 356 3594 mus,
371 3542 424 3586 et
439 3533 592 3586 nobis
615 3535 681 3587 ad
706 3533 1159 3588 remunerationis
1179 3539 1396 3586 aternze
1409 3532 1626 3602 praemia
1643 3547 1802 3600 cape-

204 3625 413 3678 seenda
468 3623 806 3694 profuturum
869 3624 1022 3678 firma
1080 3623 1402 3678 credulitate
1455 3624 1798 3679 confidimus.

205 3713 421 3770 Idcirco
469 3726 656 3769 notum
719 3730 840 3770 esse
894 3716 1457 3783 voiumuslomnibus
1533 3715 1798 3779 fidelibus,

205 3815 265 3860 et
337 3807 538 3861 nostris
596 3805 956 3875 praesentibus
1026 3807 1232 3861 scilicet
1286 3816 1339 3862 et
1381 3805 1617 3872 futuris,
1675 3807 1800 3876 quia

204 3896 542 3951 venerabilis
587 3897 866 3961 Arnulfus,
914 3897 1157 3951 marchio
1187 3897 1462 3965 abbasque
1491 3911 1557 3950 ex
1611 3911 1800 3950 mona-

203 3988 382 4041 sterio
412 3987 644 4042 coenobii
673 3988 874 4052 Sithiu,
915 3988 1057 4056 quod
1086 3996 1169 4042 est
1198 3987 1360 4041 situm
1395 3987 1446 4041 in
1480 4001 1614 4056 pago
1661 3985 1735 4040 Ta
1749 3993 1803 4040 r-

205 4077 436 4132 vanensi
457 4119 471 4142 ,
503 4087 870 4132 constructum
901 4082 952 4132 in
983 4080 1189 4133 honore
1234 4087 1435 4132 sancta:
1465 4077 1559 4131 Dei
1589 4078 1802 4149 genitri-

208 4170 297 4223 cis
357 4183 681 4238 semperque
747 4169 976 4241 virginis
1044 4169 1264 4235 Mariae,
1331 4178 1386 4223 et
1437 4169 1801 4238 apostolorum

207 4259 364 4314 Petri
392 4268 439 4313 et
475 4259 652 4325 Pauli,
708 4261 761 4315 in
792 4277 900 4332 quo
935 4277 1162 4331 corpora
1202 4261 1486 4315 beatorum
1527 4259 1803 4315 confesso-

210 4365 336 4404 rum
368 4350 660 4406 Audomari
689 4361 850 4422 atque
873 4352 1076 4406 Bcrtini
1112 4352 1484 4422 requiescunt,
1523 4351 1613 4406 ubi
1639 4351 1802 4406 etiam

207 4445 469 4513 praesenti
497 4455 736 4514 tempore
758 4445 1180 4515 praenominatus
1205 4445 1392 4509 abbas,
1425 4453 1647 4500 auctore
1671 4445 1799 4508 Deo,

1903 3337 2074 3383 testas
2105 3331 2316 3400 augeri,
2339 3332 2406 3385 ad
2429 3347 2623 3386 causas
2646 3332 2939 3402 judiciario’
2976 3349 3127 3389 more
3163 3334 3485 3400 audiendas,

1900 3415 1986 3468 vel
2021 3415 2172 3472 freda
2203 3427 2298 3472 aut
2331 3421 2538 3475 bannos
2583 3422 2898 3489 exigendos,
2943 3432 3037 3477 aut
3060 3424 3366 3480 mansiones
3403 3425 3489 3479 vel

1902 3517 2120 3575 paratas
2169 3508 2481 3575 faciendas,
2538 3520 2631 3566 aut
2688 3512 2932 3568 foderum
2980 3515 3348 3585 exigendum,
3395 3526 3491 3571 aut

1902 3598 2248 3668 lidejussores
2277 3602 2560 3670 tollendos,
2594 3614 2688 3658 aut
2709 3605 2955 3662 homines
2981 3608 3150 3676 ipsius
3176 3608 3489 3662 monasterii

1901 3689 2360 3762 distringuendos,
2401 3709 2502 3750 nec
2539 3695 2677 3751 ullas
2725 3696 3072 3753 redibitiones
3135 3705 3230 3754 aut
3275 3697 3491 3752 illicitas

1901 3785 2215 3840 occasiones
2265 3787 2640 3857 requirendas,
2689 3788 2800 3843 ullo
2843 3805 3080 3860 unquam
3128 3799 3373 3862 tempore
3400 3790 3485 3844 in-

1901 3875 2052 3943 gredi
2106 3877 2307 3933 audeat
2353 3877 2438 3934 vel
2486 3894 2553 3933 ea
2595 3895 2718 3949 quae
2749 3891 3047 3936 memorata
3097 3890 3224 3936 sunt
3272 3881 3491 3951 penitus

1900 3976 2156 4023 exactare
2213 3979 2541 4040 praesumat;
2595 3973 2690 4027 sed
2741 3972 2900 4028 liceat
2956 3983 3256 4029 memorato
3306 3971 3489 4029 abbati

1903 4061 2127 4117 Arnulfo
2156 4104 2170 4125 ,
2225 4063 2446 4134 suisque
2485 4066 2912 4131 successoribus,
2955 4081 3043 4121 res
3087 4066 3328 4136 praedicti
3376 4081 3493 4120 mo-

1903 4155 2123 4209 nasterii
2151 4195 2166 4218 ,
2207 4170 2330 4210 cum
2391 4155 2643 4212 omnibus
2700 4157 2867 4213 fredis
2908 4167 2962 4213 et
3002 4156 3195 4223 hannis
3221 4157 3336 4213 sive
3364 4172 3494 4214 con-

1903 4246 2072 4300 cessis
2126 4246 2227 4302 sub
2288 4255 2474 4303 nostra
2527 4247 2836 4320 defensione
2881 4251 3068 4320 quieto
3119 4249 3308 4304 ordine
3361 4264 3509 4318 pose.

1903 4335 2119 4400 sidere;
2178 4346 2446 4405 quatenus
2488 4337 2632 4407 ipsos
2690 4354 2877 4394 servos
2900 4339 3034 4403 Dei,
3094 4354 3193 4408 pro
3242 4338 3501 4392 nobisao

1905 4440 2003 4494 pro
2064 4427 2360 4482 stabilitate
2429 4429 2591 4482 totius
2666 4429 2816 4500 regni
2891 4429 3060 4485 nostri
3101 4443 3131 4482 a
3172 4427 3284 4482 Deo
3331 4427 3490 4482 nobis

209 4551 449 4606 praeesse
474 4536 718 4600 videtur;
751 4547 952 4591 nostra:
983 4536 1217 4589 innotuit
1274 4535 1542 4604 maiestati
1570 4535 1795 4604 qualiter

1906 4517 2194 4580 concessi,
2245 4517 2449 4587 jugitcr
2498 4518 2590 4572 Dei
2641 4518 3075 4574 misericordiam
3121 4531 3351 4572 exorare
3400 4516 3495 4571 de.

206 4627 527 4696 jamdudum
579 4637 818 4694 tempore
862 4628 1290 4697 praedecessorcs
1319 4633 1574 4693 parentes
1605 4625 1800 4690 nostri,

215 4735 373 4790 reges
403 4719 652 4774 videlicet
681 4717 1010 4772 Francorum
1040 4717 1214 4772 eidem
1241 4715 1574 4770 monasterio
1610 4714 1804 4784 regali-

215 4813 317 4864 bus
347 4811 647 4881 privilegiis
694 4809 856 4865 talem
893 4808 1270 4864 concedissent
1308 4807 1709 4870 auctoritatem,
1745 4814 1804 4860 ut

218 4902 348 4956 illud
375 4919 496 4957 cum
527 4903 779 4957 omnibus
821 4901 887 4954 ad
929 4916 988 4956 se
1026 4900 1446 4972 pertinentibus,
1477 4898 1578 4954 sub
1613 4913 1805 4969 perpe-

217 5003 306 5046 tua
339 5009 522 5048 eorum
551 4994 876 5049 defensionis
906 5002 1154 5050 maneret
1194 4992 1510 5048 securitate.
1557 4990 1663 5045 Sed
1701 5007 1802 5062 pro
1894 5021 1900 5029 ’

220 5084 488 5139 ﬁrmitatis
518 5086 726 5150 inditio,
765 5084 1176 5153 postulaverunt
1207 5094 1266 5136 ut
1304 5097 1412 5136 non
1441 5081 1636 5146 solum,
1665 5097 1804 5152 prae-

220 5177 558 5206 ιΙηηΛηι-Αυη...
613 5186 908 5206 -ιηηιιοησηιιη
962 5189 1156 5206 ..Αηηση
1221 5189 1426 5206 ann-nm
1475 5182 1765 5206 ean-Innitu-

1905 4604 2085 4660 lectet.
2149 4606 2216 4660 Et
2273 4617 2332 4660 ut
2403 4608 2521 4662 hmc
2582 4609 2878 4663 auctoritas
2945 4605 3151 4662 nostris
3189 4605 3494 4676 futurisque

1909 4697 2262 4767 temporibus,
2295 4698 2406 4753 Deo
2437 4707 2772 4774 protegente,
2797 4698 2974 4754 valeat
3021 4695 3332 4751 inconvulsa
3358 4712 3483 4766 per-

1907 4799 2152 4850 manere,
2204 4801 2368 4842 manu
2418 4789 2634 4858 propria
2665 4803 2787 4843 eam
2829 4784 3498 4852 ﬁrmavimus,etoamiuli

1908 4878 2080 4934 nostri
2113 4879 2465 4950 impressione
2491 4880 2765 4952 assignari.
2783 4878 3068 4949 jussimus.
3127 4936 3130 4938 _

1985 4988 2004 5022 ι
2049 4971 2244 5025 Actum
2273 4987 2348 5026 vtt
2377 4972 2502 5028 Idus
2537 4970 2818 5037 Januarii,
2851 4974 3119 5042 regnante
3150 4967 3360 5036 domno
3395 4969 3505 5025 L0»-

1912 5061 2274 5128 tliario,anno
2302 5080 2423 5131 vm,
2449 5063 2748 5118 indictione
2777 5080 2855 5124 vt.

1989 5171 2009 5203 ι
2051 5152 2244 5206 Actum
2273 5153 2515 5206 Lenduni
2545 5154 2796 5206 feliciter-
2850 5179 2880 5206 ι.
