3982 5292
540 270 676 333 ηϐῚ

1612 276 1933 345 FOLQUINI
1970 275 2029 331 S.
2073 269 2347 328 BERTlNl
2386 267 2692 329 MONACHI

3641 260 3737 315 1268

540 384 882 458 piuguedinis
923 386 1133 458 liquore
1184 388 1370 456 vestis,
1427 389 1480 445 in
1529 406 1633 461 qua
1692 394 1984 462 apparebat
2026 405 2123 461 per
2150 395 2198 455 Α
2229 390 2281 445 in
2317 406 2505 453 uuutu,
2550 389 2620 444 ob
2649 388 2750 443 hoc
2797 385 2992 457 ipsum,
3028 381 3294 447 collectis,
3333 394 3454 434 cum
3490 391 3651 433 eorum
3670 392 3737 428 ro-

541 476 682 542 loca,
728 479 780 532 in
835 477 1014 534 erucis
1048 481 1263 535 modum
1292 481 1567 538 videretur
1595 482 1795 540 inlecta
1827 501 1842 551 ;
1883 485 1979 541 sed
2014 499 2120 539 non

543 576 664 624 erat
710 585 873 624 nosce
919 585 986 625 ex
1021 586 1126 640 qua
1160 572 1638 629 accideratcausa.
1681 574 1838 631 Unde
1883 564 2126 630 time'utis

542 657 779 728 regionis
817 658 978 729 hujus
1025 660 1230 730 populi,
1271 675 1340 716 ne
1389 662 1609 732 aliquod
1656 662 1924 732 ﬂagellum
1964 679 2128 735 super

545 765 641 804 eos
666 749 975 805 immineret
1006 751 1200 805 irritati
1230 752 1468 819 Domini,
1509 754 1575 809 ad
1597 756 1862 811 orationis
1888 756 2127 811 studium

545 840 881 911 frequentius
914 854 1232 911 accurrunt,
1271 846 1575 917 templaque
1602 850 1952 919 requietionis
1981 864 2131 902 sum-

548 948 763 988 morum
787 945 1137 1004 patronorum
1168 938 1461 994 Audomari
1511 949 1671 1010 atque
1693 942 1895 997 Dertiui
1919 943 2131 999 exeniis

548 1028 750 1098 quibus
778 1038 1029 1099 poterant
1055 1031 1375 1087 invisebant.
1427 1031 1738 1091 Vuielridus
1772 1036 1960 1099 etiam,
1990 1036 2130 1091 Tar-

546 1120 805 1176 vanensis
854 1121 1088 1179 civitatis
1133 1124 1453 1194 episcopus,
1510 1127 1672 1182 totius
1729 1129 1985 1197 episcopii
2048 1130 2131 1184 sui

546 1211 803 1280 populum
853 1213 954 1269 sub
1014 1213 1113 1267 hac
1163 1223 1483 1286 tempestate
1538 1218 1792 1274 obnixius
1847 1219 2133 1274 Dominum

549 1303 999 1373 supplicaturum,
1028 1306 1094 1360 ad
1134 1305 1310 1361 Sithiu
1353 1306 1827 1376 jussitadvenlare
1860 1321 2133 1368 monaste-

551 1396 713 1453 rium.
765 1397 932 1468 Igitur
960 1415 1014 1454 xl
1043 1400 1316 1457 Kalendas
1357 1402 1655 1468 Februarii,
1684 1416 1886 1461 statuto
1906 1408 2133 1477 Jejunio,

552 1487 830 1558 replentur
866 1491 1057 1560 plateae
1081 1493 1459 1550 innumerabili
1514 1497 1746 1566 populo;
1781 1501 1931 1553 adest
1957 1509 2136 1555 autem

552 1587 609 1632 et
662 1581 947 1653 episcopus
992 1585 1120 1654 ipse,
1174 1595 1229 1640 et
1273 1585 1546 1643 elevantes
1591 1591 1915 1646 sanctissimi
1970 1593 2139 1662 patris

550 1669 846 1726 Audomari
876 1687 1074 1742 corpus
1104 1674 1168 1728 ad
1194 1674 1417 1730 inferius
1443 1680 1827 1733 monasterium
1865 1696 1984 1734 cum
2005 1681 2135 1736 ﬂen-

2227 480 2433 536 luntate
2466 478 2784 548 Adalolpho,
2829 475 3077 547 superius
3098 473 3206 543 jam
3234 470 3528 532 nominato,
3563 476 3610 521 et
3638 469 3739 535 ejus-

2226 570 2352 626 dem
2409 569 2718 625 monasterii
2775 566 3081 628 monacho,
3133 560 3411 619 com1uisit
3450 560 3531 614 die
3566 557 3741 613 solemni

2227 662 2606 717 sacratissima:
2625 660 2806 716 C(ente
2846 672 2990 714 anno
3009 656 3133 720 9M,
3164 651 3465 709 nativitatis
3493 649 3742 713 Dominicze,

2228 768 2350 824 qua:
2387 753 2688 822 contigerat
2730 759 2857 804 tunc
2900 766 2940 804 tl
2984 748 3170 805 Iduum
3218 744 3409 816 aprilis
3439 743 3547 797 dies
3580 756 3641 794 vn
3660 741 3746 795 idus

2229 844 2541 898 earumdem
2582 852 2809 898 ventura
2841 840 3081 910 paschali
3117 837 3474 893 solemnitate.
3515 834 3639 888 Ante
3666 831 3747 886 hac

2231 935 2375 1008 quod
2411 949 2570 1004 supra
2601 932 2859 991 memoria
2893 930 3116 996 excidit,
3166 927 3484 988 Wiefridus,
3513 922 3748 976 Tarvenne

2232 1027 2470 1084 civitatis
2498 1018 2715 1096 praesul,
2736 1042 2765 1079 a
2796 1024 2994 1080 saeculo
3015 1024 3267 1087 decessit,
3290 1033 3436 1073 anno
3456 1015 3642 1071 Domini
3658 1014 3747 1080 939,

2234 1137 2322 1176 xxv
2365 1120 2640 1176 Kalendas
2655 1118 2996 1174 Novembris.
3030 1117 3198 1171 David
3221 1113 3469 1170 Corbeize
3499 1108 3748 1171 monachus,

2236 1212 2288 1266 in
2316 1212 2629 1280 episcopatu
2654 1211 2934 1266 successit.
2966 1208 3303 1277 Adalolphus
3336 1213 3513 1287 autem
3542 1203 3654 1257 satis
3674 1200 3747 1275 sol-

2235 1304 2415 1358 licitus
2455 1312 2576 1358 erat
2625 1303 2693 1356 de
2743 1302 3030 1358 eonunissa
3083 1300 3184 1354 sibi
3228 1293 3648 1367 congregatione,
3675 1304 3748 1345 non

2238 1407 2416 1452 tamen
2460 1395 2675 1451 abbatis
2701 1402 3052 1450 consecratus
3106 1391 3488 1453 ordinatione;
3537 1384 3749 1455 ingeniose

2237 1490 2505 1559 siquidem
2530 1488 2728 1544 comite
2760 1487 3064 1551 factitante,
3082 1485 3229 1555 quod
3254 1495 3379 1554 post
3397 1480 3579 1536 claruit
3602 1479 3648 1532 in
3662 1476 3749 1531 sub-

2238 1582 2483 1652 sequenti
2531 1595 2715 1651 opere,
2747 1588 2807 1634 ut
2845 1579 3024 1649 nepoti
3054 1593 3152 1634 suo
3178 1573 3543 1632 llildebrando
3563 1569 3747 1640 supradi-

2240 1683 2327 1728 cto
2372 1672 2548 1727 locum
2607 1671 2749 1727 hunc
2787 1669 2999 1725 facilius
3033 1668 3228 1723 iterato
3283 1673 3468 1736 posset
3490 1661 3746 1719 condonare.

551 1760 687 1815 tium
713 1764 1033 1833 populorum
1055 1765 1339 1835 deportant
1374 1769 1730 1825 multitudine.
1761 1772 1925 1827 Facta
1951 1784 2132 1829 autem
2166 1742 2213 1804 Β
2239 1764 2358 1831 QUO
2404 1764 2458 1817 ill
2508 1772 2747 1832 lempore
2791 1776 2973 1817 comes
3024 1760 3193 1814 itidem
3250 1756 3505 1812 eumdem
3557 1752 3749 1806 ἀθωιιυω

554 1852 689 1911 inibi
739 1855 1013 1921 oratione,
1074 1856 1379 1913 relevantes
1428 1859 1669 1931 ejusdem
1716 1863 1889 1918 sancti
1940 1878 2137 1934 corpus

554 1947 991 2018 sanctasiiuique
1036 1949 1265 2018 Bertiui,
1318 1952 1543 2021 piissimi
1569 1968 1787 2009 suorum
1818 1956 1872 2010 in
1896 1957 2136 2013 necessi-

552 2037 754 2093 tatibus
807 2040 1155 2109 protectoris,
1205 2056 1310 2094 una
1361 2056 1483 2096 eum
1534 2044 1736 2099 sanctis
1780 2044 2038 2101 Richario
2084 2055 2139 2101 ct

552 2126 832 2184 Walarico
886 2130 953 2185 ad
981 2131 1232 2201 superius
1269 2132 1517 2189 deferunt
1567 2136 1980 2200 monasterium,
2004 2137 2139 2193 calle

556 2221 807 2289 repetito.
857 2220 1100 2292 Cumque
1152 2223 1424 2278 venissent
1463 2225 1514 2279 iu
1566 2216 2140 2298 interstitio'quodam

554 2312 783 2366 duorum
814 2314 1288 2382 monasteriorum,
1316 2315 1568 2387 episcopo
1597 2334 1904 2374 sermonem
1938 2322 2140 2377 facien-

556 2413 612 2460 te
645 2406 712 2459 ad
751 2406 1029 2476 populum,
1062 2408 1365 2475 ,Rodulfus,
1417 2426 1575 2480 quem
1607 2428 1768 2483 supra
1822 2416 2140 2482 memoravi,

557 2505 759 2552 terram
788 2500 1078 2568 quamdam
1104 2500 1436 2557 haereditatis
1463 2517 1574 2557 suae
1600 2515 1964 2574 nuncupatam
1993 2509 2039 2578 (l
2058 2508 2140 2577 l5)

560 2626 581 2647 ς
654 2625 674 2644 .
749 2628 768 2646 .
845 2631 859 2644 .
938 2631 954 2647 .
1033 2630 1048 2645 .
1126 2630 1143 2648 .
1221 2631 1237 2647 .
1318 2596 2146 2665 .conjugeetliliisconsentien-

558 2682 728 2747 tibus,
785 2692 973 2739 sancto
1026 2684 1243 2741 Bertin
1292 2688 1514 2742 tradidit
1563 2688 1963 2759 possidendam.
2001 2690 2147 2747 Uxor

558 2787 690 2829 vero
736 2774 852 2842 ejus
881 2776 1034 2830 binas
1066 2792 1258 2832 aureas
1320 2778 1532 2834 lunulas
1555 2782 1953 2851 promptissima
1974 2783 2147 2838 cidem

560 2873 753 2920 sancto
774 2868 1040 2921 concessit
1064 2868 1366 2936 voluntate;
1407 2872 1658 2939 posthoc,
1688 2884 1999 2927 sanctorum
2027 2890 2149 2931 cor-

564 2971 695 3028 pora
727 2957 795 3013 ad
822 2959 997 3013 sancti
1027 2960 1317 3015 Audomari
1369 2964 1759 3017 monasterium
1786 2974 1915 3020 sunt
1937 2964 2144 3032 delata;

558 3059 747 3120 atque,
801 3049 855 3104 in
910 3051 1132 3104 introitu
1190 3051 1471 3117 ecclesiae,
1524 3054 1591 3109 ad
1628 3054 1865 3109 hominis
1884 3064 2146 3110 staturam

560 3142 806 3199 trabibus
833 3141 1228 3213 superelevata,
1261 3143 1361 3210 sub
1383 3158 1446 3199 ea
1476 3145 1792 3215 populorum
1826 3146 1879 3200 in
1915 3145 2146 3201 ecclesia

560 3236 942 3291 subintrabant
988 3238 1224 3307 agmina.
1296 3237 1480 3308 Igitur,
1524 3238 1650 3308 quia
1669 3238 1780 3309 jam
1811 3254 1911 3293 uox
1941 3240 2150 3294 incum-

560 3329 746 3396 bebat,
794 3331 963 3385 abbas
992 3330 1355 3407 Regenoldus.
1409 3333 1747 3402 prospiciens
1765 3332 1878 3402 jam
1902 3349 2006 3389 non
2030 3350 2150 3390 esse

563 3421 793 3489 reditus,
855 3423 967 3476 illic
1016 3438 1136 3477 cum
1176 3431 1485 3478 sanctorum
1530 3426 1849 3494 corporibus
1873 3436 2028 3481 nocte
2059 3426 2150 3480 illa

561 3522 647 3567 est
685 3523 1050 3583 pernoctatus.
1099 3513 1156 3570 lu
1204 3515 1445 3570 crastino
1501 3516 1874 3585 obsequente,
1922 3528 2153 3588 utroque

566 3605 1020 3660 iuouaSteriorum
1072 3614 1343 3661 conventu
1403 3606 1470 3659 ad
1523 3608 1740 3677 propria
1803 3609 2152 3679 requietionis

565 3694 682 3750 loca
724 3704 857 3751 sunt
897 3696 1118 3752 referta.
1149 3696 1278 3752 Post
1311 3699 1426 3753 hinc
1466 3698 1745 3754 Rikeliuus
1785 3700 2000 3771 quidam
2027 3713 2154 3757 tunc

564 3789 822 3860 puerulus
874 3790 964 3846 hic
1002 3792 1301 3847 monachus
1326 3801 1409 3847 est
1436 3792 1686 3859 oblatus;
1714 3808 1835 3847 cum
1864 3809 1971 3863 quo
2000 3805 2155 3864 pater

566 3884 756 3954 ipsius,
797 3887 1017 3941 nomine
1073 3886 1299 3952 Vualdo,
1338 3886 1622 3942 ecclesiam
1661 3888 1950 3957 quamdam
1980 3888 2153 3943 hmre~

499 3984 505 3997 '
567 3976 755 4033 ditatis
779 3992 909 4042 suae,
934 3977 988 4031 in
1018 3977 1142 4032 villa
1170 3977 1375 4033 Granai
1398 3979 1540 4033 dicta
1564 3993 1722 4033 sacro
1750 3979 1873 4034 huic
1897 3979 2011 4034 loco
2041 3989 2151 4033 tra-

568 4069 726 4131 didit,
754 4084 913 4139 quam
946 4079 1002 4124 et
1039 4085 1137 4139 per
1161 4070 1503 4141 praecariam,
1528 4071 1584 4125 in
1605 4086 1704 4125 sua
1733 4079 1788 4126 et
1816 4071 1910 4125 lilii
1934 4071 2156 4127 alterius

565 4162 732 4217 vitam
762 4161 1184 4215 emeliorandam
1220 4161 1443 4230 recepit.

640 4252 857 4309 LXXX.
890 4252 1044 4318 Quod
1065 4252 1209 4307 locus
1231 4254 1314 4307 hic
1335 4270 1366 4306 a
1392 4252 1614 4308 Domino
1633 4255 1780 4324 ca’pit
1802 4254 2081 4325 ﬂagellari.

639 4345 737 4401 His
766 4343 1116 4414 temporibus,
1137 4343 1316 4399 nescio
1336 4354 1514 4399 utrum
1538 4347 1775 4415 peccatis
1791 4346 2153 4416 exigentibus,

568 4454 639 4494 an
664 4438 960 4493 secundum
986 4438 1127 4507 quod
1154 4437 1350 4509 legitur
1384 4441 1690 4511 scriptum:
1727 4461 1743 4493 ι
1780 4441 1949 4508 Quem
1982 4440 2156 4512 diligit

567 4529 834 4587 Dominus
888 4530 1157 4601 corripit;
1213 4529 1447 4602 ﬂagellat
1500 4543 1680 4588 autem
1724 4549 1939 4589 onmem
1987 4534 2154 4589 ﬁlium

569 4635 733 4689 quem
759 4616 983 4691 recipit;
1016 4640 1035 4674 ι
1069 4622 1220 4678 locus
1267 4624 1353 4678 hie
1381 4623 1806 4695 lacrymabiliter
1826 4624 2094 4681 elel'antize
2123 4641 2154 4681 a

572 4712 689 4768 Deo
708 4713 855 4783 lepra
884 4715 1047 4784 coepit
1082 4715 1361 4786 ﬂagellari.
1397 4715 1516 4784 Quo
1559 4718 1770 4784 morbo,
1813 4719 1955 4787 quod
1978 4719 2153 4790 lacry-

572 4816 785 4859 mosum
825 4813 932 4869 est,
985 4805 1214 4862 domnus
1256 4807 1420 4862 etiam
1464 4807 1631 4864 abbas
1662 4808 2005 4879 Regenoldus
2030 4824 2157 4878 per-

575 4911 786 4963 cassus,
808 4896 910 4952 loci
948 4896 1104 4966 hujus
1132 4899 1390 4969 regimen,
1425 4908 1583 4970 prout
1612 4910 1843 4970 poterat,
1870 4914 2012 4955 anno
2042 4898 2157 4954 fere

574 4990 787 5028 ἰηιρσιιη
811 4995 931 5028 Μαί
957 4987 1071 5028 ham
1096 4989 1314 5028 rnaahol
1355 5000 1563 5028 cant-alo
1582 4991 1778 5028 innallu
1805 5005 2134 5028 nnnmarcnnc

2182 4484 2233 4545 D

2234 1855 2595 1925 Adalolphum
2616 1870 2738 1910 cum
2765 1853 2972 1909 exeniis
2998 1851 3066 1906 ad
3096 1864 3280 1921 regem
3318 1857 3471 1907 trans
3497 1856 3625 1897 mare
3644 1840 3746 1893 dire-

2238 1950 2320 2005 xit
2355 1951 2673 2022 Anglorum.
2702 1949 2820 2017 Quo
2857 1947 2968 2015 jam
3006 1955 3156 2000 trans
3183 1958 3339 1999 mare
3361 1940 3553 2000 delato,
3577 1929 3748 1990 Odoldus

2236 2060 2401 2114 supra
2425 2052 2775 2109 memoratus,
2809 2048 2995 2097 uoster
3041 2039 3305 2098 decanus,
3328 2036 3395 2090 de
3421 2031 3637 2103 partibus
3653 2025 3745 2080 citra

2240 2136 2484 2193 Rhenum
2512 2134 2719 2204 positis,
2756 2133 2846 2187 ubi
2882 2130 3216 2186 vindemiare
3247 2127 3432 2181 fuerat
3453 2122 3643 2183 missus,
3663 2130 3742 2172 ctuti

2239 2229 2365 2284 vina
2390 2243 2462 2284 vn
2497 2240 2746 2282 vasorum
2770 2234 2855 2280 est
2877 2238 3145 2279 reversus.
3170 2221 3485 2283 Advenerat
3509 2222 3656 2268 autem
3676 2210 3742 2262 hoc

2242 2323 2296 2377 iu
2347 2318 2590 2389 tempore
2643 2332 2831 2374 eomes
2885 2326 2940 2372 et
2980 2315 3149 2369 abbas
3193 2308 3459 2366 Arnull‘us
3503 2307 3552 2360 in
3575 2300 3741 2368 hocipso

2244 2413 2421 2469 Sitbiu
2465 2408 2817 2474 monasterio,
2862 2415 2917 2461 et
2962 2404 3106 2460 ﬂlius
3139 2402 3258 2471 ejus
3296 2389 3741 2458 Balduinus,juven-

2245 2510 2376 2565 tutis
2419 2507 2550 2562 ﬂore
2595 2503 3030 2566 honestissimus,
3082 2513 3203 2555 cum
3244 2495 3476 2566 conjuge
3516 2487 3739 2588 nuperrime

2245 2605 2568 2674 desponsata
2598 2642 2612 2667 ,
2668 2602 2887 2657 nomine
2942 2595 3199 2653 hlathilda
3232 2635 3249 2659 ,
3310 2586 3551 2648 Saxonici
3599 2586 3741 2681 genere

2244 2693 2437 2764 atquali
2479 2690 2758 2747 nobilitate
2806 2687 3121 2758 conspicua.
3160 2683 3299 2751 Qum
3334 2681 3387 2736 in
3435 2681 3589 2774 primo
3604 2684 3736 2774 eius-I0

2248 2786 2353 2841 hoc
2380 2782 2709 2838 monasterio
2736 2782 3001 2851 ingressa,
3026 2777 3303 2832 cortinam
3334 2768 3595 2842 quamdam
3617 2768 3735 2817 invisa

2250 2875 2654 2949 magnitudinis,
2681 2871 3045 2942 praecipitique
3066 2866 3271 2937 operis,
3308 2864 3435 2919 huic
3467 2860 3568 2949 loco
3588 2865 3737 2909 conces-

2249 2948 2643 3031 sit,ivariorum
2666 2965 2908 3021 colorum
2939 2960 3253 3015 adornatam
3291 2953 3484 3010 tabulis
3505 2948 3605 3022 [qua
3630 2954 3737 3009 υειιυθ

2252 3061 2422 3115 utitur
2449 3057 2680 3114 ecclesia
2713 3056 2812 3110 ista
2834 3068 2932 3123 pro
2952 3051 3069 3106 velo
3091 3037 3574 3119 quadragesimali].
3598 3034 3734 3088 Mittens

2251 3162 2430 3207 autem
2476 3163 2659 3204 comes
2704 3144 2983 3208 Arnulfus,
3044 3138 3506 3213 praecpitvinum
3532 3135 3724 3198 supnmd'

2252 3253 2522 3301 moratum
2552 3241 2753 3310 suscipi
2782 3247 2838 3294 et
2866 3239 2979 3294 suis
3002 3235 3187 3291 usibus
3208 3229 3500 3287 reservari.
3523 3222 3627 3279 Dedit
3640 3227 3727 3316 tete

2252 3338 2305 3392 in
2354 3333 2857 3404 recompensatioue
2923 3328 3183 3384 fratribus
3238 3322 3485 3392 ejusdem
3524 3318 3732 3406 monaslutt

2252 3428 2536 3484 ecclesiam
2567 3424 2859 3495 quamdam
2914 3419 3167 3476 Tetresse
3212 3417 3444 3478 dictam,
3492 3424 3551 3464 ne
3587 3411 3739 3495 rapior“

2254 3519 2549 3574 incurrisse
2576 3490 2852 3571 videretur
2887 3522 3293 3579 notam;quam
3328 3502 3536 3562 tradidit
3561 3513 3590 3551 ιι
3610 3490 3737 3583 Κδιξιιτ

2256 3610 2353 3665 das
2388 3606 2724 3670 Decembris,
2767 3604 2854 3659 die
2896 3577 3208 3658 festivitatis
3236 3596 3413 3653 sancti
3450 3590 3660 3648 Andrum
3681 3577 3737 3670 [sli

2254 3711 2383 3758 sunt
2410 3710 2572 3756 testes
2602 3717 2614 3753 :
2639 3696 2952 3758 Balduinus,
2981 3694 3121 3748 illius
3134 3690 3275 3760 ejus,
3297 3668 3739 3745 consentienti)”

2256 3796 2358 3851 dus
2406 3795 2645 3849 decanos
2668 3831 2683 3857 ,
2742 3787 3052 3844 llemlridus
3083 3782 3440 3854 praepositus,
3473 3764 3737 3842 Engelandus.

2257 3891 2630 3952 Drolltwiuus,
2660 3882 3005 3942 Grimbaldus
3050 3877 3340 3959 monachi,
3372 3866 3615 3959 Amulius,
3635 3866 3741 3959 ηεροδ

2259 3980 2428 4050 ipsius
2457 3978 2670 4035 comitis
2698 3993 2713 4041 ;
2747 3972 3028 4034 Rodull‘us,
3058 3951 3256 4040 prmtor
3285 3967 3544 4024 urbanus;

2258 4040 2382 4137 dus,
2419 4040 2757 4134 advocatus;
2802 4065 3073 4137 Egelbodo
3128 4061 3250 4117 ﬁdei
3292 4057 3583 4114 creditores.
3602 4040 3743 4106 Fol‘llll‘

2258 4180 2379 4229 nus,
2436 4163 2595 4218 levita
2646 4158 3074 4219 etemonachus,
3109 4149 3443 4219 subscripsit.
3467 4137 3743 4229 Posthoeituf

2261 4219 2392 4317 tem',
2449 4250 2771 4305 adveniente
2826 4245 3123 4302 nativitatis
3177 4238 3376 4297 Christi
3420 4236 3517 4296 die,

2260 4361 2445 4402 eomes
2486 4344 2776 4398 Balduiuus
2801 4382 2818 4407 ,
2871 4340 3061 4395 morbo
3086 4379 3101 4403 ,
3154 4351 3311 4407 quem
3343 4327 3521 4387 medici
3563 4313 3742 4373 varium

2259 4450 2478 4507 vocant,
2527 4439 2688 4509 erepit
2745 4446 3029 4507 :egrotare,
3079 4432 3393 4498 tristemque
3439 4419 3574 4509 nobis
3609 4412 3741 4509 feslulll

2258 4548 2355 4588 sua
2390 4500 2630 4586 reddidit
2649 4500 3114 4582 incommoditate.
3166 4520 3262 4576 Die
3286 4525 3458 4572 autem
3480 4500 3741 4602 Laleiida‘rtltl‘l

2257 4622 2674 4684 Ianuariarum,
2724 4632 2835 4689 quo
2880 4615 3225 4671 celebrantur
3277 4616 3474 4665 octavae
3523 4592 3741 4689 nativitatis

2259 4715 2573 4778 Dominicne,
2609 4686 2756 4783 quod
2777 4710 3135 4780 lacrymoinm
3161 4714 3247 4759 est
3280 4700 3433 4756 etiam
3473 4686 3739 4783 dicere,

2260 4822 2381 4863 sum
2406 4772 2689 4875 praesentis
2711 4800 2888 4856 iinivit
2906 4800 3029 4853 vitai
3072 4797 3202 4851 Erat
3226 4805 3400 4849 autem
3428 4772 3739 4875 videl‘ef‘mif‘f

2262 4862 2460 4971 popuio
2508 4897 2789 4962 utriusque
2827 4906 2992 4947 sexus
3028 4899 3085 4945 et
3123 4887 3346 4943 diversa:
3392 4874 3549 4971 aetatis

2264 4954 2657 5028 iul-ulnrnhilorn
2803 4998 2940 5028 nene.
2982 4989 3140 5028 antea
3180 4978 3422 5028 invisum.
3456 4959 3662 5028 Sepultus
3685 4954 3739 5002 esi
