3982 5292
201 368 348 424 ηδε)

1573 373 2148 431 CIIARTULARII‘M.

3352 369 3487 422 ητυ
3501 377 3512 396 ·“

195 476 484 545 Arnul'fus,
538 481 736 537 (ιιι-ειη
765 492 886 552 post
918 483 1364 551 Hildebrandum,
1394 501 1558 556 supra
1589 502 1792 542 memo-
1819 470 1868 528 Α
1898 476 2232 542 lnereditatis
2259 502 2369 542 sua:
2395 493 2603 556 partem
2633 484 2996 554 delegaverat,
3043 490 3092 535 et
3147 481 3286 535 hanc
3335 495 3487 533 eam-

195 580 380 626 ratum
416 572 664 628 abbatem
693 583 747 628 et
776 584 1026 644 nepotem
1061 591 1242 641 suum,
1269 587 1323 631 et
1350 578 1398 632 ei
1428 578 1625 634 iterato
1649 581 1792 637 hunc

191 663 600 718 connnendavit
623 665 820 730 locum,
857 681 1014 734 quem
1041 675 1096 720 et
1127 666 1406 728 hactenus,
1443 669 1793 725 miseratione

191 753 320 818 Dei,
355 757 512 825 regit,
537 757 626 824 qui
655 766 739 811 est
765 773 940 812 annus
964 767 1464 827 supramemoratus
1497 759 1792 815 Dominice

191 846 504 901 nativitatis
533 848 654 903 961.

273 934 427 1000 Quod
450 935 608 990 facile
631 946 747 991 erat
771 937 886 992 fleri
913 940 1168 1008 quoniam
1199 956 1228 994 a
1255 941 1534 995 monachis
1557 941 1791 996 ρωποι)ῑί

189 1021 384 1094 hujus,
431 1028 500 1080 oh
531 1027 655 1081 vitae
696 1029 1065 1097 prolcstatem,
1103 1047 1206 1087 non
1237 1032 1444 1086 modice
1485 1033 1788 1086 amabatnr.

188 1112 271 1166 Et
296 1114 369 1168 ita
401 1125 550 1184 patet
577 1118 718 1186 quod
741 1117 1091 1190 Adalolphus,
1124 1121 1234 1190 jam
1258 1122 1387 1176 dicti
1418 1121 1648 1176 cmuobii
1680 1137 1791 1177 mo-

188 1207 432 1271 nachns,
465 1208 630 1262 cessit
660 1209 917 1265 voluntati
964 1213 1178 1267 comitis
1204 1229 1344 1282 saepe
1383 1214 1533 1279 dicti,
1557 1229 1678 1267 cum
1703 1215 1790 1268 vix

186 1313 347 1355 anno
399 1302 559 1355 unico
598 1302 1051 1360 administraSSet.
1105 1305 1168 1358 Et
1219 1309 1579 1376 postmodum,
1612 1307 1793 1362 IIiIde—

183 1388 392 1443 brandi
431 1392 644 1447 abbatis
671 1394 838 1448 nostri
863 1395 1183 1464 reassumpti
1224 1396 1503 1466 regiminis
1534 1413 1675 1452 anno
1707 1413 1788 1454 ιιι.

182 1479 316 1548 ejus
343 1485 642 1540 avunculus
664 1485 998 1557 Arnulphns,
1028 1487 1297 1556 quondam
1321 1503 1505 1543 comes
1534 1490 1792 1545 Flandra-

183 1590 318 1628 rum
371 1587 426 1631 et
473 1579 660 1643 abbas,
719 1592 778 1634 ut
818 1597 980 1651 supra
1039 1594 1316 1638 ostensum
1361 1594 1465 1651 est,
1499 1584 1791 1655 complevit

183 1662 430 1718 ofﬁcium
462 1667 584 1722 vita:
606 1669 847 1738 sepultus
869 1672 920 1724 in
955 1671 1257 1729 Blamlinio.

270 1753 505 1809 LXXXI.
549 1758 768 1826 Explevi
805 1761 958 1830 jam,
1013 1763 1310 1818 auxiliante
1351 1765 1609 1831 Domino,
1670 1781 1788 1834 quse

1896 582 2019 632 dem
2044 577 2235 632 cellam
2261 575 2327 631 ad
2361 588 2609 632 sanctum
2642 574 2922 629 Bertinum
2946 587 3044 642 pro
3069 581 3223 642 parte
3257 569 3348 623 filii
3401 569 3486 624 sul

1897 669 2187 724 Guntherti
2215 685 2376 738 quem
2426 668 2477 722 in
2531 667 2720 723 eodem
2780 663 3112 719 monasterio
3160 661 3493 717 monachum-

1899 759 2124 824 fecerat,
2157 758 2258 812 sub
2285 767 2545 828 perpetua
2594 755 2851 810 firmitate
2897 753 3246 810 condonavit.
3301 751 3480 805 Prima

1897 859 2076 904 autem
2123 851 2435 904 chartarum
2489 849 2554 902 de
2594 847 2777 912 'villis,
2827 860 2962 916 quas
2990 844 3055 898 ad
3101 842 3346 896 eamdem
3375 841 3487 894 cel-

1896 940 2000 994 Iam
2043 941 2263 995 tradidit
2317 940 2621 1004 nobiscum,
2662 939 2892 994 habetur
2949 936 3016 989 de
3086 935 3484 997 Curmontium,

1895 1048 2016 1102 qua:
2065 1033 2118 1086 in
2169 1031 2362 1087 ordine
2413 1031 2724 1102 scriptionis
2777 1030 2951 1099 prima
2997 1027 3102 1082 erit
3148 1027 3490 1096 subsequen-

1899 1123 2054 1178 tium.

1897 1235 2173 1292 LXXXIII.
2223 1236 2460 1290 Traditio
2506 1235 2739 1289 (.‘oiberti
2797 1235 2860 1288 de
2911 1221 3302 1296 Curmontium,
3339 1239 3472 1284 tem-

2348 1325 2471 1376 pore
2503 1306 2771 1376 Fridogisi
2810 1305 3031 1358 abbatis.

1965 1400 2123 1472 (Aug.
2166 1400 2315 1468 8³51.)
2357 1419 2374 1450 ‹
2415 1400 2622 1454 Domno
2666 1397 2960 1451 venerabili
3010 1396 3062 1450 in
3099 1395 3314 1450 Christo
3343 1392 3486 1465 patri

1895 1492 2205 1563 Fridogiso,
2255 1492 2434 1547 abbati
2483 1492 2548 1545 de
2598 1491 2928 1545 monasterio
2981 1488 3178 1555 Sithiu,
3228 1487 3319 1542 ubi
3379 1488 3487 1542 duo

1896 1583 2024 1651 agii,
2051 1582 2394 1635 Audomarus
2422 1581 2669 1636 videlicet
2699 1595 2803 1634 una
2855 1597 2977 1635 cum
3034 1581 3191 1634 beato
3241 1579 3485 1642 Bertino,

1893 1674 2093 1729 Christi
2139 1672 2349 1727 Domini
2399 1672 2762 1737 confessores,
2798 1671 2848 1725 in
2893 1686 3118 1742 corpore
3173 1679 3484 1740 repausant.

1897 1766 2024 1833 Ego,
2059 1765 2110 1819 in
2143 1765 2232 1818 1)ςί
2265 1765 2500 1829 nomine,
2527 1764 2838 1828 Goihcrtus,
2885 1779 2988 1818 una
3036 1779 3156 1818 cum
3212 1763 3322 1816 IIIIO
3369 1777 3488 1816 meo

177 1844 464 1917 jusseras,
520 1851 716 1906 domne
769 1862 824 1907 et
870 1855 1214 1922 beatissime,
1273 1873 1478 1911 necnon
1517 1867 1570 1913 et
1599 1874 1787 1912 aman-
1823 1834 1866 1894 Β
1895 1859 2219 1922 Gnntberto,
2253 1859 2461 1928 pariter
2507 1859 2820 1922 traditores,
2852 1873 2950 1927 per
3008 1857 3148 1912 hanc
3205 1856 3485 1926 epistolam

185 1937 404 1994 tissime
445 1954 616 2010 pater,
662 1944 990 2014 Adalolpbe,
1047 1950 1516 2018 comprehendens
1573 1952 1624 2005 in
1682 1968 1790 2006 uno

182 2034 385 2088 codice
417 2037 737 2091 traditiones
763 2039 996 2094 fidelium
1025 2057 1144 2095 cum
1177 2043 1383 2097 chartis
1407 2060 1592 2098 earmn
1618 2087 1628 2108 ,
1660 2061 1788 2100 nec-

186 2139 303 2178 non
349 2137 403 2179 et
454 2138 603 2195 gesta
656 2131 913 2184 abbatum
967 2133 1035 2187 ab
1093 2135 1207 2203 ipso
1242 2136 1416 2205 primo
1469 2135 1570 2190 loci
1633 2137 1790 2206 hujus

185 2225 466 2271 strnctore
516 2221 712 2275 domno
761 2219 980 2276 Bertino
1033 2223 1262 2288 abbate,
1315 2241 1486 2296 usque
1539 2229 1604 2280 ad
1659 2228 1788 2281 ulti-

182 2323 366 2374 mum,
400 2310 487 2378 qui
535 2327 675 2366 nunc
700 2326 895 2383 prmest
927 2325 1126 2370 nostra:
1148 2317 1324 2372 :etatis
1357 2330 1616 2388 tempore.
1657 2320 1788 2374 Fra-

188 2403 484 2453 tcrautem
513 2399 564 2453 in
598 2401 708 2470 ipsa
738 2403 998 2469 veritate,
1032 2415 1166 2460 teste
1207 2423 1324 2470 me,
1364 2409 1496 2462 nihil
1531 2410 1616 2464 hic
1641 2410 1784 2464 aliud

183 2492 477 2560 scripsisse
522 2495 662 2563 quod
713 2497 766 2550 in
818 2499 1164 2568 exemplar-iis
1227 2501 1572 2571 antiquorum
1641 2505 1787 2572 potui

185 2583 469 2651 reperire,
501 2593 594 2638 aut
635 2588 872 2642 strenuis
901 2591 1032 2643 viris
1075 2594 1421 2648 narrantibus
1467 2610 1784 2663 agnoscere.

185 2672 249 2728 Si
311 2675 401 2744 qui
461 2687 641 2733 autem
698 2695 784 2733 me
836 2681 1099 2736 invidiose
1167 2685 1436 2739 voluerint
1483 2687 1784 2756 tlilaniarc,

182 2765 419 2821 obsecro
450 2769 917 2836 paternitatissuae
943 2773 1283 2828 refrenentur
1306 2775 1507 2832 favore.
1533 2777 1788 2847 Reliquas

183 2872 323 2912 vero
364 2859 581 2915 chartas
610 2877 707 2931 per
757 2863 1092 2920 diversorum
1127 2868 1560 2923 ministeriorum
1609 2870 1786 2925 oﬂicio

185 2949 478 3018 deputatas
535 2955 718 3008 curavi
776 2958 1065 3025 separatim
1123 2959 1418 3014 inscribere
1461 3001 1475 3024 ,
1530 2970 1590 3015 ut
1642 2965 1785 3032 quod

186 3039 484 3108 unicuique
516 3043 819 3098 ministerio
847 3045 1192 3102 distributum
1236 3059 1355 3104 erat
1379 3092 1392 3107 .
1425 3050 1650 3105 faciliori
1702 3054 1784 3107 in-

183 3129 486 3196 quisitione
556 3144 739 3200 posset
797 3135 1075 3204 inquirens
1132 3139 1404 3210 indagare.
1475 3140 1783 3212 Subscripsi

1895 1951 2206 2006 traditionis
2235 1953 2500 2006 donamus
2529 1951 2680 2006 vobis
2709 1959 3004 2020 spontanca
3034 1951 3307 2003 voluntate
3331 1947 3488 2018 quid-

1891 2044 2020 2115 quid
2053 2044 2254 2099 habere
2284 2043 2365 2097 vel
2395 2044 2676 2098 dominare
2728 2042 2824 2096 visi
2877 2057 3063 2096 smnus
3109 2042 3160 2095 in
3217 2041 3336 2095 loco
3394 2039 3486 2106 qui
3525 2039 3528 2042 ’

1894 2135 2096 2190 dicitur
2127 2133 2530 2198 Curmontium,
2557 2133 2608 2187 in
2636 2148 2775 2204 pago
2806 2131 3134 2196 Bononensi,
3176 2144 3341 2200 super
3385 2129 3480 2180 llu-

1895 2227 2036 2280 vimn
2081 2225 2325 2279 Edivinia
2358 2242 2371 2278 :
2418 2225 2468 2278 id
2497 2233 2600 2288 est,
2624 2237 2870 2278 mansum
2901 2231 2956 2276 et
2981 2237 3160 2276 casam
3194 2218 3483 2290 capitalem

1891 2317 2312 2388 superpositam,
2347 2331 2468 2370 eum
2499 2315 2605 2369 alia
2639 2314 2878 2377 eastitia,
2909 2311 2992 2367 vel
3020 2310 3244 2365 anliflcia
3281 2309 3480 2365 ibidem

1892 2409 2238 2480 pertinentia,
2292 2405 2499 2474 majora
2553 2407 2637 2462 vel
2690 2407 2930 2468 minora;
2997 2418 3103 2457 una
3150 2417 3274 2456 cum
3323 2400 3483 2454 terris

1894 2501 2215 2566 arabilibns,
2263 2500 2456 2570 pratis,
2508 2498 2754 2569 pascuis,
2799 2497 3073 2561 concidis,
3122 2496 3481 2560 eonnnuniis,

1894 2595 2096 2666 perviis
2121 2594 2398 2665 legitimis,
2427 2601 2481 2648 et
2509 2593 2891 2662 wadriseapis;
2926 2591 3108 2645 omnia
3139 2591 3188 2643 in
3214 2589 3481 2652 omnibus,

1895 2701 2008 2738 rem
2042 2684 2449 2754 inexquisitam,
2486 2693 2654 2738 totum
2690 2684 2756 2736 ad
2802 2683 3104 2749 integrum;
3161 2689 3217 2734 ct
3260 2679 3487 2749 insuper

1892 2775 2160 2844 mancipia
2208 2791 2263 2837 x,
2312 2776 2396 2831 his
2435 2775 2744 2830 nominibus
2800 2793 2811 2827 :
2869 2772 3224 2836 Ellefridum,
3275 2771 3483 2826 Odbcr-

1895 2875 2030 2932 tum,
2087 2867 2449 2932 Gerwaldum,
2496 2867 2949 2922 Vuerembaldum
3008 2881 3130 2920 cum
3185 2864 3486 2920 infantibus

1893 2958 2008 3012 suis
2039 2974 2098 3021 ιι,
2132 2957 2387 3012 llildewif
2407 2974 2528 3013 cum
2556 2958 2854 3014 infantibus
2882 2957 2994 3012 suis
3022 2972 3082 3010 ιι.
3133 2955 3256 3011 Haec
3303 2955 3484 3010 omnia

1893 3049 2144 3118 superius
2195 3050 2539 3104 denominata
2585 3051 2655 3105 ad
2709 3049 3013 3118 sepulcrum
3059 3047 3228 3102 sancti
3279 3046 3485 3101 Bertiui

1893 3138 2136 3210 legaliter
2160 3158 2344 3195 coram
2376 3142 2604 3196 testibus
2634 3141 2922 3205 tradimus,
2946 3156 3008 3194 ea
3056 3139 3264 3193 scilicet
3298 3139 3486 3192 condi-

182 3221 353 3275 etiam
407 3238 503 3292 per
546 3227 788 3280 ordinem
842 3227 1072 3284 fratrum
1138 3242 1444 3288 nostrorum
1513 3236 1731 3290 nomina
1769 3277 1784 3303 ,
1814 3201 1859 3262 Ο
1894 3239 2038 3284 tione
2068 3241 2340 3300 miatenus
2367 3240 2485 3300 post
2517 3248 2615 3285 nos
2644 3233 2695 3285 in
2729 3233 2917 3285 eodem
2951 3236 3068 3284 loco
3127 3229 3358 3283 Domino
3400 3227 3482 3281 fa-

181 3327 327 3380 quos
359 3329 456 3379 ego
486 3311 809 3381 juvenculns
855 3329 909 3373 et
951 3337 1086 3390 pene
1116 3323 1371 3389 ultimos,
1421 3329 1678 3383 recordor
1733 3331 1787 3383 in

182 3403 291 3456 hoc
336 3407 663 3458 monasterio
695 3409 925 3476 regulari
978 3413 1178 3467 vixisse
1221 3415 1352 3467 vita.

259 3491 501 3547 Domnus
551 3495 718 3549 abbas
767 3497 1197 3566 IIildebrandns,
1229 3503 1465 3559 Odoldus
1499 3506 1780 3574 .decanus;

181 3582 544 3650 Ingelandns,
603 3585 1030 3656 Vuinetmarus,
1099 3592 1488 3660 Grimbaldus,
1556 3598 1787 3655 (IOII'ltlllS

182 3676 356 3730 abbas
411 3675 787 3747 llcgenoldns,
830 3680 1223 3749 Grunwaldus,
1283 3687 1640 3755 Benedictus,
1695 3691 1787 3745 Ri—

181 3765 432 3834 kelmus,
488 3770 824 3835 Drolwinns,
859 3772 1196 3839 IIetnfridus,
1242 3779 1605 3848 Adalelphus,
1647 3781 1786 3834 Rod-

182 3861 346 3915 vinus
375 3902 389 3923 ,
443 3862 701 3931 Signinus
729 3905 741 3929 ,
799 3865 1112 3932 Galandus,
1159 3867 1460 3931 Liodricus,
1513 3872 1780 3935 Odarins,

180 3952 564 4020 Erembaldus,
616 3955 914 4023 Snavinns,
973 3960 1288 4031 Adalgisus,
1341 3963 1662 4028 Vuluricns,
1699 3967 1784 4019 Si-

180 4043 443 4112 gebaldus
466 4086 480 4108 ,
510 4046 852 4115 Engelandus
873 4091 886 4114 ,
916 4050 1211 4121 Sigelmus,
1241 4055 1541 4124 Aldgerus,
1580 4057 1784 4129 Vuago,

181 4133 512 4201 Folquinus,
570 4137 898 4205 ldclbaldus,
933 4142 1232 4213 Adalsigze,
1266 4145 1602 4212 Adalardus,
1647 4148 1778 4204 Mat-

180 4229 386 4294 fridtts,
464 4231 852 4300 Amarlandus,
949 4235 1308 4305 Ileremarus,
1401 4240 1780 4309 Grimbaldus,

181 4321 522 4380 Heimericus
542 4367 556 4392 ,
589 4327 891 4383 Evcrardus
917 4372 930 4394 ,
965 4329 1132 4385 Liuzo
1159 4375 1171 4396 ,
1229 4333 1541 4398 Everoldus,
1570 4334 1777 4403 Legen-

181 4413 379 4478 fridus,
435 4415 622 4480 Tiozo,
673 4419 988 4485 V'ulfandus,
1040 4422 1370 4493 Rcingerus,
1425 4423 1776 4496 Nidgrimus,

181 4503 517 4570 IIumfridus,
548 4506 824 4574 Folcarus,
856 4509 1186 4581 Regenerus.

179 4707 439 4764 LXXXII.
490 4710 689 4766 Dehinc
740 4723 1029 4778 sequuntur
1080 4715 1276 4768 charta:
1319 4726 1565 4771 testantes
1623 4718 1771 4774 villas

699 4843 708 4848 _
784 4782 1145 4854 eleemosynm.

253 4871 352 4926 Hic
379 4873 545 4927 etiam
577 4873 789 4928 villulas
815 4875 882 4928 ad
926 4876 1284 4947 elecmosynze
1329 4877 1690 4935 ministerium
1737 4897 1766 4936 a

183 4959 431 5017 fidelibus
460 4965 816 5030 contraditas,
850 4983 953 5021 non
998 4983 1119 5021 meo
1163 4983 1390 5037 parcens
1436 4970 1628 5036 labori,
1673 4975 1768 5029 sed

184 5053 498 5108 monasterii
547 5055 882 5126 prospiciens
940 5059 1197 5124 utilitati,
1231 5075 1352 5113 cum
1385 5061 1590 5116 chartis
1634 5066 1766 5131 suis,

187 5142 414 5164 --..ει.‹,,-
456 5161 500 5164 ,μ

1891 3323 2160 3376 mulantes
2207 3324 2330 3386 hoc,
2379 3325 2445 3378 ad
2498 3324 2787 3394 specialem
2841 3321 3265 3378 consolationem
3317 3337 3481 3390 supra

1890 3430 2046 3468 suum
2068 3413 2308 3468 debitum
2343 3416 2599 3470 habeant.
2628 3415 2780 3482 Quod
2806 3417 2847 3468 si
2888 3416 3172 3484 quisquam
3202 3412 3269 3466 de
3299 3423 3477 3467 rectov

1891 3507 2040 3560 ribus
2062 3506 2302 3577 pra-dicti
2335 3509 2649 3561 monasterii
2679 3508 2778 3561 ιιορ
2799 3507 2866 3560 ab
2893 3507 2972 3561 eis
2999 3504 3234 3570 auferre,
3259 3512 3480 3573 propter

1890 3596 2332 3661 malivolentiam,
2366 3596 2447 3650 vel
2508 3597 2630 3652 inde
2687 3597 2927 3650 debitum
2981 3609 3168 3648 eorum
3230 3592 3480 3663 supplere

1886 3685 2137 3752 voluerit,
2189 3697 2315 3740 tunc
2377 3687 2726 3748 omnimodis,
2776 3688 2980 3756 absque
3037 3685 3141 3739 ulla
3203 3684 3477 3740 contradi-

1885 3777 2106 3841 ctione,
2169 3777 2235 3830 ad
2303 3787 2520 3831 nostros
2578 3777 2846 3848 legitimos
2903 3775 3145 3830 hrcredes
3202 3783 3478 3828 revertere

1886 3869 2100 3933 debeat,
2130 3878 2184 3924 et
2217 3881 2273 3922 ut
2303 3884 2402 3939 ego
2431 3868 2788 3931 Gunthertus,
2832 3876 3053 3937 propter
3085 3869 3186 3921 hoc
3233 3867 3474 3930 donum,

1885 3960 2142 4028 quandiu,
2169 3959 2394 4014 Domino
2417 3968 2710 4021 annuente,
2739 3958 2922 4012 vixero
2942 3998 2955 4021 ,
2983 3959 3123 4011 inter
3170 3957 3313 4026 ipsos
3356 3970 3475 4010 mo-

1884 4049 2088 4104 nachos
2118 4049 2488 4119 plenissinnnn
2520 4049 2756 4102 debitum
2784 4050 3032 4103 habeam.
3059 4048 3211 4115 Quod
3257 4048 3300 4102 si
3337 4063 3472 4102 con-

1886 4144 2089 4214 tigerit,
2117 4153 2174 4197 ut
2203 4158 2343 4212 sa-pe
2367 4143 2569 4206 evenit,
2599 4152 2677 4208 ut,
2706 4152 2928 4213 propter
2957 4142 3210 4196 invidiam
3238 4140 3320 4196 vel
3347 4156 3486 4195 ava—

1883 4236 2063 4288 ritiam
2130 4234 2577 4305 prmpositorum,
2631 4235 2696 4287 de
2748 4233 2861 4304 jam
2933 4233 3080 4287 dicto
3137 4230 3489 4286 monasteria»

1881 4344 2132 4398 egressus
2182 4327 2357 4392 fuero,
2412 4337 2560 4391 tunc,
2607 4328 2809 4397 absque
2851 4326 2954 4380 ulla
3004 4325 3459 4387 contradictione,

1883 4425 2078 4478 iterum
2110 4423 2480 4476 ha3reditatem
2511 4435 2683 4473 meant
2711 4419 2988 4487 recipiam.
3018 4418 3081 4470 Et
3109 4416 3207 4469 ista
3243 4412 3472 4469 Incredi-

1805 4553 1854 4612 υ
1885 4518 2050 4572 tatula
2078 4533 2243 4587 parva
2267 4516 2516 4569 volumus
2547 4524 2602 4567 ut
2629 4514 2694 4567 ad
2731 4512 3016 4567 ecclesiam
3042 4509 3255 4564 Domini
3284 4507 3470 4562 Salva-

1882 4609 2012 4663 toris
2038 4609 2090 4660 in
2119 4607 2412 4661 Steneland
2435 4606 2724 4660 deserviat.
2755 4604 2810 4658 Si
2835 4603 2956 4672 quis
2981 4599 3301 4668 vero,.quod
3326 4599 3468 4654 futu-

1879 4715 1997 4753 rum
2029 4713 2148 4753 csse
2189 4715 2295 4752 non
2326 4698 2621 4763 credimus,
2655 4698 2799 4768 quod
2857 4695 2996 4749 nllus
3047 4693 3113 4746 de
3159 4693 3466 4748 Ineredibus

1878 4791 1962 4846 vel
2000 4790 2410 4860 prohzeredibus
2440 4791 2661 4852 nostris,
2698 4788 2741 4840 si
2770 4787 2872 4841 ista
2922 4782 3102 4838 cautio
3141 4782 3294 4836 firma
3343 4799 3472 4854 per-

1877 4881 2174 4945 duraverit,
2198 4881 2284 4934 vel
2319 4879 2574 4952 quazlibct
2616 4882 2862 4948 opposita
2907 4883 3002 4930 aut
3039 4883 3303 4930 extranea
3343 4891 3468 4946 pcr-

1876 4988 2032 5037 sona,
2082 4980 2275 5026 contra
2323 4975 2469 5029 hanc
2513 4971 2859 5026 traditionem
2903 4977 3145 5024 nostram
3191 4967 3478 5026 devotissi-

1874 5080 2019 5120 mam
2061 5063 2251 5117 venire
2289 5063 2732 5135 prmsumpserit,
2784 5063 2868 5117 vel
2901 5059 3198 5126 infringere
3233 5067 3484 5117 tentave—

2451 5153 2491 5174 ἢ
2551 5155 2656 5173 ηθφε
2723 5153 2756 5174 (ι
2807 5158 2818 5174 ι
2898 5151 3030 5174 .-ηει-
3071 5149 3162 5174 “.,ξ
3227 5167 3310 5174 ..-η
3361 5158 3372 5169 ο
