3982 5292
236 308 268 362 Ι
281 302 386 360 273

1563 298 2136 358 (ΖΙΙΛΒΤΙΞΙιΑῐῖΙυΜ.

3384 304 3521 360 4274

233 420 456 475 Domini
480 418 849 476 Salvatorisin
875 419 1312 486 Steneland,sub
1333 434 1495 474 sensu
1521 418 1828 485 luminaria,
1865 401 1911 459 Α
1941 418 2158 472 chartas
2205 417 2546 472 traditionem
2589 418 2668 472 sic
2723 417 3047 472 ineonvuism
3096 426 3380 483 maneant,
3419 417 3522 475 eas

229 513 311 567 ad
337 513 589 568 denarios
618 528 692 567 tv.
719 514 875 567 Anno
897 515 1086 568 eodem
1118 522 1238 582 post
1265 513 1401 578 haec,
1425 511 1478 570 in
1508 527 1692 566 mense
1722 510 1831 566 No.

225 603 516 668 vembrio,
563 621 683 660 cum
742 605 1048 660 inﬁrmatus
1093 604 1349 672 sensisset
1397 604 1831 674 appr-epinqttare

225 695 384 749 diem
414 696 593 751 obitus
626 697 731 762 sui,
760 697 1043 765 descripsit
1069 697 1181 766 ipse
1206 697 1422 767 propria
1453 712 1637 761 manu,
1664 697 1714 749 in
1749 704 1830 748 ta-

220 785 380 841 bulis
427 785 635 843 ceratis’
673 805 793 858 qure
847 791 1088 844 exterius
1136 789 1326 844 celata:
1373 797 1530 843 erant
1591 789 1828 843 harbulis

224 878 412 931 crassi
446 878 626 946 piscis,
652 888 706 932 et
727 883 916 935 subtus
943 881 1214 934 deaurata:
1238 889 1411 937 erant.
1442 880 1675 949 qualiter
1701 897 1828 936 suas

220 981 326 1021 res
367 983 526 1022 manu
557 969 698 1024 tertii
742 972 824 1024 sui
871 971 1242 1040 disponerent,
1287 987 1342 1027 tv
1384 971 1567 1027 Nonas
1593 971 1826 1028 Novem-

219 1055 372 1120 bris,
416 1074 454 1112 ll
481 1057 638 1122 feria,
675 1060 777 1114 isto
817 1063 976 1116 modo
1004 1080 1018 1114 :
1050 1081 1069 1114 ι
1100 1062 1155 1116 1η
1203 1062 1723 1135 Humbaldingahcm
1773 1071 1829 1119 et

213 1143 523 1213 Embreka,
564 1159 618 1204 et
681 1150 1114 1217 Hettesnamont,
1147 1155 1215 1208 ad
1244 1169 1379 1224 opus
1409 1152 1696 1210 Guntberti
1732 1155 1826 1209 ﬁlii

213 1239 361 1292 mei.
394 1238 450 1292 In
483 1239 735 1312 Ostringa
774 1243 1062 1298 bnnarium
1092 1259 1107 1296 ι
1141 1244 1240 1313 ipsi
1278 1243 1600 1300 Guntberto.
1632 1245 1688 1299 In
1719 1245 1828 1300 Ga-

211 1344 391 1399 nape,
439 1329 765 1387 Trudlindat.
816 1333 872 1387 In
925 1333 1327 1405 Winingahem,
1374 1335 1681 1401 Bertruda-r;
1731 1353 1826 1392 ex-

211 1429 390 1488 cepto
414 1435 604 1476 manso
639 1439 798 1492 quem
845 1425 911 1479 ad
961 1426 1248 1481 ecclesiam
1300 1429 1350 1481 in
1391 1428 1680 1482 Stcneland
1715 1437 1825 1484 tra-

212 1509 362 1564 didi.
408 1510 467 1566 In
516 1511 859 1580 Middelhem,
908 1517 974 1570 ad
1025 1527 1272 1572 sanctum
1321 1518 1714 1574 Audomarum.
1765 1520 1850 1596 ln_

210 1601 584 1682 Aninesltem,
610 1606 888 1674 Folbaldo,
921 1617 975 1661 et
1003 1608 1128 1662 illttd
1155 1619 1369 1680 pratum
1399 1613 1540 1680 quod
1576 1613 1735 1666 hahui
1767 1613 1818 1665 in

213 1694 428 1749 Selent.
462 1695 519 1749 In
565 1697 869 1761 Fraxerias,
916 1698 970 1753 in
1004 1700 1285 1767 Frandris,
1319 1711 1486 1760 totam
1535 1703 1818 1756 [neredita-

1936 510 2252 563 nominatim
2281 509 2654 578 exprimimus,
2693 508 2899 562 scilicet
2926 526 2938 562 :
2978 509 3029 562 itt
3057 509 3174 578 ipso
3203 508 3520 577 Stcneland,

1935 605 1986 656 in
2039 603 2498 672 Ricolvingahcm,
2535 604 2587 656 in
2637 603 2908 658 llisdonne
2951 618 3073 658 cum
3117 604 3418 674 mancipiis,
3463 605 3519 660 in

1933 696 2386 767 Henrikingahem
2417 697 2530 751 sive
2561 695 2797 762 Milhetn,
2822 706 2876 750 et
2907 697 3012 750 alio
3039 696 3517 768 Henrikingahem,

1932 802 2054 841 cum
2085 787 2390 841 Trudbaldo
2420 796 2474 842 et
2509 787 2810 841 luminariis
2855 789 2908 842 in
2940 787 3055 856 ejus
3097 790 3425 854 ministerio;
3464 790 3518 844 in

1931 877 2375 947 Ebresingahem,
2418 879 2470 932 in
2501 877 2904 946 Winingahem,
2941 881 2991 932 in
3033 878 3428 944 Curmontinnt,
3463 881 3520 934 in

1933 970 2280 1040 Siningahent
2307 1012 2321 1034 ,
2352 979 2406 1024 et
2445 971 2498 1024 in
2537 970 2728 1034 Istem;
2763 971 2812 1024 in
2861 971 3263 1040 Ilokingahem,
3304 972 3355 1024 in
3407 971 3520 1024 Ilo-

1931 1063 2102 1126 stede,
2131 1061 2184 1115 in
2223 1061 2606 1132 Lampanesse,
2655 1063 2708 1116 in
2752 1061 3046 1132 Sitnpiaco,
3079 1063 3130 1116 in
3155 1063 3434 1124 Burthem,
3462 1063 3517 1117 in

1931 1152 2099 1215 Reka,
2135 1152 2186 1205 in
2235 1151 2448 1217 Strate;
2497 1153 2549 1206 in
2595 1152 2944 1216 llentmawic,
2980 1163 3119 1208 terra
3167 1153 3428 1218 Fravvivi;
3461 1153 3516 1209 in

1930 1245 2167 1300 Kilciaco
2192 1261 2313 1300 cum
2345 1244 2588 1300 Odlando
2614 1245 2786 1309 fabro,
2816 1246 2868 1300 in
2895 1246 3285 1315 Etesnasberg;
3317 1246 3368 1299 in
3403 1262 3518 1300 Ino-

1927 1337 2170 1392 nasterio
2193 1353 2461 1409 mansum
2495 1337 2852 1407 hortumque;
2904 1339 2956 1392 itt
2993 1339 3188 1394 Ariaco
3227 1337 3512 1403 similiter;

1927 1428 1978 1482 in
2008 1427 2270 1481 Tarwana
2323 1443 2600 1493 mansum;
2653 1428 2705 1482 in
2737 1429 3054 1495 Quentwico
3081 1429 3348 1491 similiter,
3382 1444 3519 1500 quo-

1925 1518 2058 1572 libet
2089 1518 2302 1588 ingenio
2349 1526 2615 1582 attractte,
2657 1518 2742 1573 vel
2786 1528 2974 1574 nostro
3014 1520 3340 1574 adminiculo
3384 1535 3516 1588 aug-

1924 1619 2199 1674 mentatae,
2241 1619 2295 1664 et
2342 1625 2568 1679 quaeque
2599 1609 2652 1663 in
2700 1611 3038 1678 postmodum
3089 1611 3180 1664 Dei
3226 1610 3511 1666 clementia

1925 1700 2212 1754 addiderit.
2263 1700 2392 1754 Item
2442 1701 2495 1754 in
2548 1700 2838 1766 Kessiaeo,
2889 1701 3138 1770 Sperdia,
3175 1700 3510 1765 Vuesarmio,

213 1796 334 1840 tem
362 1789 539 1858 nepoti
570 1804 708 1845 meo.
735 1791 815 1844 Ad
844 1791 1101 1846 Sanctum
1132 1790 1494 1856 Salvatorcm,
1522 1792 1814 1862 petrariam
1845 1774 1892 1833 Β
1925 1791 2229 1862 Vostringe,
2254 1790 2533 1862 Tingiaco,
2563 1791 2800 1859 Vuilere,
2826 1792 3204 1862 Mellingasele,
3235 1791 3510 1856 Loclesse,

210 1884 371 1938 illam
413 1901 575 1954 quam
624 1887 789 1940 habui
827 1885 983 1956 juxta
1027 1886 1324 1952 Scammis;
1367 1888 1633 1957 mancipia
1677 1902 1814 1956 quo-

212 1993 332 2046 que
362 1994 430 2030 xv
459 1979 524 2030 ad
554 1978 798 2032 eamdem
843 1979 1126 2034 ecclesiam
1157 1979 1431 2034 dimittere
1474 1979 1594 2033 volo
1623 1980 1690 2034 ad
1724 1980 1818 2033 de-

209 2073 408 2127 narios
438 2089 511 2126 tv.
543 2092 561 2124 ι
598 2071 769 2128 Jussit
799 2090 1014 2144 quoque
1045 2074 1262 2129 recitari
1293 2089 1476 2128 coram
1506 2089 1564 2129 se
1590 2082 1643 2129 et
1674 2072 1816 2126 ami-

207 2164 302 2219 cis
339 2166 451 2220 suis
483 2165 657 2232 ipsum
697 2168 936 2231 brevem,
970 2184 1006 2221 tl
1051 2183 1222 2222 nonas
1249 2166 1591 2222 Novembris.
1639 2167 1816 2222 Pridie

208 2267 350 2312 ante
381 2257 587 2311 obitum
629 2274 806 2321 suum,
849 2259 1053 2314 dimisit
1095 2275 1311 2330 quoque
1348 2277 1402 2314 tv
1446 2259 1713 2330 mancipia
1747 2259 1814 2314 ad

210 2346 518 2402 Steneland
548 2349 800 2419 ingenua.
834 2349 1090 2420 Sequenti
1120 2367 1334 2421 quoque
1360 2352 1466 2417 die,
1498 2353 1812 2421 priusquam

205 2437 418 2502 obiret,
466 2437 648 2492 claves
698 2439 934 2494 basilicae
975 2441 1143 2509 ipsius
1189 2441 1543 2510 omniumque
1584 2440 1813 2495 aliarum

206 2526 553 2581 ofﬁcinarum
600 2529 654 2583 in
704 2544 896 2585 manus
937 2531 1030 2584 ﬁlii
1056 2531 1136 2585 sui
1177 2531 1464 2586 Guntherti
1509 2532 1730 2588 tradidit
1759 2540 1814 2587 et

206 2621 646 2687 commendavit,
691 2621 918 2676 dicens:
973 2639 991 2672 ι
1027 2622 1120 2676 liis
1163 2623 1436 2687 omnibus,
1471 2623 1578 2688 ﬁli,
1624 2632 1675 2678 te
1722 2639 1812 2678 su-

205 2711 496 2780 perstitem
541 2712 828 2776 conﬁrmo,
869 2723 1136 2783 quatenus
1166 2724 1221 2769 et
1264 2714 1358 2770 Dei
1406 2715 1548 2771 hanc
1593 2717 1808 2772 domum

205 2817 501 2872 meamque
532 2820 597 2859 ac
634 2815 1040 2861 antecessorum
1094 2823 1337 2862 meorum
1380 2811 1546 2864 ειὶέδιιι
1578 2820 1632 2864 εει
1665 2821 1808 2866 tuam

203 2895 638 2965 elcemosynatn,
671 2898 794 2952 dntn
842 2898 1134 2963 advixeris,
1169 2915 1407 2968 congrua
1454 2916 1584 2956 cura
1627 2914 1808 2957 custo-

204 2987 352 3040 dias.
391 3007 409 3039 ι
441 2988 648 3055 Quibus
676 2990 856 3053 dictis,
889 2991 1152 3059 requievit
1195 2993 1247 3046 itt
1277 2993 1504 3047 Domino
1541 2995 1719 3048 anima
1753 3004 1807 3048 et

202 3093 461 3145 corpore,
493 3094 556 3134 ac
594 3080 727 3134 obiit
767 3080 930 3135 Nonis
956 3080 1294 3147 Novembris,
1340 3100 1394 3138 tv
1431 3084 1561 3139 feria
1619 3101 1807 3156 vespe-

202 3177 479 3223 rascente.
510 3169 727 3224 Postera
772 3171 856 3225 die
897 3180 1175 3240 portantes
1232 3189 1430 3244 corpus
1460 3175 1702 3232 Guiberti
1736 3181 1805 3234 ad

200 3259 600 3313 monasterium
651 3259 827 3315 Sithin
876 3263 1208 3332 sepelierunt
1257 3266 1308 3318 in
1356 3267 1580 3322 basilica
1628 3271 1804 3324 sancti

199 3345 436 3408 Dertini,
468 3363 650 3402 coram
679 3350 848 3403 altare
877 3351 1088 3406 Domini
1121 3352 1421 3409 Salvatoris
1452 3365 1507 3410 et
1532 3357 1799 3413 cruciﬁxi.

201 3435 539 3492 LXXXVIII.
595 3437 933 3508 Pririlegium
983 3443 1243 3498 Adalarc’i
1295 3447 1500 3501 abbatis
1548 3449 1613 3504 de
1667 3451 1801 3506 cella

516 3509 728 3563 Domini
757 3513 1047 3566 Saluatoris
1087 3515 1141 3566 in
1175 3514 1480 3570 Sleneland.

275 3600 367 3672 (27
406 3600 566 3656 Mart.
599 3602 747 3672 857.)
781 3622 798 3653 ι
847 3605 1192 3675 Quaecunque
1238 3617 1480 3666 rectores
1529 3611 1800 3668 Ecclesia-

201 3707 324 3745 rnm
370 3693 535 3748 Deum
580 3695 894 3750 timentibus
921 3706 974 3751 et
1005 3698 1314 3754 amantibus
1345 3701 1411 3755 ad
1440 3711 1562 3757 vota
1595 3720 1798 3759 annue-

200 3789 334 3854 rint,
369 3789 421 3844 in
455 3791 538 3846 his
568 3793 750 3862 procul
781 3793 944 3848 dubio
987 3796 1078 3850 Dei
1111 3812 1168 3851 se
1210 3798 1540 3854 voluntatem
1574 3801 1796 3872 implere

199 3896 308 3936 non
336 3882 601 3936 dubitant.
629 3884 832 3939 Idcirco
859 3901 977 3956 ego,
1006 3886 1057 3939 in
1084 3886 1178 3941 Dei
1206 3887 1442 3952 nomine,
1468 3890 1792 3958 Adalardus,

199 3971 372 4026 abbas
413 3975 726 4028 monasterii
761 3977 931 4031 sancti
966 3978 1135 4044 Petri,
1167 3979 1428 4034 vocabqu
1470 3981 1668 4048 Sithiu,
1699 3985 1791 4040 ubi

197 4063 375 4117 sancti
407 4061 615 4118 Domini
641 4065 985 4122 Audomarns
1024 4068 1384 4139 Bertinusque
1422 4073 1788 4140 requiescunt,

199 4163 389 4208 notum
428 4169 546 4208 esse
587 4155 706 4210 volo
753 4168 952 4213 sanctae
983 4160 1242 4216 Ecclesia:
1286 4161 1522 4218 Deicolis
1554 4182 1791 4236 praesen-

201 4242 346 4297 tibus
374 4253 533 4314 atque
568 4244 786 4313 futuris,
815 4252 937 4318 quia
971 4251 1142 4306 ﬁdelis
1168 4251 1260 4307 Dei
1295 4254 1570 4325 ipsiusque
1613 4258 1786 4312 sancti

201 4330 325 4397 loci,
358 4341 412 4386 et
453 4344 657 4400 noster,
690 4327 1043 4402 Gunthertus,
1076 4342 1394 4408 parvitatem
1420 4354 1660 4401 nostram
1692 4363 1786 4418 pe-

1919 1884 2406 1955 Loninstagahetn,
2467 1885 2781 1956 praecariam
2847 1885 3174 1952 Landberti,
3224 1887 3506 1956 Adalgeri,

1921 1975 2215 2038 Ilildberti;
2270 1977 2323 2030 in
2377 1976 2732 2048 Gruonoberg
2791 1977 2995 2050 sylvam
3047 1994 3166 2032 cum
3217 1986 3390 2042 terra;
3452 1979 3507 2032 in

1919 2068 2432 2138 Dagmaringahem,
2465 2078 2573 2123 tam
2605 2070 2722 2139 ipso
2752 2069 3051 2126 Guntherlo
3078 2072 3306 2133 vivente,
3344 2086 3506 2139 quam

1916 2167 2040 2228 post
2081 2160 2288 2215 obitum
2318 2159 2454 2230 ejus,
2488 2161 2815 2216 inconvulsm
2863 2171 3138 2227 maneant,
3170 2163 3310 2218 sicut
3348 2162 3508 2217 hodie

1917 2249 2023 2303 illic
2060 2252 2332 2318 pertinere
2360 2264 2675 2307 noscuntur.
2711 2253 2899 2308 Moneo
2937 2255 3099 2308 etiam
3130 2263 3183 2309 et
3209 2263 3505 2318 contestor,

1914 2357 2011 2412 per
2055 2343 2227 2408 ipsum
2279 2344 2563 2398 Dominum
2609 2345 2986 2410 Salvatorcm,
3035 2362 3226 2400 omnes
3264 2357 3508 2401 rectores

1916 2432 2074 2503 hujus
2099 2435 2329 2490 ctenobii
2359 2445 2654 2504 praesentes
2684 2435 3001 2506 futurosqne
3031 2453 3130 2492 nee
3160 2438 3262 2492 hoc
3303 2447 3504 2491 nostrae

1913 2525 2252 2580 auctoritatis
2307 2536 2689 2580 testamentum
2745 2527 3078 2597 malignitate
3132 2528 3373 2598 qualibet
3417 2529 3505 2582 in-

1911 2615 2151 2687 fringere
2180 2618 2578 2687 quantumlibet
2600 2620 2912 2674 moliantur.
2939 2621 3010 2674 At
3037 2621 3081 2675 si
3113 2621 3397 2691 quisquam
3427 2621 3505 2675 fe-

1910 2710 2070 2772 cerit,
2101 2711 2340 2780 impreco
2368 2720 2558 2765 contra
2582 2729 2703 2766 eum
2734 2713 2899 2766 Demn
2927 2714 3350 2783 omnipotentem
3379 2729 3500 2768 om-

1912 2821 2114 2875 nesque
2141 2818 2360 2862 sanctos
2387 2806 2502 2875 ejus
2543 2809 2766 2873 ultores,
2799 2825 2902 2862 una
2929 2825 3050 2863 cum
3077 2811 3364 2864 animabus
3393 2811 3504 2866 Deo

1907 2898 2136 2962 devotis,
2164 2899 2254 2967 qui
2285 2900 2384 2953 has
2414 2899 2488 2953 ilbi
2524 2914 2609 2954 res
2638 2900 3001 2969 contnlerpnt.
3033 2900 3100 2956 Ut
3131 2909 3310 2955 autem
3343 2899 3503 2969 hujus

1911 2990 2217 3043 testamenti
2246 2989 2475 3044 ﬁrmitas
2503 2990 2740 3058 perfecte
2763 2992 3071 3054 rohoretur,
3097 3006 3256 3044 manu
3284 2991 3502 3060 propria

1909 3084 2359 3153 subscripsimus,
2405 3095 2460 3139 et
2507 3086 3002 3140 reverentissimum
3039 3087 3348 3155 episcopum
3401 3101 3500 3139 no-

1909 3182 2080 3229 strum
2127 3175 2467 3232 Ilnmlridum
2494 3178 2892 3247 subscriptione
2926 3192 3022 3232 sua
3053 3178 3310 3232 rohorare
3336 3191 3497 3248 roga—

1905 3269 2100 3322 vimus.

1980 3377 1998 3408 ‹
2033 3361 2226 3413 Actum
2276 3357 2406 3413 Aria
2452 3360 2818 3421 monasterio,
2860 3373 2911 3411 vt
2958 3357 3227 3412 Kalendas
3271 3355 3492 3426 Aprilis,

1901 3463 2043 3502 anno
2067 3450 2452 3504 incarnationis
2476 3449 2686 3503 Domini
2708 3451 2832 3514 856,
2848 3459 2900 3503 ct
2920 3449 3181 3504 hissextili
3207 3463 3430 3503 ascensu
3453 3463 3494 3514 ι,

1900 3538 2191 3594 indictione
2220 3555 2364 3604 v,ae
2417 3539 2753 3603 embolismo,
2805 3540 3030 3594 sabbato
3078 3548 3206 3593 ante
3259 3539 3493 3593 medium

1898 3632 2346 3702 quadragesitnm,
2393 3648 2535 3686 anno
2564 3648 2696 3697 xvn,
2743 3640 3002 3701 regnante
3031 3631 3230 3686 domno
3272 3630 3490 3698 Carolo,

1896 3737 2018 3777 cum
2053 3721 2222 3777 fratre
2251 3723 2520 3777 Ludovico
2541 3739 2604 3778 ac
2628 3733 2820 3793 nepote
2846 3723 3122 3778 Lothario.

1972 3832 1990 3865 ε
2026 3814 2138 3884 Ego
2164 3813 2488 3878 Adalardus,
2518 3813 2707 3878 abbas,
2740 3815 2956 3886 propria
2990 3831 3152 3869 manu
3183 3815 3414 3870 ﬁrmavi.

1970 3907 2128 3975 «Ego
2171 3905 2535 3968 Ilumeridus,
2585 3907 2890 3976 episc0pns,
2947 3906 3048 3962 hoc
3104 3915 3487 3964 testamentum

1893 4001 2107 4069 propria
2131 4015 2291 4053 manu
2320 3999 2551 4052 ﬁrmavi.

1967 4112 1985 4142 ι
2023 4092 2134 4162 Ego
2170 4091 2302 4160 ipse,
2336 4092 2388 4145 in
2427 4090 2519 4146 Dei
2549 4091 2788 4156 nomine,
2821 4090 3178 4157 Gunthertus,
3206 4101 3482 4162 peccator,

1883 4183 2107 4252 jubente
2137 4186 2335 4250 domno
2377 4184 2572 4238 abbate
2599 4183 2870 4238 Adalardo
2909 4193 2964 4238 et
3000 4193 3271 4238 annuente
3309 4185 3486 4254 preci-

1888 4279 1989 4333 bus
2031 4279 2185 4341 meis,
2230 4293 2335 4332 una
2375 4293 2498 4332 cum
2541 4276 2834 4332 venerabili
2884 4277 3138 4348 episcopo
3176 4276 3478 4342 Humfrido,

1887 4369 2201 4439 subscripsi.
2235 4389 2254 4422 ι

202 4424 313 4538 mf"
344 4427 773 4538 υέἱίνίδξηξίίξξῖῗῐη
815 4431 984 4532 pagis.
1027 4433 1108 4538 sui
1152 4432 1389 4538 Goi‘berfi
1423 4451 1487 4538 θίξ
1527 4454 1680 4492 suam
1717 4441 1784 4495 de
1816 4480 1864 4538 ι)
1890 4424 2177 4514 LXXXI'X.
2209 4459 2550 4530 I’rivilegium
2595 4459 2774 4513 Caroli
2819 4462 2953 4529 regis
2998 4475 3062 4538 tte
3091 4458 3222 4514 cella
3263 4457 3479 4512 Domini

200 4515 330 4572 cella
371 4516 583 4572 Domini
629 4517 926 4576 Salvatoris
971 4521 1023 4574 in
1076 4522 1387 4591 Stcneland,
1436 4528 1552 4582 sive
1599 4529 1786 4585 Sancti

201 4605 517 4673 Salvatoris,
551 4620 735 4664 nostro
769 4611 932 4665 etiam
966 4621 1288 4668 testamento
1317 4617 1782 4674 conﬁrn'iaremus.
1865 4675 1868 4678 .

200 4697 358 4768 Cujus
399 4702 659 4756 voluntati
699 4713 748 4757 et
791 4704 1034 4772 petitioni
1076 4705 1430 4762 libentissime
1460 4720 1784 4775 annnenlcs,

201 4794 267 4849 ob
292 4809 443 4848 suam
477 4789 754 4866 patrisque
796 4797 879 4851 sui
931 4800 1230 4869 praescripti
1277 4800 1420 4855 circa
1464 4803 1780 4871 prmdictnm

199 4894 441 4941 sanctum
483 4888 786 4944 ctenobinm
818 4888 1156 4945 devotionem
1182 4899 1237 4945 et
1264 4891 1548 4962 plurimam
1579 4894 1784 4949 utilita-

201 4987 327 5045 tem,
356 4981 641 5036 statuimus
668 4983 786 5037 vice
811 4981 902 5037 Dei
934 4993 987 5040 et
1028 4993 1336 5038 sanctorum
1372 4984 1507 5054 ejus,
1541 4997 1600 5042 ut
1641 4988 1782 5043 sicut

199 5079 570 5127 testamentum
612 5072 724 5142 jam
759 5075 920 5130 dicta:
950 5074 1256 5129 traditionis
1297 5088 1535 5144 resonat,
1576 5080 1780 5148 absque

2335 4532 2624 4586 Saluatoris
2650 4533 2700 4585 in
2731 4531 3038 4586 Steneland.

1959 4621 2050 4692 (25
2077 4621 2212 4676 Julii
2240 4621 2387 4694 866.)
2441 4641 2459 4674 ι
2495 4623 2552 4678 In
2601 4624 2818 4677 neruine
2861 4631 3062 4677 sancta:
3099 4631 3154 4675 et
3188 4620 3477 4676 individua:

1887 4710 2186 4766 Trinitatis.
2233 4712 2480 4777 Carolus,
2523 4715 2697 4782 gratia
2742 4712 2856 4778 Dei,
2908 4728 3022 4766 rex.
3065 4710 3347 4765 Debitores
3376 4727 3478 4766 nos

1885 4804 2029 4875 regia
2059 4803 2376 4859 excellentia
2422 4806 2689 4869 novimus,
2719 4813 2777 4856 ut
2815 4816 3098 4858 servorum
3131 4800 3224 4856 Dei
3267 4801 3478 4857 devotis

1883 4897 2364 4955 constitutionibus
2392 4911 2448 4957 et
2485 4901 2797 4955 ﬁrmitatem
2829 4911 2887 4956 et
2916 4898 3288 4956 defensionem
3319 4903 3476 4956 adhi-

1884 4990 2140 5056 beamus;
2169 4991 2332 5060 idque
2364 4992 2521 5047 nobis
2545 4994 2710 5046 vitam
2739 5000 2792 5044 et
2823 4992 3062 5049 futuram
3089 4990 3483 5048 beatitudinem

1882 5082 2222 5152 profuturum
2262 5099 2367 5138 non
2412 5083 2736 5138 dubitamus.
2785 5082 3055 5143 Noverint
3092 5078 3260 5150 igitur
3299 5101 3489 5142 omnes
