3982 5292
134 121 164 174 1
179 120 287 172 271

135 245 248 291 xv;
290 228 433 282 inter
458 227 720 298 hospites,
747 237 802 281 et
831 241 1115 297 pauperes,
1159 227 1223 281 de
1265 224 1563 280 forlnaticis
1593 239 1726 292 pen-
1753 205 1806 264 Α
1835 217 1922 298 [θὲἓ

131 335 266 373 sum
296 335 333 373 ιι
359 319 666 382 dimidium,
691 318 981 388 frinsingas
1011 335 1092 379 Iv;
1124 316 1191 372 ad
1218 331 1484 386 pauperes
1504 331 1728 379 CCCLXV,

132 409 212 462 de
244 408 416 463 farina
444 425 628 479 grossa
653 418 914 478 quantum
940 423 1167 462 necesse
1203 418 1317 472 est;
1350 408 1416 460 ad
1447 408 1621 474 pisces
1650 422 1728 460 so-

131 498 238 554 lidi
264 515 316 564 v,
341 501 408 555 de
439 501 563 554 vino
594 502 755 554 modii
789 517 884 565 vn,
913 501 1086 570 pullos
1114 517 1204 554 xv.
1247 516 1298 553 γι
1337 499 1604 553 Kalendas
1645 496 1734 550 Ja-

130 592 324 644 nuarii
367 591 625 646 fratribus
666 594 731 646 de
768 595 892 646 vino
923 593 1132 646 modius
1172 609 1220 656 I;
1265 593 1442 647 idibus
1489 590 1729 644 Januarii

130 683 414 748 similiter,
477 701 544 738 xv
595 685 861 740 Kalendas
903 685 1075 739 Martii
1123 686 1392 750 similiter,
1441 695 1494 737 et
1527 700 1731 754 paupe-

130 790 234 830 res
281 793 344 842 ιι;
407 777 472 830 de
528 775 701 830 farina
733 793 920 847 grossa
974 779 1135 832 modii
1168 795 1233 841 ιι;
1270 779 1334 832 de
1365 777 1591 831 cervisia
1622 793 1735 830 mo-

128 865 268 920 dius
302 884 317 922 ι
348 884 469 923 cum
497 885 800 937 compasse.
829 867 994 923 Nonis
1023 869 1198 922 Martii
1230 870 1476 923 modius:
1534 886 1734 938 paupe-

128 959 320 1026 ribus,
355 970 414 1015 ut
450 975 633 1030 supra.
678 960 734 1015 In
778 962 984 1016 octavis
1023 961 1243 1016 Pascha:
1292 963 1376 1017 vel
1429 962 1481 1015 in
1525 962 1732 1016 Pascha

129 1053 409 1107 annotina
447 1055 686 1108 modium
730 1071 744 1108 I
783 1056 1128 1125 pauperibus,
1161 1066 1216 1110 ut
1247 1073 1427 1125 supra.
1462 1071 1514 1109 tv
1563 1072 1733 1110 nouas

126 1140 275 1197 Maii
322 1144 536 1199 modius
580 1161 597 1198 ι
642 1146 990 1215 pauperibus,
1022 1156 1078 1199 ut
1121 1162 1302 1216 supra.
1330 1162 1384 1200 vt
1438 1147 1554 1201 idus
1607 1145 1730 1199 Maii

124 1236 359 1291 modius
396 1252 410 1290 ι
449 1237 796 1306 pauperibus,
834 1247 890 1291 ut
917 1254 1100 1307 supra.
1135 1239 1314 1292 Idibus
1342 1238 1464 1292 Julii
1522 1240 1733 1293 modius

124 1341 143 1378 I
183 1327 539 1396 pauperibus,
584 1337 643 1382 ut
694 1344 877 1397 supra.
909 1346 1001 1384 VIII
1047 1329 1170 1384 Idus
1215 1330 1441 1400 Augusti
1476 1331 1732 1384 modius:

124 1418 490 1486 pauperibus,
525 1427 584 1472 ut
625 1434 809 1488 supra.
837 1419 1019 1475 Idibus
1068 1421 1404 1491 Septembris
1456 1423 1683 1476 modius.
1715 1439 1731 1477 ι

128 1507 497 1575 pauperibus,
528 1517 587 1562 ut
615 1525 800 1578 supra.
850 1526 903 1563 IV
951 1510 1132 1566 Nonas
1157 1513 1405 1567 Uclobris
1451 1512 1649 1566 calices
1695 1529 1731 1566 ιι

131 1599 494 1667 pauperibus,
534 1607 591 1652 ιιι
613 1615 796 1670 supra.
832 1600 991 1656 Initio
1021 1604 1181 1656 musti
1217 1603 1428 1656 modius
1455 1619 1492 1656 ι.
1534 1602 1736 1657 ()dlan-

131 1687 247 1741 dus
294 1686 451 1742 faber
506 1690 668 1744 habet
712 1691 764 1744 in
821 1690 1078 1746 Kessiaco
1125 1701 1385 1761 quantum
1433 1693 1736 1749 Adalardus

130 1779 416 1834 concessit
447 1781 514 1835 de
547 1790 688 1836 terra
717 1783 880 1847 mala,
915 1783 1123 1838 bunarii
1153 1801 1206 1850 L,
1254 1785 1581 1856 mancipium
1615 1787 1737 1840 nul-

131 1869 291 1936 lum;
336 1870 664 1939 Bcrnardus,
691 1876 1002 1942 advocatus,
1031 1877 1195 1932 habet
1233 1877 1284 1930 in
1319 1874 1607 1947 Vostriuge
1629 1885 1737 1931 ter‘

129 1977 260 2016 ram
289 1977 451 2032 quam
477 1965 697 2020 tradidit
725 1965 1013 2022 Goibertus
1054 1969 1280 2023 bunaria
1308 1984 1362 2035 ι,
1397 1969 1731 2038 mancipium

131 2051 375 2106 nullum.

213 2139 292 2195 De
321 2144 593 2198 vaccariis.
629 2144 910 2202 Ratwinus
933 2147 1115 2214 habet,
1142 2148 1609 2222 interjunioresjet
1646 2165 1735 2205 se-

130 2231 348 2300 niores,
381 2251 574 2290 vaccas
597 2253 704 2302 vn;
743 2254 864 2292 cum
914 2240 1095 2295 vitulis
1127 2241 1390 2298 lactantes
1422 2259 1491 2306 ιι;
1535 2257 1736 2298 vacuas

131 2339 233 2392 Ill;
261 2325 524 2394 juveucas
549 2329 840 2385 triennales
865 2347 944 2384 ιιι.
977 2333 1144 2386 Debet
1172 2347 1385 2400 pensas.
1418 2333 1555 2388 Sunt
1591 2335 1735 2389 inter

129 2428 312 2474 totum
345 2421 520 2492 capita
550 2437 642 2474 xx.
673 2421 926 2476 Berhicas
950 2423 1095 2494 (118)
1121 2425 1282 2479 Voch
1310 2426 1471 2480 habet
1494 2427 1734 2482 oviculas

130 2511 407 2565 lactantes
457 2527 520 2576 L;
554 2527 752 2567 vacuas
784 2528 948 2576 xxm;
989 2513 1256 2571 multones
1306 2531 1431 2576 xui;
1491 2516 1734 2586 aguellos

129 2617 185 2654 ι..
223 2601 364 2654 Sunt
397 2600 535 2654 inter
561 2611 730 2656 totum
759 2603 935 2671 capita
983 2619 1200 2658 cxxxvt.
1253 2605 1306 2658 lu
1355 2605 1730 2661 Curmontium

132 2691 398 2746 Iluobbcs
424 2692 583 2746 habet
611 2692 878 2747 multones
906 2709 1036 2759 xm;
1076 2694 1298 2749 annales
1329 2711 1458 2761 vm;
1491 2697 1732 2752 oviculas

129 2777 406 2842 lactantes
429 2803 624 2852 xxxvr;
656 2803 854 2842 vacuas
883 2804 997 2853 xiv,
1039 2788 1230 2858 aguelli
1262 2806 1446 2842 xxxvi.
1474 2789 1617 2844 Sunt
1652 2791 1727 2843 in-

1460 113 1593 168 CHA
1603 109 2037 167 RTULARIUM.

3283 97 3428 151 1273
3467 141 3472 148 .

1909 201 1979 268 gni
2007 199 2182 252 tiaroli
2215 197 2356 268 regis
2385 211 2553 250 xxvnt
2587 193 2757 265 (119),
2790 208 2842 245 v1
2870 189 3133 245 Kalendas
3172 187 3425 257 Augustio

1832 291 2132 346 Guntberto
2197 290 2426 342 Romam
2468 289 2547 341 ire
2602 287 2942 354 disponente,
2987 283 3037 334 in
3099 279 3424 332 Vuzebraute

1835 385 1956 437 villa
1987 384 2312 454 episcopali,
2367 383 2419 435 in
2469 381 2694 439 solario,
2731 380 2782 432 iu
2818 392 3010 430 manus
3045 373 3225 427 domui
3260 371 3427 425 Huiu-

1835 473 1956 527 fridi
2010 475 2268 544 episcopi,
2299 473 2572 542 Unigmari
2601 470 2815 525 comitis
2837 509 2850 530 ,
2884 467 3130 528 Meiouis,
3175 461 3422 524 Odherli,

1835 565 2096 619 dederunt
2152 564 2462 618 Berhardus
2511 572 2563 616 et
2616 558 3004 615 Erkembaldus
3049 556 3421 614 tertiimanus,

1835 661 1951 712 vice
1995 658 2213 711 Asbaldi
2263 657 2429 725 patris
2479 654 2580 716 sui,
2628 654 2678 706 in
2710 648 3228 718 llmnbaldingahem
3283 644 3421 699 etin

1835 750 2108 811 Emhrica,
2163 750 2216 802 in
2275 764 2408 818 pago
2458 745 2855 808 Tarvennensi,
2904 740 3164 812 quidquid
3220 738 3421 791 ibidem

1835 843 2126 898 Goibertus
2154 842 2340 896 halmit
2367 850 2419 896 et
2465 851 2522 893 ut
2556 840 2663 892 lilio
2700 855 2796 891 suo
2821 836 3122 892 Guntberto
3150 833 3426 886 condona-

1835 941 1979 993 rent,
2005 932 2260 1002 praecepit
2287 931 2654 994 mauutertiis;
2682 939 2736 982 et
2758 928 3105 986 Ileremarus,
3137 933 3255 993 post
3279 921 3419 984 illos,

1836 1023 2164 1076 Folkramuo
2213 1031 2268 1075 et
2316 1021 2549 1074 Asbaldo
2582 1020 2838 1080 reddidit,
2874 1026 2948 1080 ut,
2999 1016 3041 1070 si
3085 1014 3421 1068 Guntbertus

1837 1122 2220 1176 reverteretur,
2275 1113 2434 1164 sicuti
2484 1110 2760 1183 jussisset,
2809 1108 3079 1170 facerent;
3140 1105 3183 1159 si
3239 1115 3422 1157 autem

1836 1221 1944 1258 non
1978 1212 2364 1265 reverteretur,
2390 1203 2532 1256 sicut
2573 1217 2669 1272 per
2706 1202 2925 1255 missum
2960 1215 3115 1253 suum
3146 1197 3427 1251 mandaret

1835 1297 2149 1348 manutertit
2184 1295 2423 1347 facerent
2451 1294 2503 1346 in
2527 1310 2624 1347 sua
2665 1301 2719 1346 et
2760 1292 2926 1360 patris
2952 1291 3312 1359 elccmosyna,
3353 1287 3427 1340 si-

1836 1401 1928 1444 cut
1951 1405 2136 1444 coram
2173 1389 2283 1443 Deo
2318 1389 2583 1442 rationem
2611 1385 2892 1440 reddituri.

1913 1501 1931 1532 ‹
1964 1481 2156 1534 Actum
2205 1490 2290 1534 est
2341 1495 2482 1532 anno
2511 1479 2855 1546 episcopatus
2885 1472 3147 1528 lluml'ridi
3185 1468 3424 1540 epiSCOpi

1765 1561 1809 1618 Β
1838 1586 1958 1634 xm,
1993 1571 2108 1640 ipso
2136 1571 2298 1622 etiam
2324 1569 2529 1638 pariter
2563 1568 2789 1620 Romam
2828 1567 2904 1619 ire
2937 1565 3276 1632 disponente.

1918 1680 1936 1712 ι
1984 1660 2207 1731 Signum
2253 1658 2512 1721 Fardulfi,
2556 1657 2822 1710 advocati.
2857 1657 3079 1726 Signum
3106 1651 3425 1718 Grimbaldi,

1839 1754 2090 1808 senioris.
2110 1751 2332 1820 Signum
2365 1745 2660 1804 Bertlandi.
2690 1749 2912 1817 Signum
2936 1746 3243 1799 Brunsteui.

1915 1861 1933 1894 ι
1977 1841 2032 1894 In
2062 1840 2154 1893 Dei
2183 1838 2398 1892 nomine
2425 1853 2524 1907 ego
2563 1837 2922 1900 Guntbertus,
2966 1843 3238 1904 peccator,
3271 1847 3423 1902 pres-

1839 1931 2018 2003 byter,
2048 1931 2220 1984 iturus
2258 1928 2506 1992 Romam,
2531 1927 2596 1981 ad
2639 1926 2923 1980 Dominum
2958 1940 3133 1977 meum
3176 1932 3424 1975 sanctum

1839 2020 2081 2082 Petrum,
2108 2019 2194 2073 cui
2221 2019 2287 2072 ab
2326 2017 2554 2071 infantia
2587 2017 2818 2070 traditus
2847 2015 2954 2078 fui,
2987 2013 3292 2081 ibidemque
3317 2011 3436 2066 cle-

1838 2113 2066 2174 ricatus,
2097 2125 2294 2180 rogans
2334 2118 2386 2162 et
2410 2102 2723 2162 contestans
2752 2119 2850 2175 per
2878 2104 3163 2158 Dominum
3206 2112 3263 2154 ut
3313 2103 3428 2155 hmc

1836 2204 2188 2276 perficiantur
2223 2202 2318 2265 ita,
2345 2200 2563 2270 propria
2596 2214 2755 2252 manu
2789 2197 3006 2267 scripsi,
3059 2195 3307 2249 infirmus
3335 2207 3423 2247 ca-

1834 2299 1948 2367 pite
1974 2296 2130 2350 valde
2158 2303 2211 2350 et
2235 2294 2425 2358 oculis,
2459 2302 2514 2347 et
2544 2291 2862 2360 subscripsi.

1907 2430 2062 2487 XCII.
2095 2430 2168 2484 De
2196 2440 2337 2484 terra
2373 2427 2770 2490 llumberlusiu,
2799 2427 2851 2480 in
2872 2441 3003 2496 pago
3026 2424 3349 2487 Belvacensl,

2343 2510 2523 2553 sancto
2543 2498 2756 2552 Berlino
2778 2497 2924 2550 data.

1911 2631 1929 2664 ι
1976 2610 2172 2666 Νοιιιιη
2204 2610 2274 2664 sit
2314 2610 2566 2664 omnibus
2598 2609 2865 2672 fidelibus,
2899 2604 3426 2676 quod‘temporibus

1833 2703 2075 2774 Ilugonis
2101 2703 2265 2770 regis,
2307 2701 2475 2770 patris
2501 2699 2756 2774 Rodbenti
2793 2701 2954 2769 rcg's,
2985 2707 3041 2753 et
3088 2697 3422 2767 temporibus

1831 2795 2058 2850 Abbatis
2081 2793 2324 2848 Uualteri
2349 2792 2582 2846 cmuobii
2622 2792 2793 2845 sancti
2821 2790 3025 2846 Bertini
3056 2789 3245 2844 habuit
3297 2804 3427 2843 san-

131 2889 226 2934 ter
270 2890 439 2933 Ictum
464 2879 642 2949 capita
670 2894 755 2932 CVI
789 2897 801 2932 :
836 2880 993 2933 debet
1035 2895 1229 2948 pensas
1253 2897 1381 2933 xxx.
1427 2880 1481 2933 In
1533 2880 1728 2934 Stcne-
1757 2922 1800 2982 ρ
1834 2897 1956 2941 ctus
1987 2887 2237 2939 Bertiuus
2266 2884 2557 2954 quamdam
2593 2893 2794 2938 terram
2835 2883 2886 2936 iu
2922 2897 3058 2953 pago
3088 2881 3422 2946 Belvacensi,

131 2970 267 3024 land
299 2979 423 3023 sunt
447 2971 616 3039 porci,
648 2971 788 3024 inter
810 2970 1043 3039 majores
1065 2983 1118 3026 et
1159 2972 1398 3027 minores
1425 2989 1560 3038 xxx;
1601 2984 1729 3027 sunt

128 3063 305 3119 boves
333 3079 367 3116 ιι
408 3064 474 3117 ad
504 3063 878 3128 occidendum,
913 3065 1039 3134 pulli
1091 3081 1189 3131 xu,
1220 3075 1412 3120 anates
1461 3081 1540 3119 ιιι.
1591 3064 1728 3120 Sunt

131 3156 206 3210 ibi
241 3155 310 3209 de
333 3155 499 3223 spelta
531 3171 691 3224 supra
714 3157 1033 3210 sementiam
1068 3159 1258 3212 bennre
1299 3173 1400 3220 xv;
1431 3159 1495 3210 de
1534 3157 1731 3210 baliar—

134 3247 239 3301 cho
266 3246 507 3300 carrada:
558 3262 686 3308 xxx,
721 3247 788 3323 de
814 3262 982 3301 avena
1024 3247 1262 3302 carradae
1301 3264 1387 3313 xv,
1415 3247 1481 3300 de
1527 3248 1730 3301 hordeo

132 3339 381 3393 carrada:
412 3353 473 3402 ιι,
499 3337 564 3391 de
601 3337 723 3392 feno
755 3340 994 3392 carradte
1037 3355 1200 3393 xxxv.
1229 3338 1366 3393 Sunt
1396 3339 1536 3394 inter
1563 3339 1730 3394 boves

130 3444 187 3488 et
231 3449 448 3497 vaccas,
497 3443 550 3488 et
593 3433 841 3488 herbicas
893 3444 946 3488 et
977 3450 1172 3504 porcos
1222 3437 1399 3505 capita
1451 3452 1568 3490 ccc.
1599 3437 1732 3491 Post

133 3524 275 3588 haec,
305 3539 403 3594 ego
423 3524 780 3588 Guntbertus,
807 3524 858 3576 in
885 3540 1068 3578 mense
1089 3523 1267 3587 Juuio,
1288 3542 1428 3579 anno
1457 3527 1724 3594 sequenti,

135 3615 356 3670 tabulas
384 3631 420 3669 ιι
453 3615 739 3668 marmoris
767 3616 1021 3685 purpurei
1046 3615 1288 3670 valentes
1318 3616 1484 3670 libras
1517 3634 1590 3679 tv,
1616 3617 1730 3670 dal-

133 3708 398 3762 maticam
443 3707 900 3769 subdiacoualem,
927 3707 1198 3762 armillam
1245 3709 1311 3760 ad
1357 3710 1595 3764 cloccam
1629 3709 1726 3762 ha-

133 3801 360 3856 bentem
416 3800 624 3869 argenti
683 3799 884 3853 solidos
946 3817 1001 3861 v,
1048 3800 1435 3868 quaterniones
1487 3799 1730 3853 diversos

135 3891 357 3950 Veteris
387 3890 716 3945 Testameuti
773 3890 942 3944 obtuli
998 3891 1222 3944 Domino
1267 3890 1556 3943 Salvatori.
1600 3889 1729 3942 Dedi

137 3985 270 4038 item
303 3983 555 4039 denarios
584 3999 678 4037 vni
733 3983 786 4037 in
838 3983 1075 4038 Bononia
1135 3983 1204 4037 ad
1254 3983 1608 4036 materiameu
1653 3980 1731 4034 al-

161 4089 292 4128 aI‘IS.

161 4084 292 4128 aris.

135 4084 156 4129 ι
213 4164 349 4222 XCI.
383 4164 471 4236 (2'7
495 4163 611 4219 Jul.
641 4165 787 4234 868).
837 4183 855 4216 ι
905 4166 1059 4219 Anno
1091 4165 1300 4219 Domini
1332 4163 1436 4219 868
1479 4172 1534 4217 et
1588 4179 1730 4220 anno

212 4343 364 4414 (HS)
391 4343 541 4401 Fort.
571 4343 673 4416 leg.
709 4351 805 4398 aut
842 4344 906 4398 de
928 4343 1226 4399 berbicariis
1257 4354 1350 4398 aut
1373 4344 1711 4398 berbicarius.

1804 2979 2029 3034 .dictam
2063 2977 2476 3040 llumberlusiu,
2518 2990 2680 3044 super
2725 2974 2998 3027 lluviolum
3051 2973 3214 3036 Tera,
3263 2987 3427 3042 super

1833 3085 1995 3139 quam
2035 3068 2356 3138 prmpositus
2393 3075 2511 3121 erat
2552 3066 2770 3134 quidam
2812 3065 3107 3119 mouaclms
3161 3063 3305 3128 Milo,
3333 3079 3428 3117 no-

1835 3159 1983 3211 mine
2011 3159 2252 3226 quidem,
2287 3156 2460 3210 sancti
2499 3155 2731 3218 Bertini,
2763 3154 3181 3208 archidiaconus
3231 3152 3420 3206 Eccle-

1835 3251 1928 3304 sia:
1955 3247 2340 3311 'I‘arvanensis,
2371 3247 2486 3315 qui,
2516 3245 2758 3300 saeculari
2789 3259 2997 3314 pompa:
3026 3243 3187 3296 nimis
3243 3242 3422 3295 inser-

1835 3343 2008 3404 vicus,
2033 3348 2088 3394 et
2136 3347 2358 3409 propter
2402 3339 2505 3392 hoc
2535 3338 2709 3392 eidem
2765 3336 2858 3390 Dei
2909 3335 3218 3389 fidelitatem
3250 3332 3422 3402 negli-

1836 3450 1989 3506 gens,
2019 3444 2242 3502 accepla
2291 3431 2540 3500 pecunia,
2588 3429 2860 3483 Rainardo
2887 3429 2954 3482 de
3001 3427 3220 3480 Balediu
3251 3427 3422 3495 ipsam

1838 3537 2040 3582 terram
2068 3526 2231 3591 dedit,
2260 3539 2323 3578 ea
2372 3523 2581 3577 scilicet
2626 3521 2955 3583 conditione,
2991 3527 3049 3572 ut
3084 3517 3227 3572 omni
3258 3531 3422 3579 anno,

1834 3633 1936 3687 pro
1971 3632 2136 3671 censu
2183 3631 2245 3670 cc
2269 3614 2471 3668 solidos
2498 3612 2841 3666 Belvacensis
2883 3620 3112 3664 monetae
3149 3607 3423 3677 persolve-

1837 3719 1940 3773 ret,
1969 3709 2146 3778 quoad
2172 3707 2398 3760 viveret.
2434 3707 2545 3760 lloc
2576 3713 2755 3758 autem
2781 3695 3020 3757 debitum
3065 3699 3238 3770 quoad
3266 3699 3419 3762 vixit,

1837 3819 1935 3873 per
1959 3799 2248 3872 quemdam
2270 3799 2531 3854 Joannem
2553 3839 2567 3862 ,
2591 3798 2831 3866 ejusdem
2861 3805 3019 3850 terra:
3042 3780 3240 3848 nostra:
3263 3792 3420 3845 inha-

1836 3897 2148 3959 bilatorem,
2181 3909 2234 3946 ix
2265 3889 2622 3961 Septembris,
2675 3889 2728 3942 in
2762 3886 3051 3942 festivitate
3093 3883 3264 3940 sancti
3295 3882 3422 3937 Ber-

1838 3987 1958 4051 tini,
1987 3984 2307 4040 transmisit.
2340 4001 2360 4034 ι

2272 4097 2475 4152 Cretera
2505 4097 2690 4150 desum
2711 4095 2762 4148 in
2789 4094 2987 4149 codice.

1903 4340 2048 4413 (H9)
2072 4339 2312 4405 Rectius,
2343 4349 2401 4394 ut
2431 4337 2662 4404 videtur,
2695 4350 2845 4390 xxix.
