3982 5292
173 243 310 302 1285

1148 241 1482 302 EPISTOLA
1521 238 1612 294 AD
1651 232 2038 290 AUGIENSES
2070 232 2414 290 FRATRES.

3308 235 3449 295 1286

171 376 332 431 quem
369 360 671 416 fraternum
715 362 899 416 odium
931 361 1187 417 maculat.
1221 362 1265 417 Ο
1302 362 1474 414 diram
1506 353 1747 412 sortem!

1869 361 1939 400 ter
1994 348 2318 414 mordebar,
2367 362 2474 416 qua
2530 345 2694 404 falsos
2736 348 3082 422 philosophos
3131 350 3314 422 culpat
3366 353 3452 407 bis

171 471 277 525 qua
299 455 534 509 humana
561 465 777 520 natura,
798 455 984 510 relicta
1014 454 1456 523 rationabilitatis
1477 453 1756 523 dignitate,

171 548 239 602 ad
291 547 538 602 ferinam.
578 564 637 602 se
677 548 983 603 conformat
1038 549 1243 612 vitam,
1303 549 1443 603 sicut
1498 546 1760 614 scriptum

169 647 294 692 est:
329 637 502 694 Homo
531 656 647 692 cum
678 640 731 692 in
755 640 951 693 honore
991 650 1145 703 esset,
1176 639 1277 692 non
1311 638 1598 702 intellexit;
1620 654 1762 690 com-

168 741 390 801 paratus
425 741 500 785 est
538 733 792 800 jumentis
832 733 1215 801 insipientibus,
1266 742 1313 786 et
1353 731 1541 786 similis
1588 731 1760 798 factus

167 831 245 875 est
280 821 408 875 illis.
443 823 570 876 Inde
594 830 680 875 est
712 823 854 890 quod
881 822 934 876 in
964 822 1254 892 Evangelio
1288 822 1552 886 Herodem
1582 820 1762 874 Domi-

167 929 272 968 nus
304 914 519 984 vulpem
545 915 798 986 appellat,
837 915 947 980 Ite,
976 916 1244 986 inquiens,
1281 916 1436 968 dicite
1478 914 1618 983 vulpi
1657 914 1758 968 illi.

172 1003 240 1058 Et
277 1005 564 1060 Psalmista
591 1021 605 1060 :
645 1005 853 1069 Partes,
885 1009 1080 1078 inquit,
1111 1007 1339 1076 vulpium
1369 1019 1542 1061 erunt.
1564 1005 1757 1069 Canes,

170 1111 388 1166 porcos,
453 1105 549 1151 ut:
610 1097 788 1152 Nolite
835 1113 1080 1154 sanctum
1129 1103 1257 1153 dare
1301 1099 1548 1162 canibus,
1601 1113 1762 1168 neque

165 1188 395 1241 mittatis
465 1190 784 1257 margaritas
832 1201 1029 1246 vestras
1081 1202 1200 1246 ante
1256 1208 1463 1259 porcos.
1531 1190 1759 1255 Tauros,

165 1279 389 1342 vitulos,
423 1287 522 1333 ut:
572 1277 1043 1336 Circumdederunt
1085 1299 1165 1337 me
1213 1283 1363 1336 vituli
1412 1282 1586 1345 multi,
1619 1282 1761 1334 tauri

165 1370 384 1439 pingues
409 1370 718 1424 obsederunt
752 1388 852 1424 me.
893 1371 1134 1441 Nequam
1173 1373 1419 1427 homines
1470 1372 1520 1426 in
1564 1371 1762 1426 divinis

165 1450 535 1518 voluminibus
582 1464 880 1533 appellatos
915 1465 1221 1519 invenimus
1247 1474 1501 1527 eatenus,
1543 1471 1600 1517 ut
1651 1478 1760 1518 non

167 1554 344 1606 solum
396 1553 706 1608 nominibus
757 1554 1112 1618 animalium,
1161 1570 1348 1608 verum
1397 1555 1559 1608 etiam
1603 1554 1762 1608 rebus

168 1643 580 1698 insensibilibus
623 1653 1025 1714 comparentur.
1070 1644 1342 1715 Scriptum
1390 1644 1590 1715 quippe
1633 1655 1756 1699 est:

1865 437 2044 492 verbis
2072 455 2085 492 :

1931 548 2085 598 Rarus
2107 562 2272 599 sermo
2293 549 2407 612 illis,
2466 549 2557 600 sed
2587 563 2758 614 magna
2784 551 2932 602 libido
2955 553 3170 604 tacendi.

1934 658 2068 725 Quis
2115 655 2221 712 hoc
2269 658 2334 713 de
2385 659 2654 712 monacho
2696 658 2899 712 dictum
2966 659 3250 713 crederet?
3299 658 3454 715 Unde

1865 751 2053 817 gentili
2117 750 2320 804 homini
2383 751 2621 821 cognitio
2689 750 2970 805 cucullatze
3040 753 3453 820 perversitatis?

1863 839 2124 910 Ignorans
2151 841 2315 895 vitam
2347 842 2586 906 laetabar,
2614 853 2777 912 atque
2807 845 3189 913 exspectabam
3217 846 3262 899 si
3312 844 3452 900 forte

1864 933 2009 987 inter
2052 949 2240 988 raros-
2274 950 2526 990 susurros
2594 936 2949 1007 pbilosopbici
3001 937 3162 991 studii
3218 937 3454 992 scintilla

1864 1024 2112 1079 micaret.
2154 1024 2302 1079 Nihil
2347 1026 2489 1087 inde,
2518 1028 2611 1082 sed
2647 1026 2851 1083 fraudis
2882 1028 3156 1082 molimina
3188 1029 3456 1097 paraban-

1865 1124 1970 1170 tur.
2001 1117 2205 1171 Aderat
2231 1118 2495 1187 siquidem
2530 1121 2703 1190 pusio,
2735 1121 2984 1191 interque
3020 1122 3294 1192 principes
3342 1136 3458 1176 mo-

1862 1208 2105 1270 rabatur,
2133 1223 2294 1276 quem
2324 1208 2642 1278 frequenter
2666 1211 2965 1280 aSpiciebat
2996 1214 3256 1282 magister
3281 1213 3456 1282 qualis

1863 1294 2039 1364 qualis
2070 1295 2124 1349 in
2154 1296 2337 1352 hircos
2374 1289 2544 1352 oculis
2587 1298 2823 1365 reﬂexis,
2851 1312 3012 1370 atque
3039 1303 3181 1357 inter
3203 1313 3457 1372 aspectus

1865 1385 2145 1454 ringebat,
2189 1389 2331 1457 quod
2377 1390 2599 1445 delicias
2648 1407 2774 1446 suas
2822 1395 3134 1462 potentibus
3178 1397 3456 1453 adhaerere

1863 1487 2136 1544 cerneret,
2166 1490 2222 1534 ut
2270 1497 2395 1535 reor
2446 1484 2711 1539 interesse
2756 1502 2862 1540 non
2915 1498 3112 1556 putans
3160 1490 3456 1561 quidquam

1864 1569 2173 1623 castitatem
2227 1573 2454 1627 turturis
2498 1583 2552 1628 et
2601 1577 2995 1632 obscenitatem
3049 1581 3303 1650 perdicis.
3356 1583 3456 1640 Hic

1865 1675 1986 1712 cum
2013 1663 2366 1730 egrederetur
2394 1675 2446 1718 et
2471 1665 2865 1736 ingrederetur,
2894 1673 3270 1730 committebat
3289 1661 3457 1732 disci-

169 1731 308 1787 Ecce
328 1744 502 1803 gentes
543 1735 879 1804 qnasi,stilla
909 1735 1114 1799 situlus,
1152 1746 1201 1789 et
1248 1737 1399 1805 quasi
1442 1746 1759 1788 momentum
1792 1730 1837 1789 B
1866 1747 1992 1817 ριιιο
2017 1765 2152 1818 quas
2202 1754 2428 1822 parabat
2461 1730 2699 1812 fravudcs.

172 1835 386 1880 staterae
414 1835 664 1896 repntata:
689 1837 831 1882 sunt.
862 1827 992 1881 Item
1018 1843 1031 1879 :
1067 1825 1260 1880 Omnes
1285 1837 1460 1896 gentes
1482 1827 1630 1897 quasi
1656 1843 1760 1880 non

167 1915 296 1978 sint,
332 1915 406 1967 sic
427 1925 548 1968 sunt
576 1932 754 1968 coram
796 1932 878 1979 eo,
906 1926 952 1969 et
974 1916 1126 1985 quasi
1161 1925 1477 1969 momentum
1513 1926 1563 1969 et
1606 1918 1761 1970 inane

169 2012 430 2070 reputatw
461 2013 578 2055 sunt
613 2004 679 2055 ei.
717 2003 792 2056 Ex
827 2020 934 2072 quo
970 2004 1174 2072 liquido
1199 2004 1478 2073 colligitur
1500 2018 1593 2059 eos
1621 2008 1761 2061 inter

169 2100 364 2161 gentes
388 2092 711 2161 computari,
742 2095 831 2163 qui
864 2094 981 2148 sine
1018 2095 1272 2163 operibus
1300 2095 1616 2150 Christiano
1658 2111 1758 2150 no-

172 2181 322 2236 mine
365 2195 423 2236 se
474 2176 726 2252 insigniri
748 2183 1068 2253 gloriantur.
1107 2185 1248 2254 Ergo
1286 2185 1635 2241 ultroneitate
1666 2203 1756 2239 ar-

172 2270 322 2325 bitrii
371 2272 474 2326 sibi
514 2288 778 2341 concessa
825 2275 1108 2329 abutentes
1158 2286 1250 2330 aut
1299 2277 1759 2334 irrationabilibus

175 2362 504 2418 animalibus
527 2375 933 2433 comparantur,
957 2375 1048 2420 aut
1076 2368 1127 2420 in
1158 2367 1386 2421 nihilum
1415 2368 1756 2439 rediguntur,

167 2465 401 2521 quorum
429 2454 610 2508 exitus
639 2470 777 2508 unus
803 2463 906 2509 est.
939 2454 1016 2511 Ne
1048 2457 1248 2525 putetis
1277 2472 1364 2511 me
1388 2457 1760 2514 doctrinaliter

168 2543 308 2599 velle
333 2545 500 2614 loqui,
527 2546 767 2601 excitare
796 2556 974 2602 tamen
1005 2559 1214 2604 mentes
1247 2560 1451 2605 vestras
1479 2551 1626 2617 volo,
1651 2568 1759 2620 quo

167 2643 224 2687 et
259 2635 511 2690 cucullati
539 2636 814 2691 lasciviam
842 2647 896 2692 et
937 2655 1022 2692 me
1053 2655 1156 2694 non
1185 2641 1401 2710 qualem
1432 2643 1641 2711 putavit
1669 2658 1762 2697 co-

169 2725 460 2792 gnoscatis.
489 2724 830 2782 Narrationis
857 2729 1041 2798 itaque
1065 2730 1199 2784 ordo
1238 2732 1306 2786 ab
1338 2733 1441 2787 hoc
1470 2732 1589 2788 loco
1627 2749 1752 2789 cre-

174 2815 321 2868 ditur
349 2816 703 2871 ordinandus.

231 2927 369 2986 Quod
398 2928 551 2978 fateor
575 2937 764 2980 vestras
786 2931 948 2981 forsan
974 2935 1198 2996 pervenit
1230 2936 1289 2984 ad
1314 2949 1479 2987 aures.

240 3029 582 3086 Venerabilis
633 3049 725 3088 rex
757 3033 887 3089 Otto
935 3052 1077 3108 saepe
1115 3041 1256 3108 apud
1295 3039 1460 3095 Italiae
1487 3041 1759 3112 principes

167 3123 492 3191 quibusdam
525 3126 891 3183 moliminibus
918 3132 1045 3201 egit,
1070 3144 1337 3203 quatenus
1361 3137 1426 3188 ad
1455 3137 1570 3191 haec
1591 3154 1757 3208 regna

165 3231 443 3271 evocarer.
475 3218 579 3273 Sed
622 3221 764 3274 enim
796 3224 919 3289 quia
953 3241 1056 3277 non
1085 3226 1240 3280 alicui
1293 3227 1360 3282 ita
1409 3229 1757 3296 subjicicbar,

166 3324 345 3377 neque
377 3321 482 3363 tam
516 3312 732 3365 humilis
761 3313 988 3369 fortuna:
1017 3316 1357 3382 habebamut
1377 3321 1493 3388 cogi
1519 3337 1758 3389 possem,

165 3403 341 3456 versis
385 3405 451 3457 ad
504 3419 588 3457 me
637 3421 859 3474 precum
909 3408 1144 3470 indiciis,
1194 3413 1610 3480 promissionem
1659 3433 1758 3471 ceu

165 3493 364 3563 pignus
407 3495 656 3550 veniendi
696 3498 927 3566 accepit.
967 3500 1152 3568 quue
1181 3500 1384 3556 factum
1411 3513 1493 3558 est
1520 3515 1577 3559 ut
1601 3522 1665 3561 eo
1691 3509 1759 3562 ab

165 3583 321 3636 ltalia
346 3585 623 3649 redeunte,
651 3603 754 3641 tina
784 3592 1044 3656 venerim,
1069 3593 1306 3662 negotio,
1329 3606 1387 3648 ut
1413 3612 1536 3650 vera
1560 3598 1756 3666 fatear,

165 3675 310 3727 ultra
339 3678 586 3745 proprias
614 3678 759 3732 vires
786 3689 1055 3749 suscepto.
1081 3682 1199 3748 Quo
1234 3701 1341 3738 non
1367 3687 1634 3744 cbaritate
1660 3691 1762 3745 im-

165 3764 456 3832 pellimur?
482 3767 600 3834 Quo
630 3783 756 3840 non
810 3768 1052 3824 fraterna
1096 3773 1451 3829 delectatione
1487 3793 1759 3846 provoca-
1815 3791 1825 3807 '

169 3859 330 3913 mur?
374 3860 629 3914 Gordium
677 3870 951 3916 scrutator
979 3865 1122 3918 Deus
1167 3867 1270 3920 scit
1320 3883 1427 3922 non
1454 3884 1519 3923 eo
1544 3886 1632 3924 me
1662 3887 1758 3925 ve-

167 3949 318 4005 nisse
347 3959 404 4002 ut
445 3950 608 4005 alicui
651 3967 925 4017 nocerem,
958 3969 1145 4008 verum
1168 3971 1274 4024 quo
1305 3957 1489 4013 nmltis
1537 3960 1761 4029 prodes-

165 4055 305 4096 sem.
335 4042 522 4111 Neque
550 4046 790 4113 processi
821 4046 982 4101 veluti
1012 4049 1304 4104 Britannus
1333 4051 1554 4120 spiculis
1581 4054 1760 4108 hirsu-

168 4144 259 4190 tus
295 4138 735 4205 reprehensionis
758 4179 773 4202 ,
826 4143 920 4195 sed
957 4157 1182 4196 munere
1227 4143 1532 4199 charitatis.
1570 4146 1760 4202 Sciunt

169 4240 258 4279 me
312 4241 500 4280 revera
542 4226 667 4292 fari,
735 4229 827 4298 qui
876 4232 1055 4284 niunia
1115 4233 1420 4288 litterarum
1475 4253 1578 4291 non
1625 4239 1757 4294 mihi

167 4317 384 4385 penitus
434 4319 624 4373 abesse
672 4320 994 4376 didicerunt.
1038 4322 1217 4377 Munia
1274 4325 1578 4382 litterarum
1613 4331 1754 4395 dico,

170 4424 278 4463 non
324 4410 568 4464 insidiari
614 4411 824 4476 fraude,
876 4415 969 4468 sed
1019 4430 1085 4470 ex
1133 4415 1419 4473 dilectione
1453 4421 1585 4475 velle
1631 4438 1756 4491 pro-
1784 4448 1836 4506 Β

168 4496 348 4554 desse.
381 4499 482 4554 Per
517 4503 742 4571 abrupta
801 4504 963 4572 igitur
1012 4507 1276 4561 montium
1329 4526 1395 4564 ac
1461 4515 1758 4581 prascipitia

170 4591 412 4656 Vallium,
444 4603 758 4662 perventum
807 4604 891 4650 est
937 4597 1151 4651 tandem
1185 4601 1251 4654 ad
1294 4600 1351 4654 S.
1396 4601 1534 4657 Galli
1567 4621 1759 4660 mona-

172 4683 420 4737 sterium.
479 4683 646 4739 Porro
697 4686 831 4741 adeo
880 4687 1136 4757 fatigatus
1186 4706 1358 4757 eram,
1412 4703 1470 4749 ut
1514 4710 1756 4752 carerem

175 4787 312 4840 pene
357 4776 532 4831 oliicio
575 4793 830 4831 manuum
863 4790 1120 4834 montano
1157 4781 1356 4854 frigore
1387 4797 1751 4854 perustarum,

175 4877 444 4933 quatenus
484 4884 659 4938 neque
687 4870 912 4935 imponi,
946 4887 1122 4941 neque
1142 4877 1334 4944 deponi
1359 4892 1499 4947 equo
1520 4893 1756 4946 possem,

177 4956 278 5010 nisi
307 4957 500 5013 alienis
546 4961 794 5015 manibus
833 4961 1172 5032 deportarer.
1228 4967 1549 5024 Advenienti
1581 4980 1756 5026 tamen

178 5049 308 5103 mihi
354 5066 478 5120 spes
519 5063 636 5108 erat
682 5069 890 5110 secura:
941 5057 1142 5127 quietis
1196 5060 1249 5115 in
1283 5063 1398 5118 loco
1428 5067 1760 5122 monachica:

180 5138 548 5198 habitationis.
598 5146 854 5198 Videbam
903 5153 1212 5198 {renitentes
1261 5158 1498 5198 ρειηῑιιιιη
1533 5158 1762 5198 int-lina-

1925 1857 2030 1937 Nox
2058 1869 2186 1937 erat,
2210 1870 2256 1935 et
2284 1876 2480 1913 somnus
2498 1880 2638 1916 curas
2654 1882 2873 1937 marcore
2897 1875 3180 1937 premebat,

1923 1920 2111 1984 Jusque
2129 1926 2220 1973 srbi
2245 1927 2294 1974 in
2315 1936 2479 1976 saturo
2505 1931 2735 1991 poscebat
2760 1920 2937 1983 ventre
2963 1920 3145 1986 mea;

1863 2021 1998 2077 Cum
2059 2024 2274 2082 fortuna
2332 2029 2435 2084 fuit
2508 2032 2561 2086 in
2639 2037 2985 2092 sermonibus
3035 2038 3243 2096 frivolis
3298 2044 3459 2100 unius

1864 2131 2029 2172 casus
2053 2122 2356 2177 mutatione
2381 2123 2721 2191 oll'enderim,
2747 2133 2997 2199 ponendo
3023 2133 3275 2191 videlicet
3295 2152 3458 2193 accu-

1862 2207 2097 2261 sativum
2145 2225 2242 2279 pro
2287 2213 2550 2267 ablativo.
2585 2216 2739 2271 Tunc
2771 2219 3002 2288 denique
3028 2221 3207 2292 palam
3251 2224 3455 2284 factum

1861 2305 1962 2360 est,
2012 2299 2155 2365 quod
2213 2316 2312 2370 per
2357 2310 2529 2358 totum
2579 2306 2724 2360 diem
2775 2310 3037 2380 magister
3085 2313 3458 2381 improbabilis

1861 2387 2184 2443 eruditionis
2215 2391 2463 2448 docuerit
2488 2396 2808 2466 discipulum
2840 2399 2894 2452 in
2936 2397 3186 2458 lan‘tlibns
3218 2407 3454 2462 obsecu-

1865 2475 2046 2530 tionis.
2095 2477 2283 2533 Adfuit
2334 2491 2513 2538 tamen
2552 2501 2717 2554 quem
2779 2504 2942 2559 supra
2988 2493 3270 2561 pusionem
3314 2496 3449 2563 dixi,

1864 2566 2088 2637 culpatis
2118 2578 2226 2624 tam
2257 2588 2422 2642 grave
2473 2577 2681 2633 facinus
2722 2582 3040 2638 mutationis
3080 2586 3236 2641 unius
3263 2603 3448 2655 casus,

1861 2674 2112 2716 asserens
2141 2678 2226 2717 me
2255 2680 2440 2720 senem
2498 2668 2846 2726 scliolaribus
2873 2674 3094 2744 dignum
3118 2675 3362 2748 flagellis,
3393 2689 3449 2735 et

1863 2749 1966 2804 hoc
1997 2751 2270 2808 lascivulis
2297 2758 2562 2824 versibus,
2593 2763 2747 2829 quasi
2792 2764 2844 2816 in
2898 2765 3003 2821 hoc
3047 2769 3265 2838 sapiens
3318 2772 3449 2827 mihi

1865 2844 2158 2900 cucullalio
2188 2849 2482 2903 videretur.
2519 2851 2904 2911 Vcrmntamen
2938 2860 3059 2928 quis
3092 2862 3302 2932 ignorat
3328 2880 3454 2921 ver-

1866 2948 1959 2988 sus
1993 2935 2328 2993 lascivientis
2355 2944 2645 2997 monachi?
2674 2946 2798 3001 Otio
2827 2964 3057 3016 vacans,
3088 2969 3150 3007 os
3175 2957 3367 3025 aperit,
3401 2967 3459 3014 et

1866 3041 2059 3095 poema
2087 3031 2307 3098 emittit,
2341 3032 2599 3103 ignorans
2625 3042 2988 3096 oeconomiam
3018 3047 3299 3113 carminis,
3323 3066 3456 3120 pur-

1865 3134 2089 3187 pureum
2123 3139 2359 3192 pannum
2411 3129 2503 3198 qui
2536 3128 2673 3186 bene
2720 3134 3001 3203 Splendeat
3033 3155 3196 3194 lllllllll
3239 3156 3293 3196 et
3318 3144 3455 3200 alte-

1864 3227 1982 3265 rum
2029 3213 2288 3280 inserere,
2342 3235 2523 3274 mores
2563 3232 2754 3278 {elatos
2808 3241 3123 3295 personare,
3166 3231 3456 3291 observare

1861 3300 2155 3370 dignitates
2181 3305 2232 3356 in
2265 3308 2412 3374 poesi
2443 3312 2634 3364 nescit.
2673 3311 2913 3383 Porrigit
2957 3326 3163 3371 tantum
3208 3321 3356 3377 labra
3399 3336 3455 3379 et

1861 3389 2060 3458 ejactat
2087 3409 2318 3462 poema;
2357 3400 2500 3468 quod
2549 3400 2766 3457 Persius
2819 3420 2926 3458 non
2978 3419 3214 3463 mentem
3246 3412 3454 3469 intrare

1862 3482 2018 3548 dicit,
2052 3485 2145 3538 sed
2175 3486 2414 3542 lumbum
2443 3507 2457 3543 :

2507 3615 2615 3651 cum
2639 3609 2846 3656 carmina
2871 3608 3085 3660 lumbum

1921 3654 2128 3721 lntrant,
2166 3665 2219 3708 et
2251 3662 2462 3712 tremulo
2486 3667 2763 3727 scalpuntur
2791 3654 3245 3727 ubi—initiinavvcrsu.

1930 3756 2059 3811 Item
2108 3776 2175 3814 ex
2226 3777 2460 3831 persona
2503 3769 2593 3836 qui
2648 3772 2795 3827 molli
2848 3781 3286 3846 pronuntiatione
3325 3801 3454 3856 gau-

1862 3847 2010 3914 dent,
2043 3851 2239 3922 inquit,

1921 3962 2622 4056 ttiiteaajsi'aaiisnave
2645 3984 2704 4056 ei.
2722 3975 2827 4026 ιω
3075 3985 3358 4056 legendum.

1929 4026 2422 4109 grirva‘Mim—allopeis
2447 4036 2707 4109 implernnt
2733 4026 3141 4109 cornua—bombis:

1921 4087 1982 4197 Et
2000 4099 2192 4198 raprtum
2217 4094 2366 4142 vitulo
2388 4087 2535 4157 caput
2553 4097 2769 4149 ablatura
2793 4087 3006 4165 superbo

1967 4165 2070 4198 assa
2106 4166 2163 4198 IS.

1967 4165 2163 4202 35521⁵18.

1867 4249 2125 4309 Horatius
2148 4257 2212 4309 de
2249 4257 2454 4314 Lucilio
2482 4262 2656 4332 inquit
2685 4284 2697 4319 :

1922 4361 2039 4448 Nam
2056 4365 2143 4415 fuit
2167 4367 2257 4416 hoc
2277 4371 2477 4420 vitiosus
2497 4376 2689 4448 .iu‘liora
2715 4393 2845 4442 saepe
2867 4382 3120 4448 ducentos,

1929 4425 1989 4475 lit
2011 4442 2257 4492 magnum,
2287 4447 2456 4482 versus
2477 4436 2690 4488 dictabat
2707 4425 2841 4491 εὼΒέ

1935 4509 2136 4565 Fateor
2167 4530 2251 4568 mc
2278 4514 2534 4581 juvenem
2567 4523 2668 4577 hoc
2693 4527 2823 4580 vitio
2851 4541 3072 4586 tactum.
3113 4535 3299 4599 Pudet,
3335 4558 3442 4601 non

1867 4609 2045 4654 tamen
2098 4619 2196 4657 ceu
2249 4597 2467 4674 quidam
2516 4620 2814 4674 monachus
2869 4626 3036 4677 ovilia
3099 4630 3217 4684 sine
3283 4640 3448 4692 mori-

1868 4694 1966 4748 bus
2009 4696 2147 4762 pelle
2195 4700 2435 4767 tegebar.
2499 4705 2577 4761 Ne
2637 4714 2835 4778 putetis
2881 4730 2967 4769 me
3029 4718 3141 4774 haec
3203 4728 3453 4800 proloqui

1866 4796 1924 4838 ut.
1973 4790 2242 4856 poematis
2301 4796 2536 4850 studium
2590 4800 2640 4852 in
2686 4813 3066 4875 contemptum
3125 4790 3324 4873 ducere
3367 4790 3459 4878 ve-

1863 4875 1978 4930 lim.
2020 4877 2434 4941 Ecclesiasticos
2463 4890 2624 4943 etiam
2653 4893 2800 4948 viros
2847 4907 3096 4967 poemate
3133 4919 3260 4962 usos
3306 4910 3460 4973 inve-

1865 4969 1986 5034 nio;
2036 4974 2128 5027 sed
2178 4977 2346 5033 miror
2385 4981 2429 5034 si
2467 4994 2652 5038 nostro
2707 4997 2951 5061 tempore
2996 5005 3157 5059 queat
3199 5005 3312 5058 veri
3341 5024 3465 5077 pne.

1865 5065 2028 5120 matis
2057 5069 2292 5139 scriptor
2321 5077 2569 5132 inveniri.
2599 5079 2653 5133 Si
2683 5086 2906 5151 quidem
2947 5084 3118 5142 Cinna
3165 5095 3240 5164 (l)
3267 5065 3467 5164 lib-min

1866 5174 2022 5198 CIIII!“
2058 5159 2344 5198 ganI‘llnIia
2361 5186 2394 5198 -ρ
2423 5171 2574 5198 λιιι-ἶ.-

2609 5171 2844 5198 Α.ἶ.-.⁴-.⁹.
2901 5178 2942 5198 ΙΙ
2971 5179 3084 5198 .--..a!
