3982 5292
174 318 304 376 1289

1225 317 1442 374 EPIST.
1468 319 1560 374 AD
1600 316 1920 374 FRATRES
1957 320 2363 377 AUGIENSES.

3278 328 3413 387 1290

171 449 253 491 tur
280 432 465 504 utique
506 445 564 488 se
605 430 659 487 in
681 444 932 486 sermone
971 430 1207 498 tardum,
1231 447 1392 502 quem
1418 433 1469 487 in
1500 432 1734 502 philoso-
1763 438 1811 493 Α
1842 435 1971 488 tiam
1999 436 2116 490 sine
2146 437 2409 506 sapientia
2435 435 2626 493 obesse
2657 436 2876 493 fatetur.
2919 436 3252 510 Sapientiam
3294 444 3413 497 sine

166 526 291 596 phia
322 522 500 578 nullus
530 522 633 576 rite
660 520 801 575 valet
844 520 1027 576 dicere
1074 520 1408 591 imperitum,
1453 531 1589 576 teste
1612 537 1743 591 pro-

168 623 463 684 tomartyre
493 610 787 680 Stephano,
821 611 914 677 qui
944 611 996 665 in
1026 609 1251 665 Actibus
1280 610 1647 680 apostolorum
1675 610 1742 665 de

166 721 229 761 eo
264 705 336 760 ita
378 703 622 773 loquitur
649 715 663 756 :
694 700 827 756 Erat
859 702 1066 772 Moyses
1091 702 1328 756 eruditus
1360 703 1499 755 omni
1529 704 1738 771 sapien-

165 796 238 849 tia
256 793 657 865 ngyptiorum.
692 793 1032 863 QuaprOptcr
1054 793 1097 847 si
1122 794 1187 848 de
1213 793 1505 847 verborum
1531 793 1739 862 signiti-

163 885 551 953 cationumque
579 883 629 937 vi
661 882 816 951 plura
860 883 1047 936 audire
1089 882 1308 951 cupitis,
1337 884 1498 936 etiam
1531 896 1592 936 ea
1623 897 1742 951 quae

161 982 465 1043 sequuntur
494 987 649 1043 aequo
679 972 860 1027 animo
887 972 1231 1027 considerare
1262 971 1498 1041 debetis.
1522 971 1742 1027 Boetius

159 1066 249 1120 vir
277 1064 681 1121 eruditissimus
728 1064 779 1117 in
826 1064 962 1117 libro
1008 1062 1129 1117 Peri
1174 1063 1457 1118 Ermenias
1495 1064 1744 1119 secundae

160 1158 421 1213 editionis
457 1156 641 1212 audite
681 1155 812 1224 quid
858 1155 1043 1210 dicat:
1076 1154 1463 1208 Adminiculari
1501 1157 1617 1226 quis
1649 1157 1741 1210 de-

160 1253 246 1306 bet
277 1251 510 1306 obscuris
538 1249 792 1312 sensibus,
820 1249 1072 1317 patientia
1108 1258 1274 1318 atque,
1302 1263 1575 1313 consensu,
1605 1249 1742 1315 quod

158 1343 236 1398 ad
272 1343 579 1398 sententiam
611 1340 831 1393 dicentis
860 1347 1076 1409 spectat,
1117 1348 1161 1392 et
1193 1338 1238 1391 si
1279 1354 1577 1391 sermonum
1609 1339 1742 1391 ratio

158 1449 219 1488 se
247 1434 321 1487 ita
346 1449 451 1486 non
498 1430 704 1485 habeat.
755 1428 1038 1484 Sulliciunt
1086 1429 1200 1484 haec
1248 1430 1312 1483 ad
1357 1428 1741 1484 confutandam

163 1524 451 1579 stultitiam
496 1521 717 1585 fratris;
769 1536 836 1573 an
881 1519 1034 1589 plura
1080 1520 1399 1587 requiritis?
1451 1520 1514 1573 Ni
1566 1519 1739 1585 fallor,

166 1633 297 1672 vera
327 1630 544 1686 quoque
577 1628 659 1667 me
688 1612 868 1667 dicere
913 1612 1143 1680 probant
1185 1625 1347 1666 verna
1378 1625 1443 1665 ex
1472 1612 1741 1682 corruptis

162 1707 484 1776 composita,
537 1702 621 1757 vel
670 1703 721 1756 in
771 1700 1145 1769 compendium
1200 1700 1383 1765 ducta,
1438 1701 1491 1755 in
1543 1702 1740 1770 quibus

1845 526 2151 595 eloquentia
2176 528 2451 597 prodesse,
2477 543 2750 597 nunquam
2776 544 2992 584 nocere.
3010 528 3230 586 Possem
3249 534 3415 588 multa

1843 630 1909 671 ex
1936 619 2130 673 divinis
2160 620 2515 688 humanisque
2551 619 2702 674 libris
2728 621 2969 690 exempla
3002 623 3289 692 subjicere,
3319 624 3414 679 sed

1843 707 1967 762 nolo
2006 707 2245 777 epistola:
2294 717 2533 762 tenorem
2583 709 2947 777 exemplorum
2973 711 3138 780 cepiis
3166 726 3415 766 onerare.

1846 800 2227 855 Verumtamen
2284 802 2407 869 quia
2473 801 2898 872 uniuscujusque
2946 802 3021 856 rei
3067 804 3243 859 exitus
3289 819 3417 874 pro-

1842 893 2012 962 priam
2056 894 2217 948 habet
2265 908 2503 957 causam,
2562 894 2696 947 nihil
2746 895 2912 958 enim,
2966 903 3025 948 ut
3065 896 3115 947 in
3155 896 3294 951 libro
3317 895 3418 952 Job

1844 982 2057 1052 legitur,
2107 983 2159 1035 in
2195 991 2339 1036 terra
2382 983 2497 1036 sine
2531 998 2690 1038 causa
2722 982 2799 1049 fit,
2832 984 2951 1038 volo
2979 986 3421 1040 animadvertatis

1844 1087 2005 1141 quam
2034 1081 2217 1142 putem
2255 1072 2307 1125 in
2350 1073 2409 1126 S.
2442 1072 2579 1127 Galli
2629 1076 2895 1128 monacho
2944 1090 3163 1129 causam
3218 1076 3419 1138 iniqua:

1827 1157 2304 1230 reprehensionis.
2342 1160 2575 1216 jEstimo
2602 1162 2754 1215 illum
2789 1162 3095 1233 ingressum
3127 1164 3420 1232 aliquando

1845 1250 2061 1304 hortum
2097 1250 2197 1303 viri
2226 1250 2529 1320 prudentis,
2579 1251 2633 1305 in
2682 1266 2790 1321 quo
2839 1252 3144 1322 degustavit
3180 1251 3421 1307 refanum

1843 1341 2039 1395 canino
2074 1341 2301 1395 stercori
2351 1342 2618 1406 innatum,
2665 1357 2783 1411 qum
2820 1351 2903 1397 est
2934 1358 3095 1397 causa
3120 1344 3291 1411 putidi
3325 1360 3419 1397 ru-

1844 1431 2115 1495 ctaminis,
2160 1430 2211 1484 id
2244 1439 2325 1485 est
2354 1430 2616 1485 malivola:
2661 1432 3116 1501 reprehensionis.
3159 1432 3423 1487 Adhibete

1844 1532 2173 1594 quapmpter
2201 1522 2474 1578 viridariis
2502 1524 2694 1578 vestris
2725 1524 2979 1589 claustra,
3027 1539 3199 1589 seras,
3233 1533 3417 1579 custo-

1844 1617 1956 1680 des,
1999 1628 2065 1668 ne
2105 1614 2251 1681 olera
2299 1623 2477 1667 vestra
2522 1614 2659 1669 bene
2688 1613 2888 1668 olentia
2935 1614 3073 1683 turpi
3118 1615 3423 1669 ructamine

1847 1705 2123 1759 vitientur.
2174 1702 2547 1772 Corrumpunt,
2593 1712 2649 1756 ut
2697 1704 2871 1773 inquit
2915 1704 3227 1773 Apostolus,
3252 1721 3422 1758 mores

162 1798 315 1853 brevi
364 1795 576 1867 prolatu
629 1792 793 1847 multa
854 1798 1257 1855 monstrantur,
1311 1799 1369 1844 ut
1420 1791 1473 1845 in
1524 1790 1739 1845 nomine
1772 1775 1815 1832 Β
1845 1797 2007 1848 bonos
2044 1793 2307 1863 colloquia
2335 1793 2497 1846 mala.
2532 1791 2647 1848 Non
2680 1803 2860 1848 tamen
2893 1794 3090 1848 mirum
3118 1793 3291 1848 videri
3324 1795 3417 1848 deo

169 1890 366 1954 Verna,
408 1887 550 1957 quod
580 1886 731 1939 aiunt
760 1900 827 1938 ex
859 1884 1030 1937 tribus
1057 1882 1327 1951 corruptis
1355 1881 1735 1949 compositum,

161 1998 283 2054 quae
329 1990 454 2037 sunt
504 1980 696 2042 bonus,
746 1975 1145 2038 haereditarius,
1197 1982 1376 2027 natus.
1432 1973 1511 2026 Ex
1564 1972 1738 2041 prima

165 2075 353 2144 itaque
384 2081 542 2142 parte
573 2068 706 2123 nihil
732 2068 961 2122 habetur
1003 2066 1103 2121 nisi
1149 2066 1329 2120 littera
1374 2064 1596 2119 alterius
1623 2065 1740 2119 loco

161 2165 355 2235 posita,
399 2180 426 2218 v
457 2161 702 2217 videlicet
731 2175 827 2229 pro
859 2161 917 2225 b;
956 2159 1180 2228 ideoque
1202 2157 1420 2226 quidam
1460 2156 1733 2226 propriam

162 2257 400 2312 litteram
454 2263 730 2310 servantes
776 2252 1002 2306 Bernam
1059 2250 1265 2304 dicunt.
1318 2249 1522 2303 Eodem
1575 2249 1738 2303 etiam

163 2352 323 2407 modo
350 2364 517 2405 mmm
542 2347 764 2401 verbum
795 2345 1039 2415 quamvis
1067 2342 1481 2413 incompositum
1508 2340 1663 2413 plura
1687 2341 1742 2396 in

161 2459 221 2498 se
242 2442 460 2508 retinet,
491 2440 650 2511 quale
678 2446 761 2494 est
790 2437 917 2492 illud
948 2435 1148 2490 Lucani
1179 2453 1191 2489 :

222 2574 391 2625 Omnia
410 2584 641 2636 majorum
674 2577 919 2622 vertamus
941 2570 1101 2629 busta,
1127 2567 1309 2619 licebit.

241 2677 436 2732 Dicunt
466 2676 518 2730 in
544 2676 648 2729 hoc
678 2674 842 2728 verbo
885 2682 997 2726 tres
1041 2671 1238 2725 debere
1285 2668 1508 2739 intelligi
1556 2676 1742 2739 partes

160 2768 448 2832 orationis,
503 2764 959 2833 conjunctionem,
993 2777 1210 2827 nomen,
1247 2772 1301 2815 et
1343 2760 1743 2816 substantivum

160 2860 408 2923 verbum,
460 2867 518 2912 ut
566 2858 638 2911 sit
677 2856 867 2919 licebit,
899 2856 941 2908 si
973 2855 1189 2908 licentia
1221 2854 1345 2917 erit,
1391 2860 1659 2922 quatenus
1697 2852 1744 2905 si

160 2951 481 3005 aliirtnativa
517 2950 587 3004 sit
615 2948 946 3015 conjunctio,
981 2962 1085 3001 non
1111 2947 1431 3001 dubitativa.
1465 2945 1734 3001 Prreterea

160 3044 207 3096 si
242 3044 297 3098 in
329 3043 471 3098 dicto
524 3050 730 3095 tantum
779 3051 833 3094 et
881 3055 983 3093 non
1036 3040 1087 3092 in
1134 3038 1527 3109 signiﬁcatione
1567 3038 1743 3092 oratio

1843 1888 1933 1942 bet
1959 1887 2005 1941 si
2038 1902 2141 1941 non
2172 1886 2361 1941 metuit
2388 1886 2508 1956 quis
2536 1887 2833 1941 minoribus
2859 1887 3105 1957 obligari,
3141 1887 3232 1956 qui
3260 1885 3425 1955 majo-

1844 1979 1995 2032 ribus
2046 1978 2193 2032 vitiis
2242 1977 2507 2032 obnosius
2554 1978 2802 2032 habetur.
2854 1976 3042 2032 Nonne
3087 1978 3177 2032 hic
3223 1979 3288 2032 de
3318 1994 3426 2048 quo

1844 2070 2117 2139 loquimur
2149 2084 2287 2124 unus
2335 2077 2419 2124 est
2462 2084 2527 2124 ex
2563 2068 2667 2124 illis
2693 2070 2784 2139 qui
2815 2069 3093 2139 proprium
3123 2084 3297 2139 nuper
3325 2069 3423 2123 ab-

1843 2164 2023 2215 batem
2068 2160 2387 2230 pepulerunt
2438 2159 2553 2231 (5),
2602 2158 3061 2228 subrogatumque
3111 2174 3209 2229 pro
3253 2174 3317 2215 eo
3366 2159 3423 2214 in

1843 2257 2064 2311 exitium
2129 2257 2479 2310 merserunt?
2528 2255 2640 2310 Hoc
2702 2255 2822 2309 ideo
2875 2254 3074 2308 dicitur
3123 2254 3250 2324 quia
3319 2252 3425 2308 nisi

1844 2348 1890 2401 is
1921 2347 2009 2417 qui
2037 2347 2296 2401 successit
2322 2345 2624 2400 hortatibus
2646 2359 3027 2415 perversorum
3052 2343 3273 2398 tuinime
3303 2358 3423 2398 ces-

1844 2439 2027 2503 sisset,
2072 2438 2247 2492 adlmc
2273 2436 2501 2492 fortasse
2531 2436 2758 2490 viveret.
2787 2434 2980 2489 Notum
3009 2442 3094 2487 est
3123 2432 3266 2503 quod
3297 2447 3420 2486 cum

1844 2529 2002 2583 bonis
2041 2528 2295 2597 operibus
2344 2526 2452 2580 vita
2492 2526 2781 2596 aliquando
2821 2525 3180 2595 protenditur,
3210 2532 3417 2577 etcum

1845 2622 2003 2677 malis
2028 2620 2325 2685 breviatur,
2364 2621 2501 2674 sicut
2528 2635 2624 2689 per
2648 2618 2936 2687 quemdam
2968 2617 3263 2686 sapientem
3291 2614 3425 2669 dici-

1846 2722 1972 2767 tur:
2003 2711 2129 2765 Noli
2174 2728 2284 2765 esse
2320 2712 2500 2781 justus
2545 2708 2787 2774 multant,
2838 2724 2900 2763 ne
2945 2705 3189 2760 moriaris
3219 2706 3270 2757 in
3298 2715 3428 2758 tem-

1844 2818 1968 2872 pore
1995 2818 2098 2855 non
2124 2810 2233 2854 tuo.
2273 2801 2329 2854 ln
2358 2798 2456 2854 Job
2484 2813 2697 2868 quoque
2732 2799 2798 2852 de
2827 2797 3011 2866 iniquo
3044 2794 3160 2849 viro
3191 2793 3421 2865 legitur:

1844 2897 2137 2961 Antequam
2164 2891 2272 2945 dies
2296 2890 2407 2959 ejus
2435 2889 2751 2959 impleantur
2772 2886 2979 2959 peribit.
3005 2885 3070 2941 Et
3093 2883 3379 2939 Psalmista
3407 2901 3421 2938 :

1854 2981 1990 3046 Viri,
2028 2982 2225 3052 inquit,
2268 2981 2583 3050 sanguinum
2631 2988 2680 3032 et
2722 2976 2891 3031 dolosi
2927 2993 3031 3030 non
3062 2976 3417 3030 dimidiabunt

1845 3073 1955 3127 dies
1984 3089 2127 3126 suos.
2157 3072 2213 3126 ln
2238 3071 2416 3125 divina
2444 3069 2606 3124 etiam
2632 3068 2747 3140 lege
2777 3068 3090 3138 frequenter
3116 3068 3422 3122 invenitur:

160 3140 397 3235 constat,
453 3132 700 3236 nihillin.
728 3132 992 3198 ﬁgmento
1041 3128 1343 3236 fabularum
1389 3128 1490 3182 nisi
1534 3128 1736 3230 nudans
1764 3141 1808 3203 ρ
1842 3167 1900 3221 εἱ
1949 3166 2070 3236 quis
2115 3167 2217 3221 hoc
2247 3164 2333 3220 vel
2368 3163 2497 3218 illud
2529 3128 2737 3228 feceri‘i,
2783 3128 3064 3216 mohalm‘.
3122 3161 3262 3232 Ergo
3300 3176 3411 3216 non

156 3224 427 3293 accipitur
453 3223 835 3283 mendacium;
891 3219 1158 3289 superﬂua
1196 3222 1529 3289 putabuntur
1556 3220 1734 3273 omnia

157 3329 281 3383 qua:
304 3328 373 3368 ex
403 3312 488 3367 his
517 3312 583 3366 ad
614 3311 859 3366 veritatis
889 3310 1299 3380 intelligentiam
1330 3326 1357 3361 a
1387 3309 1737 3377 prudentibus

157 3404 472 3459 traduntur.
522 3401 973 3472 Mythologiarum
1025 3400 1162 3455 liber
1217 3400 1303 3452 ille
1350 3398 1425 3468 (‘2)
1472 3397 1736 3467 Fulgentii

156 3496 317 3551 nihili
360 3493 666 3550 habebitur.
716 3491 1031 3543 Divinarum
1078 3488 1484 3558 Seripturarttm
1529 3488 1734 3559 mystici

155 3588 468 3644 intellectus
496 3600 593 3641 ceu
627 3582 950 3654 supervacui
978 3591 1413 3636 contcumentut'.
1446 3582 1583 3646 Quid
1612 3596 1738 3650 ergo

155 3680 265 3735 erit
294 3681 438 3734 inter
462 3675 704 3732 Judaeum
731 3683 784 3729 et
808 3674 1176 3729 Christianum
1206 3672 1413 3727 sublata
1445 3672 1739 3742 allegoria?

157 3772 583 3828 Subauditiones
632 3769 852 3837 insuper
893 3774 999 3819 tam
1030 3766 1084 3819 in
1113 3765 1292 3819 divina
1340 3779 1503 3832 quam
1547 3763 1599 3816 in
1643 3762 1737 3817 hu-

154 3878 319 3917 mana
366 3862 630 3931 scriptura
688 3855 968 3926 superﬂum
999 3855 1358 3910 habebuntur.
1397 3852 1612 3908 Deliras
1656 3853 1737 3907 vi-

156 3955 375 4009 debitur
406 3951 714 4014 Terentius,
749 3948 1011 4003 dicendo:

213 4066 391 4129 Egone
416 4064 581 4115 illam?
606 4062 722 4120 Quae
743 4058 915 4109 illum?
954 4058 1071 4117 Qute
1105 4071 1183 4106 me
1212 4056 1348 4106 non?

152 4181 511 4251 imperfectus
534 4178 696 4232 etiam
730 4183 904 4245 poeta,
937 4173 1024 4227 ubi
1050 4172 1160 4226 ait:

212 4296 321 4345 Jam
342 4294 513 4345 caelum
536 4302 817 4352 terramque
841 4302 952 4337 meo
971 4290 1077 4352 sine
1103 4284 1462 4352 numine‘venli

213 4358 444 4417 Miscere,
472 4362 523 4405 et
556 4360 713 4405 tantas
732 4348 922 4401 audetis
938 4350 1119 4400 tollere
1139 4348 1333 4398 moles?

216 4421 350 4480 Quos
374 4418 499 4479 ego!

150 4527 210 4581 ln
240 4523 535 4595 Evangelio
561 4519 727 4575 etiam
775 4515 959 4570 mutila
1006 4514 1280 4569 videbitur
1311 4512 1601 4576 sententia,
1644 4512 1733 4565 ubi
1768 4501 1811 4559 D

154 4618 394 4688 legitur:
449 4612 587 4679 Quia
632 4610 679 4663 si
726 4606 1049 4678 cognovisses
1084 4613 1132 4657 et
1176 4612 1252 4655 tu.
1288 4600 1542 4655 Patenter
1572 4601 1737 4671 igitur

152 4713 490 4763 monstratur
520 4698 859 4772 prudentiam
897 4711 1001 4749 non
1041 4702 1246 4748 tantum
1282 4691 1335 4744 in
1363 4691 1543 4745 verbis
1569 4705 1736 4758 quan~

157 4806 269 4851 tum
299 4798 352 4851 in
385 4790 779 4865 signiﬁcatione
820 4794 1091 4847 constare,
1149 4790 1285 4836 teste
1325 4780 1602 4850 Apostolo,
1642 4782 1733 4849 qui

156 4887 220 4941 de
244 4902 301 4941 se
328 4884 567 4954 loquitur
595 4895 609 4934 :
640 4878 756 4932 Etsi
787 4876 1055 4945 imperitus
1080 4888 1337 4936 sermone,
1365 4873 1457 4927 sed
1491 4887 1594 4926 non
1629 4872 1729 4927 im-

155 4978 360 5048 peritus
389 4974 639 5030 scientia.
670 4967 994 5023 Notissimus
1022 4978 1235 5035 quoque
1260 4972 1446 5019 orator
1476 4963 1728 5032 eloquen-

228 5171 298 5243 (ἓ)
334 5171 431 5225 Hic
457 5164 770 5243 Fulgentius
798 5176 900 5243 non
931 5163 1040 5243 fuit.
1060 5158 1295 5243 Insignis.
1316 5157 1404 5239 ille
1436 5146 1731 5243 Buspeusis

155 5229 453 5292 euiséonns.
497 5229 619 5292 ﬁdei
665 5233 944 5292 catholica:
973 5232 1239 5288 adversus
1268 5229 1500 5284 Arianos
1531 5233 1733 5285 acerri-

1842 3260 2088 3315 faciendo
2138 3259 2302 3313 vivat.
2354 3257 2697 3325 QuaprOpter
2748 3255 3090 3309 mortiferum
3134 3254 3422 3308 consilium

1839 3353 2055 3406 dantem
2101 3364 2167 3403 ex
2212 3348 2391 3403 studio
2422 3356 2475 3401 et
2503 3346 2858 3416 accipientem
2888 3362 2993 3402 uno
3026 3347 3185 3401 modo
3214 3346 3422 3417 obliga-

1842 3448 1923 3495 tos
1955 3446 2120 3493 tenet.
2149 3437 2300 3491 Haud
2332 3435 2496 3507 igitur
2534 3435 2806 3489 miremini
2836 3435 2882 3489 si
2916 3435 3141 3489 fratrem
3171 3434 3426 3489 verberat

1840 3531 1936 3601 qui
1981 3538 2191 3601 patrem
2235 3537 2413 3584 necat.
2462 3527 2640 3582 Laetor
2684 3526 2812 3598 quia
2858 3527 2993 3581 nihil
3038 3527 3142 3581 tale
3172 3526 3238 3580 de
3271 3525 3423 3581 vobis

1842 3626 2019 3682 audio.
2047 3626 2121 3679 Ab
2146 3625 2340 3695 impiis,
2363 3631 2423 3679 ut
2442 3622 2706 3693 scriptum
2731 3627 2835 3684 est,
2860 3621 3124 3692 egreditur
3146 3619 3422 3690 impietas;

1842 3719 2108 3789 siquidem
2131 3716 2334 3786 iugiter
2356 3723 2561 3769 armata
2591 3722 2674 3768 est
2701 3712 2899 3778 Pallas,
2933 3712 2985 3767 id
3016 3721 3101 3768 est
3126 3710 3416 3781 sapientia,

1842 3810 2040 3880 ubique
2086 3809 2314 3863 munita.
2361 3806 2418 3862 Si
2463 3816 2640 3861 tamen
2679 3804 2967 3875 diligenter
2996 3802 3298 3869 advertitis,
3327 3801 3424 3856 ho-

1840 3919 1966 3974 spes
2014 3914 2198 3959 noster
2246 3903 2572 3957 necessitate
2614 3899 2879 3971 peccavit.
2931 3897 3071 3965 Quid
3115 3896 3423 3965 hospitibus

1842 3996 1985 4051 ferre
2011 4004 2194 4065 posset
2225 3995 2277 4048 in
2301 3992 2602 4048 secessibus
2632 3990 2826 4045 cuculli
2855 3990 2937 4045 sui
2958 4004 3056 4060 per
3083 3997 3251 4043 totum
3277 3987 3413 4042 dient

1842 4084 2113 4157 quaesivit,
2161 4084 2215 4138 in
2265 4083 2463 4153 quibus
2506 4080 2638 4136 nihil
2677 4080 2822 4136 aliud
2850 4095 3013 4150 quam
3042 4079 3262 4135 fraudes
3285 4093 3421 4150 quas

1843 4179 2199 4235 absconderat
2245 4175 2473 4231 invenit.
2520 4172 2698 4228 Malus
2738 4174 2892 4227 homo
2916 4172 2981 4226 de
3003 4171 3142 4226 malo
3176 4173 3423 4226 thesauro

1841 4274 2037 4346 pro/ert
2082 4270 2245 4327 mala.
2288 4268 2444 4337 Quod
2481 4282 2610 4337 ergo
2639 4266 2828 4323 habuit
2860 4265 3136 4338 erogavit;
3168 4278 3235 4319 ne
3260 4263 3424 4319 mire-

1842 4365 1971 4419 mini
2005 4379 2089 4418 me
2122 4360 2392 4418 cucullum
2441 4359 2640 4420 dicere,
2693 4355 2963 4411 cucullam
3015 4368 3252 4424 namque
3294 4352 3421 4407 reli-

1841 4457 2015 4529 gionis
2044 4456 2188 4522 dico,
2226 4452 2498 4510 cucullum
2547 4448 2919 4521 turpitudinis.
2971 4446 3109 4501 Hinc
3139 4442 3419 4500 iuvenalis

1839 4551 1905 4605 de
1933 4558 2114 4605 scorto
2142 4568 2154 4602 :

1900 4660 2142 4722 lllajubet
2158 4659 2391 4722 juvenem
2410 4662 2602 4720 sumpto
2631 4665 2899 4718 properare
2924 4650 3133 4702 cucullo.

1838 4767 2066 4837 Dignum
2098 4777 2291 4834 nempe
2316 4763 2526 4819 aestimo
2566 4776 2633 4815 ex
2665 4756 2927 4829 qualitate
2969 4767 3214 4824 personae
3261 4760 3423 4807 caete-

1838 4873 2021 4913 rorum
2066 4856 2425 4929 accidentium
2476 4852 2766 4922 qualitates
2811 4846 3092 4903 mstimari.
3146 4843 3425 4914 Scriptum

1837 4951 2034 5021 quippe
2062 4957 2145 5002 est
2174 4965 2186 5001 :
2224 4940 2414 5001 Omnia
2439 4942 2634 4997 munda
2664 4940 2893 4994 mundis.
2930 4936 2989 4992 Si
3016 4935 3119 4990 hoc
3143 4935 3425 5005 recipitur,

1840 5151 1945 5206 955
1982 5148 2202 5210 factam,
2229 5146 2297 5199 ob
2328 5140 2670 5210 severiorem,
2703 5136 2821 5206 ejus
2858 5130 3223 5200 disciplinam,
3262 5147 3427 5210 quam

1844 5222 2064 5292 fratres_
2094 5207 2519 5292 detestabantur.
2560 5208 2710 5292 _Hu_ic
2762 5211 3089 5292 subrogatus
3104 5211 3225 5292 “est
3242 5207 3430 5292 uAnno
