3982 5292
542 185 676 243 1291

1585 176 1931 235 GUNZONIS
1963 173 2234 232 DIACONI
2261 170 2722 232 NOVARIENSIS

3661 166 3796 221 129?.

537 306 711 359 restat
734 314 766 354 e
804 294 1076 361 contrario
1127 303 1187 349 ut
1224 295 1403 349 outnia
1445 292 1719 348 immunda
1749 291 1857 348 sint
1884 291 2117 346 immun-
2145 293 2195 352 Α
2225 287 2512 345 charitatis
2534 301 2641 343 non
2670 282 2942 341 immerito
2965 281 3244 354 figuratur.
3271 280 3627 337 Centenarius
3648 297 3794 336 nam

538 394 642 449 dis.
676 392 906 459 Ideoque
951 389 1004 442 in
1037 386 1221 441 divina
1252 387 1367 457 lege
1396 393 1611 439 cautum
1640 394 1756 439 crat
1781 391 1841 439 ut
1866 399 2123 454 quaecun-

538 502 646 558 que
670 482 947 540 immunda
986 480 1320 551 tetigissent,
1354 477 1627 532 immunda
1663 474 1863 532 forent.
1894 474 2122 533 Verum-

540 589 720 636 tamen
752 576 879 646 quia
925 573 995 630 ab
1023 573 1414 637 ecclesiastico,
1456 580 1518 626 ut
1563 570 1868 637 videbatur,
1892 570 2010 626 viro
2041 568 2123 624 in-

532 669 733 741 iuriam
776 666 1024 731 tuleram,
1067 663 1307 735 graviter
1351 660 1610 727 ferebam,
1640 662 1889 732 quoniam
1954 661 1999 716 si
2026 661 2124 715 ini-

537 764 700 815 micus
732 756 1082 812 maledixisset
1122 753 1273 819 mihi,
1304 752 1667 807 sustinuissent
1698 751 1905 822 utique;
1932 760 1979 805 et
2003 750 2049 805 si
2078 750 2121 804 is

535 854 626 926 qui
657 851 837 907 oderat
865 865 945 905 me
974 864 1131 918 super
1166 862 1247 900 me
1286 861 1478 917 magna
1533 842 1741 910 locutus
1770 843 1977 913 fuisset,
2004 842 2122 897 abs-

538 944 832 1000 condissem
878 956 963 995 me
989 939 1212 1010 forsitan
1243 937 1307 991 ab
1333 953 1412 991 eo.
1444 934 1770 1005 lndignabar
1796 941 2123 1003 quapropter

537 1037 833 1093 vindictam
868 1046 1116 1105 quaerens
1165 1037 1313 1085 motu
1343 1030 1597 1084 humanae
1645 1024 1989 1095 fragilitatis;
2023 1039 2119 1080 ve-

540 1131 846 1184 rumtamen
891 1122 1128 1181 sciebam
1162 1121 1313 1177 illum
1346 1120 1412 1177 de
1453 1134 1562 1190 quo
1604 1131 1786 1175 sermo
1816 1116 1980 1173 estin
2024 1130 2122 1173 suo

532 1216 786 1274 ‘conclavi
814 1217 1120 1278 cornutum,
1149 1221 1210 1266 ut
1234 1211 1383 1266 locus
1424 1208 1556 1263 mihi
1587 1206 1765 1262 nullus
1792 1204 2122 1261 defensionis

540 1311 864 1372 traheretur;
927 1304 1162 1360 novi’tius
1221 1300 1487 1370 siquidem
1535 1312 1707 1362 eram,
1767 1311 1941 1367 neque
1992 1310 2120 1352 vera

540 1401 739 1459 dicenti
783 1397 919 1454 mibi
963 1395 1098 1453 fides
1128 1395 1505 1456 adhiberetur,
1542 1390 1761 1446 etiamsi
1789 1388 2121 1446 contendere

540 1492 766 1556 vellem;
805 1486 1128 1545 retardabar
1152 1498 1368 1555 quoque
1405 1489 1675 1553 praecepto
1710 1480 1988 1551 Sapientis
2011 1493 2119 1551 quo

541 1582 741 1638 dicitur
770 1598 783 1634 :
816 1576 899 1633 Ne
926 1576 1240 1647 respondeas
1268 1572 1425 1629 stulto
1443 1572 1602 1644 juxta
1631 1570 1910 1627 stultitiam
1942 1585 2114 1635 suam,

2220 394 2326 452 que
2368 378 2641 451 perfectus
2683 385 2768 433 est
2817 390 3094 442 numerus,
3143 389 3250 429 non
3304 383 3513 428 tantum
3539 373 3671 441 quia
3713 373 3799 427 de-

2220 469 2353 526 cade
2395 468 2676 534 solidatur,
2723 470 2981 537 quantum
3023 465 3150 536 quia
3192 463 3391 519 divinis
3433 460 3800 517 voluminibus

2222 570 2470 618 sacratus
2509 559 2801 626 invenitur,
2851 559 2994 615 sicut
3031 560 3084 614 in
3111 556 3404 625 Evangelio
3439 556 3531 611 ubi
3562 555 3800 625 legitur:

2222 653 2380 707 Aliud
2422 652 2607 707 cecidit
2650 653 2704 706 in
2751 660 2945 705 terram
2982 650 3195 714 bonam,
3240 659 3287 703 et
3320 657 3498 702 ortum
3528 646 3660 716 fecit
3697 646 3808 714 fru-

2221 752 2360 797 ctum
2412 740 2730 812 centuplum.
2782 740 2958 797 Sielus
3007 753 3239 809 namque
3286 738 3546 809 ponderis
3596 738 3808 807 species

2220 845 2325 905 est,
2351 844 2408 893 et
2430 835 2611 893 omnia
2647 834 2914 891 charitate
2940 834 3327 905 ponderantur,
3355 832 3502 887 sicut
3539 830 3811 899 scriptum

2219 939 2305 987 est
2331 948 2347 985 :
2375 929 2442 985 In
2470 929 2551 984 Itis
2590 927 2793 983 duobus
2821 926 3088 982 mandatis
3110 933 3223 979 tota
3262 923 3347 979 lex
3369 922 3562 994 pendet
3616 932 3669 975 et
3696 936 3811 980 πνοι

2219 1023 2405 1092 phette.
2446 1021 2547 1090 Qui
2575 1020 2692 1077 sicli
2739 1021 2878 1077 bene
2923 1018 3135 1090 argenti
3177 1015 3347 1073 fuisse
3383 1016 3706 1073 dicuntur:
3737 1031 3813 1069 ar-

2220 1124 2440 1184 gentum
2486 1114 2685 1185 quippe
2731 1113 2787 1168 in
2829 1110 3026 1168 divinis
3069 1108 3432 1166 voluminibus
3482 1108 3558 1163 ad
3610 1108 3813 1178 eloquii

2220 1202 2522 1257 claritatem
2566 1201 2832 1268 refertur,
2880 1209 3021 1256 teste
3062 1199 3345 1255 Psalmista
3388 1198 3485 1269 qui
3526 1197 3615 1253 ait
3646 1216 3664 1251 :
3693 1197 3812 1250 Elo-

2218 1296 2342 1367 quia
2370 1294 2608 1361 Domini,
2628 1293 2833 1365 eloquia
2875 1301 3038 1359 casta,
3077 1300 3347 1363 argentum
3376 1291 3499 1361 igne
3536 1289 3812 1346 amantius-

2220 1397 2350 1442 tum.
2374 1385 2762 1444 Verumtamen
2788 1384 2916 1457 quia
2943 1400 2973 1440 a
3002 1383 3244 1455 reprobis
3264 1384 3509 1439 charitas
3537 1391 3603 1438 et.
3637 1382 3819 1436 anim

2219 1486 2274 1534 et
2298 1478 2479 1535 verbis
2504 1477 2889 1541 contemnitur,
2926 1475 3123 1531 merito
3149 1474 3333 1531 Achar
3359 1483 3416 1530 et
3451 1473 3655 1529 verbis
3681 1480 3743 1527 ut
3766 1472 3815 1527 in

2222 1578 2468 1640 argento,
2510 1576 2564 1624 et
2590 1574 2772 1623 mente
2804 1574 2865 1621 ut
2888 1566 2941 1622 iu
2970 1580 3105 1621 auro
3137 1566 3338 1620 furtum
3382 1563 3593 1621 fecisse
3625 1579 3815 1618 narra-

543 1692 604 1729 ne
637 1673 876 1747 eﬂician‘s
900 1670 946 1725 ei
983 1668 1191 1724 similis.
1229 1666 1335 1723 Sed
1365 1665 1491 1736 q'uia
1518 1673 1728 1735 tempus
1751 1672 1836 1719 est
1865 1662 2115 1733 loquendi
2149 1663 2191 1721 ll
2223 1674 2337 1730 tur;
2366 1663 2420 1718 iu
2457 1678 2614 1727 auro,
2643 1662 2786 1718 sicut
2828 1662 3090 1730 scriptum
3136 1669 3220 1715 est
3252 1675 3267 1714 :
3302 1658 3409 1725 Qui
3444 1659 3564 1713 odit
3594 1658 3818 1727 fratrem

541 1777 595 1822 ct
620 1777 830 1834 tempus
860 1760 1098 1826 tacendi,
1122 1759 1424 1830 respondeo
1453 1771 1617 1821 nunc,
1650 1762 1905 1810 monente
1931 1754 2121 1809 eodem

547 1856 802 1926 Sapiente
831 1867 846 1907 :
874 1850 1142 1922 Responde
1180 1846 1340 1904 stulto
1362 1846 1522 1917 juxta
1548 1844 1825 1900 stultitiam
1856 1857 2031 1896 suam.
2060 1858 2124 1897 ne

534 1948 644 2002 sibi
686 1944 892 2015 sapiens
935 1958 1044 1997 esse
1073 1940 1334 1996 videatur.
1364 1936 1489 1993 Haec
1520 1951 1732 1992 mecum
1772 1933 2006 1990 sollicita
2036 1933 2121 1988 in-

543 2038 782 2092 tentione
809 2032 1129 2106 perquirens
1173 2029 1456 2086 scrutabar
1502 2026 1801 2082 accidentia
1850 2040 2116 2097 personae,

541 2142 662 2200 qua:
684 2126 858 2182 fraudi
885 2123 1273 2188 convenirent;
1304 2118 1631 2190 deprehendi
1665 2117 1879 2173 tandem
1911 2118 1965 2172 in
2005 2116 2123 2189 ejus

536 2218 691 2274 ’vultu
721 2217 963 2273 colorem
1004 2214 1131 2270 vilis
1161 2210 1388 2276 metalli,
1416 2226 1523 2282 quo
1553 2201 1730 2266 solent
1773 2209 2012 2281 pretiosa
2044 2208 2127 2263 vi;

542 2310 683 2365 tiari.
712 2307 932 2362 Persius
960 2322 976 2360 :

604 2421 678 2478 Ne
697 2432 789 2490 qua
811 2419 902 2469 sub
934 2423 1083 2468 arato
1115 2411 1399 2465 mendosum
1423 2411 1596 2463 tinniat
1617 2414 1751 2460 auro.

540 2531 959 2589 Calamistratos
988 2519 1237 2597 capillos,
1274 2517 1507 2572 nitidqu
1537 2514 1676 2570 ultra
1705 2527 1867 2585 quam
1911 2520 2123 2582 oporteo

546 2626 631 2677 ret
681 2618 986 2684 cucullum,
1028 2616 1193 2687 pedes
1240 2607 1730 2669 calceamentorum
1786 2603 2125 2658 adhaerentes

543 2710 777 2782 pedibus
805 2706 907 2779 (ι),
947 2721 1015 2761 ne
1054 2705 1243 2760 fallere
1285 2702 1491 2775 possint
1529 2696 1765 2765 :quibus
1809 2692 2024 2749 indiciis
2062 2691 2122 2746 Β.

550 2803 912 2873 Hieronymus
956 2812 1215 2867 sponsum
1262 2793 1555 2850 monstrari
1596 2787 1778 2853 docet,
1825 2785 2122 2856 inquiens:

544 2895 681 2951 Sunt
717 2892 932 2964 quidam
971 2887 1071 2942 mei
1112 2886 1311 2941 ordinis
1351 2883 1524 2938 clerici
1563 2881 1752 2952 quibus
1777 2891 1906 2932 cura
1945 2883 2021 2930 est
2061 2875 2126 2927 de

540 2985 769 3040 restibus
809 2984 855 3039 si
886 2983 1013 3038 bene
1047 2980 1241 3046 oleant,
1272 2979 1318 3032 si
1349 2974 1559 3047 ungula:
1594 2974 1650 3027 in
1688 2971 1865 3042 digitis
1894 2968 2121 3028 radient,
2157 3029 2193 3047 Α

542 3074 588 3131 si
608 3074 785 3145 capilli
813 3071 981 3128 nitida
1010 3069 1378 3140 compositione
1401 3063 1778 3135 complaceant,
1814 3061 1862 3117 si
1887 3077 1979 3132 per
1998 3059 2122 3113 laxa
2155 3059 2196 3087 "

544 3166 675 3237 pelle
697 3182 800 3221 non
830 3165 1033 3237 folleat.
1064 3161 1177 3216 Hos
1197 3159 1330 3215 tales
1356 3173 1474 3213 cum
1502 3156 1717 3221 uideris,
1747 3155 1913 3225 magis
1963 3168 2122 3225 spon-

544 3273 632 3310 sos
663 3256 866 3310 wstima
891 3267 1049 3324 quam
1082 3251 1321 3305 clericos.
1350 3247 1488 3303 Hine
1528 3247 1644 3317 ipse
1668 3243 1976 3317 generalem
2002 3257 2126 3297 sen-

544 3346 766 3403 tentiam
798 3343 1103 3413 proferens,
1131 3341 1342 3411 inquit.
1383 3337 1492 3393 Nec
1522 3337 1785 3406 affectata:
1805 3333 2009 3403 sordes,
2033 3346 2125 3386 nec

543 3440 815 3509 exquisitae
841 3435 1115 3490 munditia:
1145 3432 1450 3489 conveniunt
1483 3429 1807 3486 Christiano.
1839 3427 1937 3484 llis
1963 3427 2128 3497 igitur

548 3529 869 3600 perspectis,
894 3527 1108 3583 curiose
1134 3524 1321 3580 rimari
1365 3523 1503 3594 coepi
1537 3531 1719 3578 utrum
1754 3520 1958 3593 proprii
1993 3533 2130 3590 quo-

550 3639 658 3693 que
730 3622 964 3677 nominis
1039 3627 1166 3675 nota
1243 3617 1404 3673 factis
1467 3614 1815 3675 consentiret.
1888 3612 2134 3681 Quidni?

549 3714 626 3787 (5)
672 3715 851 3770 Achar
907 3727 1141 3782 namque
1188 3710 1504 3775 vocabatur,
1552 3708 1707 3778 quasi
1753 3722 1821 3762 ex
1865 3704 2130 3776 praesagio

551 3800 689 3862 furis
735 3822 928 3861 nomen
965 3803 1255 3875 acceperit.
1296 3800 1493 3857 Notum
1529 3801 1727 3871 quippe
1770 3809 1854 3855 est
1891 3796 2126 3867 quodin

553 3900 764 3956 excidio
790 3896 1176 3953 Jerichoutina:
1204 3894 1357 3950 urbis
1381 3893 1565 3948 Achar
1588 3892 1731 3947 furto
1762 3904 1983 3945 auream
2011 3904 2130 3943 sus-

553 3992 735 4047 tulerit
767 3989 1029 4059 regulam,
1075 3988 1319 4056 certique
1357 3974 1609 4054 ponderis
1669 3983 1832 4040 siclos
1860 3997 1981 4038 cum
2010 3995 2133 4037 coc-

551 4083 708 4138 cinco
745 4078 924 4149 pallio.
971 4077 1138 4147 Igitur
1175 4076 1303 4145 quia
1347 4073 1677 4132 conveniunt
1722 4072 1964 4137 nomina,
2004 4085 2131 4142 per-

551 4174 787 4232 scrutari
836 4172 1005 4241 liquet
1034 4170 1303 4239 quomodo
1354 4168 1580 4223 duorum
1625 4174 1927 4236 congruunt
1967 4164 2128 4219 facta.

548 4268 765 4324 Primus
793 4264 996 4329 Achar,
1026 4262 1116 4332 qui
1145 4254 1422 4315 anathema
1456 4260 1861 4329 interpretatur,
1892 4255 2131 4327 regulam

553 4372 774 4415 auream
794 4354 1047 4427 sublegit,
1074 4354 1341 4410 secundus
1372 4354 1473 4408 iste
1502 4351 1686 4407 A‘cbar
1720 4349 1961 4420 regulam
1994 4351 2131 4403 bene

552 4448 770 4504 vivendi
794 4444 1123 4516 contempsit
1145 4485 1161 4511 ,
1189 4443 1375 4515 regula
1414 4457 1649 4513 namque
1676 4442 1742 4497 ad
1778 4442 1880 4495 hoc
1909 4441 2129 4497 adhibe-

556 4554 643 4598 tur
670 4553 731 4599 ut
760 4542 1031 4598 rectitudo
1074 4547 1339 4597 servetur.
1364 4537 1623 4609 Quisquis
1648 4536 1850 4593 etenim
1892 4536 2132 4607 regulam

556 4637 695 4693 bene
722 4636 936 4692 vivendi
964 4634 1193 4706 spernit,
1219 4648 1439 4688 auream
1477 4631 1623 4688 furto
1651 4645 1897 4687 normam
1923 4631 2134 4684 subtra-

559 4731 656 4785 hit.
688 4730 744 4785 ln
797 4742 951 4783 sacra
996 4741 1230 4796 namque
1279 4723 1561 4795 Scriptura
1588 4738 1781 4777 aurum
1818 4721 2134 4791 plerumque
2216 4742 2223 4745 λ

560 4822 628 4877 ad
664 4819 1004 4892 splendorem
1054 4816 1331 4888 sapientia:
1371 4813 1623 4871 refertur.
1673 4812 1812 4868 llinc
1836 4812 1900 4865 Br.
1930 4809 2134 4881 Grego-

564 4913 715 4969 rius:
743 4912 966 4977 Aurum,
998 4910 1189 4980 inquit,
1223 4908 1332 4963 Deo
1359 4907 1650 4976 offerimus,
1682 4906 1728 4960 si
1768 4905 1823 4957 in
1856 4914 2133 4973 conspectu

562 5008 709 5063 illius
749 5005 865 5060 luce
891 5002 1160 5073 sapientia:
1190 5000 1594 5070 resplendemus.
1623 4997 1778 5065 Quod
1816 4995 1983 5049 furari
2011 5009 2135 5049 con-

565 5099 797 5154 vincitur
822 5095 1074 5166 quisquis
1098 5103 1377 5164 acceptum
1404 5108 1434 5146 a
1462 5094 1570 5148 Deo
1594 5089 1868 5163 ingenium
1891 5087 2057 5143 vertit
2086 5086 2138 5140 in

562 5204 720 5245 usum
770 5202 949 5258 prava:
992 5184 1344 5256 operationis.
1404 5184 1673 5238 Ducentos
1709 5187 1927 5251 quoque
1978 5176 2141 5232 siclos

2223 1770 2396 1819 suum,
2425 1751 2690 1808 homicida
2736 1760 2845 1817 est;
2888 1749 2943 1805 in
2989 1758 3234 1818 argento,
3274 1756 3334 1803 ut
3376 1757 3463 1804 est
3495 1746 3690 1802 illud:
3722 1746 3818 1812 Qui

2222 1844 2411 1898 dixerit
2454 1842 2611 1913 fratri
2663 1858 2759 1898 suo
2815 1839 3010 1908 Fatue,
3058 1856 3176 1895 reus
3223 1840 3320 1894 erit
3349 1843 3617 1910 gehennae
3669 1838 3816 1909 ignis.

2223 1932 2494 1989 Prreterca
2522 1932 2648 2003 quia
2669 1940 2795 1988 sunt
2815 1929 3035 2003 quidam
3064 1928 3158 2001 qui
3187 1944 3293 1984 non
3320 1928 3503 1983 solum
3534 1943 3605 1983 se
3636 1928 3815 1982 fratri-

2224 2023 2325 2079 bus
2363 2022 2626 2093 impertiri
2677 2022 2888 2089 nolunt,
2927 2020 3023 2077 sed
3066 2019 3339 2076 exteriora
3386 2033 3624 2090 quoque
3669 2018 3818 2073 dene-

2223 2122 2371 2186 gant,
2400 2114 2604 2170 idcirco
2641 2114 2824 2170 Achar
2859 2128 2982 2169 cum
3031 2125 3193 2168 aurea
3235 2110 3440 2182 regula,
3497 2118 3680 2180 atque
3724 2110 3807 2164 du-

2226 2208 2399 2263 centis
2454 2208 2605 2264 siclis
2653 2207 2898 2279 argenti,
2953 2205 3265 2261 coccineum
3317 2217 3544 2274 quoque
3602 2201 3814 2272 pallium

2225 2299 2517 2355 abstulisse
2548 2307 2896 2355 memoratur.
2938 2296 3144 2353 Coccus
3180 2295 3379 2351 etenim
3424 2295 3580 2363 ignei
3624 2294 3813 2350 coloris

2223 2396 2327 2452 est,
2356 2396 2411 2441 et
2430 2386 2669 2442 charitas
2697 2388 2888 2443 ardere
2924 2383 3259 2456 perhibetur,
3307 2384 3453 2438 sicut
3481 2384 3544 2438 in
3579 2383 3812 2453 Evange-

2225 2479 2298 2535 lio
2326 2478 2521 2550 legitur
2547 2496 2563 2531 :
2598 2478 2787 2533 Nonne
2811 2494 2900 2532 cor
2922 2489 3157 2531 nostrum
3195 2480 3386 2530 ardens
3409 2485 3530 2529 erat
3553 2475 3613 2529 in
3658 2473 3806 2535 uotis,

2226 2586 2344 2625 cum
2367 2568 2664 2641 loqueretur
2701 2568 2755 2622 in
2782 2568 2885 2629 via,
2910 2577 2960 2622 et
3007 2568 3231 2639 aperiret
3273 2566 3422 2621 nobis
3460 2565 3807 2636 Scriptum?

2226 2660 2369 2729 Quid
2398 2659 2564 2733 igitur
2588 2660 2916 2715 decernitis?
2942 2658 3129 2715 Nonne
3158 2658 3355 2714 videtis
3380 2657 3519 2728 quia
3560 2658 3617 2712 in
3650 2658 3800 2711 omni-

2228 2755 2326 2811 bus
2356 2755 2409 2809 in
2436 2754 2633 2826 quibus
2671 2752 3026 2810 circumcisus
3066 2750 3250 2806 Achar
3276 2749 3557 2820 peccavit,
3591 2747 3805 2804 camillae

2231 2857 2317 2903 tus
2369 2846 2553 2903 Achar
2594 2844 2877 2917 culpabilis
2932 2842 3530 2898 invenitur‘tAuream
3582 2840 3800 2912 regulam

2230 2941 2484 3014 sublegit,
2535 2940 2754 3011 quando
2804 2938 3065 2994 adversus
3108 2934 3336 2990 fratrem
3378 2934 3799 2990 malevolentia:-

2233 3045 2414 3095 mente
2437 3033 2714 3104 concepit;
2740 3033 3011 3088 ducentos
3033 3031 3242 3102 argenti
3276 3029 3448 3085 siclos
3491 3030 3727 3091 abstulit,
3752 3027 3800 3078 in

2227 3148 2291 3189 eo
2316 3131 2460 3203 quod
2487 3126 2922 3185 malevolentiam
2950 3133 3130 3180 mente
3171 3130 3500 3192 conceptam
3536 3122 3787 3178 verborum

2228 3222 2441 3281 iudieiis
2462 3218 2716 3293 patefecit
2744 3235 2761 3272 εκ
2786 3216 3098 3273 coccineum
3124 3228 3342 3284 quoque
3371 3212 3593 3282 pallium
3615 3208 3781 3262 nam

2229 3316 2428 3389 rapuit,
2467 3312 2686 3385 quando
2726 3311 2850 3384 jura
2897 3305 3286 3379 hospitalitatis
3343 3306 3398 3360 iu
3450 3312 3613 3360 usum
3646 3299 3792 3355 vertit

2227 3423 2405 3481 prava:
2444 3402 2864 3477 redargutionis.
2889 3399 2946 3457 Si
2991 3396 3422 3472 palingenesiam
3471 3395 3565 3452 vel
3598 3402 3801 3449 metem-

2230 3499 2496 3573 psycosim
2526 3496 2847 3569 Pythagora:
2877 3492 3039 3549 stulte
3063 3490 3187 3562 quis
3211 3489 3468 3558 accipere
3495 3485 3685 3550 vellet,
3708 3481 3807 3538 ani-

2232 3608 2375 3646 tuam
2422 3587 2733 3645 circumcisi
2778 3584 2960 3640 Achar
3012 3580 3222 3651 corpori
3276 3579 3440 3634 istius
3506 3577 3808 3632 nullatenus

2231 3687 2409 3739 inesse
2439 3680 2735 3738 dubitaret.
2764 3675 3010 3732 Curtavit
3058 3672 3146 3728 ille
3193 3672 3347 3726 furto
3392 3670 3807 3740 rempublicam.

2232 3773 2617 3846 rempublicam
2687 3769 2855 3825 multo
2921 3765 3092 3837 magis
3170 3764 3272 3820 iste
3323 3771 3553 3819 curtare
3616 3759 3813 3819 voluit.

2232 3866 2445 3939 quando
2465 3872 2687 3933 accepto
2715 3862 2930 3926 itinere,
2956 3873 3042 3912 me
3066 3870 3348 3911 removere
3379 3854 3642 3910 tentavit.
3680 3850 3815 3907 Sciet

2233 3957 2459 4014 forsitan
2489 3966 2544 4012 et
2566 3956 2683 4026 ipse
2706 3959 2968 4024 quantum
2991 3949 3245 4004 damnum
3276 3946 3604 4018 reipublicm
3624 3942 3816 4000 inferre

2232 4049 2418 4116 voluit,
2450 4063 2587 4121 cum
2633 4054 2917 4117 postquam
2968 4039 3107 4104 veni,
3139 4039 3267 4110 quid
3305 4039 3439 4095 utile
3486 4039 3704 4110 egerim
3732 4051 3811 4091 co-

2233 4140 2499 4213 gnoverit.
2536 4136 2760 4192 Amalec
2809 4135 2861 4188 in
2890 4135 2975 4188 via
3020 4130 3150 4186 mihi
3178 4131 3444 4194 occurrit,
3472 4138 3820 4198 cmptumquc

2236 4235 2337 4287 iter
2380 4227 2747 4285 intercludere
2791 4226 2980 4290 voluit,
3005 4224 3159 4296 cujus
3188 4221 3510 4277 memoriam
3558 4221 3633 4275 de
3660 4217 3817 4272 terris

2236 4337 2293 4376 se
2328 4319 2586 4375 Dominus
2609 4316 2914 4373 ablaturum
2936 4313 3318 4371 comminando
3358 4311 3641 4383 promisit.
3674 4310 3821 4363 Ama-

2165 4408 2207 4461 l)
2238 4413 2316 4466 lec
2340 4409 2539 4481 quippe
2580 4406 2817 4462 lambens
2858 4403 3082 4476 populus
3126 4401 3541 4471 interpretatur,
3578 4397 3671 4454 cui
3719 4408 3824 4450 ne-

2242 4502 2345 4557 rito
2389 4504 2775 4569 comparantur
2815 4496 2907 4567 qui
2959 4494 3265 4549 litterarum
3314 4489 3673 4560 superficiem
3720 4485 3822 4538 lin-

2238 4599 2390 4662 gunt,
2413 4599 2467 4646 et
2484 4590 2551 4646 ad
2580 4598 2770 4661 gustus
2798 4587 3134 4643 dulcedinem
3161 4599 3270 4639 non
3300 4582 3661 4654 perveniunt:
3694 4589 3825 4647 quos

2238 4682 2537 4755 hypocritis
2576 4679 2975 4750 comparandos
3021 4676 3201 4732 nullus
3246 4673 3424 4729 ﬁdelis
3449 4672 3687 4737 dubitat,
3734 4665 3825 4737 qui

2239 4775 2365 4828 dum
2421 4772 2544 4827 ficte
2591 4770 2759 4826 Deum
2783 4776 3050 4840 quierunt,
3085 4765 3333 4821 invenire
3373 4778 3484 4819 non
3523 4768 3822 4820 merentur,

2238 4878 2375 4933 quos
2414 4860 2703 4916 mundana:
2746 4859 3066 4914 litteratum
3090 4855 3392 4925 scriptores
3417 4852 3607 4909 servili
3634 4845 3820 4906 soridi-

2240 4958 2369 5014 tioni
2386 4958 2664 5027 deputant,
2695 4962 2753 5009 ut
2776 4962 2860 5008 est
2881 4951 3011 5007 illud
3038 4947 3317 5006 Iuvenalis
3347 4964 3362 5001 :

2304 5069 2403 5119 Nos
2422 5066 2675 5130 colaphum
2693 5064 2950 5115 incutimus
2968 5060 3201 5112 lambenti
3219 5055 3435 5109 crustula
3451 5065 3613 5106 servo'

2247 5179 2545 5235 Mirandum
2578 5187 2754 5234 tamen
2780 5184 2868 5232 est
2905 5189 3005 5232 cur
3050 5171 3394 5228 miserrimus
3439 5167 3698 5225 inviderit
3724 5166 3821 5221 bo-

2454 5270 2516 5292 ::-
2598 5269 2734 5292 -..ΑΔ
2781 5266 3119 5292 ...κάκη-.-.μη
3156 5262 3256 5292 ..ηιξ
3308 5262 3481 5292 ..ιιι-ιι.
3553 5256 3696 5292 ῡρηΙι
3732 5257 3823 5292 ΑΛ.

2708 5269 2734 5292 ..
2781 5266 3119 5292 ..-ΑΡ-...ιιιιιιη
3308 5262 3481 5292 ..Λιιιῖθ
