3982 5292
250 105 386 162 ιρυδ
1290 97 1507 152 El‘lST.
1541 96 1632 151 AD
1673 89 1998 150 FltA'l‘RES
2035 88 2440 145 AUGIENSES.
3360 92 3493 147 tam

245 224 362 280 lor!
405 219 672 276 diabolum
703 217 944 271 imitatus
975 192 1079 278 est,
1108 209 1199 280 qui
1228 209 1428 262 bonum
1469 207 1610 276 quod
1640 203 1820 274 perdi;
1853 215 1898 268 Α
1931 199 2131 268 ingenii
2197 200 2516 270 quibusdam
2573 200 2822 256 litteratis
2879 202 3255 272 praeferuntur.
3316 201 3494 258 Ulixes

246 318 322 372 dit
375 311 577 368 homini
633 308 843 362 invidit.
902 303 1145 357 llumana
1199 300 1338 353 facie
1399 298 1532 351 tales
1586 295 1822 350 helluina
1928 291 2112 359 Vigorc
2154 291 2350 360 ingenii
2379 291 2628 347 omnibus
2661 292 2750 362 qui
2791 293 3340 364 lliutttoppugttavcre
3366 310 3500 364 pra:-

247 385 424 460 itte’nte
457 406 846 461 monstrantur,
889 395 952 448 de
982 391 1178 462 quibus
1223 389 1277 444 in
1312 386 1607 458 Evangelio
1642 383 1825 438 Domi-
1929 378 2069 433 latus
2087 388 2193 444 est,
2217 381 2351 434 adeo
2367 389 2425 434 ut
2448 380 2614 434 armis
2642 381 2866 437 Achillis
2891 381 3034 437 solus
3057 383 3305 437 iuventus
3327 384 3398 438 sit
3418 385 3500 439 di-

247 477 348 550 nus
379 491 617 561 loquitur
645 507 657 541 :
686 487 752 541 In
784 485 1094 549 vestimentis
1123 481 1292 534 ovium
1321 479 1549 542 veniunt,
1579 477 1824 530 intrinse-
1927 483 2083 561 suus.
2130 468 2384 561 Legimus
2430 486 2641 540 quoque
2669 470 3030 561 prudentiam
3075 469 3222 536 Adae,
3249 487 3355 541 qua
3387 488 3503 527 ont-

248 557 536 649 cusnut—em
558 590 679 634 sunt
702 577 809 642 tupi
841 590 1072 645 rapaces.
1113 571 1331 627 Utinam
1352 565 1512 624 vellet
1546 569 1590 623 is
1618 567 1683 622 de
1716 581 1824 636 quo
1929 557 2084 614 uibus
2105 560 2373 613 creaturis
2410 561 2628 614 nomina
2667 560 3000 628 imposuerit,
3027 575 3129 613 nou
3162 570 3338 615 tamen
3363 561 3503 631 quod

249 674 440 746 loquor
470 684 678 727 mecum
706 668 758 722 itt
789 672 1079 737 conspectu
1118 670 1298 717 vestro
1329 659 1665 724 conversari,
1689 673 1824 728 quo-
1928 651 2339 719 grammaticam
2373 650 2612 717 sciverit,
2645 651 2746 705 nisi
2776 650 2914 705 forte
2945 651 3001 705 S.
3035 651 3171 706 Galli
3208 653 3508 709 monachus

249 740 371 818 runt
400 753 741 832 prudentiam
767 755 834 809 ab
875 753 1099 822 antiquo
1126 759 1423 820 spectatam
1449 747 1652 802 audio!
1689 745 1824 802 Nota
1929 741 1999 795 ita
2054 740 2184 795 velit
2229 742 2463 811 primum
2523 741 2796 796 hominem
2849 751 3088 798 creatum
3145 752 3206 796 ιιι
3263 743 3506 798 omnium

246 843 378 909 sunt
403 848 534 906 mihi
563 847 745 903 Achar
781 845 943 904 furta.
982 852 1106 898 nota
1149 841 1259 896 ficti
1296 839 1546 895 monachi
1597 838 1822 892 ft-audu-
1928 835 2208 890 scientiam
2234 835 2446 890 noverit
2475 837 2698 902 artium,
2738 852 2898 905 quant
2934 836 3208 905 peccando
3241 836 3505 890 amiserit.

247 941 453 1003 lentia;
481 953 644 1010 quam
685 936 827 992 mala
855 934 1050 990 incude
1078 929 1281 1002 spicula
1309 930 1434 998 'ejus
1459 929 1825 1000 producantur
1927 923 2079 990 Quod
2124 924 2168 978 si
2210 924 2284 978 ita
2326 931 2443 990 est,
2492 939 2682 979 omnes
2734 925 2982 979 homines
3022 923 3304 978 scientiam
3351 933 3507 979 natu-

248 1037 360 1092 ‘non
388 1049 597 1106 Ignoro,
630 1045 790 1103 quant
821 1026 1053 1083 invalida
1098 1040 1261 1080 manu
1295 1013 1604 1092 jacttlcutur
1631 1033 1826 1088 cxper-
1931 1014 2116 1068 raliter
2158 1016 2402 1069 onmium
2458 1015 2719 1070 habemus
2765 1017 2993 1079 artium;
3046 1025 3358 1085 corruptum
3415 1017 3510 1071 sed

251 1137 339 1182 tus
369 1103 510 1183 sunt.
545 1121 768 1179 Noverit
809 1119 1086 1176 lloratium
1129 1131 1227 1186 pro
1274 1129 1359 1170 nte
1413 1113 1730 1167 mittatttem.
1767 1108 1822 1162 ltt
1926 1103 2069 1158 enim
2098 1105 2150 1158 itt
2175 1105 2350 1173 printo
2371 1104 2588 1159 homine
2610 1104 2892 1159 arbitrium
2919 1105 3178 1174 legimus,
3203 1121 3306 1161 non
3334 1107 3508 1161 scien-

251 1214 428 1275 malos
477 1216 808 1296 asperrimus
850 1221 1038 1283 parata
1097 1205 1224 1264 tollo
1281 1221 1482 1260 cornua
1525 1202 1698 1272 qualis
1740 1199 1826 1255 Si-
1931 1195 2056 1248 tiam
2115 1195 2312 1248 artium
2350 1194 2695 1296 interclusam
2731 1213 2743 1247 :
2780 1195 2972 1248 viderit
3018 1196 3106 1265 qui
3158 1205 3364 1265 potest;
3408 1211 3507 1252 nos

250 1310 444 1366 cambe
470 1283 685 1379 ευξειυε
715 1303 879 1359 inﬁdo
909 1313 1092 1374 gener,
1122 1308 1214 1353 θυι
1237 1312 1362 1353 acc,-
1397 1295 1571 1350 ιιοειῖε
1599 1292 1820 1362 Bupalo.
1930 1293 2107 1338 tamen
2137 1284 2190 1337 in
2220 1298 2280 1338 re
2309 1283 2466 1338 dubia
2497 1299 2563 1338 ne
2590 1293 3090 1379 controverscmur,
3121 1286 3304 1339 vilium
3328 1301 3511 1340 rerum

249 1380 335 1451 An
367 1397 410 1451 si
438 1374 559 1466 quis
595 1403 714 1448 atro
749 1393 907 1446 dente
953 1406 1036 1444 nte
1066 1387 1336 1459 petiverit,
1368 1384 1570 1439 inultus
1599 1391 1657 1436 ut
1687 1379 1826 1435 ﬂebo
1926 1383 2254 1444 quapropter
2299 1374 2724 1466 controversiam
2758 1374 3016 1466 pertinaci
3049 1375 3316 1466 cucullato
3350 1375 3511 1466 relin-

251 1484 422 1555 puer?
451 1462 619 1538 bares
657 1480 894 1536 Siculum
929 1478 1215 1533 attentavit
1265 1475 1531 1530 Entellum
1592 1472 1824 1527 lascivus
1928 1479 2188 1555 quam“.
2239 1479 2397 1533 quem
2450 1462 2705 1533 Pumme
2753 1462 2886 1555 felle
2941 1462 3185 1555 SliINHI‘i
3215 1479 3246 1517 ει
3275 1480 3361 1555 "te
3394 1463 3514 1518 flm-

253 1552 550 1634 ᾖηοηπιηιε
581 1573 892 1630 διηηοηειη
924 1572 1184 1625 "nucum,
1856 1563 1900 1621 Β
1930 1554 2176 1607 damenta
2203 1556 2368 1607 totius
2387 1555 2679 1607 orationis:
2700 1570 2738 1607 ι.
2759 1552 3036 1620 Quomodo
3069 1556 3140 1607 ita
3163 1569 3221 1609 se
3248 1554 3509 1619 habeant,

482 1711 510 1724 ,Δ
542 1711 550 1720 _
685 1716 697 1724 Δ
827 1705 910 1724 un
933 1718 971 1724 __
999 1703 1247 1724 “Mn,”
1276 1700 1287 1724 ι
1325 1711 1434 1724 mm
1935 1650 1993 1694 ut
2035 1655 2211 1711 neque
2243 1641 2456 1698 vocales
2479 1683 2491 1706 ,
2521 1657 2696 1711 neque
2739 1642 3118 1708 semivocales,
3152 1658 3326 1715 neque
3357 1653 3517 1699 mut-.1:
3601 1677 3607 1682 -

314 1700 1458 1834 3333;125:323,Egtﬂmgaggﬁ5321;:
1934 1733 2100 1788 certis
2144 1733 2334 1804 spatiis
2373 1733 2708 1801 limitcntur,
2751 1733 2844 1788 sed
2893 1734 3144 1788 confundi
3175 1735 3252 1790 sic
3293 1736 3516 1790 videan-

1936 1835 2050 1890 tur,
2105 1833 2164 1878 ut
2210 1824 2432 1879 cuilibet
2488 1823 2650 1880 stulto
2702 1840 2830 1879 casu
2881 1826 3067 1894 positae
3119 1825 3298 1896 potius
3357 1841 3519 1896 quam

1937 1914 2142 1968 ratione
2191 1913 2508 1970 habeantur.
2560 1914 2615 1968 2.
2669 1913 2777 1968 Cur
2823 1915 3091 1984 digamma
3144 1927 3265 1986 post
3299 1916 3518 1970 Latinas

1935 2013 2213 2073 acceptum
2261 2005 2469 2060 litteras
2521 2020 2622 2060 nou
2660 2014 2776 2074 post
2830 2023 2879 2068 v,
2931 2005 3092 2059 veluti
3133 2023 3187 2070 az,
3219 2007 3311 2059 sed
3343 2017 3461 2075 post
3493 2024 3519 2059 ο

1935 2095 2245 2151 collocetur.
2300 2097 2353 2149 5.
2403 2096 2676 2152 Liberales
2726 2097 3017 2166 disciplima
3069 2101 3365 2152 secundum
3396 2113 3521 2167 pro-

1937 2185 2107 2254 priam
2157 2187 2266 2240 vim
2321 2201 2387 2240 an
2435 2202 2532 2256 pro
2582 2196 2738 2256 captu
2791 2201 2908 2241 sese
2959 2187 3370 2256 percipientium
3402 2202 3521 2256 per-

1938 2282 2249 2329 ttoscantur.
2303 2275 2436 2329 Nam
2490 2275 2739 2329 dubitant
2781 2276 3001 2346 quidant
3046 2285 3225 2330 utrum
3275 2276 3355 2330 uti
3395 2286 3523 2331 sunt

1941 2375 2222 2434 prtecepta:
2263 2369 2392 2421 sint.
2427 2367 2479 2419 4.
2518 2367 2755 2422 Donatus
2799 2383 2865 2420 an
2917 2366 3224 2423 Priscianus
3265 2369 3526 2423 orationis

1940 2462 2121 2521 partes
2140 2455 2492 2510 ordiuaverit.
2516 2457 2568 2510 5.
2588 2456 2719 2524 Quis
2738 2457 2928 2511 horum
2950 2457 3294 2512 dittiuitioncs
3315 2459 3520 2514 eisdem

1938 2545 2179 2613 partibus
2231 2555 2285 2601 et
2339 2547 2708 2602 accidentibus
2747 2548 2826 2602 cis
2877 2548 3090 2618 dignius
3141 2549 3449 2604 attribuerit
3505 2567 3517 2601 :

1942 2650 2191 2704 statutum
2241 2638 2506 2707 siquidem
2541 2639 2778 2694 laborem
2811 2641 3186 2708 expenderent
3234 2640 3442 2711 antiqui
3471 2641 3523 2695 in

1940 2728 2253 2784 ordinandis
2277 2742 2332 2784 et
2360 2731 2783 2787 determiuaudis
2815 2734 2998 2788 rebus.

2012 2818 2090 2873 De
2115 2823 2478 2890 grammatica.
2505 2821 2660 2876 Putat
2697 2821 2926 2879 fortasse
2961 2823 3199 2879 tumidus
3229 2825 3528 2882 monachus

1867 2913 1911 2976 C
1946 2914 2354 2983 grammaticam
2404 2931 2502 2971 ceu
2542 2917 2649 2971 vile
2699 2917 2953 2988 quiddam
3001 2917 3208 2974 cucullo
3252 2935 3348 2976 suo
3400 2937 3532 2977 con-

1946 3005 2143 3070 tineri;
2174 3021 2281 3060 non
2326 3014 2506 3061 tamen
2547 3009 2618 3062 ita
2651 3017 2759 3074 est,
2791 3008 2959 3063 semel
2991 3018 3197 3079 tergum
3239 3011 3354 3081 ejus
3383 3027 3536 3083 aspe-

1942 3094 2054 3160 xit,
2104 3103 2158 3149 et
2187 3093 2453 3150 festinans
2491 3106 2548 3151 ttt
2577 3097 2772 3152 faciem
2804 3099 2852 3152 ei
2884 3109 3166 3163 cerneret,
3203 3100 3530 3171 impactione

1944 3184 2096 3251 pedis
2141 3185 2371 3252 cecidit,
2405 3197 2460 3241 et
2511 3188 2598 3242 vix
2637 3190 2703 3243 ad
2734 3191 2995 3245 sessionis
3038 3189 3154 3258 ejus
3192 3203 3378 3261 partes
3406 3207 3533 3262 per-

1945 3276 2124 3341 venit,
2153 3292 2219 3332 ex
2250 3294 2357 3349 quo
2385 3289 2439 3335 et
2469 3281 2730 3350 superbit.
2775 3282 2899 3338 Haac
2930 3282 3124 3336 femina
3158 3284 3316 3338 aliter
3345 3300 3532 3356 gram-

1945 3365 2191 3432 maticis,
2251 3368 2408 3424 aliter
2461 3370 2738 3426 Aristoteli
2786 3372 2949 3426 cedit.
3012 3372 3146 3427 lluic
3191 3375 3383 3429 suadet
3437 3391 3538 3444 per

1947 3456 2194 3528 obliquos
2241 3475 2399 3516 casus
2447 3475 2551 3515 non
2597 3477 2755 3531 posse
2790 3463 3007 3518 nomina
3053 3463 3189 3530 dici,
3233 3463 3334 3520 illis
3363 3467 3530 3521 etiam

1949 3549 2006 3604 in
2057 3550 2292 3614 obliquis
2340 3568 2497 3622 posse
2528 3553 2848 3623 nuncupari.
2895 3554 3022 3608 Haec
3061 3554 3315 3626 figuratas
3350 3556 3538 3612 elocu-

1953 3640 2124 3696 tiones
2175 3643 2464 3712 atiquando
2512 3644 2592 3699 sic
2635 3656 3054 3711 commemorat,
3105 3654 3163 3701 ut
3207 3648 3293 3702 cui
3349 3663 3516 3719 gener

1951 3731 2140 3800 subjici
2193 3734 2425 3790 debeant
2471 3737 2738 3791 ostendat.
2793 3736 2957 3792 Multa
3002 3745 3266 3808 prmterea
3318 3753 3535 3808 servat,

1952 3822 2006 3876 in
2056 3825 2252 3894 quibus
2296 3827 2583 3882 stultorum
2636 3830 2916 3884 temeritas
2962 3838 3132 3886 errat.
3176 3831 3423 3887 llabeant
3457 3844 3536 3888 ta-

1953 3928 2075 3968 men
2130 3914 2270 3972 hanc
2313 3918 2506 3988 quibus
2535 3919 2760 3990 contigit
2788 3919 2976 3975 saltem
3008 3920 3061 3974 in
3111 3923 3316 3977 somnis
3343 3923 3545 3980 vidisse

1953 4004 2282 4075 Minervam,
2329 4010 2621 4068 dummodo
2663 4011 2728 4066 de
2768 4026 2832 4067 ea
2873 4027 2993 4081 quae
3021 4013 3374 4083 subsequitur
3408 4015 3546 4070 nihil

1955 4108 2299 4166 praesumant.
2357 4099 2492 4155 Nunt
2546 4102 2843 4156 reluctatur
2897 4111 2952 4158 et
2999 4102 3164 4174 fugit,
3222 4105 3544 4174 quibusdam

1957 4193 2120 4248 etiam
2169 4198 2303 4266 tergi
2353 4197 2527 4252 visum
2577 4211 2758 4269 negat.
2807 4199 3011 4267 Quibus
3058 4209 3236 4255 tamen
3265 4217 3324 4256 sc
3357 4203 3546 4258 viden-

1883 4277 1932 4335 D
1960 4282 2082 4336 dam
2116 4284 2348 4352 prmhet,
2383 4301 2487 4338 non
2520 4301 2625 4341 una
2653 4290 2951 4359 eademque
2981 4289 3118 4344 facie
3141 4300 3388 4360 apparet.
3423 4292 3546 4349 Alio

1961 4378 2160 4432 etenim
2192 4381 2350 4444 huic,
2383 4380 2488 4436 alio
2517 4381 2594 4436 illi
2622 4383 2768 4438 vultu
2795 4393 3148 4439 monstratur.

2034 4469 2110 4523 De
2159 4470 2453 4525 dialectica.
2495 4471 2648 4540 Quod
2693 4475 2998 4530 ostenditur
3036 4489 3100 4528 ex
3141 4490 3207 4528 eo
3255 4480 3397 4546 quod
3429 4480 3554 4533 Atti-

1966 4558 2146 4613 stoteli
2191 4575 2390 4629 genus,
2441 4565 2711 4631 speciem,
2744 4561 3106 4618 differentiam
3129 4601 3144 4623 ,
3193 4565 3470 4633 proprium
3503 4576 3560 4622 et

341 4657 526 4720 Aur-ibe
549 4669 675 4708 nunc
697 4653 1126 4706 Danauminsidias
1144 4660 1189 4699 et
1205 4651 1414 4701 crimine
1434 4651 1495 4701 ab
1520 4664 1617 4702 uno
1965 4647 2220 4702 accidens
2239 4689 2252 4713 ,
2302 4649 2603 4706 subsistere
2642 4651 2967 4720 denegavit,
3018 4665 3137 4719 quae
3180 4651 3390 4708 Platoni
3435 4656 3564 4711 sub-

339 4716 488 4770 Dme
505 4732 692 4769 ⁰¹¹¹¹³⁸⁸⁶
1967 4740 2212 4796 sisteutia
2246 4744 2537 4812 persuasit.
2576 4716 2852 4800 Aristoteli
2908 4716 2974 4804 an
3001 4716 3212 4800 Platoni
3253 4747 3423 4816 magis
3452 4766 3570 4806 cre—

279 4837 465 4905 Atquc
509 4836 800 4890 multorum
850 4829 1211 4903 ignorantiam
1245 4828 1485 4896 nudavit,
1521 4826 1863 4900 apertissimo
1968 4832 2202 4887 deudum
2249 4836 2494 4903 putatis?
2549 4837 2740 4908 Magna
2777 4844 2870 4890 est
2929 4837 3212 4898 utriusque
3247 4840 3573 4904 auctoritas,

281 4932 468 4980 autem
510 4925 706 4982 indicio
735 4938 794 4979 se
835 4923 972 4992 apud
1019 4920 1270 4977 indoctos
1302 4921 1562 4974 nutritum
1597 4928 1864 4974 monstra-
1970 4931 2238 4991 quatenus
2283 4925 2368 4978 vix
2418 4925 2620 4982 audeat
2668 4925 2786 4994 quis
2829 4927 3084 4987 alterum
3139 4920 3297 4976 altet-i
3325 4922 3584 4994 dignitate

282 5013 389 5080 vit,
431 5014 524 5084 qui
568 5013 1002 5086 pronuntiatione
1054 5008 1218 5065 unius
1259 5023 1421 5066 casus
1467 5009 1631 5064 animi
1669 5021 1864 5064 conce—
1969 5009 2246 5081 praeferre.
2297 5012 2423 5066 Haec
2474 5011 2554 5068 ita
2608 5015 2930 5083 aliquando
2959 5007 3308 5077 ambiguitate
3336 5012 3585 5070 obfusea—

281 5096 497 5174 ptionés
525 5104 880 5174 deprehensas
926 5099 1162 5174 putavit.
1198 5097 1354 5170 Smpe
1392 5101 1696 5156 audivimus
1739 5098 1862 5152 vilia
1972 5109 2094 5166 tur,
2133 5110 2191 5156 ut
2236 5117 2358 5173 quas
2394 5115 2518 5167 res,
2570 5105 2658 5161 cui
2706 5110 2923 5173 generi
2975 5095 3204 5168 subponi
3249 5096 3435 5154 debeat
3461 5102 3594 5158 ditii-

283 5207 510 5262 quaeque
548 5193 753 5248 ornatis
781 5191 877 5246 dici
914 5190 1123 5253 verbis,
1175 5199 1400 5245 econtra
1443 5191 1602 5262 digna
1656 5188 1865 5259 prolatu
1972 5191 2076 5246 cile
2126 5193 2298 5263 possit
2327 5192 2583 5250 inveniri.
2613 5193 2774 5253 Verbi
2819 5199 3061 5260 gratia,
3111 5185 3154 5240 Si
3204 5188 3327 5254 (illis
3379 5190 3451 5245 ita
3484 5207 3601 5263 pro-

332 1887 564 1943 Causam
615 1881 852 1953 querela“:
896 1876 1208 1940 audivistis,
1257 1872 1386 1944 quid
1431 1871 1592 1925 etiam
1643 1877 1831 1922 contra

265 1978 502 2034 studium
538 1974 874 2030 litteratoria:
923 1967 1272 2042 professionis
1307 1966 1476 2021 hostis
1523 1961 1704 2017 nescio
1742 1970 1834 2014 aut

255 2072 456 2141 hospes
502 2067 676 2139 egerit
718 2072 937 2136 oportet
982 2059 1237 2117 audiatis.
1266 2055 1576 2112 Adveniens
1619 2051 1832 2108 defere-

257 2163 385 2216 bam
409 2174 548 2230 pene
576 2165 794 2215 centum
822 2155 1087 2211 librorum
1115 2150 1412 2214 volumina,
1441 2161 1591 2201 arma
1629 2143 1838 2200 scilicet

255 2249 428 2321 pacis,
454 2263 574 2318 qua:
598 2247 764 2303 vertit
799 2243 1017 2300 invidus
1051 2239 1225 2297 hostis
1258 2239 1310 2293 in
1341 2234 1577 2294 studium
1600 2234 1832 2298 furoris;

258 2345 402 2400 inter
425 2356 547 2412 qua:
572 2349 688 2395 erat
719 2336 969 2393 Martiani
997 2336 1052 2391 itt
1078 2349 1153 2387 vu
1185 2328 1502 2388 liberalibus
1530 2323 1836 2394 disciplinis

257 2432 536 2488 succinCta
587 2429 824 2493 veritas;
897 2439 1059 2495 quam
1121 2420 1574 2478 contemnendam
1641 2421 1837 2486 putant

257 2521 356 2592 qui
392 2519 586 2576 fabulae
624 2516 961 2574 solummodo
993 2510 1442 2569 delectationibus
1469 2506 1836 2569 oblectantur,

258 2615 352 2684 qui
380 2630 487 2669 non
517 2614 722 2682 integre
747 2610 976 2681 capitur,
1002 2609 1047 2664 si
1087 2605 1332 2662 veritatis
1353 2593 1585 2673 qualitas
1627 2601 1840 2670 ignora-

261 2722 371 2764 tur.
415 2707 810 2778 Deportahatur
849 2716 1063 2774 quoque
1114 2699 1354 2754 Platonis
1399 2697 1453 2752 in
1500 2694 1704 2749 Timaeo
1750 2691 1841 2746 vix

260 2795 534 2852 intellecta
563 2791 924 2864 profunditas,
968 2785 1291 2844 Aristoteles
1327 2785 1380 2840 in
1429 2783 1567 2839 libro
1589 2781 1712 2836 Peri
1737 2780 1840 2834 Er-

259 2887 612 2954 tttenias,.attt
648 2884 850 2941 nostris
878 2883 970 2937 vix
997 2877 1330 2948 temporibus
1361 2883 1567 2931 tentata
1610 2881 1704 2928 aut
1731 2889 1835 2927 non

257 2987 547 3050 perspecta
591 2976 914 3039 obscuritas,
961 2971 1243 3028 Ciceronis
1274 2966 1695 3036 Aristotelisque
1728 2980 1837 3020 non

261 3068 661 3126 contemnenda
684 3067 1080 3138 Topicoporum
1106 3061 1362 3134 dignitas.
1389 3060 1447 3116 In
1469 3059 1666 3130 quibus
1695 3057 1841 3112 aliis-

257 3175 368 3230 que
397 3175 523 3216 cum
569 3173 658 3214 me
703 3154 1146 3225 interrogandum
1177 3160 1449 3220 putarem,
1501 3161 1842 3217 nequaquam

260 3251 452 3306 vilium
502 3264 684 3304 rerum
731 3257 900 3311 motu,
951 3244 1046 3299 sed
1083 3243 1314 3311 desuper
1344 3239 1570 3293 immissi
1615 3239 1846 3306 impetus

257 3339 533 3413 gravitate
575 3337 921 3394 sollicitabar.
954 3333 1085 3401 Quis
1111 3339 1325 3402 putaret
1351 3345 1410 3385 se
1449 3328 1847 3397 reprehenden-

260 3434 395 3489 dum
424 3431 478 3487 in
510 3430 669 3485 unius
699 3441 860 3484 casus
895 3424 1212 3491 mutatione,
1238 3422 1328 3479 cui
1364 3422 1504 3476 Deus
1535 3422 1690 3490 plura
1719 3435 1847 3474 con-

259 3519 526 3578 cesserit?
553 3519 669 3576 Non
701 3517 955 3590 putabam
1000 3517 1180 3571 Achar
1209 3515 1384 3570 furem
1430 3513 1635 3579 vivere,
1674 3526 1848 3582 neque

261 3612 556 3668 transitum
587 3610 891 3665 animarum
932 3605 1228 3679 secundum
1276 3605 1638 3676 Pythagoram
1675 3604 1727 3658 itt
1769 3603 1852 3658 di-

264 3717 430 3760 versa
486 3717 716 3772 corpora
767 3701 925 3768 ﬁeri;
981 3714 1102 3769 quae
1149 3699 1195 3753 si
1236 3699 1559 3770 reciperem,
1613 3710 1850 3750 annnam

237 3784 504 3849 ‘ltominis
533 3791 747 3864 corpori
770 3791 940 3862 ipsius
961 3789 1212 3844 monachi
1239 3788 1554 3843 inviderem.
1589 3786 1854 3842 Sordibus

263 3884 394 3954 quis
421 3881 656 3939 foedatus
682 3897 907 3954 porcum
937 3881 1095 3947 uniit,
1139 3878 1418 3934 fraudibus
1449 3878 1708 3948 gaudens,
1745 3890 1854 3932 me-

270 3974 378 4028 rito
426 3972 603 4026 anima
654 3970 948 4041 vulpeculae
1001 3967 1329 4023 vivificatur.
1381 3964 1460 4022 Ne
1516 3966 1714 4036 putetis
1769 3981 1856 4021 me

266 4064 399 4120 odio
420 4061 585 4132 loqui.
616 4061 773 4117 Absit
807 4068 864 4115 ut
898 4059 1024 4116 odio
1055 4059 1282 4113 habeant
1311 4057 1454 4128 quod
1478 4056 1715 4110 humana
1737 4054 1853 4109 elli-

268 4152 389 4224 gies
417 4149 684 4206 viventem
727 4150 998 4204 hominem
1047 4154 1332 4202 monstrat.
1363 4145 1498 4200 Nam
1544 4144 1673 4199 licet
1711 4145 1856 4200 acci-

273 4245 492 4300 dentem
539 4242 743 4298 homini
793 4243 1091 4311 nequitiam
1133 4241 1258 4295 odio
1301 4239 1550 4304 habeam,
1582 4240 1745 4308 diligo
1777 4249 1854 4294 ta-

273 4349 402 4392 men
431 4333 811 4397 substantiam,
837 4331 1084 4401 quamvis
1111 4330 1226 4400 ipsa
1252 4344 1469 4400 quoque
1494 4329 1698 4382 malitia
1730 4343 1855 4381 con-

271 4433 365 4479 tra
390 4431 578 4479 votum
623 4437 686 4478 se
734 4417 1060 4492 possidentis
1111 4418 1242 4473 mihi
1293 4416 1575 4488 profuerit.
1627 4416 1761 4471 Nam
1801 4425 1858 4472 et

275 4513 574 4571 multorum
601 4513 818 4569 fraudes
851 4509 1124 4582 patefecit,
1165 4518 1304 4563 teste
1349 4507 1588 4575 Marone,
1618 4507 1708 4590 qui
1738 4508 1853 4563 ait:
