3982 5292
468 5232 477 5241 ¹
531 5219 741 5262 tantum
768 5233 936 5262 annue
972 5222 1128 5262 huius:
1165 5228 1295 5262 can-lia
1344 5245 1462 5262 Δοηη
1503 5237 1604 5262 ..-11

544 189 568 242 1
581 188 683 245 “1.95

1596 194 1946 279 GUNZONIS
1977 196 2251 255 DIACONI
2290 198 2751 285 NOVARIENSIS

3609 210 3704 270 1296

539 305 863 379 pradicatur
915 305 968 361 in
1012 320 1077 361 eo
1131 306 1274 377 quod
1319 306 1449 378 quid
1483 306 1573 363 sit.
1625 309 1888 367 Accidens
1914 311 2116 367 idcirco
2148 318 2191 375 Α
2222 311 2273 366 in
2316 311 2524 367 duobus
2560 310 2710 367 libris
2740 316 2945 364 tantum
2976 307 3040 363 de
3067 306 3373 365 inventione
3400 317 3585 368 tractat.
3609 315 3706 374 Cau-

537 411 721 453 vocan
745 411 852 453 non
881 405 1092 467 potest,
1124 396 1248 466 quia
1274 397 1628 453 substantiam
1659 398 1935 458 informat.
1965 401 2120 470 Quod

538 473 681 542 enim
733 484 1087 543 substantiam
1137 487 1421 543 constituit
1467 487 1521 543 in
1566 490 1869 546 substantia
1921 491 2117 562 praedi-

540 572 713 637 catur”.
746 579 844 636 Est
891 587 1071 635 autem
1121 581 1236 636 haec
1283 588 1393 635 tam
1438 581 1650 638 subtilis
1698 584 2028 655 prudentiae,
2060 593 2120 638 ut

536 686 574 724 π
621 679 676 726 et
720 680 837 724 vmr
888 668 1168 724 modorum
1231 668 1668 727 conclusionibus
1716 687 1931 729 omnem
1979 687 2120 743 pene

538 759 749 828 logicen
795 757 1196 827 philosophiam
1226 759 1475 815 concludi
1509 760 1800 818 existimet.
1831 748 1963 830 Quae
1989 763 2117 818 Ari-

536 849 715 906 stoteli
755 849 891 905 adeo
919 849 1175 905 obsecuta
1205 838 1477 920 creditur,
1521 863 1580 908 ut
1618 853 1670 908 ei
1695 855 1880 909 nutrix
1926 856 2121 911 creda-

536 948 644 995 tur.
699 938 814 996 Scit
860 939 1153 1010 sopbistica
1201 940 1395 998 stultos
1433 942 1777 1000 cavillatione
1820 945 2072 1016 decipere
2098 987 2114 1013 ,

534 1039 804 1113 monstrat
855 1039 1036 1087 tamen
1067 1032 1302 1103 qualiter
1348 1035 1465 1113 ipsa
1493 1035 1763 1092 cavillatio
1792 1038 1965 1108 possit
2006 1039 2120 1095 evi-

538 1124 665 1179 tari.
709 1106 872 1179 Falsa
901 1122 1046 1179 veris
1094 1124 1311 1195 quando
1357 1110 1473 1181 vult
1512 1127 1594 1182 sic
1623 1106 1889 1195 farciunt,
1919 1137 1979 1186 ut
2011 1145 2119 1187 uno

537 1215 833 1285 eodemque
886 1224 1155 1287 tempore.
1207 1218 1504 1289 eodemque
1534 1219 1653 1277 loco
1702 1222 1803 1278 rite
1830 1223 2120 1280 convenire

535 1308 840 1363 videantur.
880 1308 1015 1365 Esse
1054 1310 1218 1364 etiam
1249 1320 1305 1366 et
1340 1327 1446 1366 non
1489 1328 1607 1368 esse
1653 1329 1853 1371 arcana
1882 1315 2116 1386 quadam

536 1399 746 1460 ratione
773 1400 933 1454 simul
963 1415 1296 1458 concurrere
1324 1402 1497 1472 ﬁngit.
1531 1404 1968 1476 Propositionum
1994 1424 2120 1466 sua-

536 1504 655 1544 rum
705 1489 1087 1559 quadraturam
1145 1507 1211 1548 eo
1255 1494 1415 1549 modo
1461 1495 1776 1567 dispositam
1829 1510 2117 1571 autumat,

529 1587 804 1648 quatenus
851 1581 1195 1651 obliquorum
1245 1583 1478 1641 laterum
1526 1602 1782 1646 recursus
1826 1590 2117 1662 aliquando

2219 418 2402 459 sarum
2448 412 2631 474 partes
2680 401 2772 455 alii
2815 410 3047 472 quatuor
3088 396 3387 468 amrmant,
3429 401 3590 461 Cicero
3617 423 3709 467 vero

2219 491 2354 547 duas
2378 491 2561 558 addit,
2610 489 3075 547 confirmationem
3106 491 3347 547 videlicet
3391 498 3444 548 et
3478 496 3708 565 reprehen-

2219 579 2445 635 sionem.
2493 578 2552 633 ln
2588 579 2846 649 probabili
2893 594 3108 652 quoque
3136 578 3471 647 narratione,
3498 580 3545 637 in
3568 586 3712 654 quaab

2223 669 2344 725 aliis
2384 684 2457 725 vu
2486 669 2935 736 introducuntur,
2963 669 3017 724 in
3068 669 3264 739 quibus
3304 671 3379 725 rei
3424 672 3601 728 veritas
3620 674 3714 730 solet

2220 758 2492 826 inveniri,
2520 757 2713 814 Cicero
2752 774 3035 815 numerum
3066 758 3274 824 variat,
3320 758 3371 813 in
3397 759 3572 829 quibus
3593 763 3714 818 omni-

2218 849 2321 905 bus
2363 858 2562 920 quanta
2591 849 2888 905 necessitas
2927 850 3290 920 inquisitionis
3321 850 3562 906 habeatur
3585 852 3712 923 palam

2218 934 2534 996 ostenditur.
2589 939 2714 994 Haec
2752 938 2947 996 femina
2998 941 3243 1012 prudenti
3293 944 3713 1012 transgressionea

2216 1045 2416 1100 genere
2444 1032 2497 1086 in
2526 1046 2723 1103 genera
2743 1071 2758 1096 ,
2793 1046 2824 1085 a
2860 1032 3245 1088 constitutione
3272 1032 3324 1087 in
3355 1034 3715 1090 constitutionem

2220 1121 2506 1178 transitum
2550 1110 2702 1177 facit.
2744 1122 2877 1176 Nam
2922 1120 3144 1192 Virgilio
3193 1138 3314 1178 cum
3365 1124 3428 1179 de
3476 1120 3630 1180 Tui-no
3664 1124 3717 1181 lo-

2220 1208 2509 1281 queretur,
2536 1226 2566 1266 a
2590 1211 2847 1283 qualitate
2870 1213 2924 1267 in
2946 1208 3109 1267 ﬁnem
3141 1214 3551 1270 transmeabilem
3569 1223 3716 1271 motum

2219 1289 2483 1373 permisit.
2511 1301 2636 1359 time
2692 1304 2743 1358 in
2777 1304 3041 1375 principio
3084 1304 3307 1360 alterius
3338 1305 3530 1371 vultus,
3556 1306 3719 1362 alterius

2220 1393 2271 1447 in
2323 1394 2533 1457 medio,
2589 1393 2644 1448 in
2675 1402 2918 1449 extremo
2955 1394 3177 1450 alterius
3223 1410 3284 1450 se
3330 1406 3602 1452 monstrare
3625 1414 3713 1453 con-

2222 1493 2410 1541 tendit.
2455 1486 2513 1541 In
2551 1501 2839 1559 progressu
2871 1496 3053 1545 autem
3083 1497 3140 1543 et
3167 1488 3221 1543 in
3266 1488 3370 1544 fine
3402 1490 3714 1547 mutabilitates

2230 1590 2355 1630 suas
2403 1576 2635 1632 astutius
2683 1576 2881 1648 prodit.
2936 1576 3067 1645 Qua:
3111 1577 3338 1648 loquens
3380 1595 3619 1649 nunquam
3644 1580 3724 1635 sine

536 1671 653 1727 sine
676 1672 956 1728 coactione
985 1674 1208 1743 redeat,
1240 1675 1530 1746 aliquando
1576 1681 1858 1739 coactione
1887 1685 2116 1754 operiat.

2224 1666 2451 1737 strepitu
2483 1667 2728 1739 graditur
2750 1707 2765 1732 ,
2786 1666 2897 1736 nisi
2936 1667 3075 1723 forte
3109 1668 3399 1739 aliquando
3433 1678 3594 1726 tacens
3621 1671 3722 1741 loqui

536 1760 674 1818 Huic
727 1778 834 1818 non
874 1764 1006 1821 satis
1055 1773 1139 1821 est
1199 1776 1259 1822 ut
1307 1769 1519 1825 dicatur
1557 1771 1759 1827 malum
1806 1787 1928 1830 esse
1973 1776 2120 1846 quod

535 1862 653 1920 est,
711 1856 808 1925 sed
853 1856 979 1926 quia
1026 1855 1231 1912 bonum
1287 1875 1397 1916 non
1447 1870 1549 1917 est.
1599 1862 1778 1920 Verba
1822 1867 2119 1923 secundum

534 1958 593 1998 se
639 1945 858 2001 nomina
905 1960 1025 2002 esse
1072 1956 1246 2018 putat.
1296 1950 1433 2007 Nam
1481 1960 1535 2009 et
1580 1956 1672 2025 qui
1717 1956 1851 2013 dicit
1877 1959 2119 2016 auditum

534 2035 851 2101 constituit,
899 2045 954 2092 et
981 2037 1075 2107 qui
1126 2039 1277 2094 audit
1332 2042 1594 2111 quiescit,
1628 2045 1850 2116 ipsaque
1880 2063 1986 2103 non
2012 2048 2118 2105 nisi

533 2121 587 2175 in
639 2123 859 2178 instanti
912 2134 1153 2197 tempore
1190 2127 1397 2198 judicat
1439 2133 1541 2188 dici
1589 2150 1765 2204 posse.
1815 2136 2029 2209 Ubique
2059 2154 2119 2197 se

533 2211 701 2268 vertit
744 2215 812 2269 ad
858 2215 1132 2287 singulos,
1162 2234 1227 2274 ac
1279 2220 1444 2276 veluti
1496 2223 1686 2281 ludens
1730 2242 1936 2284 venena
1968 2245 2116 2285 mor-

539 2300 823 2371 dacitatis,
876 2320 997 2376 qua:
1037 2323 1243 2364 venena
1292 2322 1590 2368 monstrata
1636 2316 1745 2371 cuti
1792 2318 1958 2374 vitam
2011 2335 2118 2376 non

531 2390 920 2450 intercludunt.
975 2396 1148 2464 Quam
1193 2399 1371 2457 bonus
1408 2402 1583 2471 Deus,
1613 2405 1706 2475 qui
1755 2405 1995 2464 invidum
2025 2424 2120 2464 cu-

532 2480 790 2537 collatum
822 2483 1018 2540 talibus
1042 2486 1308 2558 privavit,
1357 2490 1553 2559 quibus
1595 2491 1670 2547 in-
1694 2493 1914 2551 fraudes
1949 2497 2122 2566 possit

530 2570 797 2629 valentior
826 2574 1053 2631 inveniri
1082 2578 1095 2631 ε
1132 2577 1275 2634 Bene
1296 2588 1397 2635 est.
1430 2581 1590 2639 Caret
1623 2599 1769 2640 enim
1809 2586 2119 2658 maledicto,

532 2666 600 2721 de
645 2682 753 2737 quo
795 2682 894 2739 per
940 2671 1229 2741 quemdam
1281 2673 1582 2743 sapientem
1629 2677 1828 2735 dicitur
1856 2694 1871 2735 :
1903 2678 2006 2747 Qui
2035 2698 2121 2738 so-

530 2756 748 2823 phistica
789 2758 1055 2830 loquitur,
1106 2761 1215 2818 Deo
1253 2765 1462 2821 adibitis
1495 2777 1603 2837 est,
1640 2780 1746 2827 etc.
1794 2771 1991 2830 Crator
2018 2775 2122 2830 ita-

534 2860 640 2915 que
668 2848 793 2905 huic
811 2891 826 2916 ,
854 2853 996 2921 quod
1028 2854 1132 2907 hac
1162 2856 1371 2911 macula
1398 2869 1581 2927 caret,
1614 2861 1741 2919 licet
1770 2879 1879 2920 non
1905 2874 2117 2936 sponte.

536 2937 706 2992 Vellet
759 2939 987 2997 forsitan
1036 2943 1286 3002 miserior
1335 2963 1456 3004 esse
1507 2955 1671 3021 quam
1724 2953 1828 3020 sit,
1881 2956 1978 3010 sed
2015 2956 2117 3011 bo—

2222 1755 2490 1810 videatur.
2521 1755 2805 1811 Alumnam
2848 1755 2991 1811 hanc
3041 1756 3321 1814 Ciceronis
3366 1758 3529 1813 nullus
3569 1759 3720 1813 dubita-

2222 1845 2380 1901 verit.
2429 1845 2563 1900 Nam
2612 1846 2863 1916 praesidio
2919 1846 3063 1902 illius
3113 1846 3382 1912 vallatus,
3433 1847 3721 1917 mujuratores

2221 1935 2274 1990 in
2319 1936 2704 2008 rempublicam
2751 1938 3121 2008 deprehendit.
3151 1939 3232 1994 An
3282 1940 3427 1995 aliud
3475 1941 3720 1996 subvenitei

2221 2027 2321 2081 nisi
2364 2028 2511 2095 haec,
2563 2028 2778 2099 quando
2829 2028 3112 2084 Catilinam
3150 2029 3218 2085 de
3252 2040 3441 2086 senatu
3481 2030 3612 2101 eiecit
3638 2048 3718 2103 gra-

2219 2117 2389 2172 vitate
2445 2132 2759 2175 sermonum
2800 2127 2853 2175 et
2901 2119 3330 2188 sententiarum,
3379 2122 3558 2192 quibus
3602 2122 3718 2177 Roma

2218 2214 2428 2275 patrem
2475 2208 2669 2278 patriae
2717 2207 3039 2264 Ciceronem
3085 2208 3258 2266 libera
3304 2210 3476 2266 dixit?
3518 2210 3619 2267 Haec
3652 2226 3719 2265 uno

2220 2296 2383 2352 ductu
2411 2298 2657 2355 diversos
2680 2300 2853 2371 pingit
2873 2299 3083 2357 colores
3102 2341 3118 2367 ,
3156 2302 3406 2374 reditque
3429 2303 3491 2357 ad
3516 2302 3716 2375 proprium

2219 2388 2397 2444 cubile
2423 2389 2878 2462 quinquepertitis
2907 2391 3116 2449 semitis
3134 2433 3147 2458 ,
3182 2403 3452 2464 quatenus
3487 2394 3626 2451 ﬂexus
3647 2394 3717 2448 vis

2221 2494 2340 2533 rum
2395 2493 2619 2535 suarum
2671 2481 2821 2537 brevi
2883 2484 3200 2541 reductione
3256 2485 3497 2558 colligat,
3541 2486 3716 2556 circaque

2221 2567 2489 2640 epilogum
2552 2572 3032 2642 praesumptionem
3081 2575 3350 2646 requirat.
3404 2576 3589 2646 Excipit
3626 2576 3715 2629 hanc

2221 2650 2383 2730 quam
2434 2661 2820 2731 sapientissimi
2870 2664 3013 2734 regis
3057 2668 3305 2724 sororem
3352 2669 3523 2724 terunt
3565 2666 3711 2722 subtili-

2224 2759 2334 2807 tate
2382 2751 2561 2811 vultus
2598 2764 2654 2811 et
2696 2755 2978 2826 sapientia:
3026 2758 3314 2831 dignitate.
3361 2761 3541 2816 Dicunt
3568 2755 3710 2813 Hebr-ai

2224 2842 2566 2900 Salomonem
2597 2845 2821 2902 minutis
2856 2846 3141 2903 formatum
3163 2850 3415 2921 corporis
3441 2848 3709 2906 lineamentis.

2224 2934 2378 3001 Quod
2430 2949 2500 2990 ex
2552 2937 2733 2993 verbis
2782 2953 2998 3009 quoque
3033 2939 3125 2996 lilii
3175 2940 3297 3011 ejus
3346 2938 3707 3014 colligitur,qni-

531 3030 703 3087 nitate
754 3034 848 3088 Dei
898 3043 1261 3106 temperatur,
1309 3054 1486 3110 neque
1513 3041 1781 3114 intelligit.
1823 3046 2029 3103 Sedens
2058 3047 2115 3103 in
2143 3030 2188 3093 C
2222 3025 2443 3126 "us-au
2475 3024 2781 3126 {Minimus
2809 3027 3003 3098 digit“
3052 3046 3203 3126 mf".
3249 3034 3483 3126 9'9???"
3610 3031 3707 3126 dario

524 3120 775 3205 cunctari
827 3127 1139 3182 monasterii
1190 3138 1476 3186 cornutum
1518 3117 1585 3190 ξε
1632 3143 1785 3206 pum
1812 3137 2109 3196 secundum
2208 3115 2377 3183 patris
2404 3116 2528 3171 mei.
2579 3115 2656 3171 Ex
2694 3132 2800 3187 quo
2848 3127 3026 3189 potest
3065 3119 3206 3176 aliud
3257 3122 3474 3195 colligi,
3519 3123 3561 3177 in
3596 3118 3699 3175 cori-

529 3201 877 3283 prOverbium
901 3217 1211 3278 Aristotelis
1242 3237 1351 3294 quo
1376 3226 1454 3279 ait
1485 3242 1501 3281 :

779 3349 1161 3426 iqsupAconclavi
1181 3363 1448 3426 eornnpeta
1469 3358 1565 3426 stbi
1593 3359 1801 3426 vldetnr,
1860 3404 1876 3419 .

592 3405 760 3470 Seque
783 3417 918 3471 putat
935 3423 1080 3463 cursu
1105 3416 1286 3465 timidis
1304 3405 1609 3471 contendere
1622 3405 1799 3475 Hamis:

603 3507 884 3567 Unciolam
934 3522 1045 3570 tota
1093 3530 1216 3572 cum
1266 3518 1357 3574 vix
1403 3521 1740 3593 expendere,
1800 3538 1910 3596 quo
1953 3539 2110 3584 coena

532 3599 710 3657 valeat
755 3617 875 3659 sese
921 3605 1200 3676 impertire
1247 3609 1468 3667 sodalis.
1524 3611 1604 3669 Ne
1643 3613 1921 3686 imputetis
1979 3618 2113 3673 vitio

531 3692 675 3761 quod
717 3707 861 3781 saepe
904 3693 1047 3751 idem
1094 3708 1298 3769 repeto.
1346 3699 1622 3771 Siquidem
1667 3712 1792 3762 utor
1836 3704 2113 3763 Juvenalis

532 3780 808 3851 exemplo,
858 3785 1003 3854 quod
1037 3785 1104 3841 de
1150 3785 1401 3860 Crispino
1432 3792 1508 3847 ait
1540 3809 1554 3848 :

591 3891 920 4016 Ξέοὲέὲξέἓω
935 3897 1182 4010 Crispinus
1200 3906 1252 3953 et
1270 3909 1346 4014 est
1364 3902 1482 4017 mihi
1502 3916 1637 3969 saepe
1660 3909 1904 3961 vocandus

599 4054 667 4109 Et
686 4054 876 4114 Cicero
896 4059 951 4115 in
974 4061 1217 4120 Verrinis
1237 4080 1378 4136 saepe
1396 4066 1620 4125 Verrem
1649 4074 1860 4142 repetit.
1885 4071 2113 4131 Verum-

532 4153 709 4236 tamen
759 4150 884 4219 quia
916 4150 971 4207 in
1007 4152 1323 4213 liberalibus
1363 4158 1669 4231 disciplinis
1722 4164 1891 4220 multa
1933 4166 2113 4236 inqui-

528 4234 637 4292 situ
688 4237 847 4309 digna
896 4242 1273 4312 reperiuntur,
1319 4247 1508 4317 paucis
1550 4264 1619 4305 ex
1668 4234 2026 4322 grammatica
2058 4263 2114 4311 et

528 4326 815 4388 dialectica
878 4333 1175 4404 praelibatis
1223 4377 1240 4406 ,
1290 4338 1573 4396 rhetorica:
1633 4344 1931 4414 potentiam
1983 4344 2105 4403 bre-

526 4420 668 4477 viter
718 4422 774 4478 in
823 4426 1059 4482 medium
1089 4427 1354 4487 deducere
1384 4433 1621 4493 tentabo.

594 4530 819 4601 Eloqniis
832 4535 937 4601 haec
960 4550 1015 4601 se
1041 4541 1279 4601 promittit
1300 4542 1493 4595 solvere
1516 4557 1708 4600 mentes

594 4598 882 4673 9931!?!“
909 4598 1110 4673 E‘Uaeiis
1126 4611 1420 4673 micuere
1442 4611 1592 4673 tristia
1616 4598 1770 4673 nos.“

589 4656 849 4719 Tristibus,
875 4668 928 4710 et
947 4660 1101 4712 docta:
1124 4667 1357 4716 medicari
1380 4656 1776 4734 famine'lingnie'.

606 4760 677 4814 De
711 4763 986 4820 rhetorica.
1038 4767 1207 4852 Hujus
1246 4754 1474 4830 materia
1507 4778 1679 4835 tribus
1708 4784 1996 4853 generibus
2028 4785 2109 4841 di-

531 4850 646 4905 visa
693 4868 909 4910 causam
960 4850 1360 4920 constitutionis
1402 4865 1675 4926 informat.
1718 4850 1786 4927 Vln
1813 4874 1917 4931 hac
1941 4875 2109 4932 multa

531 4939 793 5010 inquisitu
840 4946 999 5018 digna
1046 4953 1424 5024 reperiuntur,
1474 4968 1568 5015 aut
1602 4962 1728 5031 quia
1759 4979 1903 5020 nunc
1930 4965 1984 5021 in
2010 4981 2110 5023 usu

529 5043 637 5084 non
691 5042 807 5099 est,
859 5046 953 5091 aut
1003 5041 1128 5108 quia
1188 5045 1328 5114 apud
1374 5057 1628 5107 auctores
1680 5054 1896 5112 diverso
1951 5059 2110 5113 modo

530 5121 805 5180 variabilis
845 5127 1139 5187 invenitur.
1170 5134 1305 5192 Nam
1350 5138 1503 5197 fuere
1546 5146 1767 5215 quidam
1820 5149 1911 5217 qui
1941 5164 2107 5205 unum

1542 5237 1695 5262 ΑΙΙΑ...
1719 5256 1732 5262 -
1770 5241 1876 5262 ---ΞΑ

1613 5248 1695 5262 Α...
1719 5256 1732 5262 -
1770 5248 1853 5262 ---ἶ
1870 5248 1979 5262 ΑΙ-..-

2211 3206 2408 3263 delicet
2432 3209 2574 3277 quod
2620 3209 2675 3265 in
2706 3211 2851 3265 tenui
2898 3226 3125 3282 corpore
3163 3211 3473 3270 Salomonis
3515 3213 3614 3280 larga
3632 3223 3684 3262 sa-

2212 3299 2415 3370 pientia
2464 3298 2599 3368 fuit,
2653 3301 2814 3357 datur
2864 3302 3120 3373 intelligi,
3167 3311 3315 3374 quod
3366 3307 3420 3361 in
3469 3302 3604 3377 pingui
3632 3298 3690 3353 ῑίι

2217 3399 2381 3462 queat
2405 3390 2677 3448 subtilitas
2702 3392 2979 3465 sapientiae
3004 3393 3259 3451 inveniri.
3288 3396 3426 3453 Hinc
3445 3397 3648 3453 Persius:

2273 3533 2326 3566 .__
2417 3536 2445 3566 ._
2562 3535 2575 3550 .
2621 3560 2648 3566 __
2705 3537 2724 3566 ._
2848 3501 3054 3566 Nugaris
3074 3505 3297 3555 cumlibi
3325 3506 3460 3557 calve

2276 3560 2474 3622 Pinguis
2493 3560 2787 3626 aqualicalus
2799 3560 3040 3627 propénso
3059 3569 3375 3630 sexquipede
3393 3570 3563 3620 exstet.

2286 3669 2496 3729 Statius
2523 3688 2739 3745 quoque
2783 3674 3041 3731 virtutum
3087 3679 3336 3749 corporis
3383 3669 3708 3737 enumeransde

2214 3762 2384 3819 Tideo
2414 3764 2592 3835 inquit
2619 3783 2631 3819 :

2275 3873 2486 3939 Majorin
2511 3877 2937 3940 exiguoregnavit
2957 3891 3167 3944 corpore
3199 3883 3372 3934 virtus.

2283 3973 2409 4031 Haec
2451 3977 2607 4047 quasi
2657 3993 2754 4048 per
2800 3979 3223 4051 digressionem,
3277 3983 3346 4039 ad
3391 3980 3624 4056 proposita
3659 3987 3713 4029 re-

2213 4079 2447 4121 curram.
2481 4065 2630 4122 Hanc
2671 4067 2796 4124 ideo
2825 4070 3120 4141 viraginem
3170 4086 3397 4143 corpore
3440 4082 3619 4127 tenuem
3642 4077 3713 4117 ωεο

2216 4157 2425 4213 moravi
2450 4198 2465 4224 ,
2491 4159 2619 4228 quia
2651 4159 2922 4216 abstracta
2951 4176 2984 4217 a
3012 4162 3174 4221 rebus
3213 4164 3482 4235 corporeis
3508 4162 3554 4217 in
3579 4166 3711 4214 natura

2214 4247 2297 4302 sui
2328 4247 2474 4303 nulla
2513 4249 2893 4319 corporalitate
2921 4265 3216 4309 crassatur.
3250 4255 3488 4312 Vindicat
3512 4252 3599 4307 sibi
3624 4258 3712 4315 qna-

2213 4348 2433 4411 propter
2470 4339 2753 4413 collegium
2786 4342 3118 4413 divinitatis,
3162 4362 3269 4402 non
3323 4355 3491 4402 tamen
3529 4350 3579 4397 ut
3613 4334 3712 4392 acti“

2214 4432 2348 4486 dens
2390 4431 2580 4488 haberi
2624 4434 2679 4488 in
2725 4434 2837 4491 Deo
2877 4436 3036 4503 velit,
3068 4436 3164 4493 sed
3204 4437 3558 4495 substantiam.
3588 4424 3710 4485 Unum

2216 4536 2451 4593 namque
2499 4521 2555 4578 in
2604 4521 2868 4580 Trinitate
2913 4540 3269 4599 personarum
3317 4522 3514 4591 Patris,
3544 4531 3589 4579 et
3610 4516 3710 4574 Filii.

2209 4623 2265 4669 ct
2291 4614 2527 4683 Spiritus
2575 4615 2747 4672 sancti
2793 4615 3097 4674 substantia
3123 4628 3228 4675 est.
3274 4619 3412 4691 Ergo
3453 4614 3648 4673 Trinitas
3670 4605 3707 4658 in

2210 4705 2417 4761 unitate
2456 4745 2472 4772 ,
2523 4715 2579 4761 et
2647 4707 2828 4763 unitas
2881 4708 2937 4763 in
2991 4708 3254 4768 Trinitate
3324 4706 3593 4766 substantia
3636 4704 3707 4754 est.

2212 4797 2271 4851 ιιι
2316 4798 2584 4853 creaturis
2634 4813 2849 4869 quoque
2893 4802 3185 4857 secundum
3235 4799 3559 4872 phitosophos
3580 4795 3709 4864 potest

2217 4903 2476 4944 numerus
2499 4904 2720 4960 quoquo
2754 4892 2914 4948 modo
2939 4893 3241 4949 substantia
3272 4893 3470 4955 videri,
3500 4886 3585 4945 nisi
3609 4882 3708 4938 fune

2216 4986 2377 5050 neget
2404 4979 2527 5049 quis
2568 4994 2851 5035 numerum
2895 4996 3037 5038 esse.
3069 4982 3234 5038 Aiunt
3274 4982 3542 5053 prudentes
3582 4973 3705 5068 baut“

2214 5078 2269 5126 et
2325 5071 2424 5126 Est
2461 5070 2601 5126 idem
2653 5086 2809 5140 esse,
2848 5083 2927 5128 ut
2969 5074 3149 5130 tandiu
3186 5075 3257 5131 sit
3300 5071 3486 5144 aliquid
3527 5060 3704 5138 quandi“

2215 5176 2376 5216 unum
2434 5172 2548 5226 est;
2601 5173 2658 5219 et
2692 5179 2815 5220 cum
2870 5165 3094 5222 desierit
3129 5183 3288 5222 unum
3336 5177 3478 5230 esse.
3510 5162 3600 5253 13:“
3630 5163 3705 5207 ¹¹⁰¹¹
