3982 5292
1291 190 1372 208 σινγ-

236 320 369 378 19.97

1263 318 1482 376 EPlST.
1521 317 1614 371 AD
1642 313 1961 371 FRATRES
1997 312 2411 373 AUGIENSES.

3360 297 3499 353 1298

232 434 304 487 ita
350 446 408 486 se
448 398 503 487 in
543 429 844 486 minoribus
882 421 1219 497 conformat,
1260 430 1607 501 quatenus-in
1640 428 1809 497 majo-
1839 433 1886 490 Α
1913 423 2222 494 aliquando,
2255 424 2442 493 sicque
2478 422 2538 477 ﬁt
2565 430 2621 477 ut
2651 436 2759 477 non
2788 434 2941 489 aqua
2972 418 3072 474 sibi
3098 430 3310 485 semper
3341 431 3494 469 man-

234 523 383 576 ribus
432 537 548 577 mas
600 521 732 575 velit
780 522 1005 587 haberi,
1037 531 1096 576 ut
1139 520 1263 590 jure
1307 521 1431 591 quis
1478 535 1599 575 eam
1628 519 1807 574 Cenea

230 622 324 665 aut
369 611 649 684 Tyresiam
699 613 914 678 credat,
963 613 1016 667 id
1056 621 1141 668 est
1192 613 1474 681 utriusque
1526 627 1688 666 sexus
1715 626 1808 664 ca-

231 720 440 775 pacem.
472 706 741 761 Przeterea
770 708 1046 776 componit
1088 707 1379 777 aliquando
1405 706 1649 761 mirabile
1675 721 1811 776 prte-

232 796 484 865 stigium,
538 799 753 866 quando
797 797 914 853 sine
956 798 1160 867 judicio
1206 800 1497 854 verborum
1546 798 1813 867 aliquibus

234 886 404 940 animi
428 898 633 941 secreta
660 886 865 954 pandit.
890 887 978 940 Ex.
998 904 1104 957 quo
1129 887 1289 941 etiam
1320 887 1517 942 stultus
1546 888 1811 957 arguitur,

233 977 327 1044 qui
380 977 432 1030 in
479 978 917 1035 brevisermone
964 978 1307 1046 prudentiam
1355 993 1501 1033 sana:
1533 978 1730 1032 mentis
1756 992 1815 1033 se

235 1067 637 1136 deprehendere
682 1084 841 1137 poss:
890 1068 1202 1123 arbitratur.

297 1176 624 1288 Egcejtferum
643 1177 895 1237 Crispinus
921 1183 973 1227 et
991 1182 1070 1227 est
1090 1178 1205 1227 mihi
1222 1189 1356 1240 saepe
1378 1178 1622 1228 vocandus

398 1252 426 1288 ο
536 1252 577 1287 s.

397 1252 577 1300 partes.

307 1343 435 1398 ΙΙωο
484 1343 670 1410 virago
724 1352 918 1397 cuncta
968 1343 1110 1403 intra
1169 1358 1228 1398 se
1280 1352 1503 1399 eatenus
1550 1340 1817 1396 contineri

231 1440 422 1502 putat,
459 1441 530 1485 ut
579 1432 836 1487 recedens
887 1432 1020 1487 nihil
1066 1440 1186 1501 post
1225 1447 1284 1487 se
1330 1431 1616 1501 relinquat.
1668 1430 1815 1496 Qua-

232 1531 459 1593 propter
503 1538 627 1579 cum
673 1531 834 1577 tanta:
886 1524 1161 1590 dignitatis
1212 1524 1314 1589 sit,
1366 1531 1622 1593 gravatur
1676 1538 1816 1591 prae-

234 1625 545 1685 sumptione
567 1614 959 1685 quorumdam,
984 1616 1125 1683 quod
1152 1618 1218 1672 de
1249 1632 1307 1672 se
1334 1616 1452 1687 plus
1472 1630 1636 1684 quam
1666 1630 1819 1685 opor-

236 1716 316 1762 tet
365 1719 711 1776 praesumant.
770 1704 902 1761 Nam
952 1705 1167 1763 difﬁcile
1216 1716 1301 1763 est
1350 1705 1619 1761 inﬁnitum
1667 1705 1818 1759 ﬁnito

1912 530 2039 570 sura
2067 514 2470 588 consocieptur,
2510 513 2605 568 sed
2634 512 2839 581 dispari
2868 508 3183 579 quantitate.
3217 506 3497 574 Quondam

1910 606 2073 661 etiam
2098 606 2372 660 stantibus
2406 604 2896 675 suppendiculares-
2921 601 3261 672 copulantur,
3310 610 3366 654 et
3394 602 3496 655 hoc

1912 711 2020 751 non
2062 696 2405 765 simpliciter.
2448 695 2681 751 Possunt
2710 704 2888 750 tamen
2924 692 3161 747 inveniri
3196 708 3312 760 quae
3356 692 3497 746 nulla

1915 786 2179 842 societate
2202 786 2321 841 aliis
2348 786 2589 856 copulari
2626 795 2847 856 queant,
2880 799 2988 839 non
3019 783 3289 837 immerito
3318 781 3499 851 alogas

1916 876 2125 939 dicunt,
2156 889 2277 944 qua:
2324 875 2377 928 in
2420 874 2703 944 qualitate,
2733 874 3056 943 quantitate,
3088 870 3326 926 sectione
3359 870 3475 939 posi

1918 965 2171 1034 tioneque
2217 965 2541 1019 consistunt.
2575 963 2701 1018 Haec
2740 963 3084 1033 planetarum
3123 958 3374 1021 circulos,
3409 974 3501 1012 zo-

1919 1069 2109 1109 narum
2142 1070 2323 1125 gyros,
2358 1054 2565 1110 zodiaci
2592 1064 2756 1123 atque
2794 1052 2952 1107 lactei
2981 1051 3371 1107 connexionem
3398 1049 3503 1103 cir-

1924 1145 2044 1212 culi,
2074 1147 2306 1217 propriis
2351 1146 2507 1202 lineis
2546 1146 2941 1215 complectitur,
2973 1151 3027 1199 et
3051 1156 3386 1213 quaecunque
3440 1140 3504 1193 li-

1924 1249 2143 1289 nearum
2185 1234 2363 1292 ductis
2408 1234 2791 1299 absolvuntur,
2831 1249 2928 1288 suo
2951 1231 3062 1301 juri
3098 1230 3364 1286 attribuit.
3400 1228 3500 1281 Pa-

1925 1335 2103 1383 tenter
2130 1326 2309 1395 itaque
2333 1335 2669 1381 monstratur,
2691 1326 2813 1396 quia
2837 1326 2954 1381 sine
2978 1322 3136 1392 hujus
3160 1322 3502 1377 tineamentis

1919 1416 2064 1471 nulla
2094 1416 2390 1486 corporalis
2421 1416 2684 1471 dimensio
2707 1417 2873 1485 possit
2903 1413 3133 1479 ostendi,
3159 1410 3501 1481 quandoqui-

1920 1506 2046 1561 dem
2071 1506 2305 1574 qualiter
2326 1520 2523 1575 corpus
2555 1505 2836 1571 limitetur,
2871 1504 3282 1576 incorporaliter
3300 1501 3501 1572 ingenii

1920 1596 2005 1651 sui
2053 1596 2292 1665 potentia
2347 1595 2655 1666 patefacere
2700 1607 2951 1652 conetur.
2999 1595 3116 1651 Non
3149 1593 3344 1663 injuria
3380 1582 3511 1662 quis

1923 1685 2063 1740 hanc
2109 1686 2471 1755 apostolorum
2505 1686 2703 1741 dixerit
2731 1705 2745 1741 :
2784 1686 2849 1742 In
2881 1703 3083 1741 omnem
3122 1695 3314 1739 terram
3345 1686 3503 1738 exivit

234 1795 477 1850 li-mitari.
529 1796 680 1863 Quod
743 1797 834 1865 qui
877 1806 1103 1852 conatur
1162 1798 1303 1863 haud
1358 1797 1555 1863 injuria
1597 1795 1817 1864 insanus

1920 1796 2079 1835 sonus
2110 1797 2309 1835 eorum.
2350 1780 2598 1835 Procedit
2634 1780 2830 1836 dehinc
2870 1797 2992 1851 qua:
3027 1781 3221 1837 Astrea
3254 1791 3501 1839 vocatur,

239 1884 508 1961 creditur,
558 1884 833 1953 Siquidem
889 1885 1056 1939 multa
1121 1886 1244 1940 huic
1315 1887 1497 1942 insunt
1544 1926 1559 1950 ,
1620 1888 1815 1955 quibus

239 1974 522 2030 variabilis
572 1975 811 2050 potentia
875 1975 1157 2031 difﬁculter
1215 1978 1654 2047 deprehenditur.
1706 1979 1815 2032 Ali-

238 2064 452 2132 quando
504 2064 733 2133 propriae
792 2065 1172 2134 magnitudinis
1226 2066 1449 2134 ﬁguram
1502 2067 1580 2121 sic
1631 2082 1819 2137 super-

238 2153 507 2223 greditur,
551 2162 608 2207 ut
652 2154 912 2225 gigantem
951 2156 1240 2225 quantitati
1270 2157 1463 2212 similis
1493 2158 1810 2212 mstimctur.

236 2244 540 2315 Aliquando
580 2246 653 2299 ita
683 2245 821 2300 infra
864 2261 923 2308 se
957 2247 1189 2319 decidit,
1232 2257 1291 2302 ut
1342 2247 1585 2319 pigmarae
1623 2250 1817 2319 virgini

241 2348 351 2387 non
389 2334 657 2390 immerito
690 2335 979 2405 assimilari
1017 2337 1207 2405 possit.
1243 2336 1418 2392 Tanto
1450 2338 1819 2411 moderamine

245 2424 567 2495 quandoque
621 2424 749 2480 licet
784 2440 904 2481 sese
957 2427 1289 2493 cohaereret,
1326 2443 1432 2496 quo
1456 2428 1589 2482 nihil
1621 2429 1818 2498 majus,

242 2515 377 2570 nihil
407 2516 587 2572 minus
618 2517 671 2571 in
717 2532 779 2572 ea
823 2519 1004 2589 possit
1024 2519 1275 2577 inveniri.
1323 2519 1493 2575 Porro
1528 2522 1574 2575 si
1607 2521 1821 2591 quando

239 2613 460 2677 pertusa
499 2606 567 2662 ad
611 2609 843 2678 compita
892 2610 1072 2685 venit,
1119 2610 1391 2665 dominam
1420 2626 1481 2666 se
1509 2611 1694 2666 haberi
1727 2628 1825 2682 por

238 2698 457 2767 poscit,
505 2698 648 2753 ruris
701 2699 1056 2770 magistram,
1105 2702 1520 2769 moderatricem
1580 2703 1820 2759 siderum

240 2794 405 2857 atque
445 2788 885 2857 dispensatricem
931 2805 1221 2857 sonorum,
1265 2807 1363 2847 suo
1411 2800 1566 2862 putat
1595 2808 1821 2863 parcere

241 2878 573 2947 magisterio.
624 2877 759 2935 Nam
809 2880 853 2935 si
883 2879 1121 2937 Platonis
1166 2880 1365 2937 Timaao
1411 2883 1687 2949 creditur,
1722 2884 1822 2937 mi-

243 2969 399 3022 rabili
429 2970 530 3025 hac
561 2971 948 3041 compositione
984 2973 1168 3028 mundi
1197 2974 1376 3034 anima
1417 2972 1819 3041 conformatur,

243 3058 314 3112 de
337 3074 441 3128 qua
472 3058 727 3131 Virgilius
755 3077 769 3115 :

306 3194 551 3260 Principio
568 3195 743 3260 omium
754 3203 1307 3260 acsterrastcamposque
1330 3196 1594 3260 liquentes,

305 3254 675 3322 [orientemque
698 3258 893 3322 globum
919 3259 1063 3317 lunia,
1075 3254 1367 3322 Titaniaque
1381 3254 1517 3308 'astra

308 3319 674 3380 Spiritus-intus
686 3318 801 3377 itit,
822 3327 1046 3380 totosque
1070 3318 1222 3367 infusa
1248 3318 1337 3379 per
1355 3328 1489 3367 artus

306 3379 449 3429 Mens
468 3381 833 3441 agiutmoletn,
859 3387 911 3430 et
934 3379 1110 3443 magno
1130 3393 1184 3429 se
1202 3393 1405 3442 corpore
1427 3384 1621 3430 miscet.

316 3502 376 3558 in
424 3504 527 3559 hac
548 3518 765 3573 quoque
796 3511 854 3556 ut
903 3503 1023 3558 aliis
1074 3504 1241 3557 multa
1288 3514 1447 3575 egent
1478 3503 1820 3573 inquisitione

243 3610 369 3665 quae
413 3594 560 3649 stulti
603 3595 755 3664 quasi
814 3594 1021 3648 inutilia
1070 3604 1125 3649 et
1180 3612 1286 3651 non
1332 3597 1637 3653 necessaria
1688 3612 1819 3655 com-

242 3696 514 3746 temmmt'.
568 3687 763 3745 Debuit
804 3695 981 3746 tamen
1032 3688 1222 3747 sai‘tem
1280 3693 1412 3748 ordo
1466 3692 1693 3761 inquiri,
1726 3707 1822 3746 cur

249 3797 281 3836 a
321 3781 508 3837 Boetio
560 3781 615 3836 in
667 3781 839 3852 primo
883 3781 999 3837 loco
1047 3783 1331 3851 quadruvii
1381 3783 1683 3837 liberalium
1736 3784 1820 3837 di-

248 3872 600 3943 sciplinarum
646 3872 763 3927 haec
809 3873 979 3942 posita
1013 3873 1114 3939 sit,
1161 3888 1192 3928 a
1225 3873 1500 3953 .Martiano
1530 3884 1709 3929 autem
1740 3890 1823 3929 se-

243 3960 444 4016 cundo.
484 3960 606 4016 Ideo
636 3960 862 4034 forsitan
913 3962 1089 4020 nullus
1120 3964 1346 4033 requirit
1388 3964 1511 4033 quia
1554 3974 1647 4020 aut
1692 3980 1819 4019 casu

242 4052 351 4105 lioc
396 4050 595 4105 factum
642 4060 827 4119 putat,
857 4060 952 4106 aut
992 4051 1315 4107 Martianum
1358 4053 1411 4109 in
1454 4054 1662 4109 artibus
1692 4054 1823 4108 nihil

243 4141 376 4195 boni
426 4139 720 4195 contulisse
763 4140 1055 4196 existimat.
1107 4141 1223 4197 Meo
1256 4150 1433 4197 tamen
1460 4142 1661 4212 judicio
1692 4142 1823 4195 utri-

246 4245 420 4299 usque
469 4229 747 4286 divisionis
790 4232 1078 4287 aestimatio
1121 4242 1215 4287 aut
1266 4233 1452 4288 insano
1501 4241 1595 4287 aut
1637 4232 1821 4288 illitte-

245 4330 369 4377 rato
398 4321 640 4377 débetur.
676 4322 933 4392 Sequitur
957 4324 1129 4389 hanc,
1171 4339 1331 4393 quam
1366 4324 1596 4392 praamisi
1619 4365 1633 4391 ,
1668 4340 1824 4395 agre-

245 4411 348 4466 stis
384 4410 585 4465 femina
628 4412 763 4466 adeo
815 4413 1066 4467 mascula:
1093 4422 1149 4468 et
1181 4414 1527 4484 infatigabilis
1576 4416 1819 4480 virtutis,

1922 1872 2057 1926 tanti
2086 1873 2357 1928 acuminis
2401 1871 2619 1937 femina,
2676 1880 2735 1927 ut
2764 1887 3039 1942 nunquam
3088 1870 3503 1940 interpolatione

1918 1963 2091 2018 noctis
2129 1963 2389 2029 fuscetur,
2441 1980 2715 2034 nunquam
2765 1964 3050 2033 caliginem
3086 1962 3304 2028 sentiat,
3362 1977 3502 2015 nun-

1918 2071 2077 2124 quam
2102 2055 2324 2111 nubium
2348 2068 2625 2112 contractu
2660 2058 2964 2121 furvescat;
2997 2070 3117 2125 quae
3137 2070 3257 2110 cum
3284 2062 3501 2109 sanctas

1919 2147 2128 2201 animas
2157 2147 2222 2200 ad
2247 2147 2443 2202 cadum
2477 2148 2659 2202 evehit
2699 2147 3017 2218 corporibus
3061 2145 3287 2209 solutas,
3318 2154 3502 2199 monet

1919 2236 1995 2289 uti
2038 2236 2337 2305 despiciant
2362 2251 2523 2305 quam
2554 2237 2736 2295 densis
2777 2235 3018 2295 tenebris
3044 2244 3371 2306 tegerentur,
3404 2233 3501 2287 do-

1919 2340 2019 2380 nec
2066 2325 2386 2396 corporibus
2412 2327 2759 2387 inhaeserant.
2787 2326 2917 2385 Ειίεθ
2952 2341 3058 2381 non
3089 2324 3359 2379 immerito
3381 2321 3502 2391 quis

1918 2415 2356 2479 contubernalem
2390 2416 2608 2482 dixerit,
2642 2418 2727 2472 cui
2752 2433 2971 2471 currum
3013 2432 3080 2472 ex
3122 2416 3353 2470 innocuo
3382 2429 3504 2483 per-

1919 2506 2211 2577 spicueque
2238 2508 2455 2562 aetheris
2502 2508 2770 2564 elemento
2816 2507 3044 2578 paravit.
3077 2506 3291 2577 Ligneo
3328 2504 3499 2573 siqui.

1920 2598 2043 2653 dem
2073 2614 2235 2653 curru
2262 2599 2509 2659 sublatus
2538 2599 2766 2664 dicitur;
2794 2615 2954 2669 porro
2977 2606 3062 2653 est
3085 2597 3222 2668 ignis
3248 2609 3499 2659 exurens,

1919 2696 2001 2745 est
2031 2689 2367 2745 solummodo
2393 2690 2703 2760 splendens.
2740 2690 2863 2746 llaec
2891 2697 3095 2759 quanto
3118 2687 3312 2741 elatior
3343 2685 3501 2739 terris

1921 2791 2024 2847 est,
2079 2790 2229 2836 tanto
2283 2782 2602 2839 mortalibus
2658 2782 2835 2835 minus
2863 2781 3101 2852 cognita,
3132 2793 3251 2849 qua:
3304 2778 3356 2832 in
3388 2776 3502 2829 solo

1922 2871 2254 2927 domicilium
2298 2872 2619 2941 possidens,
2671 2870 2930 2941 quasdam
2973 2870 3312 2940 planetarum
3361 2867 3505 2921 miro

1922 2970 2114 3017 coactu
2142 2961 2390 3031 impellit,
2426 2977 2568 3016 nunc
2616 2977 2709 3016 eas
2736 2976 2845 3030 prae
2882 2974 2942 3017 se
2980 2974 3165 3031 agens,
3218 2958 3379 3013 modo
3415 2972 3497 3010 τοι

1924 3053 2227 3122 trogradari
2268 3053 2631 3124 compellens.
2669 3053 2831 3108 modo
2882 3052 3100 3108 stationi
3151 3058 3478 3105 connectens

1849 3143 1894 3203 C
1926 3142 2208 3213 ipsumque
2240 3144 2495 3199 domicilii
2548 3144 2629 3199 sui
2676 3143 2935 3199 circulum
2974 3158 3005 3196 a
3049 3141 3173 3195 luna
3204 3141 3498 3195 secundum

1920 3233 2129 3297 Platoni
2164 3235 2351 3301 suasit,
2401 3236 2618 3289 tertium
2650 3234 2924 3301 Mercurii,
2955 3232 3180 3288 Veneris
3209 3238 3499 3300 quartum;

1921 3324 2169 3379 Ciceroni
2201 3339 2329 3379 vero
2353 3332 2407 3379 et
2435 3325 2554 3379 aliis
2578 3325 2735 3393 longe
2762 3324 2918 3378 aliter
2961 3322 3166 3378 ordinis
3188 3319 3499 3387 distantiam

1922 3414 2346 3483 persuadeudam
2372 3414 2603 3483 putavit,
2631 3424 2688 3467 ut
2717 3413 2984 3469 secundus
3019 3428 3049 3466 a
3072 3411 3198 3467 luna
3224 3409 3498 3471 Mercurii,

1925 3504 2117 3559 tertius
2143 3503 2385 3569 Veneris,
2415 3513 2639 3572 quartus
2662 3503 2823 3568 Solis,
2848 3503 3069 3572 quintus
3094 3501 3290 3564 Martii,
3317 3509 3503 3554 sextus

1919 3594 2088 3665 Jovis,
2111 3597 2366 3669 septimus
2388 3595 2606 3664 Saturni
2628 3597 2806 3650 circus
2828 3594 3135 3659 haberetur;
3154 3593 3281 3662 quid
3310 3590 3504 3661 igitur?

1922 3691 2388 3760 Reprehendimus
2416 3690 2738 3745 Platonem?
2763 3686 2999 3743 Minime.
3036 3684 3352 3740 Ciceronem
3372 3699 3502 3752 ergo

1923 3790 1978 3835 et
2001 3781 2169 3836 alios?
2193 3781 2368 3835 Absit.
2396 3779 2524 3835 Haec
2547 3790 2694 3834 tanta
2722 3779 3007 3849 rapiditate
3031 3773 3309 3833 coeiestem
3330 3772 3505 3842 sphae-

1924 3888 2040 3926 ram
2074 3880 2275 3937 movet,
2320 3886 2426 3943 quo
2457 3882 2511 3926 et
2552 3871 2887 3942 planetarum
2938 3883 3127 3925 cursus
3152 3882 3275 3922 cum
3321 3880 3384 3919 ea
3417 3880 3503 3917 ro-

1925 3972 2020 4027 tet,
2051 3972 2105 4018 et
2159 3962 2390 4017 mirabili
2436 3962 2668 4033 quadam
2719 3962 2930 4016 ratione
2959 3968 3165 4015 naturae
3189 3971 3379 4013 eorum
3407 3966 3501 4009 oc-

1924 4069 2118 4108 cursus
2169 4053 2503 4108 celeritatem
2552 4052 2669 4121 ejus
2714 4051 2968 4107 retardet.
3025 4050 3262 4105 Mensem
3292 4046 3502 4101 lunaris

1925 4143 2261 4198 accensionis
2312 4142 2469 4198 aliter
2505 4152 2774 4205 constare,
2808 4142 2960 4195 aliter
2986 4138 3381 4210 peragrationis
3406 4152 3503 4191 zo-

1925 4233 2063 4289 diaci
2092 4233 2312 4299 fatetur,
2341 4248 2406 4288 eo
2434 4234 2594 4288 modo
2614 4249 2721 4301 quo
2742 4248 2816 4287 xu
2846 4246 3058 4287 menses
3084 4229 3503 4284 lunarisaccen-

1924 4322 2092 4378 sionis
2147 4338 2243 4376 xm
2279 4323 2388 4377 sint
2438 4323 2731 4378 zodiacteae
2770 4322 3180 4393 peragrationis.
3212 4318 3315 4373 Per
3360 4318 3501 4375 hanc

1928 4413 2196 4468 invenitur
2221 4413 2489 4481 quomodo
2519 4427 2549 4466 a
2578 4412 2904 4482 Capricorno
2936 4413 2988 4466 in
3018 4412 3283 4466 Cancrum
3313 4422 3503 4463 ascen-

245 4510 307 4555 ut
361 4501 499 4557 caelo
541 4518 647 4557 non
698 4503 876 4573 ignota
926 4514 1174 4573 putetur,
1215 4520 1332 4574 qua:
1364 4506 1416 4558 in
1466 4507 1642 4561 medio
1670 4522 1823 4561 mun-
1853 4511 1902 4568 Ι)
1928 4503 2099 4557 dendo
2134 4502 2551 4571 paucioresdies
2570 4502 2803 4572 eitplicet
2853 4503 2934 4557 sol
2962 4517 3123 4572 quam
3149 4516 3181 4555 a
3209 4500 3420 4555 Cancro
3449 4500 3505 4552 in

247 4591 511 4645 danarum
552 4605 734 4646 rerum
781 4606 846 4647 eo
884 4593 1044 4648 modo
1090 4594 1190 4649 sibi
1236 4595 1426 4649 statuit
1466 4595 1819 4661 domicilium,

248 4691 309 4735 ut
334 4681 507 4736 media
544 4690 895 4752 extremaque
926 4684 1232 4753 possideat,
1264 4686 1351 4743 cui
1381 4686 1572 4743 merito
1601 4701 1819 4741 carnem

252 4769 383 4825 illud
414 4770 623 4844 Virgilii
652 4774 954 4829 conveniat.

311 4893 693 4958 Ingrediturun
713 4895 815 4946 solo
840 4903 893 4946 et
912 4906 1057 4960 caput
1081 4899 1208 4947 inter
1232 4899 1396 4948 nubila
1419 4900 1600 4952 condit.

324 5015 442 5083 Quo
470 5026 521 5073 te
547 5019 803 5073 metiatur
824 5019 996 5075 solum
1026 5029 1081 5076 et
1109 5023 1273 5079 certis
1293 5023 1449 5078 lineis
1476 5024 1827 5094 dispertiatur

250 5105 454 5174 polum,
500 5123 619 5176 qua:
662 5108 776 5162 sine
811 5110 1141 5179 corpulentia
1192 5126 1385 5182 corpus
1421 5112 1523 5169 sibi
1579 5118 1826 5183 assumit,

249 5194 639 5264 longitudinem
670 5197 786 5250 sine
818 5195 1095 5256 latitudine
1127 5200 1226 5254 sibi
1258 5200 1431 5259 inesse
1460 5202 1639 5267 struit,
1679 5210 1821 5273 quod

1927 4589 2311 4658 Capricornum
2354 4589 2744 4647 descendendo.
2796 4589 2985 4649 Oritur
3035 4602 3248 4659 quoque
3307 4602 3504 4657 magna

1928 4678 2067 4732 inter
2093 4676 2437 4749 philosophos
2467 4679 2532 4733 de
2568 4680 2877 4736 coelestibus
2902 4678 3217 4749 corporibus
3255 4678 3504 4748 quaestio,

1932 4775 2105 4821 utrum
2138 4768 2373 4823 animata
2404 4768 2513 4822 sint
2541 4785 2607 4823 an
2661 4769 2984 4835 inanimato;
3027 4774 3081 4823 et
3108 4766 3263 4823 Plato
3290 4768 3509 4838 quidem

1929 4874 2034 4914 non
2064 4859 2235 4914 solum
2263 4862 2529 4926 animata,
2558 4864 2654 4915 scd
2686 4869 2739 4915 et
2778 4859 3119 4916 rationabilia
3144 4868 3199 4912 et
3223 4861 3512 4916 immorta-

1927 4951 1997 5009 lia
2024 4960 2196 5022 putal.
2243 4952 2562 5006 Aristotcles
2614 4951 2909 5009 inanimata
2954 4962 3008 5008 et
3039 4951 3396 5011 immortalia.
3442 4951 3522 5005 Ex

1929 5060 2036 5116 quo
2073 5045 2368 5100 secundum
2398 5043 2710 5112 Opinionem
2738 5042 2977 5101 Platonis
2996 5041 3349 5102 contrarium
3372 5042 3528 5113 quid-

1933 5136 2056 5191 dam
2087 5134 2371 5190 conficitur
2396 5132 2700 5187 dilIinitioni
2726 5131 3037 5208 Porphyrii,
3066 5130 3155 5198 qui
3187 5130 3542 5193 differentias

1927 5225 2308 5283 substantiales
2333 5235 2388 5278 et
2413 5223 2672 5276 divisivas
2717 5224 2954 5282 atiirmat
2979 5236 3283 5292 generum,
3330 5235 3384 5285 et
3412 5236 3542 5278 con—
