3982 5292
257 199 387 256 1501

1056 196 1461 255 RICHARDUS
1501 195 1727 254 ABBAS
1766 195 2082 253 FLORIAC.
2124 227 2195 240 —
2235 198 2511 258 NOTITIA
2555 200 2732 256 lllST.

3378 201 3520 260 1502

254 319 352 375 sed
390 317 516 372 dum
543 315 758 387 sapiens
780 313 948 370 videri
985 312 1173 374 voluit,
1205 312 1428 369 stultum
1478 328 1537 369 se
1565 321 1834 368 monstra-
1871 318 1912 374 Λ
1941 323 2271 385 quapropter
2304 316 2486 385 putavi
2519 316 2786 386 epilogum
2827 313 2985 385 hujus
3016 313 3256 385 epistolae
3277 316 3532 385 precibus

256 415 350 479 vit,
379 412 533 480 juxta
568 411 697 465 illud
727 409 934 464 lloratii
971 427 981 462 :

317 503 444 552 Dum
473 502 622 552 vitant
645 499 780 550 stulti
803 500 938 561 vitia,
955 500 1003 548 in
1023 499 1264 548 contraria
1285 503 1509 561 currunt,

256 583 351 639 Est
379 581 611 637 fortasse
645 582 692 636 is
715 581 781 636 de
811 595 918 651 quo
948 580 1143 649 loquor
1180 587 1386 633 tantum
1430 579 1835 650 grammaticus,

253 675 348 729 sed
378 682 566 729 notum
613 682 698 727 est
735 687 842 727 non
886 687 1044 742 posse
1076 670 1373 741 quemlibet
1408 671 1567 726 unius
1598 669 1840 725 liberalis

253 769 388 824 artis
417 767 699 824 scientiam
729 766 937 837 integre
972 764 1272 834 percipere,
1303 764 1406 820 nisi
1437 762 1703 818 studuerit
1723 779 1837 817 om-

254 860 414 915 nibus
463 859 700 929 aliquam
755 855 986 927 opellam
1015 857 1166 911 dare.
1217 855 1444 926 Cyclicae
1483 870 1716 927 namque
1761 855 1834 910 di-

253 960 476 1017 cuntur,
510 958 674 1021 atque
720 949 795 1004 ita
849 949 900 1003 in
935 964 992 1004 se
1024 956 1337 1013 recurrunt,
1392 957 1451 1001 ut
1489 949 1649 1003 modo
1679 948 1837 1001 trium

253 1058 510 1100 sonorum
541 1056 801 1097 connexa:
833 1039 1203 1110 reperiantur;
1239 1055 1348 1094 non
1375 1039 1518 1094 enim
1544 1039 1726 1093 Achar
1754 1039 1839 1092 ille

253 1136 355 1191 sub
384 1135 504 1203 lege
531 1135 766 1204 positus,
790 1133 943 1202 cujus
983 1132 1164 1187 anima
1202 1132 1499 1187 secundum
1530 1130 1704 1186 Ovidii
1740 1130 1838 1184 doc

251 1244 375 1301 gina
412 1229 590 1284 Achar
619 1229 724 1284 iste
751 1227 1077 1291 \‘iviﬁcatur,
1102 1226 1167 1280 ad
1186 1224 1644 1295 radicem.montis
1670 1224 1838 1287 stetit,

253 1329 350 1375 aut
393 1334 580 1391 vocem
608 1319 882 1385 loquentis
931 1317 1140 1371 Domini
1185 1314 1430 1379 audivit;
1465 1315 1516 1369 in
1539 1329 1724 1370 eremo
1749 1329 1842 1368 na,

253 1420 338 1464 tus
367 1409 465 1464 sub
486 1425 762 1464 murmure
785 1409 979 1472 crevit,
1008 1395 1297 1476 servatque
1320 1407 1494 1462 adhuc
1524 1406 1701 1460 anima
1729 1404 1843 1473 cjns

254 1504 487 1558 ferinum
514 1520 738 1567 morem,
765 1518 873 1573 quo
903 1503 955 1557 in
988 1517 1171 1557 eremo
1201 1500 1287 1555 ille
1330 1517 1360 1554 a
1392 1499 1576 1570 Moyse
1621 1498 1837 1559 decidit,

252 1605 307 1650 et
339 1595 502 1651 Josue
535 1610 641 1652 non
675 1595 809 1650 bene
837 1593 1080 1648 cohmsit.
1110 1591 1202 1647 Ille
1245 1590 1297 1646 in
1329 1591 1502 1646 activa
1535 1589 1640 1644 vita
1670 1589 1845 1658 persi-

1949 407 2246 462 terminari.

1946 499 2207 555 Conditor
2234 501 2575 569 omnipotens
2617 516 2817 565 rerum,
2849 501 2939 569 qui
2972 511 3164 556 cuncta
3196 501 3494 570 gubernas,

1946 593 2156 664 Quique
2184 593 2356 650 soluta
2388 593 2543 663 ligas,
2576 602 2630 649 et
2655 609 2840 662 sparsa
2869 592 3080 648 reducis
3108 592 3160 646 in
3191 608 3425 662 mquam.

1947 684 2055 740 Nec
2077 685 2205 740 sinis
2239 685 2291 740 in
2322 685 2497 741 solido
2526 685 2758 755 positum
2789 683 3074 738 dissolvier
3101 698 3358 753 unquam.

1946 777 2042 832 Cui
2086 777 2218 832 nihil
2258 777 2404 847 quod
2444 786 2668 847 pereat,
2717 775 2849 830 nihil
2878 782 2961 829 est
2985 775 3128 844 quod
3166 773 3272 828 line
3300 771 3514 826 fatiscat

1946 871 2150 923 Cuncta
2182 868 2276 924 tibi
2305 869 2514 933 vivunt,
2545 866 2791 922 famulari
2823 875 3014 920 cuncta
3048 864 3314 918 laborant.

1949 960 2028 1014 Nil
2061 961 2161 1014 sub
2191 970 2240 1014 te
2272 960 2519 1024 moritur,
2554 958 2677 1013 vitae
2705 973 2827 1012 cum
2855 957 3039 1010 limina
3067 969 3272 1010 servas.

1947 1051 2220 1120 Quidquid
2256 1053 2446 1107 adesse
2485 1053 2669 1116 decet,
2717 1048 2850 1104 nihil
2891 1056 2972 1104 est
3009 1047 3152 1118 quod
3193 1053 3404 1100 constat
3445 1044 3541 1097 ab-

3293 1137 3311 1210 [
3327 1151 3465 1192 esse.

1952 1240 2062 1304 Da,
2116 1238 2279 1294 Pater
2323 1238 2703 1310 omnipotens,
2756 1236 3002 1304 veniam,
3056 1235 3155 1302 da,
3202 1247 3399 1305 posco,
3457 1244 3540 1285 re-

3164 1330 3183 1402 [
3200 1341 3466 1400 gressum.

1949 1426 2050 1495 Qui
2079 1428 2330 1483 cecidere
2359 1444 2456 1483 suo
2485 1426 2718 1483 demersi
2753 1425 3004 1489 crimine,
3035 1423 3168 1478 cede

1948 1521 2292 1589 Consurgant
2321 1528 2504 1573 tenero
2531 1518 2633 1573 sub
2664 1516 2882 1573 nomine
2917 1514 3065 1569 fonte
3095 1512 3293 1570 renati.

1951 1608 2064 1663 Non
2098 1609 2218 1663 illos
2253 1617 2496 1662 extrema
2528 1607 2646 1662 dies
2678 1604 3010 1659 transmittat
3040 1618 3262 1658 averno.

253 1696 400 1757 stere
422 1687 610 1751 noluit,
641 1697 697 1742 et
729 1687 794 1740 ad
823 1683 1304 1753 contemplativam
1350 1695 1691 1751 nequaquam
1718 1693 1842 1749 per—

1950 1700 2187 1755 Portitor
2216 1700 2302 1753 ille
2333 1699 2548 1753 Charon
2580 1698 2770 1752 limosa
2802 1695 2945 1750 haud
2977 1694 3170 1748 evehat
3197 1692 3358 1746 unda.

252 1780 432 1845 venit;
467 1779 519 1832 in
562 1779 756 1834 itinere
795 1793 926 1847 ergo
977 1776 1174 1831 defecit
1224 1790 1289 1829 ac
1338 1774 1550 1843 tepidus
1579 1773 1840 1828 substitit.

249 1868 372 1924 Jam
405 1868 554 1924 illum
583 1869 813 1924 fortasse
838 1868 1058 1930 humani
1099 1867 1314 1938 generis
1344 1866 1570 1921 aemulus
1592 1881 1690 1920 suo
1717 1880 1846 1919 eau-

253 1962 396 2017 terio
421 1961 640 2016 inussit.
678 1961 897 2017 Utinam
922 1968 1015 2015 aut
1053 1960 1265 2016 calidus
1291 1967 1386 2016 aut
1424 1957 1654 2028 frigidus
1681 1965 1844 2019 esset,

254 2067 380 2105 nam
408 2050 603 2106 melius
651 2051 832 2106 fuerat
855 2049 1258 2116 ei,seeundum
1307 2047 1644 2118 Apostolum,
1703 2047 1844 2100 viam

253 2139 506 2196 veritatis
533 2155 642 2196 non
681 2154 1001 2209 agnoscere,
1035 2154 1198 2208 quam
1226 2147 1350 2207 post
1377 2136 1709 2206 agnitionem
1763 2151 1846 2190 re-

258 2239 494 2284 trorsum
521 2230 795 2285 converti!
825 2227 1088 2284 Hortarer
1116 2242 1211 2283 vos
1235 2227 1302 2282 ad
1330 2226 1692 2282 exhibendam
1722 2225 1846 2280 huic

253 2335 413 2392 onem
462 2322 766 2388 medicinze,
810 2322 906 2377 sed
964 2335 1158 2376 vereor
1205 2321 1541 2377 inveteratus
1585 2321 1656 2376 sit
1705 2336 1848 2397 mor-

253 2422 354 2476 bus
383 2441 394 2474 :

317 2513 602 2584 Elleborum
623 2515 802 2584 frustra
826 2518 1049 2584 cum‘jam
1075 2517 1201 2567 cutis
1217 2528 1347 2578 egra
1367 2517 1596 2584 tumebit,

318 2577 590 2657 [joséeutes
613 2578 800 2640 videas,
829 2581 1052 2630 venienti
1076 2591 1343 2689 ommrgre
1369 2579 1556 2629 morbo.

1267 2652 1446 2690 ιιιιειυε.

258 2719 386 2775 llzec
413 2722 566 2776 vobis
593 2722 1047 2780 communicanda
1077 2724 1297 2792 putavi,
1328 2723 1525 2794 quibus
1553 2731 1608 2778 et
1634 2723 1841 2780 vanita-

256 2823 366 2869 tem
399 2813 567 2894 stulti:
597 2816 881 2883 monachi,
921 2823 976 2871 et
1014 2831 1102 2871 me
1131 2831 1238 2871 non
1268 2832 1367 2888 per
1407 2815 1590 2872 omnia
1634 2815 1848 2886 qualem

253 2905 466 2976 putavit
499 2907 856 2976 cognoscatis.
897 2907 1032 2961 Nam
1069 2915 1193 2962 sunt
1228 2909 1448 2978 quidam
1479 2909 1628 2964 stulti
1659 2909 1749 2980 qui
1780 2908 1847 2963 ad

1951 1791 2082 1844 Sors
2111 1789 2297 1860 procul
2323 1789 2602 1852 abscedat,
2637 1786 2829 1841 Minois
2856 1793 3031 1841 cesset
3060 1792 3115 1839 et
3141 1798 3277 1837 urna

1950 1882 2096 1948 Quos
2125 1880 2313 1934 tribuit
2340 1879 2591 1934 Christus
2621 1876 2945 1932 medicabile
2978 1877 3171 1946 pignus
3205 1871 3450 1940 inunda.

1953 1975 2164 2030 Sentiat
2187 1973 2338 2028 Ixion
2366 1972 2538 2026 solita:
2564 1970 2844 2041 vertiginis
2871 1970 3058 2023 ictum.

1952 2070 2092 2125 Saxa
2127 2077 2303 2122 rotent
2333 2067 2445 2131 alii,
2467 2067 2624 2136 jecur
2650 2065 2739 2118 hic
2770 2065 3036 2118 increscat
3065 2061 3302 2131 opimum

1957 2160 2192 2215 Vulturis
2218 2159 2270 2213 in
2301 2158 2528 2222 rabiem,
2561 2155 2840 2211 solvantur
2864 2155 3074 2208 viscera
3104 2152 3194 2206 siti

1955 2255 2141 2310 Vicina
2168 2252 2412 2318 Eridani,
2445 2250 2531 2306 cui
2563 2265 2669 2304 non
2695 2247 3012 2304 conceditur
3041 2245 3204 2300 unda.

1951 2346 2044 2402 llle
2069 2344 2218 2400 cibos
2246 2343 2434 2398 vacuis
2459 2348 2736 2411 exspectet
2762 2337 2998 2394 hiatibus
3027 2334 3236 2406 amplos

1951 2436 2123 2508 Quem
2152 2433 2348 2490 furtale
2377 2433 2576 2502 malum
2604 2430 2856 2502 prohibet
2889 2427 3206 2498 contingere
3236 2437 3467 2508 mensas.
3491 2490 3494 2493 _

1951 2529 2162 2584 Cretera
2189 2542 2476 2600 poenarum
2509 2525 2702 2597 vulgus
2727 2523 2928 2596 gentile
2957 2507 3260 2583 coarctent,

1953 2622 2102 2678 More
2131 2623 2274 2693 rapit
2305 2620 2572 2693 pecudum
2598 2621 2743 2690 quod
2771 2633 2870 2689 per
2893 2616 3108 2675 diversa
3139 2613 3304 2669 libido
3323 2653 3338 2677 ,

1954 2715 2258 2769 Dummodo
2283 2713 2373 2783 qui
2407 2727 2524 2766 sese
2554 2709 2754 2766 Christi
2780 2709 2880 2764 sub
2901 2708 3026 2779 jure
3057 2705 3294 2763 fatentur
3313 2743 3356 2778 ,_

1953 2791 2222 2876 Effugient
2253 2805 2476 2874 laqueos
2507 2802 2836 2872 inimicaque
2867 2799 2971 2854 tela
2999 2797 3274 2861 draconis,

1952 2898 2190 2953 Protecti
2221 2897 2408 2970 clypeo
2437 2904 2493 2952 et
2523 2910 2630 2952 non
2660 2894 2945 2951 deﬁciente
2980 2891 3169 2947 lorica.

255 3011 568 3051 mensuram
599 2998 678 3053 sui
706 2997 839 3053 alios
868 2999 1048 3054 metiri
1078 2999 1287 3061 volunt,
1319 2999 1484 3054 veluti
1512 3001 1849 3055 miserrimus
1881 3047 1920 3064 η
1955 2992 2100 3046 [Mer
2125 3006 2264 3062 quos
2286 2991 2330 3046 Si
2363 2990 2503 3046 Γοηθ
2531 3005 2708 3045 mea!“
2742 2988 2866 3059 (Ιιιῖε
2894 2986 3088 3042 τοάεῐθ
3113 2985 3306 3050 Vitam.

257 3085 359 3140 iste
385 3086 476 3158 qui
506 3089 910 3158 comparatione
941 3089 1021 3144 sui
1050 3105 1172 3145 cum
1199 3105 1228 3143 a
1257 3090 1572 3158 pusionibus
1603 3091 1848 3146 laudare-
1879 3053 1920 3104 (³
1955 3081 2192 3152 Expetit,
2225 3081 2439 3136 invidize
2467 3080 2695 3135 maculis
2724 3093 2972 3148 noxaque
2998 3087 3202 3132 remota
3223 3118 3238 3141 ,

255 3185 374 3242 tur,
421 3179 553 3232 nihil
592 3180 728 3235 alios
768 3182 1075 3236 mstimavit.
1109 3183 1252 3254 Ergo
1279 3183 1332 3237 in
1363 3184 1476 3253 ipsa
1508 3186 1588 3240 sui
1616 3186 1848 3240 aestima-

254 3267 400 3323 tione
438 3270 678 3334 deficiat,
726 3282 888 3342 atque
930 3274 1276 3344 prudentium
1317 3275 1524 3342 judicio
1572 3277 1847 3344 tabescat,

253 3358 358 3414 nisi
387 3360 564 3429 palam
595 3366 982 3418 monstraverit
1010 3365 1225 3434 qualem
1262 3381 1320 3421 se
1353 3366 1406 3422 in
1445 3369 1688 3423 conclavi
1734 3385 1849 3426 mo-

253 3451 477 3506 nasterii
509 3462 815 3509 monstrare
841 3455 1030 3510 voluit.
1057 3455 1222 3511 Nobis
1252 3465 1458 3525 tamen,
1486 3460 1681 3530 quibus
1701 3476 1846 3532 prae-

253 3544 455 3615 cipitur
498 3554 558 3600 ut
598 3561 694 3617 pro
734 3547 966 3602 inimicis
1013 3563 1264 3615 oremus,
1315 3554 1715 3621 procurandum
1763 3563 1846 3610 est

253 3642 525 3703 quatenus
580 3636 777 3692 divinis
835 3638 1103 3694 mandatis
1164 3641 1548 3710 obsequamur.
1611 3644 1840 3716 Dignum

1955 3171 2145 3225 Evolet
2175 3171 2281 3225 alta
2312 3179 2505 3240 petens
2539 3169 2696 3234 liber,
2730 3169 3003 3238 tricasque
3037 3167 3252 3230 refutet,

1956 3261 2137 3331 Seque
2168 3261 2281 3322 Deo
2307 3270 2555 3316 extremo
2581 3260 2794 3316 socians
2815 3259 3066 3314 examine
3097 3257 3248 3311 laetus

1953 3350 2156 3404 Dextra
2181 3359 2350 3420 petat,
2380 3365 2486 3420 quo
2515 3349 2778 3419 pratclara
2800 3347 2912 3418 jam
2935 3347 3093 3402 laude
3120 3345 3342 3408 beatus,

1955 3439 2164 3496 Gaudia
2189 3440 2456 3518 percipiat
2485 3439 2676 3496 lucrati
2707 3439 2932 3510 pecunia
2960 3436 3186 3492 nummi.

1952 3531 2101 3603 Euge
2128 3532 2371 3603 feratque
2399 3531 2560 3587 simul
2591 3531 2805 3587 Domini
2837 3531 2956 3588 sine
2986 3530 3091 3586 fine
3115 3528 3354 3584 beatum.

248 3780 3541 3818 Μ

1427 3955 1596 3997 ANNO
1629 3954 1862 3999 DOMINI
1897 3958 2325 4002 DCCCCLXXIX-

1184 4116 2605 4288 RICHARDUS

1486 4394 1707 4450 ABBAS
1743 4395 2265 4452 FLORIACENSIS.

761 4696 1268 4790 NOTITIA
1339 4698 1988 4794 HISTORICA
2065 4704 2189 4794 ΙΝ
2269 4704 3020 4798 RICHARDUM.

1344 4892 1509 4963 (Gau.
1533 4893 1728 4948 Christ.
1766 4904 1894 4950 ιοηι.
1935 4896 2042 4965 vn,
2064 4911 2188 4970 pag.
2222 4897 2407 4971 1546-)

1712 5059 1949 5072 *ἡ*

317 5218 634 5292 Richardus,
669 5222 805 5292 prius
831 5223 1270 5290 Patriciaeensis
1309 5226 1457 5284 cellae
1494 5229 1834 5292 praepositus,
1871 5213 1921 5272 D
1947 5233 2201 5292 cendium
2227 5249 2240 5287 :
2273 5254 2291 5288 ‹
2321 5236 2412 5292 Bis
2441 5231 2588 5289 enim
2616 5227 2910 5292 voracibus
2935 5227 3209 5292 flammis,

3319 5228 3488 5292 inquit
3516 5219 3616 5292 Ait
