3982 5292
523 223 658 282 1505
1522 228 1851 286 BlCllARDI
1886 228 2094 285 ABBA'I

2213 231 2711 291 FLORIACENSIS
3670 236 3799 295 1⁸5οι

517 340 814 414 Benedicto
838 339 991 414 dedit
1030 339 1292 414 insignem
1342 300 1557 398 crucem
1589 355 1919 414 argenteam,
1949 342 2095 414 velut
2125 350 2167 405 Λ
2200 343 2372 400 lumm
2438 348 2650 401 abbatis
2696 334 3031 404 Micioecusis
3080 346 3325 405 Annouis
3381 363 3546 404 anno
3593 348 3708 403 972
3742 365 3801 406 ex

520 413 691 489 nostri
727 411 1025 489 Salvatoris
1051 411 1283 480 qualiter
1313 427 1410 481 pro
1437 411 1918 489 nostrjs_'reatibus
1952 413 2092 467 inea
2196 413 2447 489 Letaldo.
2498 414 2801 489 Willelmus
2845 416 3161 489 §anctionis
3202 419 3372 487 ﬁlius,
3418 420 3797 489 Burdigalen-

520 481 799 552 impietate
871 479 1187 552 Judzeor’um,
1248 479 1515 552 appensus
1577 482 1678 538 fuit
1745 482 2093 551 insculptam.
2197 486 2335 540 sium
2361 480 2543 540 comes
2568 500 2631 540 ac
2658 486 2820 540 totius
2845 484 3150 544 Vasconica:
3176 481 3283 544 dux
3315 479 3437 545 cum
3488 479 3687 543 fratre
3712 504 3800 546 suc

521 496 593 536 Im
637 496 799 536 letale
871 496 1175 536 Juuaeorum
1248 496 1515 552 appensus
1577 496 1678 538 [ult
1745 496 2093 551 Insculptam.
2197 496 2335 540 stum
2361 500 2543 540 comes
2568 500 2631 540 ac
2658 496 2820 540 totius
2848 496 3150 544 Vasconica:
3176 496 3283 544 dux
3315 506 3437 545 cum
3488 496 3687 543 fratre
3712 504 3798 546 sua

521 569 542 604 ι
575 496 713 618 (gain
736 551 901 625 etiam
928 552 994 605 ad
1025 551 1469 625 illuminatiouem
1498 552 1845 625 ejusdemque
1868 552 2095 625 vivificaf.
2197 556 2496 610 Gumbaldo
2518 556 2768 624 episcopo
2799 555 3076 613 Vasatensi
3108 575 3247 613 anno
3269 560 3397 625 978,
3427 560 3642 613 audita
3669 558 3798 615 fami

518 621 945 699 venerandazmte
971 624 1151 699 crucis
1178 622 1270 699 do_,
1302 622 1496 699 inquit,
1523 621 2092 699 quoddam_jtt_r_i_s__mei
2197 625 2462 699 religiosa;
2497 621 2619 699 vitae
2663 621 3114 699 Floriacensium,
3165 621 3583 685 monasterium
3620 629 3803 699 Squit!

515 691 775 770 “radium
812 691 863 745 in
893 707 1029 770 pago
1056 691 1337 770 Senonico.
1355 691 1565 770 situm.’_
1576 691 1846 770 vocabulo
1878 691 2094 748 Villaris
2198 691 2325 770 seu:
2341 697 2407 770 de
2432 696 2636 770 Regula
2664 697 2826 751 situm
2875 697 2955 770 ad,
2968 697 3298 770 Garumnam
3349 701 3432 755 eis
3491 691 3809 770 regendum

516 762 876 840 dictum,curn
899 761 1128 840 ecclesia
1150 763 1337 817 honori
1355 763 1524 818 beatae
1545 762 1726 840 alariae
1745 763 1943 840 dicata,
1961 771 2092 840 etc.,
2196 766 2450 820 restituit.
2479 761 2819 840 ﬂerhertum
2869 767 3232 825 Soliacensem
3282 761 3632 840 toparcha't'u
3655 810 3673 833 ,
3723 772 3808 838 qui

516 846 615 954 pro
662 830 900 886 remedio
945 833 1138 887 anima:
1183 848 1318 887 meat
1364 841 1420 887 et
1474 833 1706 888 senioris
1746 832 1850 886 mei
1908 833 2093 903 inclyti
2195 836 2512 891 monasterii
2540 837 2735 905 pragdia
2756 838 3040 903 invaserat,
3060 840 3253 894 divinae
3274 830 3551 895 vindictae
3584 830 3812 907 nequic-

567 915 849 954 raucorum
884 901 1039 954 ducis
1068 902 1327 954 Huaouis.
1359 902 1488 954 quin
1517 913 1571 954 et
1603 902 1942 954 urouenitore
1973 918 2094 954 meo
2194 920 2356 954 uuam
2385 907 2664 954 admonuit
2694 907 3014 954 “icitur-ilus-
3051 909 3197 954 Hann
3225 911 3313 954 illo.
3344 926 3473 954 nm:
3516 919 3807 954 eumn-me

567 915 849 980 raucorum
884 901 1039 980 ducis
1068 902 1327 980 llugouis,
1359 902 1488 971 quin
1517 913 1571 980 et
1602 902 1942 980 progenitore
1973 901 2094 959 uico
2193 920 2356 980 quam
2385 901 2664 980 admonuit
2694 901 3197 980 Richardus.’llanc
3225 911 3313 965 ille
3344 926 3475 964 mox
3516 901 3809 980 expertus,

515 968 756 1050 [leberto
781 980 854 1050 _et
903 968 1339 1050 genitricenmea
1376 968 1617 1050 nomine
1655 968 1831 1050 Berta,
1888 982 1942 1050 et
1997 987 2093 1042 pro
2193 968 2425 1050 Floriaci
2459 978 2733 1050 sepelitur.
2783 977 2906 1050 Haec
2933 980 3142 1050 aliaque
3166 981 3232 1033 de
3262 981 3563 1036 Richardo
3605 968 3815 1033 'scrihi't

2190 1046 2494 1111 Aimoinus,
2528 1048 2611 1101 cui
2645 1047 2924 1103 Tortarius
2947 1050 2996 1103 iu
3016 1046 3238 1105 historia
3263 1051 3673 1106 translationis
3700 1065 3817 1104 san-

2192 1117 2265 1171 cti
2298 1115 2467 1171 Mauri
2515 1119 2768 1188 martyris
2810 1118 3111 1173 Floriaeum
3160 1122 3415 1187 succinit,
3446 1120 3811 1174 [lic-bardum

2190 1201 2466 1261 magnum,
2519 1187 2681 1261 decus
2725 1187 2974 1261 abbatum
2994 1200 3058 1261 et
3082 1190 3374 1261 lampadem
3418 1191 3814 1261 clarissimam

2193 1256 2415 1312 Patrum
2445 1258 2740 1327 appellans.
2785 1259 3032 1315 Excessit
3078 1274 3109 1316 e
3135 1256 3246 1315 vita
3275 1277 3367 1317 an.
3390 1261 3538 1328 979,
3574 1276 3680 1314 xxv
3704 1259 3810 1314 lia-

2193 1326 2384 1382 lendas
2410 1326 2611 1382 Martii.

2215 1337 2384 1383 endas
2410 1337 2611 1384 Martii.

513 1039 830 1110 gurchardo
880 1039 971 1095 seu
1002 1052 1055 1096 et
1117 1040 1237 1096 aliis
1296 1043 1631 1110 parentibus
1670 1042 1826 1097 meis.
1894 1039 2087 1097 Actum

514 1108 736 1166 Parisiis
765 1111 815 1164 in
836 1111 1102 1181 nobilium
1131 1108 1391 1166 conventu
1422 1112 1651 1181 publico.
1681 1130 1701 1163 ι
1733 1111 2090 1168 Subscribunt

514 1196 643 1255 eum
664 1180 938 1255 Adelelmo
975 1181 1278 1255 Hugoﬂdux
1312 1180 1678 1255 Francorum,
1713 1181 1837 1255 ΔΟιιο
1882 1196 2090 1255 comes,

512 1249 680 1320 Adela
737 1249 1083 1316 comittissa,
1125 1250 1430 1306 Miloemues
1489 1252 1627 1306 lilius
1677 1252 1817 1320 ejus,
1875 1260 1931 1307 et
1975 1251 2087 1306 alii.

513 1318 628 1374 Non
652 1321 802 1390 parvi
846 1330 928 1376 est
976 1322 1232 1375 momenti
1272 1320 1386 1375 haec
1436 1321 1621 1375 charta
1663 1318 1729 1376 ad
1774 1322 2091 1390 dignosceu-

520 1391 618 1445 das
644 1391 916 1462 principes
944 1391 1060 1461 ejus
1087 1392 1185 1447 aevi
1226 1390 1477 1447 familias.
1514 1390 1763 1447 Interfuit
1790 1390 2092 1449 Richardus

513 1531 3755 1557 W

903 1689 1689 1790 CONSUETUDINES
1760 1692 1887 1791 ET
1942 1691 2197 1791 JURA
2253 1689 2751 1791 EGCLESIAE
2809 1689 2936 1790 DE
3009 1688 3401 1791 REGULA

1368 1976 1375 1983 _
1463 1853 1845 1958 AUCTOR};
1876 1893 2311 1957 RICIIARDO
2339 1895 2694 1956 ΑΒΒΑΤΕ.

1264 2060 1441 2133 (Apud
1476 2060 1642 2117 Lahb.
1678 2062 2004 2118 Bibliotheca
2036 2080 2168 2120 nova
2198 2080 2351 2131 mam,
2380 2076 2508 2122 tom.
2544 2063 2606 2132 ll,
2638 2079 2761 2136 pag.
2790 2064 2940 2136 7M.)

1900 2243 2301 2261 Μ

584 2389 858 2446 Statutum
884 2398 969 2447 est
1001 2389 1145 2461 quod
1187 2389 1365 2446 nullus
1390 2388 1804 2460 praepositorum
1830 2388 1915 2445 vel
1944 2390 2091 2461 prio-
2126 2388 2171 2446 Β
2197 2390 2288 2445 bet
2313 2388 2550 2444 bannum
2579 2387 2708 2444 salis
2737 2388 2847 2443 imo
2875 2400 3058 2443 mense
3100 2386 3155 2443 iu
3184 2385 3328 2451 villa,
3356 2395 3414 2441 et
3445 2386 3645 2442 nullus
3674 2387 3789 2444 bur-

513 2497 632 2535 rum
665 2481 801 2536 intra
831 2480 1014 2537 villam
1041 2481 1124 2537 vel
1152 2491 1306 2538 extra
1354 2482 1552 2538 audeat
1578 2482 1708 2538 dare
1731 2480 1944 2547 domos,
1988 2488 2097 2538 ter—

514 2588 625 2637 ras,
655 2573 840 2629 vineas
866 2571 949 2629 vel
984 2573 1356 2644 possessiones
1394 2573 1602 2643 aliquas
1646 2572 1764 2629 sine
1810 2586 1996 2629 censu.
2041 2570 2096 2642 Si

513 2678 646 2719 vero
674 2664 775 2720 hoc
803 2663 997 2734 aliquis
1021 2663 1198 2721 facere
1226 2665 1649 2736 praesumpserit,
1673 2680 1781 2721 non
1804 2672 1887 2721 est
1918 2674 2099 2719 tenen-

515 2755 640 2809 dum
658 2796 673 2820 ,
704 2756 831 2825 quia
864 2757 969 2813 hoc
995 2756 1095 2813 sub
1123 2757 1466 2814 anathemate
1492 2757 1671 2813 dantis
1700 2765 1757 2812 et
1781 2755 2097 2826 accipientis

520 2842 623 2899 fuit
653 2845 960 2901 inhibitum.

587 2934 865 2991 Statutum
912 2945 998 2992 est
1042 2937 1207 2993 etiam
1257 2940 1401 3008 quod
1445 2939 1489 2994 si
1547 2940 1668 3009 quis
1726 2937 2097 3009 possessiones

516 3042 652 3096 quas
690 3033 836 3082 tenet
874 3026 925 3081 in
956 3025 1120 3082 feudo
1169 3028 1235 3083 de
1285 3026 1543 3094 Ecclesia,
1592 3028 1827 3083 vendere
1870 3026 2097 3082 voluerit

515 3133 640 3173 cum
675 3132 898 3174 assensu
931 3118 1130 3189 prioris
1151 3120 1233 3176 vel
1264 3119 1560 3191 praepositi,
1611 3119 1779 3175 faciat
1810 3136 1823 3173 :
1849 3128 1903 3176 et
1948 3119 2098 3188 prior

514 3227 650 3282 ipse,
682 3214 726 3268 si
756 3214 990 3271 voluerit
1033 3225 1178 3270 emat
1207 3233 1220 3269 :
1245 3215 1484 3286 alioquin
1532 3216 1616 3272 cui
1667 3215 1938 3281 voluerit,
1965 3230 2096 3272 ven-

518 3307 630 3371 dat,
672 3304 819 3361 salvo
851 3306 973 3376 jure
1002 3305 1278 3374 Ecclesiae,
1315 3307 1526 3364 scilicet
1555 3307 1622 3363 de
1650 3320 1974 3377 unoquoque
2001 3321 2094 3387 so-

516 3394 625 3451 lido
652 3412 928 3451 nummum
958 3412 1145 3453 unum.

586 3482 857 3540 Statutum
903 3494 987 3542 est
1034 3486 1229 3542 iterum
1280 3487 1424 3556 quod
1475 3486 1542 3543 de
1578 3501 1903 3558 unaquaque
1931 3486 2094 3543 domo

517 3576 659 3630 intra
686 3576 863 3631 villam
890 3585 945 3633 et
971 3587 1125 3634 extra
1170 3579 1368 3635 habeat
1394 3578 1633 3635 Ecclesia
1664 3565 1816 3635 'duus
1844 3580 2095 3635 homines

512 3665 599 3721 vel
625 3664 851 3723 feminas
878 3683 1000 3722 cum
1028 3668 1260 3724 sarculis
1304 3683 1629 3739 unoquoque
1672 3683 1815 3724 anno
1844 3669 1912 3724 ad
1942 3683 2095 3738 sege-

2202 2482 2446 2552 gensium
2472 2482 2691 2537 audebit
2722 2480 2954 2536 vendere
2978 2487 3035 2534 et
3062 2493 3246 2534 emere
3274 2479 3383 2533 nisi
3411 2495 3550 2534 cum
3579 2496 3790 2534 assensu

2201 2575 2433 2645 prioris:
2459 2574 2551 2645 qui
2595 2589 2723 2630 vero
2761 2573 2875 2629 haec
2914 2571 3223 2644 infregerit,
3264 2586 3392 2628 cum
3426 2573 3645 2627 damno
3680 2589 3784 2628 Lm

2200 2663 2495 2718 solidorum
2524 2663 2855 2718 emendabit.
3178 2664 3189 2669 ”

2273 2753 2548 2810 Statutum
2612 2762 2699 2809 est
2758 2753 2901 2823 quod
2943 2766 3132 2809 omnes
3187 2760 3411 2809 sutores
3467 2766 3783 2823 unoquoque

2199 2860 2343 2901 anno
2370 2846 2423 2900 in
2452 2846 2591 2901 festo
2617 2843 2675 2900 S.
2700 2843 2912 2899 Martini
2958 2844 3187 2899 reddant
3214 2844 3462 2915 optimos
3506 2845 3781 2903 salutares.

2197 2937 2446 2994 similiter
2467 2952 2657 2993 omnes
2685 2936 2946 3008 pelliparii
2976 2935 3175 2991 debent
3202 2934 3376 3005 priori
3409 2936 3626 2990 bonam
3653 2934 3782 3004 pelli-

2197 3030 2336 3087 ciam
2362 3045 2687 3101 unoquoque
2725 3044 2867 3084 anno
2899 3028 2956 3082 in
2978 3028 3148 3083 ramis
3167 3026 3515 3092 Palmarum,
3547 3037 3610 3082 et
3641 3043 3690 3081 tu
3715 3024 3778 3079 fe-

2196 3121 2438 3178 stivitate
2481 3119 2849 3190 apostolorum
2893 3117 3039 3172 Petri
3069 3126 3123 3172 et
3142 3116 3334 3183 Pauli,
3387 3124 3448 3173 et
3500 3118 3560 3172 in
3588 3113 3770 3171 vincuh

2194 3212 2256 3268 Β.
2281 3212 2426 3268 Petri
2462 3228 2477 3265 :
2507 3226 2611 3267 nec
2640 3210 2794 3265 miles
2822 3224 2924 3264 nec
2955 3208 3246 3279 Burgensis
3275 3206 3359 3263 vel
3385 3207 3604 3278 aliquis
3625 3205 3756 3260 homi-

2195 3322 2325 3363 num
2360 3306 2465 3361 erit
2489 3304 2626 3360 liber
2657 3303 2710 3357 in
2747 3302 2833 3357 his
2865 3302 3039 3356 tribus
3085 3300 3275 3355 diebus
3304 3299 3439 3369 quin
3483 3298 3754 3369 persolvant

2195 3398 2261 3453 de
2288 3396 2374 3451 his
2400 3410 2520 3465 quae
2546 3391 2886 3450 vendiderint
2911 3390 2997 3445 vel
3024 3390 3256 3445 emerint
3303 3390 3523 3445 tributa
3553 3387 3767 3461 priorid.

2195 3486 2495 3542 monachis.

2265 3578 2423 3633 Omni
2442 3585 2681 3646 tempore
2703 3583 2965 3631 statutum
2986 3583 3070 3630 est
3093 3573 3269 3629 forum
3300 3572 3357 3626 in
3384 3571 3522 3627 villa
3548 3568 3778 3642 Regula.

2198 3668 2251 3723 in
2299 3669 2387 3724 die
2424 3669 2646 3725 Sabbati
2699 3668 2951 3725 dominus
2995 3669 3061 3724 de
3107 3667 3351 3723 Girunda
3400 3676 3563 3722 tenet
3600 3666 3658 3720 in
3694 3664 3780 3719 hoc

515 3766 598 3811 tes
625 3758 964 3826 purgandas:
1010 3767 1065 3813 et
1095 3759 1310 3814 dabitur
1358 3761 1647 3830 unicuique
1703 3760 1754 3815 in
1786 3760 2094 3832 Quadrage-
2123 3770 2167 3830 ο
2200 3759 2334 3824 foro,
2395 3760 2450 3815 in
2484 3760 2697 3816 feodum
2746 3760 2812 3815 de
2850 3758 3028 3830 priore
3064 3757 3328 3829 justitiam
3378 3756 3642 3811 mercati.
3690 3752 3783 3807 Nec

516 3846 653 3902 sima
684 3863 790 3902 una
820 3849 954 3905 libra
983 3849 1341 3917 servientalis,
1371 3859 1424 3906 et
1449 3851 1556 3905 alio
1586 3859 1828 3920 tempore
1859 3851 1913 3905 in
1938 3865 2097 3905 mane

514 3951 621 3992 una
654 3947 794 3995 torta
830 3941 896 3996 de
926 3940 1084 3997 furno
1112 3949 1167 3995 et
1192 3942 1397 4007 vinum,
1429 3942 1561 3997 etin
1587 3951 1747 3998 nocte
1774 3957 1880 3997 una
1924 3941 2093 3997 libra:

513 4038 568 4082 et
609 4030 663 4084 in
707 4029 1000 4086 festivitate
1042 4032 1410 4102 apostolorum
1459 4032 1607 4086 Petri
1645 4041 1701 4087 et
1726 4032 1879 4087 Pauli
1928 4046 2093 4086 unum

514 4118 824 4174 fasciculum
853 4122 1034 4177 herbae
1063 4122 1129 4178 de
1157 4137 1477 4191 unaquaque
1503 4122 1664 4177 domo
1688 4121 1855 4193 priori
1886 4121 2096 4177 deferre

521 4219 775 4266 tenentur
800 4220 856 4268 et
880 4213 947 4268 ad
987 4212 1199 4268 vincula
1245 4212 1302 4268 S.
1329 4212 1476 4268 Petri
1505 4229 1670 4268 unum
1706 4229 1901 4284 panem
1934 4214 2094 4269 talem

517 4301 609 4378 qui
657 4300 884 4357 suﬁiciat
928 4302 1136 4358 homini
1189 4303 1242 4357 in
1286 4317 1472 4358 mensa
1502 4317 1516 4356 :
1544 4310 1600 4358 et
1656 4303 1723 4357 de
1770 4316 2094 4374 unaquaque
2138 4350 2141 4351 γ

517 4392 677 4448 domo
705 4409 868 4448 unum
896 4394 1172 4450 hominem
1200 4394 1267 4449 ad
1293 4394 1596 4450 vindemias
1633 4393 1986 4465 colligendas.

585 4480 856 4537 Statutum
880 4491 964 4539 est
992 4483 1157 4538 etiam
1186 4484 1327 4561 quod
1366 4499 1556 4540 omnes
1581 4484 1831 4540 homines
1856 4483 1945 4554 qui
1973 4498 2092 4538 mo-

514 4581 704 4626 rantur
733 4573 783 4627 in
815 4574 938 4629 villa
965 4574 1046 4630 vel
1095 4575 1148 4629 in
1179 4575 1419 4631 dominio
1447 4576 1643 4646 prioris
1674 4576 1823 4633 intus
1864 4584 1919 4632 et
1961 4575 2093 4631 foris

509 4660 778 4731 justitiam
808 4663 1007 4718 debent
1030 4664 1199 4734 priori
1230 4672 1285 4718 et
1314 4664 1607 4735 elavigero.

588 4750 863 4807 Statutum
906 4755 1153 4823 estquod
1186 4756 1494 4826 quicunque
1537 4764 1745 4827 segetes
1789 4758 1856 4814 ad
1883 4757 2090 4814 molen-

517 4840 641 4897 dina
688 4842 999 4907 detulerint,
1028 4842 1116 4899 vel
1160 4845 1345 4900 vinum
1396 4846 1460 4901 ad
1505 4847 1839 4902 vendendum
1876 4847 1931 4902 in
1961 4861 2088 4902 con-

519 4929 677 4985 ductu
704 4931 902 5000 prioris
932 4932 1060 4996 siut,
1091 4941 1151 4987 ut
1179 4934 1357 4991 nullus
1398 4936 1751 5006 burgensium
1778 4936 1973 4991 audeat
1994 4950 2090 4991 eos

517 5019 843 5092 inquietare,
888 5038 955 5079 ex
981 5039 1086 5093 quo
1115 5024 1181 5081 do
1223 5027 1472 5084 domibus
1511 5029 1754 5085 exientes
1804 5043 1975 5099 usque
2021 5029 2089 5084 ad

2198 3852 2356 3907 debet
2403 3851 2508 3907 alia
2555 3851 2642 3907 die
2682 3850 2903 3906 Sabbati
2947 3850 3146 3920 aliquid
3195 3848 3338 3903 ultra
3387 3848 3543 3903 rivos
3591 3858 3779 3902 emere.

2196 3941 2349 4008 Quod
2400 3942 2444 3997 si
2481 3942 2688 3997 factum
2723 3941 2907 4009 fuerit,
2948 3942 3014 3995 ad
3054 3940 3330 3994 dominum
3374 3939 3648 3994 Girunda
3679 3950 3784 4006 per-

2199 4033 2331 4086 tinet
2369 4032 2614 4103 justitia;
2646 4040 2700 4088 et
2729 4032 2843 4102 ipse
2869 4032 2957 4086 die
2978 4030 3202 4086 Sabbati
3240 4044 3404 4084 manu
3441 4029 3659 4084 levabit
3706 4024 3780 4080 ille

2195 4123 2445 4179 dominus
2473 4122 2731 4179 Girunda:
2756 4138 2928 4193 usque
2958 4122 3025 4177 ad
3052 4131 3174 4178 octo
3205 4122 3341 4177 dies.
3393 4121 3555 4188 Quod
3585 4122 3635 4175 si
3670 4129 3783 4176 tunc

2195 4231 2305 4270 non
2335 4216 2580 4282 solverit,
2621 4215 2826 4284 iustitia
2856 4215 3093 4285 pertinet
3119 4213 3186 4268 ad
3230 4213 3471 4284 priorem
3501 4212 3596 4267 vel
3626 4212 3782 4269 clavi-

2195 4320 2404 4376 gerum.
2430 4305 2560 4360 Item
2592 4305 2739 4375 prior
2761 4305 2842 4360 vel
2869 4305 3106 4375 claviger
3126 4311 3380 4375 poterunt
3408 4302 3777 4359 manulevare.

2193 4391 2454 4447 Praefatus
2476 4406 2603 4447 vero
2628 4392 2878 4447 dominus
2896 4391 3151 4449 Girundaa
3178 4406 3427 4447 securum
3455 4392 3778 4446 conductum

2193 4485 2342 4540 dahit
2371 4484 2710 4541 venientibus
2734 4485 2804 4540 ad
2840 4483 3040 4549 forum,
3072 4483 3127 4537 in
3157 4483 3335 4539 eundo
3366 4481 3449 4537 vel
3480 4483 3776 4538 redeundo.

2193 4575 2489 4631 Carniﬁces
2516 4574 2677 4629 etiam
2705 4583 2833 4630 sunt
2857 4574 3033 4629 securi
3063 4572 3132 4627 ab
3154 4587 3217 4628 ea
3240 4573 3373 4629 hora
3396 4586 3503 4641 qua
3528 4586 3773 4642 porcum.

2192 4681 2447 4731 vaccam,
2497 4666 2580 4721 vel
2622 4673 2819 4721 caetera
2851 4666 2918 4720 ad
2968 4663 3200 4721 cilicium
3250 4679 3404 4719 suum
3449 4665 3775 4734 pertinentia

2192 4758 2526 4828 acceperint,
2557 4759 2629 4814 ita
2660 4759 2806 4830 quod
2837 4773 2948 4815 non
2977 4758 3352 4829 pignorentur,
3383 4756 3507 4812 sine
3547 4755 3773 4812 consilio

2191 4852 2390 4921 prioris
2419 4852 2503 4906 vel
2539 4851 2814 4922 clavigeri.

2261 4944 2516 5000 Eamdem
2562 4944 2906 5000 securitatem
2959 4943 3160 4999 habent
3204 4943 3256 4998 hi
3301 4943 3391 5013 qui
3445 4942 3675 4998 veniunt
3710 4941 3771 4996 ad

2193 5034 2494 5089 molendiua
2528 5053 2540 5087 :
2570 5035 2660 5106 qui
2702 5041 2877 5088 autem
2914 5035 3016 5089 hoc
3049 5034 3130 5088 vel
3168 5032 3295 5087 illud
3321 5032 3647 5102 iufregerint
3681 5046 3769 5086 sex

518 5113 736 5183 propria
764 5116 986 5169 redeant
1011 5129 1026 5167 :
1050 5116 1193 5186 quod
1224 5117 1268 5172 si
1309 5119 1412 5173 hoc
1452 5119 1631 5175 facere
1662 5117 2087 5189 praesumpserit,

2202 5125 2392 5181 solidos
2412 5125 2641 5203 solvent.
2688 5123 2883 5179 Noster
2928 5140 3055 5178 vero
3084 5120 3504 5179 molendinarius
3544 5123 3614 5176 de
3641 5137 3769 5175 uno-

520 5204 734 5272 gadium
765 5204 972 5260 solvent
1016 5224 1031 5259 :
1078 5207 1329 5263 similiter
1354 5219 1408 5266 et
1443 5211 1496 5267 iu
1536 5227 1699 5267 manu
1728 5211 1925 5282 prioris
1953 5211 2092 5266 sicut

2195 5230 2408 5287 quoque
2436 5215 2738 5270 molendino
2776 5229 2938 5268 uuam
2970 5228 3193 5269 coucam
3224 5227 3551 5281 unoquoque
3587 5211 3693 5273 die,
3726 5212 3769 5265 si
