3982 5292
166 122 300 177 13νί

1011 110 1594 177 (ΖΟΝΞΗΕΤΗΟΙΝΕΞ
1633 107 1991 187 EciiLiSSle
2028 115 2115 170 DE
2154 117 2455 177 REGULA.

3296 120 3439 175 1506

160 238 291 295 crati
340 235 537 293 fuerint
577 235 676 291 sub
721 244 1082 291 sacramento.
1138 235 1409 291 Statutum
1464 240 1549 288 est
1602 233 1744 304 quod
1775 236 1821 295 Α
1848 230 2127 286 Dominica
2159 231 2428 285 similiter.
2462 230 2528 283 Et
2554 236 2613 283 ut
2638 228 2877 283 breviter
2905 226 3223 283 concludam
3257 245 3269 281 :
3304 245 3438 299 quo-

158 332 390 402 claviger
414 330 647 399 accipiat
674 328 740 384 de
771 344 1098 399 unoquoque
1133 342 1299 399 porco
1334 326 1549 383 obolum
1579 334 1633 382 et
1676 327 1743 381 de

154 438 318 495 porco
347 422 485 477 ultra
531 422 601 475 2t)
653 422 775 477 den.
826 420 1037 475 lumbos
1068 419 1297 474 habebit
1339 418 1610 489 claviger;
1676 418 1743 474 de

154 529 315 568 vacca
370 511 589 566 habebit
633 512 765 565 duos
808 510 1095 566 denarios:
1160 510 1225 563 de
1258 508 1465 565 bacone
1503 516 1743 563 tantum-

155 607 318 668 dem;
373 611 428 657 et
454 618 557 656 non
595 602 721 655 alibi
779 601 1079 654 vendentur
1109 615 1301 654 carnes
1355 598 1461 652 nisi
1514 598 1568 651 in
1613 612 1744 652 con-

153 692 321 746 suetis
373 691 524 755 locis,
573 690 656 744 vel
705 690 904 760 pisces.
980 690 1175 743 Diebus
1219 689 1383 743 etiam
1442 687 1741 742 Dominicis

149 787 182 839 5
230 784 361 837 feria
406 791 459 837 et
497 782 529 837 5
572 798 732 836 manu
783 781 982 837 levabit
1023 797 1215 839 earnes
1264 782 1522 851 claviger,
1573 780 1740 834 tiliam

150 876 295 946 porci
329 874 408 929 vel
440 875 556 944 apri
587 890 684 945 pro
708 873 742 927 4
771 873 918 939 den.;
953 874 1189 928 fructum
1232 889 1412 928 vaccae
1444 889 1541 942 pro
1572 872 1742 926 tribus

148 966 418 1031 denariis;
480 966 815 1036 quarterium
858 965 1047 1019 arietis
1100 980 1197 1035 pro
1243 980 1372 1019 uno.
1424 963 1742 1033 Quicunque

148 1056 451 1111 vendiderit
514 1070 748 1122 carnes,
822 1054 1069 1111 eamdem
1142 1056 1383 1111 servabit
1441 1062 1739 1111 consuetu-

155 1148 359 1201 dinem.

214 1241 348 1295 ltem
376 1242 419 1296 si
453 1249 743 1296 extraneus
771 1240 1069 1311 portaverit
1092 1239 1412 1302 sturionem,
1456 1236 1736 1292 denarium

145 1329 369 1385 habebit
416 1330 691 1409 claviger;
734 1340 788 1385 et
815 1331 857 1385 si
888 1331 1085 1384 ibidem
1110 1329 1316 1383 fractus
1348 1326 1512 1382 fuerit
1542 1326 1737 1391 sturio,

144 1423 433 1478 nerbilium
461 1433 514 1479 et
543 1423 816 1479 budellum
844 1422 1066 1478 habebit
1097 1421 1354 1490 claviger,
1400 1433 1502 1474 nec
1553 1417 1737 1472 minus

144 1513 365 1569 habebit
390 1515 693 1569 denarium.

1845 337 2054 392 cunque
2101 323 2260 377 modo
2308 322 2393 377 vel
2438 335 2759 392 quacunque
2800 320 2886 375 die
2936 321 3179 375 extranei
3233 320 3438 391 aliquid

1842 415 2198 483 portaverint,
2253 414 2337 468 vel
2380 429 2502 468 cum
2545 412 2725 482 aliqua
2757 426 2815 467 re
2845 411 3133 465 transitum
3180 409 3434 477 fecerint,

1838 504 1928 574 jus
1954 521 2110 559 suum
2139 504 2363 574 recipiet
2390 503 2627 573 claviger
2654 522 2668 557 :
2699 502 2775 558 sic
2794 501 3059 571 sal,equi,
3086 502 3255 571 porci,
3278 517 3431 569 oves,

1842 597 2030 662 boves,
2078 596 2297 651 bladum
2345 605 2394 651 et
2446 605 2690 651 caetera:
2731 595 2868 650 etin
2904 592 3022 648 foro
3067 594 3436 650 manulevabit

1843 688 2077 758 claviger
2104 687 2363 757 quidquid
2394 686 2623 740 voluerit
2654 702 2751 755 per
2787 694 2910 739 octo
2937 684 3073 738 dies.

1910 780 2040 835 Item
2072 780 2293 834 habebit
2337 778 2570 850 claviger
2598 778 2664 832 de
2690 778 2774 832 his
2806 775 3057 830 omnibus
3077 774 3168 844 qui
3193 773 3433 828 vendunt

1842 871 2091 941 saginum
2121 870 2265 923 omni
2301 866 2702 939 quintodecimo
2726 866 2813 921 die
2838 863 3061 921 Sabbati
3106 878 3266 917 unam
3307 861 3436 916 obo-

1843 960 2027 1016 latam.
2079 961 2135 1014 ln
2171 958 2309 1016 festo
2357 958 2497 1013 beati
2554 957 2699 1013 Petri
2744 955 2941 1025 accipit
2981 953 3221 1023 claviger
3270 966 3432 1007 unam

1842 1052 2131 1124 corrigiam
2177 1052 2244 1107 de
2290 1065 2615 1122 unoquoque
2642 1046 3001 1103 mercenario.

1908 1146 2042 1201 Item
2089 1145 2390 1213 Passapont
2443 1141 2648 1211 recepit
2678 1140 2897 1194 nomine
2926 1145 3116 1193 nostro
3148 1135 3213 1189 de
3236 1134 3433 1204 ligassa

1840 1236 1939 1292 lini
1984 1252 2150 1291 unum
2177 1235 2424 1305 paladuir
2452 1235 2503 1288 in
2533 1235 2673 1299 foro,
2701 1241 2757 1286 et
2782 1232 2997 1303 plenam
3026 1245 3244 1284 manum
3276 1227 3432 1291 lanae,

1834 1327 1987 1398 juxta
2026 1328 2170 1398 quod
2201 1327 2275 1382 ibi
2306 1326 2499 1392 fuerit;
2532 1326 2599 1381 de
2631 1323 2986 1379 mercenariis
3028 1318 3432 1391 quintodecimo

1840 1425 1927 1480 die
1972 1423 2189 1479 obolum
2223 1441 2235 1477 :
2267 1421 2334 1476 de
2358 1421 2443 1477 his
2473 1421 2563 1491 qui
2598 1420 2848 1475 deferunt
2882 1432 3011 1473 vasa
3037 1417 3237 1479 vitrea,
3269 1427 3434 1467 unam

1841 1515 2189 1585 lampadem;
2237 1514 2302 1567 de
2345 1512 2609 1567 fasciculo
2657 1509 2914 1575 ciforum,
2965 1522 3156 1563 unum.
3217 1505 3324 1559 Pro
3353 1503 3437 1557 his

214 1604 347 1659 Item
401 1605 445 1660 si
491 1605 596 1661 duo
634 1604 716 1660 vel
768 1612 881 1660 tres
922 1604 1057 1660 socii
1106 1602 1307 1659 fuerint
1345 1600 1401 1656 in
1457 1615 1623 1671 porco
1646 1598 1731 1656 vel
1770 1589 1808 1644 Β
1841 1614 2054 1662 tenetur
2080 1604 2379 1674 Passapont
2419 1611 2474 1657 et
2512 1603 2629 1673 ejus
2658 1614 3003 1658 successores
3030 1599 3084 1652 in
3116 1595 3436 1653 dormitorio

142 1710 333 1761 vacca,
373 1695 453 1751 vel
483 1696 652 1751 ariete
692 1695 758 1750 de
797 1710 1124 1765 unoquoque
1154 1692 1542 1758 manulevabit,
1570 1702 1737 1763 prout

142 1786 349 1840 dictum
399 1795 483 1842 est
511 1787 779 1856 superius,
835 1785 1050 1840 etiamsi
1091 1801 1229 1840 unus
1280 1784 1588 1840 vendiderit
1638 1799 1738 1855 pro

141 1877 416 1932 omnibus.
470 1877 729 1932 Similiter
770 1876 815 1932 si
866 1885 1159 1933 extraneus
1207 1892 1523 1947 wArionem
1548 1885 1735 1947 porta-

140 1968 308 2031 verit,
345 1966 556 2022 obolum
594 1968 763 2023 dabit.
795 1968 852 2023 Si
875 1976 1170 2025 extraneus
1190 1969 1484 2039 portavctff
1535 1967 1739 2022 duode-

141 2074 271 2113 nam
331 2058 727 2129 lamprcdarum
767 2060 1051 2115 denarium
1105 2059 1294 2125 dabit;
1346 2059 1392 2114 si
1439 2074 1555 2125 sex,
1604 2059 1736 2114 obo-

141 2150 277 2205 lum.
339 2149 397 2205 Si
443 2151 723 2206 duodecim
770 2150 988 2222 colagos
1039 2152 1337 2221 portaverit
1383 2165 1479 2221 per
1518 2166 1736 2221 aquam,

143 2256 315 2294 unum
360 2240 543 2306 dabit;
594 2240 640 2296 si
689 2255 810 2307 sex,
858 2241 1120 2304 obolum;
1175 2243 1220 2298 si
1262 2257 1382 2296 eum
1425 2243 1580 2297 asino
1611 2258 1736 2312 por-

148 2332 386 2398 laverit,
457 2341 566 2387 tres
635 2332 929 2399 denarios;
995 2334 1040 2388 si
1071 2349 1195 2389 cum
1246 2348 1387 2405 equo
1447 2335 1529 2390 vel
1574 2350 1737 2405 equa,

147 2422 299 2477 mulo
353 2422 436 2477 vel
482 2422 624 2477 mula
673 2423 707 2478 4
746 2424 871 2480 den.
900 2424 1088 2491 dabit;
1146 2425 1191 2480 si
1240 2441 1362 2482 cum
1411 2424 1549 2481 collo
1603 2427 1737 2481 duo-

142 2516 286 2570 dena
317 2515 626 2585 colagorum
662 2515 748 2571 vel
771 2516 1190 2588 lampredarum,
1252 2519 1536 2574 denarium
1564 2518 1737 2574 dabit.

143 2606 223 2660 De
258 2607 499 2661 sturione
540 2616 594 2660 et
637 2606 878 2662 salmone
918 2608 1093 2677 primo
1122 2609 1296 2678 captis
1344 2610 1398 2664 in
1440 2610 1594 2677 Beta,
1623 2624 1740 2665 me-

151 2697 411 2751 dielatem
463 2698 760 2767 piscatores
816 2700 1144 2755 dabunt:ct
1174 2710 1302 2757 tunc
1349 2702 1617 2772 accipient
1666 2703 1740 2757 illi

142 2789 256 2843 duo
285 2790 582 2858 piscatores
607 2791 740 2846 duos
765 2806 932 2861 panes
958 2794 1311 2849 servientales
1340 2805 1394 2849 et
1425 2797 1559 2851 duas
1593 2811 1743 2851 men-

140 2893 303 2933 suras
352 2880 459 2933 vini
494 2897 507 2935 :
550 2881 875 2961 etdeinceps
905 2883 970 2936 de
997 2884 1247 2939 omnibus
1274 2885 1512 2955 piscibus
1542 2886 1738 2941 ibidem

141 2966 320 3037 captis
359 2968 622 3023 decimam
649 2972 749 3026 sub
781 2980 1143 3028 sacramento.

217 3058 278 3113 Si
306 3060 511 3116 balaena
542 3062 747 3116 feratur
775 3078 872 3132 per
899 3080 1050 3120 mare
1101 3064 1333 3121 frustum
1364 3067 1586 3125 habebit
1635 3069 1743 3125 cla-

137 3150 338 3218 viger;
385 3150 429 3205 si
458 3165 555 3221 per
579 3160 753 3208 terras
780 3152 986 3210 feratur
1025 3155 1111 3210 vel
1139 3156 1229 3212 alii
1279 3158 1507 3227 quilibet
1532 3160 1731 3229 pisces,

140 3242 241 3297 ﬁat
279 3243 418 3299 sicut
471 3246 720 3315 superius
767 3247 1029 3317 scriptum
1056 3257 1141 3303 est
1164 3249 1230 3304 de
1259 3250 1459 3322 colagis
1490 3253 1575 3307 vel
1599 3252 1739 3307 lam-

110 3367 112 3369 >
142 3335 353 3406 predis.

214 3428 354 3483 ltem
384 3428 451 3485 de
478 3430 562 3487 bis
588 3448 711 3502 qua:
737 3435 1045 3491 vendantur
1077 3436 1132 3491 in
1172 3436 1291 3493 foro
1315 3454 1330 3504 ;
1369 3438 1436 3493 de
1457 3451 1623 3507 porco
1649 3440 1741 3509 qui

140 3519 403 3575 venditur
432 3522 571 3578 ultra
614 3525 684 3580 20
729 3527 981 3584 denarios
1031 3530 1261 3600 accipiet
1312 3530 1548 3601 claviger
1574 3548 1740 3587 unum

142 3611 479 3681 denarium;
532 3625 587 3671 et
630 3618 674 3672 si
702 3619 901 3685 minus,
933 3620 1193 3676 obolum:
1242 3623 1309 3679 de
1352 3639 1515 3693 capra
1551 3624 1745 3680 simili-

143 3707 276 3769 ter;
334 3703 402 3759 de
451 3720 614 3761 vacca
669 3708 962 3776 similiter;
1026 3711 1092 3766 de
1118 3712 1255 3768 bove
1286 3713 1588 3769 denarium.
1661 3716 1737 3771 De

141 3803 250 3845 ove
295 3791 436 3847 sicut
474 3794 539 3849 de
588 3811 793 3865 porco;
850 3798 918 3853 de
973 3800 1126 3857 asino
1173 3803 1314 3858 sicut
1357 3804 1424 3859 de
1453 3803 1633 3871 bove;
1676 3807 1742 3861 de

139 3894 290 3953 equo
315 3891 369 3938 et
390 3884 536 3940 mulo
561 3897 795 3956 quatuor
819 3890 1070 3948 denarios
1095 3908 1110 3959 ;
1157 3894 1224 3949 de
1263 3894 1381 3950 cifis
1419 3904 1474 3951 et
1505 3896 1737 3965 saleriis,

140 3974 214 4029 de
243 3989 404 4029 carra
431 3976 617 4033 bestiae
641 3988 871 4050 quatuor
918 3983 1055 4040 cifos
1095 3993 1151 4040 et
1199 3986 1423 4042 totidem
1464 3988 1734 4057 salerios;

140 4069 213 4125 de
254 4070 394 4126 collo
439 4082 633 4130 onusto
682 4076 836 4132 duos.
896 4078 992 4134 Die
1040 4078 1262 4136 Sabbati
1327 4097 1487 4138 nemo
1541 4085 1740 4142 vendat

142 4160 297 4214 intra
342 4162 606 4219 vel'extra
652 4166 877 4238 aliquid,
932 4170 1061 4239 quin
1102 4173 1585 4247 reddatclavigero
1609 4193 1738 4234 con-

141 4262 335 4309 suetos
365 4256 627 4313 redditus.

218 4343 495 4400 Statutum
542 4356 628 4403 est
677 4350 842 4405 etiam
883 4355 1026 4422 quod
1053 4355 1098 4410 si
1137 4357 1260 4427 quis
1307 4373 1532 4428 porcum
1580 4369 1737 4415 extra

142 4432 335 4489 villam
378 4438 574 4493 emerit
612 4446 667 4494 et
712 4439 851 4495 infra
904 4453 1028 4498 octo
1069 4446 1183 4501 dies
1213 4448 1540 4514 vendiderit,
1574 4451 1737 4505 dena-

146 4523 297 4580 rium
342 4526 536 4583 dabit:
588 4530 657 4586 de
711 4532 971 4590 nomeriis
1022 4544 1078 4589 et
1122 4537 1312 4593 cultris
1358 4548 1413 4593 et
1468 4540 1732 4609 fosseriis,

145 4615 405 4681 sarculis,
450 4616 700 4687 falcibus,
754 4624 993 4691 toseriis,
1052 4629 1284 4684 vasoriis
1313 4638 1369 4685 et
1394 4631 1605 4687 caeteris
1628 4631 1738 4687 fer-

146 4710 416 4765 ramentis
464 4727 584 4781 qua:
632 4715 941 4771 venduntur
985 4718 1040 4774 in
1087 4718 1225 4786 foro,
1272 4723 1442 4777 semel
1479 4724 1531 4778 in
1590 4740 1733 4781 anno

143 4801 215 4857 ab
242 4817 569 4873 unoquoque
614 4807 893 4865 venditore
941 4826 1109 4866 unum
1135 4814 1330 4882 accipit
1357 4815 1610 4888 claviger.
1661 4819 1738 4874 De

144 4891 417 4947 retumbis
447 4904 500 4949 et
526 4896 641 4952 cifis
667 4899 875 4964 vitreis,
927 4902 994 4958 de
1038 4902 1202 4972 caepis
1249 4915 1304 4958 et
1332 4904 1452 4961 aliis
1493 4922 1739 4977 unoquo-

143 4998 254 5054 que
302 4982 538 5041 Sabbato
567 4998 621 5043 et
655 4990 955 5061 Dominica,
1008 4995 1250 5063 exceptis
1300 4995 1407 5052 illis
1440 4999 1505 5053 de
1533 4998 1738 5073 Papey-

144 5089 245 5127 ran
296 5090 459 5129 unam
509 5080 727 5135 cordam
781 5085 943 5141 etde
993 5083 1241 5140 scaloriis
1294 5102 1455 5143 unam
1487 5090 1731 5159 garbam.

143 5168 469 5225 Habitantes
496 5170 549 5226 in
573 5182 713 5230 terra
744 5174 809 5229 de
834 5175 1121 5252 Papeyran
1152 5178 1304 5235 liberi
1331 5192 1459 5237 sunt
1486 5183 1539 5237 in
1564 5185 1739 5240 omni-

144 5259 242 5292 ἠερ
275 5275 397 5292 num
434 5274 726 5292 ηηηιι--ηιη-
754 5265 803 5292 2η
833 5281 891 5292 Α-
913 5273 1023 5292 1-..-
1060 5278 1197 5292 .--κμ
1234 5290 1239 5292 .
1282 5288 1299 5292 _

1839 1699 2022 1753 facere
2067 1697 2355 1761 luminare,
2409 1703 2465 1751 et
2514 1695 2576 1749 in
2622 1709 2841 1749 camera
2892 1690 3114 1762 prioris,
3164 1689 3291 1742 dum
3318 1686 3433 1755 ipse

1837 1804 2075 1860 praesens
2114 1787 2297 1842 fuerit.
2328 1788 2403 1842 De
2434 1787 2601 1842 nattis
2628 1800 2791 1839 unam
2825 1781 3049 1839 habebit
3074 1780 3316 1849 claviger
3342 1792 3428 1832 se-

1839 1880 1942 1936 mel
1984 1880 2038 1935 in
2062 1895 2204 1935 anno
2229 1895 2244 1945 ;
2274 1887 2331 1934 et
2360 1878 2438 1933 sic
2466 1878 2531 1932 de
2557 1875 2769 1932 caeteris
2794 1889 2914 1944 quae
2960 1871 3287 1926 venduntur.

1911 1973 2189 2030 Statutum
2231 1972 2477 2042 estquod
2507 1971 2593 2026 ille
2622 1985 2781 2039 quem
2816 1969 2967 2038 prior
2997 1967 3049 2020 in
3070 1965 3159 2035 jus
3198 1977 3432 2018 vocave-

1840 2068 1933 2133 rit,
1960 2067 2143 2122 statim
2166 2080 2349 2121 coram
2378 2079 2442 2120 eo
2464 2080 2586 2118 cum
2611 2060 3019 2130 fidejussoribus
3043 2072 3101 2112 se
3122 2062 3433 2126 praesentet,

1838 2160 1943 2215 nisi
1990 2157 2103 2227 jam
2151 2171 2367 2211 manum
2400 2155 2469 2209 ad
2510 2154 2896 2209 comedendum
2948 2147 3229 2213 lavaverit,
3262 2143 3345 2198 vel
3366 2144 3434 2197 ad

1839 2253 2126 2308 lavandum
2154 2262 2316 2320 caput
2330 2250 2443 2319 jam
2468 2262 2526 2303 se
2551 2246 2841 2318 paraverit.
2868 2242 2925 2298 Si
2952 2256 3083 2297 vero
3102 2249 3223 2309 post
3244 2252 3435 2306 vespe-

1840 2362 1935 2402 ras
1959 2361 2084 2401 eum
2118 2343 2393 2401 vocaverit
2422 2342 2475 2396 in
2502 2340 2801 2396 crastinum
2832 2350 3016 2392 coram
3058 2347 3122 2386 eo
3146 2347 3265 2386 cum
3301 2329 3433 2382 fide-

1835 2434 2143 2506 jussoribus
2192 2440 2472 2503 appareat.
2548 2429 2639 2483 Ille
2688 2442 2820 2481 vero
2874 2425 2965 2496 qui
3014 2424 3101 2477 die
3158 2423 3431 2489 assignata

1842 2542 2012 2598 usque
2042 2527 2109 2581 ad
2134 2526 2326 2581 horam
2358 2531 2565 2579 sextam
2594 2535 2775 2576 coram
2816 2517 2993 2589 priore
3040 2530 3148 2568 non
3204 2526 3426 2580 compa-

1842 2622 2032 2687 ruerit,
2098 2628 2357 2689 tanquam
2419 2616 2699 2673 convictus
2752 2608 3106 2680 judicabitur.
3174 2603 3326 2672 Quod
3386 2602 3433 2657 si

1842 2728 2084 2783 prresens
2146 2711 2298 2779 prior
2355 2723 2461 2763 non
2529 2706 2735 2771 fuerit,
2822 2702 3093 2771 clavigero
3154 2712 3214 2752 se
3288 2710 3431 2766 pra:-

1843 2811 2039 2860 εεηιρι.

1913 2894 2042 2950 Item
2067 2895 2131 2949 de
2166 2905 2492 2963 unaquaque
2521 2895 2762 2945 saumata
2792 2886 3061 2957 lignorum
3093 2882 3310 2939 dabitur
3338 2880 3430 2935 do-

1843 2988 1953 3041 mui
1991 3000 2187 3042 nosrrze
2222 3000 2386 3039 unum
2435 2983 2640 3053 lignum
2684 2996 2781 3053 per
2806 2994 2995 3035 omnes
3044 2985 3231 3048 portas
3258 2974 3435 3030 dehis

1843 3080 1935 3149 qui
1976 3087 2100 3132 sunt
2126 3076 2396 3133 extranei.
3376 3072 3378 3082 ‘

1916 3169 2191 3223 Statutum
2238 3174 2322 3222 cst
2368 3165 2534 3221 etiam
2583 3162 2729 3233 quod
2782 3161 2933 3232 prior
2960 3168 3201 3227 tempore
3242 3153 3433 3209 vinde-

1845 3262 2075 3317 miarum
2103 3274 2198 3331 per
2224 3273 2412 3313 omnes
2439 3264 2624 3327 portas
2656 3254 2796 3309 villm
2826 3251 3022 3321 diriget
3060 3248 3283 3305 nuntios
3306 3261 3434 3301 suos

1844 3352 1908 3407 ad
1945 3366 2175 3420 quorum
2231 3356 2582 3419 conspectum
2626 3346 2849 3401 decimae
2894 3343 3005 3396 viui
3048 3349 3104 3396 et
3146 3346 3336 3409 quarta
3367 3336 3433 3390 fi-

1842 3443 2023 3499 diliter
2070 3442 2391 3507 reddantur,
2429 3447 2592 3510 prout
2620 3440 2673 3493 in
2721 3435 2938 3506 scriptis
2973 3448 3159 3489 eorum
3186 3430 3431 3486 contine-

1843 3535 2008 3591 bitur.
2043 3534 2109 3589 Et
2147 3534 2345 3589 debent
2374 3531 2587 3587 deferre
2632 3529 2710 3584 illi
2751 3542 2984 3599 quorum
3014 3534 3141 3581 sunt
3166 3524 3337 3578 vineae
3366 3522 3434 3575 ad

1844 3625 2081 3681 torcular
2123 3624 2321 3695 prioris
2350 3622 2472 3677 sine
2501 3620 2672 3690 ipsius
2705 3618 2992 3687 adjutorio.
3036 3614 3168 3669 Item
3199 3614 3264 3666 de
3316 3625 3435 3666 om-

1843 3719 2003 3773 nibus
2027 3715 2272 3772 obliariis
2321 3713 2412 3783 qui
2460 3711 2649 3767 fabbas
2699 3710 2977 3771 excolunt,
3033 3704 3250 3760 dabitur
3306 3717 3435 3756 con-

1843 3806 2025 3861 ventui
2080 3820 2286 3875 coquus
2314 3803 2397 3858 vel
2437 3802 2577 3856 alter
2607 3800 2851 3855 serviens
2880 3805 3105 3851 onustus
3135 3795 3200 3848 de
3234 3791 3430 3846 fabbis.

1842 3898 2109 3968 Tempore
2140 3910 2271 3951 vero
2318 3908 2417 3950 suo
2469 3892 2538 3947 de
2571 3898 2784 3963 agresta
2815 3903 2912 3958 per
2936 3887 3125 3941 vineas
3172 3882 3435 3951 arripient

1842 3989 2139 4047 servientes
2186 3985 2472 4056 coquinaa:
2513 3981 2764 4038 similiter
2812 3980 2877 4034 de
2912 3976 3151 4033 oleribus
3184 3989 3215 4028 a
3250 3970 3431 4026 Natali

1842 4096 2012 4151 usque
2063 4080 2131 4135 ad
2178 4075 2681 4147 Quadragesimam.
2717 4079 2773 4127 et
2808 4069 2862 4124 in
2887 4064 3309 4137 Quadragesima
3368 4061 3433 4115 de

1839 4172 2013 4242 porris
2041 4170 2310 4226 similiter.

1910 4264 2185 4322 Statutum
2209 4271 2294 4318 est
2317 4268 2580 4333 prmterea
2620 4256 2765 4327 quod
2789 4266 2979 4309 omnes
3007 4247 3190 4305 bailivi
3221 4243 3286 4298 ad
3328 4243 3431 4297 hoc

1842 4366 1969 4413 sunt
2013 4355 2320 4419 constituti,
2370 4361 2430 4408 ut
2474 4364 2669 4406 census
2716 4347 3003 4403 bailiarum
3044 4340 3201 4396 nobis
3228 4336 3432 4405 absque

1843 4446 2155 4503 difﬁcultate
2190 4444 2344 4499 reddi
2371 4442 2575 4497 faciant
2603 4458 2616 4495 :
2658 4437 2907 4494 videlicet
2938 4428 3220 4491 frumenti,
3249 4441 3435 4481 avenae

1843 4548 1899 4596 et
1956 4539 2325 4596 denariorum.
2372 4535 2527 4604 Quod
2580 4535 2627 4589 si
2677 4534 2730 4587 in
2782 4529 2920 4585 festo
2981 4526 3044 4579 Β.
3109 4520 3326 4575 Martini
3368 4521 3436 4576 ad

1842 4628 2095 4699 praefatos
2149 4642 2345 4684 census
2394 4624 2641 4683 subditos
2690 4635 2817 4677 suos
2872 4631 2981 4673 non
3034 4610 3437 4680 compulerint,

1841 4720 2027 4778 bailivi
2079 4719 2276 4775 debent
2321 4718 2648 4791 pignorare;
2698 4710 2794 4767 sed
2825 4708 2892 4765 ad
2931 4702 3173 4776 priorem
3202 4701 3447 4770 pertinet

1834 4810 2069 4881 justitia.

1913 4905 2186 4961 Praeterea
2246 4909 2514 4956 statutum
2583 4903 2666 4950 est
2724 4893 2867 4963 quod
2927 4882 3164 4951 claviger
3210 4896 3318 4951 per
3375 4896 3467 4946 to-

1848 5004 1958 5052 tam
2005 4992 2190 5048 villam
2240 4993 2476 5064 accipiat
2529 4987 2712 5042 asinos
2736 4982 2815 5041 ad"
2840 4971 3198 5039 deferendum
3230 4972 3475 5037 bladum

1846 5107 2025 5149 suum.

1916 5185 2051 5239 Item
2107 5194 2231 5235 cum
2293 5192 2479 5236 comes
2525 5177 2973 5243 procurationem
3024 5172 3178 5215 suam
3233 5170 3493 5242 accipiet

2354 5282 2457 5292 .__--
2494 5264 2676 5292 "uim...
2730 5250 3107 5292 m-....ln\mhit
3159 5264 3381 5292 nnrnne
3441 5270 3491 5292 ηπ
