3982 5292
640 318 776 374 1507

1361 306 1711 367 RICHARDI.
1753 305 1905 362 ABB.
1944 301 2213 360 FLORIA.
2248 301 2494 360 CONST.
2533 303 2730 362 ECCL.
2767 307 2853 362 DE
2893 305 3144 365 REGLL.
3691 313 3776 368 {3&3

638 430 775 485 duos
804 425 980 480 fasces
1003 421 1187 493 paleae,
1218 429 1270 476 et
1293 435 1455 474 unum
1487 433 1681 490 panem
1704 424 1759 474 et
1782 424 2019 472 traceam
2049 415 2212 471 boum
2244 417 2291 476 Δ
2319 413 2436 472 foro
2466 417 2702 489 Regulae,
2731 431 2787 476 et
2821 421 2876 476 in
2904 422 3187 492 Salargiis,
3213 432 3263 477 et
3284 439 3380 491 pro
3407 421 3560 478 feodis
3582 426 3780 484 domorum

639 521 692 576 in
723 518 902 590 vigilia
924 514 1132 570 Natalis
1155 513 1386 568 Domini.

711 609 840 663 Item
868 618 1055 660 omnes
1082 602 1262 658 bailivi
1296 600 1466 656 nostri
1497 610 1552 656 et
1583 599 1716 654 foris
1740 598 1932 654 debent
1967 612 2222 668 procura-

641 698 838 752 tionem
891 693 1058 766 priori
1104 692 1270 748 semel
1324 693 1377 746 in
1427 707 1570 747 anno
1609 700 1805 760 printer
1855 689 2103 744 homines
2156 687 2222 741 dc

639 788 784 843 Pins.

707 877 838 932 Item
869 889 1058 930 omnes
1085 872 1266 927 villani
1297 873 1362 926 de
1408 871 1604 926 bailliis
1633 877 1836 927 IIOSlI‘IS
1877 870 2075 925 debent
2102 883 2223 940 pro-

638 969 973 1026 curationem
1003 966 1170 1038 priori
1214 963 1382 1020 Semel
1411 964 1462 1018 in
1495 979 1656 1018 anno.
1905 967 1908 970 ’

707 1059 910 1112 Boneta
935 1059 1000 1112 de
1020 1056 1222 1110 Bordes
1250 1063 1304 1108 et
1335 1069 1680 1111 successores
1702 1053 1787 1109 sui
1820 1055 2021 1109 debent
2050 1053 2219 1123 priori

638 1148 1070 1220 procurationem
1109 1146 1248 1218 apud
1291 1145 1643 1217 Burdegalam
1686 1159 1807 1200 cum
1834 1144 1919 1199 his
1969 1143 2222 1199 omnibus

639 1257 774 1311 quos
807 1255 992 1296 secum
1023 1239 1280 1306 habebit;
1333 1247 1386 1294 ct
1414 1252 1581 1309 equos
1609 1236 1861 1294 similiter
1883 1236 2219 1308 procurabit,

638 1344 693 1388 et
713 1335 817 1389 hoc
845 1332 1013 1388 semel
1045 1332 1097 1386 in
1121 1346 1284 1387 anno.

712 1425 906 1481 Milites
932 1424 997 1480 de
1027 1424 1230 1479 Bordes
1267 1423 1482 1477 solvunt
1521 1421 1962 1492 procurationem
2007 1420 2220 1491 plenam

642 1515 811 1585 priori
848 1524 904 1570 et
947 1513 1112 1569 sociis
1144 1513 1277 1578 suis,
1307 1523 1359 1568 et
1386 1513 1636 1567 omnibus
1663 1529 1798 1582 quos
1837 1528 2019 1567 secum
2055 1513 2223 1566 addu-

641 1621 765 1682 cet;
824 1616 878 1664 et
917 1607 1359 1678 supervenientes
1407 1605 1655 1661 similiter
1686 1607 2057 1675 procumbunt
2100 1624 2114 1658 :
2167 1613 2220 1660 et

640 1698 1206 1777 debenteommodare
1240 1696 1406 1768 priori
1463 1713 1626 1751 unum
1679 1711 1900 1766 equum,
1952 1712 2077 1750 cum
2110 1705 2224 1750 stu-

2321 522 2442 576 qua:
2481 517 2605 563 sunt
2650 511 2704 564 in
2746 512 2933 566 eadem
2969 513 3089 567 villa
3131 522 3186 568 et
3218 529 3313 582 pro
3365 514 3446 568 his
3481 517 3685 585 oninibus
3708 538 3782 590 qua:

2324 605 2470 654 tenet
2515 614 2547 655 a
2599 600 2717 657 rivo
2761 604 2854 673 qui
2901 603 3100 659 dicitur
3143 603 3422 663 Merdanus
3465 621 3610 678 usque
3641 610 3692 664 ad
3722 611 3786 668 Re-

2323 689 2523 760 gulam.
3278 681 3284 690 ’
3551 704 3558 709 ‘
3651 687 3670 695 ”

2392 779 2524 835 Item
2564 781 2802 839 Donatus
2824 783 3029 840 Garsite
3049 785 3133 840 vel
3168 785 3370 840 Bcrned
3395 795 3447 846 et
3473 787 3578 854 ejus
3596 803 3790 862 successo-

2329 887 2414 927 res
2469 873 2666 929 debent
2712 877 2966 932 assistere
3013 879 3176 948 priori
3228 879 3278 934 in
3331 879 3538 949 judiciis
3582 898 3663 952 pro
3694 885 3792 940 foedo

2326 977 2482 1031 quem
2519 973 2663 1020 tenet
2691 965 2826 1022 infra
2858 966 3137 1038 Regulam.

2395 1052 2522 1107 item
2550 1054 2794 1112 homines
2821 1059 2886 1112 de
2921 1057 3222 1130 Taurignac
3258 1069 3313 1116 et
3341 1059 3572 1117 homines
3597 1062 3652 1117 de
3674 1076 3796 1121 sancto

2326 1143 2602 1212 Michaele,
2654 1157 2709 1203 et
2753 1148 2818 1203 de
2865 1148 3130 1214 Guarzac,
3183 1152 3225 1206 si
3271 1151 3410 1208 forte
3446 1153 3582 1222 prior
3606 1135 3800 1225 prepriam.

2324 1251 2572 1305 guerram
2610 1239 2893 1307 habuerit,
2933 1240 3128 1297 debent
3166 1244 3351 1298 venire
3399 1244 3450 1298 in
3483 1243 3590 1313 ejus
3619 1247 3798 1303 auxilium

2325 1343 2421 1398 pro
2445 1328 2615 1384 feodis
2645 1345 2764 1400 qua:
2801 1338 2984 1387 tenent
3013 1332 3152 1387 intra
3183 1334 3390 1388 villam.

2395 1420 2528 1474 Item
2550 1421 2592 1477 si
2620 1422 2769 1492 prior
2795 1424 3072 1494 proprium
3099 1426 3296 1482 bellum
3323 1428 3556 1484 habuerit
3585 1445 3666 1501 pro
3687 1431 3798 1487 exhe-

2327 1509 2602 1565 redatione
2667 1518 2847 1579 terrae,
2881 1513 3224 1572 medietatem
3285 1533 3624 1588 expensarum
3672 1521 3801 1576 facient

2326 1601 2643 1672 burgenscs,
2693 1602 2855 1658 aliam
2908 1606 3251 1663 medietatem
3290 1610 3457 1679 prior.
3500 1610 3593 1665 Pro
3622 1611 3692 1666 tali
3716 1614 3802 1667 ber

2328 1700 2580 1747 tenentur
2605 1709 2664 1748 se
2690 1705 3021 1764 praesentare
3060 1698 3308 1754 dominus
3341 1699 3592 1756 Gerunda:
3621 1710 3667 1758 et
3695 1705 3802 1757 domi-

643 1780 828 1866 riOnes
881 1791 948 1845 ad
1015 1797 1261 1845 sanctum
1346 1788 1697 1844 Benedictum
1770 1789 1996 1844 miserit.
2073 1787 2223 1854 Quod
2258 1781 2298 1838 Β
2329 1796 2430 1836 nus
2461 1781 2528 1836 de
2550 1780 2858 1854 Taurignac
2885 1794 2938 1841 et
2966 1787 3214 1844 dominus
3241 1788 3329 1843 del
3355 1790 3570 1845 Bel-neu.

640 1881 684 1948 si
731 1881 782 1935 in
822 1881 906 1948 via
961 1870 1133 1953 equus
1178 1881 1508 1954 decesserit.
1557 1881 1709 1952 prior
1735 1881 1856 1950 equi
1885 1881 2114 1951 pretium
2138 1880 2220 1937 eis

641 1973 909 2036 restituet.

710 2067 786 2120 De
813 2063 933 2133 jure
955 2063 1154 2134 prioris
1169 2070 1254 2134 est
1277 2071 1332 2130 et
1361 2061 1610 2122 Ecclesia:
1641 2062 1704 2117 de
1734 2061 1960 2130 Regula,
1992 2070 2050 2116 ut
2078 2062 2221 2128 lites,

638 2155 956 2219 discordias,
1002 2169 1198 2210 causas
1231 2163 1286 2223 et
1328 2153 1533 2223 judicia
1591 2167 1689 2224 per
1731 2153 1941 2224 judiccs
1969 2168 2104 2222 quos
2129 2169 2226 2208 vo-

641 2247 820 2314 luerit,
870 2255 925 2302 et
975 2248 1334 2318 undecunque
1371 2244 1602 2299 voluerit
1636 2245 1782 2299 intus
1807 2245 1886 2298 vel
1925 2254 2078 2299 extra
2114 2253 2222 2298 ter-

642 2339 856 2394 minet:
907 2338 949 2394 si
985 2339 1076 2408 qui
1110 2353 1242 2395 vero
1288 2337 1616 2405 adventitius
1664 2336 1747 2391 vel
1800 2336 2064 2391 naturalis
2107 2335 2224 2392 sine

643 2431 858 2486 luercde
928 2429 1170 2503 legitimo
1225 2430 1568 2496 decesserit,
1639 2444 1724 2483 res
1790 2427 1942 2496 ejus,
2004 2428 2047 2484 si
2084 2427 2227 2484 solu-

646 2530 732 2575 tus
765 2520 926 2575 fuerit
981 2521 1050 2576 ad
1074 2519 1310 2575 oriorem
1341 2519 1645 2590 pertinent;
1675 2518 1718 2587 si
1751 2518 2226 2589 conjugatus,me-

644 2609 836 2665 dictas.

717 2700 978 2757 Homines
1007 2699 1074 2756 de
1112 2698 1348 2756 Lavizon
1386 2698 1693 2756 Willelmus
1743 2699 1980 2765 Textor,
2034 2697 2230 2756 Petrus

650 2790 823 2862 Ogau,
864 2789 1180 2848 Willermus
1227 2790 1449 2846 Garsias
1477 2800 1532 2845 et
1570 2789 1763 2850 Yitalis
1791 2788 1990 2846 Juliani
2035 2789 2232 2844 debent

647 2889 869 2950 portare
923 2880 1160 2950 priorem
1192 2894 1288 2948 per
1317 2894 1470 2935 mare
1512 2895 1632 2934 cum
1664 2879 1827 2935 sociis
1855 2878 1968 2934 suis
2007 2877 2232 2934 ubicun-

647 2984 753 3039 que
787 2967 1035 3028 volnerit,
1092 2977 1146 3022 et
1193 2967 1453 3024 reducere
1489 2969 1758 3032 similiter,
1813 2976 1866 3022 et
1905 2967 2106 3023 debent
2131 2967 2232 3023 de-

650 3043 792 3113 ferre
843 3057 1090 3111 similiter
1138 3057 1376 3114 bladium
1418 3073 1514 3129 per
1541 3074 1692 3114 mare
1729 3074 2051 3129 quacunque
2076 3067 2232 3128 parte

649 3149 842 3202 domus
917 3156 1102 3202 nostra
1173 3147 1466 3214 habuerit,
1544 3157 1598 3203 et
1675 3159 1831 3202 nocte
1891 3164 1995 3218 qua
2063 3138 2302 3204 γραῖα-(ἶ

651 3241 779 3304 rint,
814 3238 1087 3293 habebunt
1129 3238 1194 3294 de
1230 3238 1450 3294 cellario
1501 3247 1806 3310 por-latores
1837 3239 1924 3295 isti
1955 3254 2149 3310 panem
2177 3248 2232 3316 et

647 3316 852 3400 vinum.

710 3421 1037 3490 Praepositus
1059 3422 1126 3477 de
1153 3421 1438 3493 Lobanaeg
1467 3423 1626 3479 debet
1673 3438 1967 3494 procurare
1995 3425 2230 3496 priorem

648 3526 702 3573 et
730 3519 909 3573 socios
932 3533 1058 3572 suos
1087 3517 1255 3573 semel
1289 3517 1342 3572 in
1373 3533 1516 3573 anno
1542 3533 1556 3572 :
1589 3526 1644 3574 et
1671 3533 1860 3574 omnes
1884 3519 1959 3573 illi
1983 3519 2072 3589 qui
2102 3529 2232 3578 sunt

649 3610 716 3663 de
744 3610 1090 3679 praepositum
1123 3608 1209 3664 illa
1244 3627 1258 3664 :
1307 3609 1465 3664 aliam
1501 3618 1706 3664 tantum
1739 3610 1936 3666 debent
1966 3627 2227 3682 procura-

654 3701 850 3755 tionem
893 3701 1056 3769 priori
1111 3709 1166 3754 et
1204 3701 1366 3756 sociis
1405 3701 1516 3757 suis
1541 3702 1707 3757 semel
1740 3702 1792 3756 in
1817 3717 1979 3769 anno,
2027 3717 2234 3772 pracpo-

651 3793 788 3847 situs
826 3801 1027 3848 saneta:
1080 3792 1384 3848 Aureliana:
1423 3809 1547 3848 eum
1580 3794 1930 3864 participibus
1959 3794 2090 3860 suis,
2145 3795 2235 3849 de-

652 3884 785 3937 bent
841 3883 1276 3950 procurationem
1306 3884 1470 3952 priori
1501 3883 1665 3939 semel
1693 3885 1744 3940 in
1769 3900 1930 3948 anno,
1954 3893 2007 3939 et
2034 3885 2085 3940 in
2112 3900 2232 3940 mu-

654 3974 857 4026 tatione
909 3974 1166 4044 cujusque
1213 3975 1408 4044 prioris
1465 3975 1758 4030 “solidos
1809 3975 2233 4046 Burdcgalenses

655 4062 871 4117 nomine
925 4063 1199 4131 sportulae,
1247 4072 1304 4120 et
1330 4065 1637 4136 Aiqttilinus
1659 4065 1726 4122 de
1755 4065 1926 4122 Fonte
1949 4081 2044 4123 sex
2071 4067 2235 4122 dena-

657 4154 768 4212 rios
797 4157 1068 4224 sportulae.

725 4245 997 4302 Amaneus
1041 4248 1106 4303 de
1142 4248 1388 4320 Lnbcngs
1419 4258 1472 4304 et
1511 4249 1592 4303 sui
1639 4249 1834 4304 debent
1861 4247 2039 4303 facere
2062 4245 2236 4301 homi-

660 4335 805 4390 nium
826 4336 992 4406 priori
1029 4352 1126 4407 pro
1153 4349 1295 4393 mota
1318 4355 1413 4394 sua
1433 4348 1487 4394 et
1514 4354 1611 4408 pro
1638 4339 1792 4394 feodo
1819 4338 2034 4408 Regula:
2055 4347 2110 4393 et
2138 4353 2236 4408 pro

652 4425 860 4495 justitia
914 4425 1013 4481 fori
1069 4436 1122 4483 et
1165 4443 1264 4498 pro
1292 4430 1376 4485 his
1405 4446 1522 4500 qua:
1545 4438 1690 4485 tenet
1713 4430 1782 4484 ab
1809 4444 1874 4484 eo
1896 4429 2034 4484 intra
2063 4437 2118 4483 et
2143 4443 2239 4484 ex-

2391 1873 2521 1928 Item
2573 1874 2621 1930 si
2674 1873 2870 1945 aliquis
2906 1877 3063 1934 miles
3110 1877 3443 1934 feodetarius
3483 1880 3655 1950 prioris
3679 1891 3800 1936 contra

2322 1962 2576 2032 priorem,
2606 1963 2750 2033 quod
2778 1965 2940 2033 absit,
2973 1966 3026 2021 in
3073 1967 3255 2038 aliquo
3288 1967 3583 2038 deliquerit,
3623 1985 3697 2041 per
3721 1987 3800 2022 nun

2325 2050 2457 2105 tium
2484 2067 2640 2107 suum
2671 2052 2841 2122 ipsum
2882 2054 2937 2110 in
2970 2055 3059 2124 jus
3081 2057 3319 2125 vocabit,
3353 2066 3408 2113 et
3436 2057 3486 2112 in
3516 2073 3654 2114 manu
3676 2059 3802 2130 prioris

2325 2144 2390 2198 de
2425 2143 2682 2214 querelis,
2720 2147 2862 2216 quod
2901 2146 3108 2216 justum
3154 2148 3342 2217 fuerit,
3380 2161 3685 2221 exsequetur.
3709 2151 3804 2218 Quoi

2325 2233 2371 2288 si
2398 2234 2450 2288 in
2481 2233 2596 2304 ejus
2625 2251 2843 2293 manum
2864 2237 2988 2308 jure
3016 2255 3210 2312 parere
3237 2241 3492 2309 noluerit,
3521 2243 3695 2299 tendum
3712 2244 3800 2314 prior

2325 2326 2630 2394 occupabit.

2401 2415 2675 2474 Statutum
2713 2428 2796 2474 est
2816 2430 3074 2491 praeterea
3118 2425 3259 2494 quod
3303 2425 3348 2482 si
3383 2424 3584 2482 Iudaeus
3609 2427 3796 2481 transitum

2330 2507 2520 2566 fecerit
2555 2527 2653 2581 per
2685 2512 2887 2582 villam,
2927 2514 2960 2569 4
2991 2516 3237 2573 denarios
3275 2518 3454 2574 solvat.
3494 2518 3726 2590 clavigero.
3756 2517 3794 2570 De

2330 2618 2470 2674 equo
2496 2604 2784 2676 Hispaniae,
2814 2605 2848 2660 4
2874 2607 3153 2675 denarios;
3183 2595 3422 2666 de‘traca
3453 2611 3600 2683 (forte
3625 2620 3793 2680 utposte:

2330 2694 2515 2768 carga)
2543 2695 2813 2752 coriorum
2859 2697 3044 2764 boum,
3081 2700 3259 2755 ovium
3301 2700 3387 2756 vel
3417 2699 3793 2770 caprarum,Ide-

2334 2788 2536 2845 uarios.
2567 2788 2639 2844 De
2661 2805 2768 2844 uno
2790 2790 2940 2845 corio
2974 2806 3138 2845 unum
3165 2791 3452 2846 denarium
3482 2809 3495 2845 ε
3523 2793 3581 2846 de
3604 2805 3721 2861 carga
3737 2799 3793 2842 sta

2335 2878 2424 2948 gni
2465 2878 2549 2934 vel
2585 2879 2820 2945 metalli,
2855 2880 2890 2934 4
2930 2881 3199 2936 denarios.
3251 2881 3566 2953 Quicunque
3605 2880 3794 2936 vendidcn't

2335 2983 2532 3038 equum
2565 2970 2618 3025 in
2642 2970 2760 3026 foro
2791 2979 3023 3041 quatuor
3052 2973 3304 3028 denarios
3333 2990 3349 3028 :
3380 2982 3642 3029 extraneas
3661 2971 3791 3037 ubique.

2337 3058 2701 3114 ConSIitutum
2741 3070 2825 3116 est
2860 3069 3120 3130 praeterea
3165 3069 3220 3116 et
3251 3060 3597 3133 jurejurando
3627 3058 3792 3113 ﬁrmatum

2335 3152 2476 3220 quod
2509 3165 2682 3221 neque
2717 3152 2884 3220 prior,
2929 3167 3102 3222 neque
3143 3153 3386 3224 claviger
3422 3153 3632 3223 aliquem
3663 3149 3715 3202 vel
3736 3146 3790 3200 aii-

2332 3255 2494 3315 quam
2542 3250 2910 3310 supercurrat,
2961 3243 3086 3297 dum
3132 3243 3222 3300 ille
3252 3242 3357 3300 'ch
3412 3244 3500 3300 illa
3548 3243 3777 3313 fideij

2331 3333 2496 3407 priori
2531 3341 2744 3405 gratum
2775 3335 2906 3391 dare
2933 3335 3152 3405 poterit.

2403 3424 2536 3480 Item
2560 3419 2728 3482 nemo
2759 3427 3058 3493 cultellum,
3090 3443 3292 3493 ensem,
3330 3429 3592 3493 lanceam,
3613 3421 3788 3496 spiculum.

2333 3517 2586 3591 securim,
2618 3499 2929 3590 ‘besogium,
2980 3535 3153 3591 neque
3205 3520 3450 3591 gladium
3493 3522 3541 3577 in
3574 3514 3798 3575 contentione

2334 3605 2516 3660 trahat
2569 3624 2584 3661 :
2634 3607 2776 3677 quod
2830 3608 2875 3662 si
2934 3609 3162 3664 traxerit
3206 3617 3260 3665 et
3317 3627 3428 3666 non
3485 3605 3740 3682 percusserit
3771 3610 3799 3653 et

2335 3695 2566 3751 traxisse
2614 3697 2894 3772 convictus
2950 3698 3142 3766 fuerit,
3190 3715 3283 3756 sex
3336 3701 3536 3758 solidos
3577 3697 3703 3771 priori
3735 3692 3799 3748 sine

2335 3787 2735 3845 intermissione
2775 3791 2942 3846 dabit.
2985 3792 3046 3866 Si
3081 3806 3207 3848 vero
3250 3793 3572 3863 percusserit
3605 3799 3649 3845 et
3669 3783 3801 3854 sangui'

2335 3893 2456 3933 nem
2504 3879 2782 3948 effuderit,
2831 3881 2899 3937 eo
2935 3870 3134 3939 solidos
3170 3885 3423 3940 similiter
3447 3884 3583 3940 dabit
3617 3876 3752 3952 priori,
3775 3881 3803 3923 et

2334 3969 2589 4024 damnum
2639 3986 2896 4039 percusso
2936 3988 3000 4028 cx
3039 3973 3250 4042 integro
3296 3975 3559 4029 restituet.
3586 3970 3671 4024 Aut
3698 3965 3728 4018 si
3749 3963 3804 4014 hoc

2335 4070 2503 4118 totum
2533 4062 2712 4118 facere
2738 4080 2840 4140 non
2868 4065 3084 4132 poterit,
3105 4063 3219 4119 uno
3245 4051 3486 4120 membro
3506 4061 3757 4142 curtabitur.
3774 4050 3804 4102 Si

2335 4169 2626 4223 percussus
2655 4167 2898 4211 mortuus
2934 4155 3114 4225 fuerit,
3147 4157 3234 4213 ille
3263 4158 3354 4228 qui
3384 4154 3630 4228 percussit
3650 4150 3806 4206 ειὴπεο

2335 4244 2576 4310 dabitur,
2608 4254 2664 4300 et
2693 4239 2983 4303 hazreditas
3021 4255 3132 4302 tota
3160 4255 3213 4302 et
3235 4247 3501 4319 possessio
3519 4229 3807 4317 pertinebit“

2337 4335 2598 4404 priorem.
3259 4351 3263 4354 ’
3544 4349 3547 4351 ·

2407 4425 2540 4482 Item
2571 4441 2729 4483 nemo
2778 4435 2932 4484 extra
2965 4427 3144 4484 villam
3179 4429 3262 4484 vel
3293 4428 3428 4485 infra
3455 4427 3660 4496 aliquem
3685 4424 3810 4486 οιΡετθ

662 4526 744 4570 tra
770 4534 783 4571 :
819 4525 876 4572 et
914 4525 1174 4587 praeterea
1203 4533 1300 4589 pro
1324 4519 1408 4574 his
1431 4522 1680 4576 omnibus
1715 4520 1918 4576 faciunt
1944 4521 2234 4576 solemnem
2267 4495 2312 4553 D
2342 4527 2635 4586 praesumat
2672 4518 2790 4574 sine
2811 4534 3034 4576 assensu
3061 4519 3258 4574 domini
3286 4519 3482 4590 prioris
3507 4514 3583 4572 vel
3602 4503 3808 4578 οιπῑεετί,

659 4609 712 4664 in
741 4611 825 4664 die
852 4610 1075 4666 Pascha:
1103 4610 1198 4664 toti
1224 4612 1506 4666 eonventui
1533 4615 1598 4666 de
1629 4612 1852 4684 Regula.

732 4701 862 4756 Item
894 4703 1161 4758 Arnaldus
1184 4703 1441 4759 Bernardi
1469 4705 1534 4758 de
1562 4702 1865 4774 Taurignac
1904 4703 2035 4759 facit
2059 4703 2234 4759 homi-

662 4789 810 4844 nium
850 4791 1016 4860 priori
1054 4807 1153 4862 pro
1177 4793 1422 4848 devalata
1452 4793 1664 4864 pedagii
1694 4793 1875 4850 Marire
1897 4795 1961 4850 de
1983 4793 2233 4850 Gerunda

658 4889 715 4934 et
758 4888 1018 4950 praeterea
1051 4897 1151 4952 pro
1179 4883 1563 4939 communitate
1606 4884 1772 4939 casati
1804 4899 1927 4939 cum
1954 4883 2230 4953 participi-

658 4970 761 5024 bus
790 4971 900 5025 suis
928 4973 1204 5026 annuatim
1235 4973 1286 5027 in
1318 4973 1528 5028 vincula
1555 4973 1615 5027 B.
1650 4972 1795 5028 Petri
1822 4973 2073 5030 Ssolidos
2101 4973 2238 5028 Bur-

659 5060 994 5130 degalenses.

729 5149 862 5203 Item
912 5149 1092 5206 Helias
1115 5152 1183 5205 de
1207 5151 1392 5207 Barela
1423 5153 1581 5208 debet
1629 5154 1838 5210 solvere
1863 5155 2146 5210 conventui
2169 5154 2236 5210 de

661 5235 862 5286 “omnia
924 5241 1192 5286 annunlim
1260 5243 1329 5286 ιη
1394 5258 1561 5286 nanos
1611 5255 1661 5286 at
1711 5246 1777 5286 40
1833 5245 2136 5286 Inmnrmiac
2181 5255 2233 5286 at

2340 4611 2436 4664 sed
2469 4609 2516 4663 si
2544 4623 2674 4666 casu
2704 4610 3012 4681 contigerit,
3035 4611 3176 4682 quod
3201 4618 3325 4666 ante
3350 4607 3660 4681 praesentiam
3680 4595 3810 4671 prioris

2340 4697 2419 4754 vel
2453 4699 2706 4771 clavigeri
2727 4715 2848 4756 eum
2879 4710 3037 4771 capto
3063 4717 3123 4758 se
3147 4710 3450 4772 praesentet,
3477 4701 3519 4756 si
3554 4709 3701 4754 tamen
3722 4699 3809 4744 tem'

2339 4807 2438 4860 pus
2473 4789 2641 4856 fuerit
2676 4799 3055 4863 opportunum.
3088 4793 3240 4859 Quod
3281 4793 3327 4848 si
3367 4778 3416 4846 id
3445 4788 3608 4846 facere
3635 4779 3807 4851 ηθεῖειε·

2338 4883 2428 4947 rit,
2457 4881 2490 4937 6
2518 4883 2717 4939 solidos
2751 4883 2899 4939 dabit
2939 4884 3123 4952 priori.
3182 4883 3310 4939 Item
3355 4886 3395 4939 si
3437 4876 3685 4949 contigerit
3717 4863 3808 4939 quod

2341 4974 2534 5043 aliquis
2557 4973 2788 5044 aliquem
2818 4985 2946 5030 ante
2965 4975 3304 5046 prmsentiam
3331 4973 3530 5030 Domini
3551 4957 3807 5040 percusserit,

2342 5065 2547 5134 absque
2602 5064 2764 5120 dubio
2814 5065 3069 5122 damnum
3121 5066 3368 5122 restituet
3418 5074 3472 5120 et
3522 5055 3662 5133 priori
3707 5047 3809 5106 salis-

2340 5157 2524 5212 faciet.

2409 5250 2540 5286 ‘lnm
2589 5253 2652 5286 «In
2697 5269 2898 5286 manant
2924 5254 2937 5262 ⁶
3071 5255 3083 5262 ⁸
3128 5269 3366 5286 anu-naua
3406 5250 3538 5286 mn.“
3578 5246 3664 5286 cini
3707 5246 3748 5286 lli.
3767 5232 3806 5286 de
