3982 5292
159 111 299 189 1.509

1222 102 1614 171 ADAIJBERTI
1652 97 1944 156 METENS.
1980 103 2364 183 PROLOGUS.

3278 111 3419 170 1510

158 200 330 303 priori
359 224 550 280 solvet.
586 224 739 291 Quod
768 222 811 279 si
839 221 1033 294 aliquis
1062 223 1435 280 reclamaverit
1460 232 1515 279 et
1542 225 1737 295 proba-
1766 232 1810 290 Α
1842 226 1940 283 sibi
1993 227 2214 297 injurias
2257 230 2515 301 irrpgare,
2565 237 2620 282 et
2666 226 2798 283 nolit
2838 225 2993 297 juxta
3042 233 3243 305 statuta
3278 225 3421 282 villas

158 314 303 373 verit
341 331 399 373 se
448 316 502 371 in
546 315 854 385 hujusmodi
902 316 1171 370 mensuris
1212 315 1377 371 fuisse
1430 317 1740 387 deceptum,

157 408 419 487 deceptor
463 408 716 463 damnum
771 408 1019 464 restituet
1076 415 1131 465 et
1182 408 1348 478 priori
1399 424 1495 465 sex
1541 410 1743 480 solidos

154 500 354 558 solvet.

163 578 175 585 ’
234 590 499 649 Similiter
524 592 588 648 de
616 591 788 667 hortis
818 593 873 647 in
912 592 1036 649 villa
1080 592 1388 657 constitutis
1423 601 1479 649 et
1505 593 1741 657 circum-

149 680 483 751 iacentibus,
530 688 585 737 et
610 684 678 737 de
704 681 877 738 vineis
904 670 1165 738 statutum
1194 692 1278 739 est
1318 676 1368 739 et
1393 683 1743 755 jurejurando

152 774 435 828 Iirmalum
466 773 608 844 quod
646 789 806 829 nemo
835 775 1032 830 audeat
1074 774 1127 829 in
1169 775 1384 830 hortum
1414 774 1499 831 vel
1528 775 1743 831 vineam

152 862 385 919 alterius
428 863 651 929 intrare,
693 879 794 920 nec
840 864 1044 935 aliquid
1088 880 1301 936 rapere,
1354 880 1530 935 neque
1569 866 1739 934 olera,

147 968 333 1025 neque
360 964 596 1026 portmn,
622 972 799 1027 neque
828 957 1038 1033 fructus
1066 957 1111 1013 si
1141 953 1343 1013 fuerint
1370 958 1496 1013 sibi.

156 1043 159 1047 ’
226 1042 496 1112 Similiter
520 1047 588 1115 de
626 1048 799 1104 vineis
848 1064 1023 1119 neque
1049 1059 1342 1119 agrestam,
1376 1064 1553 1121 neque
1591 1065 1742 1107 race-

148 1149 296 1201 mos,
340 1151 516 1208 neque
564 1138 827 1210 paxellos,
874 1154 1049 1209 neque
1096 1141 1297 1211 aliquid
1337 1156 1547 1198 earum.
1587 1140 1739 1209 Quod

147 1226 197 1281 si
245 1226 444 1298 aliquis
487 1229 680 1288 fecerit
741 1242 795 1287 et
838 1232 904 1288 de
942 1232 1085 1289 facto
1133 1235 1513 1307 comprobatus
1554 1234 1738 1307 fuerit.

146 1317 409 1373 damnum
442 1322 710 1388 restituet,
742 1331 796 1378 et
824 1324 989 1392 priori
1032 1312 1143 1382 sex‘
1163 1325 1364 1381 solidos
1390 1326 1583 1394 solvet,
1609 1336 1664 1383 et
1692 1328 1738 1386 si

144 1408 285 1495 dare
308 1426 413 1466 non
441 1412 627 1482 possit,
659 1414 956 1470 auriculam
984 1416 1173 1485 perdet

220 1500 354 1556 Item
379 1511 635 1559 statutum
663 1514 747 1561 est
784 1521 853 1562 ne
892 1505 1089 1577 aliquis
1122 1507 1241 1564 sine
1283 1523 1504 1565 assensu
1537 1510 1737 1587 prioris

1839 318 2044 389 judicio
2074 317 2298 387 injurias
2326 316 2612 388 persequi,
2643 325 2759 387 post
2788 316 3017 386 primam
3045 302 3418 393 etsecundam

1843 411 2261 465 admonitionem
2311 409 2506 487 prioris
2549 423 2645 477 per
2685 422 2746 463 se
2784 408 2866 462 vel
2910 423 3005 477 per
3046 421 3172 487 suos
3198 407 3416 487 factam,

1843 502 1931 558 ille
1963 503 2083 558 talis
2114 502 2366 571 omnibus
2397 497 2586 556 diebus
2618 499 2743 555 vita:
2768 514 2879 555 sua:
2920 514 2986 553 ex
3025 507 3150 553 tunc
3187 497 3338 552 exsul
3363 505 3421 553 et

1840 592 2102 663 profugus
2128 608 2235 647 non
2262 573 2574 657 reversurus
2607 589 2786 657 abeat,
2816 597 2872 661 et
2896 589 3073 645 omnis
3102 577 3219 654 ejus
3250 590 3420 643 haere-

1842 686 1982 743 ditas
2010 670 2175 755 priori
2206 670 2533 751 incurratur.
2648 672 2671 677 7‘
2752 676 2753 679 “
2994 672 2997 675 ’
3132 686 3136 691 ’

1914 779 2139 834 Demum
2181 786 2443 834 statutum
2492 784 2576 832 est
2618 775 2763 846 quod
2810 778 3117 846 quicunque
3158 773 3304 826 intus
3332 768 3419 825 vel

1840 881 1996 928 extra
2031 871 2262 941 aliquem
2289 870 2372 925 vel
2409 868 2642 941 aliquam
2676 867 3026 935 interfecerit,
3058 867 3175 935 sine
3203 865 3418 922 miseri-

1840 963 2027 1018 cordia
2058 962 2372 1021 incurratur
2405 960 2650 1017 Domino.

1913 1052 1989 1108 De
2012 1052 2249 1108 minimis
2277 1060 2458 1119 autem
2494 1038 2749 1123 querelis,
2783 1058 2841 1104 ut
2866 1056 2950 1104 est
2977 1048 3043 1103 de
3069 1045 3419 1117 percussione

1839 1142 1954 1198 sive
1984 1142 2261 1214 sanguinis
2296 1142 2555 1199 effusione
2582 1142 2725 1197 facta
2762 1150 2815 1195 et
2858 1142 2924 1196 de
2954 1139 3115 1195 illatis
3140 1146 3421 1193 contumc-
3480 1164 3483 1165 ν

1838 1231 1947 1297 liis,
1976 1233 2044 1288 de
2072 1233 2281 1305 capillis
2310 1234 2483 1304 ruptis
2507 1241 2562 1287 et
2587 1234 2653 1289 de
2686 1233 2807 1287 aliis
2838 1230 3164 1309 huiusmodi,
3198 1237 3257 1284 ut
3283 1242 3416 1301 con-3

1840 1332 2053 1378 suetum
2080 1332 2165 1381 est
2192 1332 2247 1378 et
2277 1331 2537 1388 statutum
2570 1329 2837 1381 teneatur.
3156 1312 3160 1316 ’

1910 1414 2040 1467 Item
2091 1413 2137 1468 si
2196 1415 2319 1484 quis
2367 1398 2629 1483 virginem
2671 1398 2985 1483 eor-ruperit
3031 1411 3079 1487 vi
3110 1427 3124 1464 :
3153 1410 3198 1465 si
3226 1408 3420 1465 mulier

1840 1501 2005 1557 fuerit
2033 1502 2190 1558 vilior
2214 1518 2300 1571 eo,
2333 1503 2483 1558 dabit
2510 1504 2558 1559 ei
2591 1502 2843 1557 maritum
2870 1501 3097 1557 consilio
3120 1490 3419 1569 amicorum

147 1590 203 1644 in
237 1592 581 1665 expeditione
602 1605 709 1662 eat,
743 1612 843 1652 nec
880 1612 1060 1668 prece,
1092 1614 1195 1655 nec
1233 1601 1405 1668 pretio
1428 1586 1734 1671 aliquorum
1771 1590 1811 1649 Β
1838 1608 2083 1658 suorum,
2113 1591 2196 1647 vel
2217 1593 2446 1663 accipiet
2470 1606 2591 1648 eam
2618 1593 2670 1646 in
2704 1606 2947 1646 uxorem.
2978 1588 3130 1656 Quod
3157 1587 3202 1642 si
3227 1586 3422 1643 mulier

145 1674 347 1739 ductus
389 1685 666 1741 castellum
716 1688 1051 1759 ingrediatur
1094 1691 1161 1744 ad
1199 1690 1617 1759 defendendum,
1649 1693 1735 1747 vel

143 1768 301 1825 foras
340 1773 408 1827 ad
451 1776 885 1845 expugnandum.
933 1768 1085 1844 Quod
1132 1779 1178 1833 si
1223 1779 1414 1836 fecerit
1453 1790 1507 1835 et
1541 1782 1734 1838 vulnus

147 1859 417 1943 intulerit,
468 1862 535 1917 66
573 1864 771 1920 solidos
809 1866 977 1935 priori
1007 1868 1177 1932 dabit,
1210 1880 1262 1923 et
1296 1884 1555 1940 percusso
1581 1870 1732 1924 dam-

146 1966 283 2005 num
334 1953 600 2010 restituet.
647 1953 704 2011 Si
751 1956 1013 2012 occiderit
1041 1958 1334 2025 hominem,
1379 1960 1559 2015 omnia
1605 1975 1733 2016 cou-

144 2040 410 2098 tiscantur
460 2040 656 2114 priori.
701 2044 759 2103 Si
804 2049 929 2120 quis
979 2038 1469 2120 autem'superbizn
1523 2050 1732 2107 facibus

147 2147 411 2190 accensus
455 2136 786 2209 negligenter
825 2139 893 2196 de
947 2140 1071 2195 villa
1116 2142 1309 2198 exierit
1357 2141 1618 2214 profugus
1666 2158 1731 2199 ea

143 2221 458 2291 Occasione,
490 2230 633 2299 quod
676 2231 806 2287 dicit
829 2232 1138 2305 ,burgenses
1176 2232 1260 2289 vel
1295 2233 1470 2304 ipsum
1496 2234 1732 2306 priorem

1838 1682 2000 1753 fuerit
2054 1684 2307 1755 nobilior,
2359 1684 2426 1739 ad
2474 1680 2755 1755 arbitrium
2804 1682 3091 1751 prioris'et
3123 1677 3419 1732 amicorum

1837 1777 2111 1843 mulieris,
2165 1775 2375 1857 mulieri
2426 1774 2724 1831 satisfaciet
2775 1782 2831 1829 et
2879 1773 2947 1828 66
3004 1771 3205 1827 solidos
3252 1767 3420 1851 priori

1839 1869 2036 1925 solvet.

1908 1960 2039 2015 Item
2080 1962 2124 2016 si
2170 1958 2366 2029 aliquis
2405 1958 2699 2029 quamlibet
2741 1956 2899 2025 aliam
2932 1965 3206 2025 stupratus
3233 1949 3418 2011 fuerit,

1834 2051 1867 2107 6
1897 2052 2098 2107 solidos
2128 2049 2275 2107 dabit
2312 2049 2479 2121 priori
2514 2057 2568 2103 et
2610 2046 2820 2114 mulieri
2868 2043 3184 2106 satisfaciet.
3217 2042 3273 2097 Si
3298 2039 3422 2116 quis

1836 2139 2176 2211 conjugatam
2208 2140 2447 2210 rapuerit
2482 2147 2537 2193 et
2563 2153 2687 2193 cum
2726 2153 2790 2193 ea
2822 2137 3036 2215 fugerit,
3067 2144 3126 2191 ut
3153 2135 3220 2191 de
3247 2131 3421 2188 homi-

1839 2233 1981 2303 cidio
2009 2220 2435 2297 stabilimentum
2467 2230 2608 2285 villae
2636 2238 2901 2286 servetur.

160 2352 3407 2402 Μ

3266 2381 3392 2397 ﬂ

1328 2522 1498 2567 .NNO
1546 2522 1776 2567 DOMINI
1816 2519 2241 2569 DCCCCLXXIX.

977 2681 2575 2857 ADALBERTUS

1282 2962 1624 3021 METENSIS
1663 2963 2206 3023 SCHOLASTICUS.

1590 3129 1980 3140 —_—_

614 3259 1121 3352 NOTITIA
1189 3259 1841 3355 HISTORICA
1915 3265 2039 3352 IN
2113 3260 2957 3351 ADALBEBTUM.

1249 3456 1490 3535 (Fabric.
1528 3455 1787 3510 Biblioth.
1811 3456 1953 3510 mea'.
1980 3466 2029 3510 et
2055 3455 2155 3525 inf.
2182 3453 2304 3525 lat.)

217 3735 557 3817 Adalhrrtus,
580 3741 775 3817 levita,
806 3742 919 3799 sive
947 3747 1242 3817 monachus
1275 3756 1326 3802 et
1354 3748 1629 3809 sacerdos,
1659 3748 1877 3817 scripsit
1904 3745 2091 3801 Flores
2111 3762 2175 3799 ea:
2197 3744 2487 3817 Morntibus
2514 3744 2580 3817 Β.
2612 3742 2849 3817 Gregorii
2868 3757 3017 3808 papm
3039 3756 3092 3817 ni
3131 3739 3255 3817 Job,
3286 3753 3410 3817 eos-

141 3819 249 3871 que
279 3808 546 3888 dedicavit
580 3812 906 3888 licrimauno
932 3816 1272 3887 presbytero.
1305 3817 1591 3888 Prologum
1611 3808 1677 3870 ad
1705 3808 2099 3888 Ilerimannum
2124 3816 2291 3871 edidit
2316 3814 2625 3872 Edmundus
2656 3808 2893 3867 Martcne
2925 3822 3053 3866 tom.
3080 3810 3094 3865 l
3124 3809 3409 3876 Anecdot.,

142 3890 307 3942 quem
341 3884 567 3933 testatur
588 3883 960 3953 depromptum
988 3901 1053 3940 ex
1086 3883 1271 3943 codice
1294 3883 1556 3942 annorum
1587 3886 1805 3943 circiter
1838 3887 1961 3941 600.

148 4017 404 4041 ὴ

410 4018 3404 4047 W

725 4172 1121 4347 INCIPIT
1202 4176 1728 4302 P30LOGUS
1804 4176 2389 4303 ADALBEBTI
2445 4176 2842 4303 LEVITIE

1065 4424 1174 4483 AD
1217 4424 1763 4521 HERIMANNUM
1807 4384 2391 4490 PRESBvTERUM

225 4596 304 4668 In
335 4615 453 4675 quo
480 4596 800 4674 promittit
825 4595 1303 4658 subnectendum
1326 4596 1382 4659 ei
1402 4597 1777 4676 opusculum
1805 4608 2165 4676 excerptum
2200 4619 2226 4676 ᾳ
2261 4595 2440 4675 quasi
2462 4596 2603 4657 lilia
2625 4594 2966 4676 Candentiq
2994 4589 3415 4676 Q‘Moralibus

346 4667 576 4753 'quw'B.
613 4676 961 4755 Gregorius
994 4677 1248 4754 Spiritu
1290 4667 1505 4738 sancio
1537 4677 1795 4757 afﬂatus
1827 4667 2322 4738 luculentissinio
2358 4693 2636 4735 sermone
2667 4670 2985 4744 disseruit
3023 4667 3124 4743 (1).
3163 4689 3194 4721 ι)

1145 4840 1322 4911 (Apud
1350 4840 1602 4905 Martem,
1633 4841 1883 4905 Anecdot.
1916 4852 2045 4898 tom.
2070 4840 2113 4906 l,
2145 4854 2271 4911 pag.
2292 4839 2409 4908 84.)

213 5115 563 5173 Ditecussrmo
594 5133 642 5171 tn
678 5115 893 5182 Christo
929 5138 999 5179 ac
1037 5121 1327 5176 venerabili
1366 5121 1517 5179 Patri
1558 5136 1716 5175 mnt-
1744 5108 1791 5169 C
1894 5124 2101 5179 Mecum
2130 5119 2324 5188 sepius
2353 5124 2612 5183 retracto,
2650 5110 3059 5207 reverenda
3075 5096 3249 5207 Pater.
3287 5102 3493 5207 creber-

142 5215 275 5259 uno
303 5206 614 5277 presbytero
651 5206 1014 5271 ADALBERTUS
1054 5210 1385 5268 humillimus
1425 5214 1714 5271 levitarum

1822 5221 1956 5274 rima
2013 5214 2158 5269 circa
2222 5226 2309 5265 me
2362 5208 2721 5278 benignitatis

2832 5188 3268 5292 :garitatisqne
3330 5198 3511 5286 vestrae
