  <div class='ocr_page' id='page_1' title='image "/cluster/home/n/w/nwhite01/storage/ocr_20150623/136/hvd.32044015471766/655.png"; bbox 0 0 3982 5292; ppageno 0'>
   <div class='ocr_carea' id='block_1_1' title="bbox 607 291 777 372">
    <p class='ocr_par' dir='ltr' id='par_1_1' title="bbox 607 291 777 372">
     <span class='ocr_line' id='line_1_1' title="bbox 607 291 777 372; baseline 0 -24"><span class='ocrx_word' id='word_1_1' title='bbox 607 291 777 372; x_wconf 73' lang='grc' dir='ltr'><strong>¹ιδιι</strong></span> 
     </span>
    </p>
   </div>
   <div class='ocr_carea' id='block_1_2' title="bbox 1677 285 3790 353">
    <p class='ocr_par' dir='ltr' id='par_1_2' title="bbox 1677 285 3790 353">
     <span class='ocr_line' id='line_1_2' title="bbox 1677 285 3790 353; baseline 0.004 -8"><span class='ocrx_word' id='word_1_2' title='bbox 1677 285 2066 346; x_wconf 79' lang='lat' dir='ltr'><strong>ADALBER&#39;I‘I</strong></span> <span class='ocrx_word' id='word_1_3' title='bbox 2104 286 2445 347; x_wconf 82' lang='lat' dir='ltr'><strong>METENSIS</strong></span> <span class='ocrx_word' id='word_1_4' title='bbox 2502 287 2891 348; x_wconf 76' lang='lat' dir='ltr'><strong>PROLOGUS.</strong></span> <span class='ocrx_word' id='word_1_5' title='bbox 3707 299 3790 353; x_wconf 63' lang='lat' dir='ltr'><strong>BI!</strong></span> 
     </span>
    </p>
   </div>
   <div class='ocr_carea' id='block_1_3' title="bbox 640 398 3795 474">
    <p class='ocr_par' dir='ltr' id='par_1_3' title="bbox 640 398 3795 474">
     <span class='ocr_line' id='line_1_3' title="bbox 640 398 3795 474; baseline 0.001 -13"><span class='ocrx_word' id='word_1_6' title='bbox 640 403 930 461; x_wconf 81' lang='lat' dir='ltr'><strong>admodum</strong></span> <span class='ocrx_word' id='word_1_7' title='bbox 975 402 1106 459; x_wconf 84' lang='lat' dir='ltr'><strong>mibi</strong></span> <span class='ocrx_word' id='word_1_8' title='bbox 1157 398 1493 460; x_wconf 87' lang='lat' dir='ltr'><strong>delectabilia</strong></span> <span class='ocrx_word' id='word_1_9' title='bbox 1537 399 1978 457; x_wconf 79' lang='lat' dir='ltr'><strong>exbortationum</strong></span> <span class='ocrx_word' id='word_1_10' title='bbox 2014 406 2223 456; x_wconf 63' lang='lat' dir='ltr'><strong>vestra:-</strong></span> <span class='ocrx_word' id='word_1_11' title='bbox 2248 404 2301 463; x_wconf 78' lang='grc' dir='ltr'>Α</span> <span class='ocrx_word' id='word_1_12' title='bbox 2327 412 2449 458; x_wconf 89' lang='lat' dir='ltr'><strong>tuor</strong></span> <span class='ocrx_word' id='word_1_13' title='bbox 2477 401 2694 459; x_wconf 80' lang='lat' dir='ltr'><strong>decrevi</strong></span> <span class='ocrx_word' id='word_1_14' title='bbox 2723 401 3057 474; x_wconf 83' lang='lat' dir='ltr'><strong>distinguere</strong></span> <span class='ocrx_word' id='word_1_15' title='bbox 3091 399 3271 470; x_wconf 84' lang='lat' dir='ltr'><strong>libris;</strong></span> <span class='ocrx_word' id='word_1_16' title='bbox 3305 410 3361 459; x_wconf 89' lang='lat' dir='ltr'><strong>et</strong></span> <span class='ocrx_word' id='word_1_17' title='bbox 3397 402 3517 474; x_wconf 84' lang='lat' dir='ltr'><strong>quia</strong></span> <span class='ocrx_word' id='word_1_18' title='bbox 3556 403 3711 463; x_wconf 86' lang='lat' dir='ltr'><strong>ibidem</strong></span> <span class='ocrx_word' id='word_1_19' title='bbox 3733 411 3795 467; x_wconf 80' lang='lat' dir='ltr'><strong>In.</strong></span> 
     </span>
    </p>
   </div>
   <div class='ocr_carea' id='block_1_4' title="bbox 639 492 2220 566">
    <p class='ocr_par' dir='ltr' id='par_1_4' title="bbox 639 492 2220 566">
     <span class='ocr_line' id='line_1_4' title="bbox 639 492 2220 566; baseline -0.001 -15"><span class='ocrx_word' id='word_1_20' title='bbox 639 511 760 551; x_wconf 91' lang='lat' dir='ltr'><strong>rum</strong></span> <span class='ocrx_word' id='word_1_21' title='bbox 816 495 1101 566; x_wconf 87' lang='lat' dir='ltr'><strong>colloquia.</strong></span> <span class='ocrx_word' id='word_1_22' title='bbox 1169 494 1318 550; x_wconf 90' lang='lat' dir='ltr'><strong>Inter</strong></span> <span class='ocrx_word' id='word_1_23' title='bbox 1376 502 1573 553; x_wconf 75' lang='lat' dir='ltr'><strong>ctetera</strong></span> <span class='ocrx_word' id='word_1_24' title='bbox 1637 500 1819 549; x_wconf 88' lang='lat' dir='ltr'><strong>tamen</strong></span> <span class='ocrx_word' id='word_1_25' title='bbox 1879 492 2220 565; x_wconf 89' lang='lat' dir='ltr'><strong>paternitatis</strong></span> 
     </span>
    </p>
   </div>
   <div class='ocr_carea' id='block_1_5' title="bbox 641 583 2222 651">
    <p class='ocr_par' dir='ltr' id='par_1_5' title="bbox 641 583 2222 651">
     <span class='ocr_line' id='line_1_5' title="bbox 641 583 2222 651; baseline 0.001 -13"><span class='ocrx_word' id='word_1_26' title='bbox 641 594 834 641; x_wconf 71' lang='lat' dir='ltr'><strong>vestra:</strong></span> <span class='ocrx_word' id='word_1_27' title='bbox 877 585 1162 651; x_wconf 81' lang='lat' dir='ltr'><strong>solamina,</strong></span> <span class='ocrx_word' id='word_1_28' title='bbox 1218 584 1308 639; x_wconf 89' lang='lat' dir='ltr'><strong>illa</strong></span> <span class='ocrx_word' id='word_1_29' title='bbox 1355 599 1461 639; x_wconf 90' lang='lat' dir='ltr'><strong>non</strong></span> <span class='ocrx_word' id='word_1_30' title='bbox 1510 583 1688 640; x_wconf 89' lang='lat' dir='ltr'><strong>minus</strong></span> <span class='ocrx_word' id='word_1_31' title='bbox 1730 586 2004 640; x_wconf 85' lang='lat' dir='ltr'><strong>haeserunt</strong></span> <span class='ocrx_word' id='word_1_32' title='bbox 2041 584 2222 640; x_wconf 89' lang='lat' dir='ltr'><strong>animo</strong></span> 
     </span>
    </p>
   </div>
   <div class='ocr_carea' id='block_1_6' title="bbox 640 674 2223 751">
    <p class='ocr_par' dir='ltr' id='par_1_6' title="bbox 640 674 2223 751">
     <span class='ocr_line' id='line_1_6' title="bbox 640 674 2223 751; baseline 0.003 -23"><span class='ocrx_word' id='word_1_33' title='bbox 640 691 760 747; x_wconf 67' lang='lat' dir='ltr'><strong>quae</strong></span> <span class='ocrx_word' id='word_1_34' title='bbox 788 675 854 732; x_wconf 89' lang='lat' dir='ltr'><strong>de</strong></span> <span class='ocrx_word' id='word_1_35' title='bbox 894 674 1191 731; x_wconf 75' lang='lat' dir='ltr'><strong>beatissimi</strong></span> <span class='ocrx_word' id='word_1_36' title='bbox 1228 676 1473 748; x_wconf 74' lang='lat' dir='ltr'><strong>Gregorii</strong></span> <span class='ocrx_word' id='word_1_37' title='bbox 1518 691 1668 748; x_wconf 61' lang='lat' dir='ltr'><strong>papae</strong></span> <span class='ocrx_word' id='word_1_38' title='bbox 1707 676 1864 733; x_wconf 87' lang='lat' dir='ltr'><strong>libris</strong></span> <span class='ocrx_word' id='word_1_39' title='bbox 1908 676 2223 751; x_wconf 69' lang='lat' dir='ltr'><strong>{requenter</strong></span> 
     </span>
    </p>
   </div>
   <div class='ocr_carea' id='block_1_7' title="bbox 642 764 2224 837">
    <p class='ocr_par' dir='ltr' id='par_1_7' title="bbox 642 764 2224 837">
     <span class='ocr_line' id='line_1_7' title="bbox 642 764 2224 837; baseline 0 -17"><span class='ocrx_word' id='word_1_40' title='bbox 642 766 903 821; x_wconf 82' lang='lat' dir='ltr'><strong>mirantes</strong></span> <span class='ocrx_word' id='word_1_41' title='bbox 972 765 1086 820; x_wconf 84' lang='lat' dir='ltr'><strong>sive</strong></span> <span class='ocrx_word' id='word_1_42' title='bbox 1139 764 1542 837; x_wconf 83' lang='lat' dir='ltr'><strong>congaudentes</strong></span> <span class='ocrx_word' id='word_1_43' title='bbox 1601 766 1913 837; x_wconf 85' lang='lat' dir='ltr'><strong>pariterque</strong></span> <span class='ocrx_word' id='word_1_44' title='bbox 1971 766 2224 821; x_wconf 87' lang='lat' dir='ltr'><strong>timentes</strong></span> 
     </span>
    </p>
   </div>
   <div class='ocr_carea' id='block_1_8' title="bbox 638 854 2225 926">
    <p class='ocr_par' dir='ltr' id='par_1_8' title="bbox 638 854 2225 926">
     <span class='ocr_line' id='line_1_8' title="bbox 638 854 2225 926; baseline 0.001 -17"><span class='ocrx_word' id='word_1_45' title='bbox 638 856 843 911; x_wconf 84' lang='lat' dir='ltr'><strong>vicaria</strong></span> <span class='ocrx_word' id='word_1_46' title='bbox 892 854 1151 912; x_wconf 85' lang='lat' dir='ltr'><strong>relatione</strong></span> <span class='ocrx_word' id='word_1_47' title='bbox 1193 855 1540 911; x_wconf 86' lang='lat' dir='ltr'><strong>contulimus.</strong></span> <span class='ocrx_word' id='word_1_48' title='bbox 1588 856 1736 912; x_wconf 90' lang='lat' dir='ltr'><strong>Inter</strong></span> <span class='ocrx_word' id='word_1_49' title='bbox 1782 856 1998 912; x_wconf 91' lang='lat' dir='ltr'><strong>eosdem</strong></span> <span class='ocrx_word' id='word_1_50' title='bbox 2028 869 2225 926; x_wconf 87' lang='lat' dir='ltr'><strong>nempe</strong></span> 
     </span>
    </p>
   </div>
   <div class='ocr_carea' id='block_1_9' title="bbox 637 944 2227 1011">
    <p class='ocr_par' dir='ltr' id='par_1_9' title="bbox 637 944 2227 1011">
     <span class='ocr_line' id='line_1_9' title="bbox 637 944 2227 1011; baseline 0 -11"><span class='ocrx_word' id='word_1_51' title='bbox 637 945 805 1000; x_wconf 88' lang='lat' dir='ltr'><strong>libros</strong></span> <span class='ocrx_word' id='word_1_52' title='bbox 834 944 1052 1002; x_wconf 79' lang='lat' dir='ltr'><strong>Moralia</strong></span> <span class='ocrx_word' id='word_1_53' title='bbox 1097 946 1151 1003; x_wconf 91' lang='lat' dir='ltr'><strong>in</strong></span> <span class='ocrx_word' id='word_1_54' title='bbox 1186 946 1344 1005; x_wconf 83' lang='lat' dir='ltr'><strong>beato</strong></span> <span class='ocrx_word' id='word_1_55' title='bbox 1383 944 1483 1002; x_wconf 87' lang='lat' dir='ltr'><strong>Job</strong></span> <span class='ocrx_word' id='word_1_56' title='bbox 1523 946 1687 1011; x_wconf 84' lang='lat' dir='ltr'><strong>edita,</strong></span> <span class='ocrx_word' id='word_1_57' title='bbox 1734 946 2015 1005; x_wconf 88' lang='lat' dir='ltr'><strong>dulcedine</strong></span> <span class='ocrx_word' id='word_1_58' title='bbox 2056 946 2227 1002; x_wconf 86' lang='lat' dir='ltr'><strong>dicto-</strong></span> 
     </span>
    </p>
   </div>
   <div class='ocr_carea' id='block_1_10' title="bbox 638 1035 2226 1107">
    <p class='ocr_par' dir='ltr' id='par_1_10' title="bbox 638 1035 2226 1107">
     <span class='ocr_line' id='line_1_10' title="bbox 638 1035 2226 1107; baseline 0.001 -16"><span class='ocrx_word' id='word_1_59' title='bbox 638 1053 759 1091; x_wconf 85' lang='lat' dir='ltr'><strong>rum</strong></span> <span class='ocrx_word' id='word_1_60' title='bbox 792 1036 996 1100; x_wconf 83' lang='lat' dir='ltr'><strong>allecti.</strong></span> <span class='ocrx_word' id='word_1_61' title='bbox 1031 1037 1259 1092; x_wconf 87' lang='lat' dir='ltr'><strong>subinde</strong></span> <span class='ocrx_word' id='word_1_62' title='bbox 1293 1035 1651 1103; x_wconf 82' lang='lat' dir='ltr'><strong>revolventes,</strong></span> <span class='ocrx_word' id='word_1_63' title='bbox 1683 1038 1928 1107; x_wconf 69' lang='lat' dir='ltr'><strong>quaedam</strong></span> <span class='ocrx_word' id='word_1_64' title='bbox 1960 1045 2052 1092; x_wconf 91' lang='lat' dir='ltr'><strong>tuo</strong></span> <span class='ocrx_word' id='word_1_65' title='bbox 2071 1037 2226 1107; x_wconf 87' lang='lat' dir='ltr'><strong>jussu</strong></span> 
     </span>
    </p>
   </div>
   <div class='ocr_carea' id='block_1_11' title="bbox 638 1128 2227 1200">
    <p class='ocr_par' dir='ltr' id='par_1_11' title="bbox 638 1128 2227 1200">
     <span class='ocr_line' id='line_1_11' title="bbox 638 1128 2227 1200; baseline 0.002 -18"><span class='ocrx_word' id='word_1_66' title='bbox 638 1138 799 1197; x_wconf 79' lang='lat' dir='ltr'><strong>teque</strong></span> <span class='ocrx_word' id='word_1_67' title='bbox 839 1139 1105 1198; x_wconf 58' lang='lat' dir='ltr'><strong>praesente</strong></span> <span class='ocrx_word' id='word_1_68' title='bbox 1151 1128 1322 1200; x_wconf 83' lang='lat' dir='ltr'><strong>prima</strong></span> <span class='ocrx_word' id='word_1_69' title='bbox 1365 1145 1431 1184; x_wconf 81' lang='lat' dir='ltr'><strong>ex</strong></span> <span class='ocrx_word' id='word_1_70' title='bbox 1462 1138 1615 1200; x_wconf 87' lang='lat' dir='ltr'><strong>parte</strong></span> <span class='ocrx_word' id='word_1_71' title='bbox 1643 1129 1738 1185; x_wconf 86' lang='lat' dir='ltr'><strong>tibi</strong></span> <span class='ocrx_word' id='word_1_72' title='bbox 1765 1129 2009 1198; x_wconf 81' lang='lat' dir='ltr'><strong>excerpsi</strong></span> <span class='ocrx_word' id='word_1_73' title='bbox 2044 1146 2058 1184; x_wconf 92' lang='lat'><strong>:</strong></span> <span class='ocrx_word' id='word_1_74' title='bbox 2088 1130 2227 1185; x_wconf 87' lang='lat' dir='ltr'><strong>unde</strong></span> 
     </span>
    </p>
   </div>
   <div class='ocr_carea' id='block_1_12' title="bbox 641 1217 2228 1292">
    <p class='ocr_par' dir='ltr' id='par_1_12' title="bbox 641 1217 2228 1292">
     <span class='ocr_line' id='line_1_12' title="bbox 641 1217 2228 1292; baseline 0.001 -20"><span class='ocrx_word' id='word_1_75' title='bbox 641 1229 733 1273; x_wconf 89' lang='lat' dir='ltr'><strong>tuo</strong></span> <span class='ocrx_word' id='word_1_76' title='bbox 779 1227 886 1272; x_wconf 89' lang='lat' dir='ltr'><strong>tam</strong></span> <span class='ocrx_word' id='word_1_77' title='bbox 924 1228 1248 1289; x_wconf 78' lang='lat' dir='ltr'><strong>provocatus</strong></span> <span class='ocrx_word' id='word_1_78' title='bbox 1278 1218 1482 1286; x_wconf 88' lang='lat' dir='ltr'><strong>studio,</strong></span> <span class='ocrx_word' id='word_1_79' title='bbox 1512 1234 1676 1290; x_wconf 88' lang='lat' dir='ltr'><strong>quam</strong></span> <span class='ocrx_word' id='word_1_80' title='bbox 1704 1219 1871 1292; x_wconf 75' lang='lat' dir='ltr'><strong>etiam</strong></span> <span class='ocrx_word' id='word_1_81' title='bbox 1901 1217 2069 1280; x_wconf 81' lang='lat' dir='ltr'><strong>fultus</strong></span> <span class='ocrx_word' id='word_1_82' title='bbox 2096 1232 2228 1274; x_wconf 90' lang='lat' dir='ltr'><strong>con-</strong></span> 
     </span>
    </p>
   </div>
   <div class='ocr_carea' id='block_1_13' title="bbox 640 1313 2227 1385">
    <p class='ocr_par' dir='ltr' id='par_1_13' title="bbox 640 1313 2227 1385">
     <span class='ocr_line' id='line_1_13' title="bbox 640 1313 2227 1385; baseline 0 -18"><span class='ocrx_word' id='word_1_83' title='bbox 640 1313 783 1379; x_wconf 90' lang='lat' dir='ltr'><strong>silio,</strong></span> <span class='ocrx_word' id='word_1_84' title='bbox 811 1314 952 1381; x_wconf 86' lang='lat' dir='ltr'><strong>quod</strong></span> <span class='ocrx_word' id='word_1_85' title='bbox 990 1314 1140 1383; x_wconf 86' lang='lat' dir='ltr'><strong>prius</strong></span> <span class='ocrx_word' id='word_1_86' title='bbox 1170 1315 1267 1369; x_wconf 91' lang='lat' dir='ltr'><strong>sub</strong></span> <span class='ocrx_word' id='word_1_87' title='bbox 1312 1329 1513 1370; x_wconf 91' lang='lat' dir='ltr'><strong>arcano</strong></span> <span class='ocrx_word' id='word_1_88' title='bbox 1568 1314 1807 1385; x_wconf 86' lang='lat' dir='ltr'><strong>pectoris</strong></span> <span class='ocrx_word' id='word_1_89' title='bbox 1845 1315 1952 1369; x_wconf 90' lang='lat' dir='ltr'><strong>mei</strong></span> <span class='ocrx_word' id='word_1_90' title='bbox 2003 1313 2227 1380; x_wconf 89' lang='lat' dir='ltr'><strong>latebat,</strong></span> 
     </span>
    </p>
   </div>
   <div class='ocr_carea' id='block_1_14' title="bbox 642 1404 2230 1477">
    <p class='ocr_par' dir='ltr' id='par_1_14' title="bbox 642 1404 2230 1477">
     <span class='ocr_line' id='line_1_14' title="bbox 642 1404 2230 1477; baseline 0.003 -19"><span class='ocrx_word' id='word_1_91' title='bbox 642 1404 734 1459; x_wconf 85' lang='lat' dir='ltr'><strong>tali</strong></span> <span class='ocrx_word' id='word_1_92' title='bbox 774 1421 893 1461; x_wconf 88' lang='lat' dir='ltr'><strong>sum</strong></span> <span class='ocrx_word' id='word_1_93' title='bbox 920 1407 1109 1462; x_wconf 83' lang='lat' dir='ltr'><strong>ordine</strong></span> <span class='ocrx_word' id='word_1_94' title='bbox 1154 1416 1378 1461; x_wconf 78' lang='lat' dir='ltr'><strong>conatus</strong></span> <span class='ocrx_word' id='word_1_95' title='bbox 1419 1407 1704 1477; x_wconf 83' lang='lat' dir='ltr'><strong>perﬁcere,</strong></span> <span class='ocrx_word' id='word_1_96' title='bbox 1751 1407 2002 1462; x_wconf 78' lang='lat' dir='ltr'><strong>videlicet</strong></span> <span class='ocrx_word' id='word_1_97' title='bbox 2041 1415 2097 1463; x_wconf 94' lang='lat' dir='ltr'><strong>ut</strong></span> <span class='ocrx_word' id='word_1_98' title='bbox 2134 1407 2230 1462; x_wconf 89' lang='lat' dir='ltr'><strong>tri-</strong></span> 
     </span>
    </p>
   </div>
   <div class='ocr_carea' id='block_1_15' title="bbox 641 1496 2229 1569">
    <p class='ocr_par' dir='ltr' id='par_1_15' title="bbox 641 1496 2229 1569">
     <span class='ocr_line' id='line_1_15' title="bbox 641 1496 2229 1569; baseline 0.003 -21"><span class='ocrx_word' id='word_1_99' title='bbox 641 1496 787 1567; x_wconf 90' lang='lat' dir='ltr'><strong>ginta</strong></span> <span class='ocrx_word' id='word_1_100' title='bbox 817 1497 1055 1568; x_wconf 86' lang='lat' dir='ltr'><strong>quinque</strong></span> <span class='ocrx_word' id='word_1_101' title='bbox 1088 1497 1252 1553; x_wconf 91' lang='lat' dir='ltr'><strong>libros</strong></span> <span class='ocrx_word' id='word_1_102' title='bbox 1283 1497 1652 1554; x_wconf 89' lang='lat' dir='ltr'><strong>memorabilis</strong></span> <span class='ocrx_word' id='word_1_103' title='bbox 1688 1513 1840 1569; x_wconf 68' lang='lat' dir='ltr'><strong>papae</strong></span> <span class='ocrx_word' id='word_1_104' title='bbox 1869 1497 2115 1569; x_wconf 78' lang='lat' dir='ltr'><strong>Gregorii</strong></span> <span class='ocrx_word' id='word_1_105' title='bbox 2143 1497 2229 1553; x_wconf 88' lang='lat' dir='ltr'><strong>di-</strong></span> 
     </span>
    </p>
   </div>
   <div class='ocr_carea' id='block_1_16' title="bbox 576 1586 2230 1658">
    <p class='ocr_par' dir='ltr' id='par_1_16' title="bbox 576 1586 2230 1658">
     <span class='ocr_line' id='line_1_16' title="bbox 576 1586 2230 1658; baseline 0.003 -21"><span class='ocrx_word' id='word_1_106' title='bbox 576 1630 585 1635; x_wconf 85' lang='lat'><strong>-</strong></span> <span class='ocrx_word' id='word_1_107' title='bbox 640 1586 862 1656; x_wconf 89' lang='lat' dir='ltr'><strong>ligentia</strong></span> <span class='ocrx_word' id='word_1_108' title='bbox 903 1603 1008 1656; x_wconf 85' lang='lat' dir='ltr'><strong>qua</strong></span> <span class='ocrx_word' id='word_1_109' title='bbox 1056 1603 1270 1657; x_wconf 89' lang='lat' dir='ltr'><strong>possem</strong></span> <span class='ocrx_word' id='word_1_110' title='bbox 1319 1596 1769 1654; x_wconf 87' lang='lat' dir='ltr'><strong>transcurrerem,</strong></span> <span class='ocrx_word' id='word_1_111' title='bbox 1817 1595 1874 1643; x_wconf 92' lang='lat' dir='ltr'><strong>et</strong></span> <span class='ocrx_word' id='word_1_112' title='bbox 1912 1602 2137 1658; x_wconf 59' lang='lat' dir='ltr'><strong>queque</strong></span> <span class='ocrx_word' id='word_1_113' title='bbox 2175 1588 2230 1643; x_wconf 91' lang='lat' dir='ltr'><strong>in</strong></span> 
     </span>
    </p>
   </div>
   <div class='ocr_carea' id='block_1_17' title="bbox 640 1678 2229 1764">
    <p class='ocr_par' dir='ltr' id='par_1_17' title="bbox 640 1678 2229 1764">
     <span class='ocr_line' id='line_1_17' title="bbox 640 1678 2229 1764; baseline 0.001 -31"><span class='ocrx_word' id='word_1_114' title='bbox 640 1679 846 1733; x_wconf 85' lang='lat' dir='ltr'><strong>eisdem</strong></span> <span class='ocrx_word' id='word_1_115' title='bbox 876 1678 1029 1735; x_wconf 88' lang='lat' dir='ltr'><strong>libris</strong></span> <span class='ocrx_word' id='word_1_116' title='bbox 1060 1680 1124 1734; x_wconf 88' lang='lat' dir='ltr'><strong>de</strong></span> <span class='ocrx_word' id='word_1_117' title='bbox 1163 1678 1493 1749; x_wconf 86' lang='lat' dir='ltr'><strong>quibuslibet</strong></span> <span class='ocrx_word' id='word_1_118' title='bbox 1531 1680 1692 1735; x_wconf 85' lang='lat' dir='ltr'><strong>rebus</strong></span> <span class='ocrx_word' id='word_1_119' title='bbox 1721 1680 1895 1764; x_wconf 79' lang='lat' dir='ltr'><strong>magis</strong></span> <span class='ocrx_word' id='word_1_120' title='bbox 1918 1680 2229 1735; x_wconf 89' lang='lat' dir='ltr'><strong>necessaria</strong></span> 
     </span>
    </p>
   </div>
   <div class='ocr_carea' id='block_1_18' title="bbox 641 1757 3885 1842">
    <p class='ocr_par' dir='ltr' id='par_1_18' title="bbox 641 1757 3885 1842">
     <span class='ocr_line' id='line_1_18' title="bbox 641 1757 3885 1842; baseline -0.003 -19"><span class='ocrx_word' id='word_1_121' title='bbox 641 1770 965 1839; x_wconf 89' lang='lat' dir='ltr'><strong>reperissem</strong></span> <span class='ocrx_word' id='word_1_122' title='bbox 987 1810 1002 1835; x_wconf 88' lang='lat'><strong>,</strong></span> <span class='ocrx_word' id='word_1_123' title='bbox 1053 1769 1239 1826; x_wconf 88' lang='lat' dir='ltr'><strong>codice</strong></span> <span class='ocrx_word' id='word_1_124' title='bbox 1278 1771 1378 1826; x_wconf 90' lang='lat' dir='ltr'><strong>sub</strong></span> <span class='ocrx_word' id='word_1_125' title='bbox 1421 1784 1530 1825; x_wconf 92' lang='lat' dir='ltr'><strong>uno</strong></span> <span class='ocrx_word' id='word_1_126' title='bbox 1559 1757 1847 1842; x_wconf 79' lang='lat' dir='ltr'><strong>aggregata</strong></span> <span class='ocrx_word' id='word_1_127' title='bbox 1891 1770 2222 1841; x_wconf 82' lang='lat' dir='ltr'><strong>colligerem,</strong></span> <span class='ocrx_word' id='word_1_128' title='bbox 2256 1757 2302 1818; x_wconf 88' lang='grc' dir='ltr'><strong>Β</strong></span> <span class='ocrx_word' id='word_1_129' title='bbox 2330 1768 2473 1825; x_wconf 79' lang='lat' dir='ltr'><strong>ferre</strong></span> <span class='ocrx_word' id='word_1_130' title='bbox 2496 1783 2603 1823; x_wconf 91' lang='lat' dir='ltr'><strong>non</strong></span> <span class='ocrx_word' id='word_1_131' title='bbox 2635 1766 2797 1833; x_wconf 77' lang='lat' dir='ltr'><strong>valui,</strong></span> <span class='ocrx_word' id='word_1_132' title='bbox 2830 1766 2971 1821; x_wconf 89' lang='lat' dir='ltr'><strong>sedit</strong></span> <span class='ocrx_word' id='word_1_133' title='bbox 2997 1765 3176 1821; x_wconf 88' lang='lat' dir='ltr'><strong>animo</strong></span> <span class='ocrx_word' id='word_1_134' title='bbox 3208 1773 3267 1818; x_wconf 91' lang='lat' dir='ltr'><strong>ut</strong></span> <span class='ocrx_word' id='word_1_135' title='bbox 3294 1762 3459 1817; x_wconf 91' lang='lat' dir='ltr'><strong>ﬂores</strong></span> <span class='ocrx_word' id='word_1_136' title='bbox 3483 1776 3606 1830; x_wconf 86' lang='lat' dir='ltr'><strong>quos</strong></span> <span class='ocrx_word' id='word_1_137' title='bbox 3625 1761 3806 1833; x_wconf 82' lang='lat' dir='ltr'><strong>pulcbrio-</strong></span> <span class='ocrx_word' id='word_1_138' title='bbox 3884 1758 3885 1831; x_wconf 50' lang='grc' dir='ltr'>ἦ</span> 
     </span>
    </p>
   </div>
   <div class='ocr_carea' id='block_1_19' title="bbox 644 1860 2225 1932">
    <p class='ocr_par' dir='ltr' id='par_1_19' title="bbox 644 1860 2225 1932">
     <span class='ocr_line' id='line_1_19' title="bbox 644 1860 2225 1932; baseline 0.001 -19"><span class='ocrx_word' id='word_1_139' title='bbox 644 1868 809 1930; x_wconf 85' lang='lat' dir='ltr'><strong>atque</strong></span> <span class='ocrx_word' id='word_1_140' title='bbox 868 1860 1107 1931; x_wconf 80' lang='lat' dir='ltr'><strong>singulas</strong></span> <span class='ocrx_word' id='word_1_141' title='bbox 1169 1861 1468 1917; x_wconf 88' lang='lat' dir='ltr'><strong>sententias</strong></span> <span class='ocrx_word' id='word_1_142' title='bbox 1535 1861 1789 1932; x_wconf 89' lang='lat' dir='ltr'><strong>capitulis</strong></span> <span class='ocrx_word' id='word_1_143' title='bbox 1846 1869 2225 1932; x_wconf 82' lang='lat' dir='ltr'><strong>praenotarem.</strong></span> 
     </span>
    </p>
   </div>
   <div class='ocr_carea' id='block_1_20' title="bbox 645 1951 2230 2027">
    <p class='ocr_par' dir='ltr' id='par_1_20' title="bbox 645 1951 2230 2027">
     <span class='ocr_line' id='line_1_20' title="bbox 645 1951 2230 2027; baseline 0.006 -22"><span class='ocrx_word' id='word_1_144' title='bbox 645 1951 798 2019; x_wconf 87' lang='lat' dir='ltr'><strong>Quod</strong></span> <span class='ocrx_word' id='word_1_145' title='bbox 840 1952 1055 2021; x_wconf 87' lang='lat' dir='ltr'><strong>quidem</strong></span> <span class='ocrx_word' id='word_1_146' title='bbox 1088 1968 1192 2009; x_wconf 88' lang='lat' dir='ltr'><strong>non</strong></span> <span class='ocrx_word' id='word_1_147' title='bbox 1230 1964 1287 2008; x_wconf 92' lang='lat' dir='ltr'><strong>ut</strong></span> <span class='ocrx_word' id='word_1_148' title='bbox 1313 1954 1498 2020; x_wconf 90' lang='lat' dir='ltr'><strong>debui,</strong></span> <span class='ocrx_word' id='word_1_149' title='bbox 1542 1955 1636 2011; x_wconf 89' lang='lat' dir='ltr'><strong>sed</strong></span> <span class='ocrx_word' id='word_1_150' title='bbox 1674 1963 1835 2026; x_wconf 90' lang='lat' dir='ltr'><strong>prout</strong></span> <span class='ocrx_word' id='word_1_151' title='bbox 1877 1955 2230 2027; x_wconf 83' lang='lat' dir='ltr'><strong>potuiopere</strong></span> 
     </span>
    </p>
   </div>
   <div class='ocr_carea' id='block_1_21' title="bbox 643 2043 2230 2115">
    <p class='ocr_par' dir='ltr' id='par_1_21' title="bbox 643 2043 2230 2115">
     <span class='ocr_line' id='line_1_21' title="bbox 643 2043 2230 2115; baseline 0.003 -19"><span class='ocrx_word' id='word_1_152' title='bbox 643 2043 969 2113; x_wconf 82' lang='lat' dir='ltr'><strong>perpetravi.</strong></span> <span class='ocrx_word' id='word_1_153' title='bbox 1003 2043 1117 2111; x_wconf 69' lang='lat' dir='ltr'><strong>Non</strong></span> <span class='ocrx_word' id='word_1_154' title='bbox 1153 2045 1442 2101; x_wconf 90' lang='lat' dir='ltr'><strong>temerario</strong></span> <span class='ocrx_word' id='word_1_155' title='bbox 1470 2045 1515 2101; x_wconf 90' lang='lat' dir='ltr'><strong>si</strong></span> <span class='ocrx_word' id='word_1_156' title='bbox 1553 2046 1791 2115; x_wconf 88' lang='lat' dir='ltr'><strong>quidem,</strong></span> <span class='ocrx_word' id='word_1_157' title='bbox 1824 2055 1883 2101; x_wconf 93' lang='lat' dir='ltr'><strong>ut</strong></span> <span class='ocrx_word' id='word_1_158' title='bbox 1921 2046 2051 2101; x_wconf 88' lang='lat' dir='ltr'><strong>mihi</strong></span> <span class='ocrx_word' id='word_1_159' title='bbox 2083 2047 2230 2101; x_wconf 55' lang='lat' dir='ltr'><strong>vide-</strong></span> 
     </span>
    </p>
   </div>
   <div class='ocr_carea' id='block_1_22' title="bbox 646 2133 2231 2208">
    <p class='ocr_par' dir='ltr' id='par_1_22' title="bbox 646 2133 2231 2208">
     <span class='ocr_line' id='line_1_22' title="bbox 646 2133 2231 2208; baseline 0.002 -19"><span class='ocrx_word' id='word_1_160' title='bbox 646 2141 751 2196; x_wconf 85' lang='lat' dir='ltr'><strong>tur,</strong></span> <span class='ocrx_word' id='word_1_161' title='bbox 784 2148 919 2189; x_wconf 90' lang='lat' dir='ltr'><strong>ausu</strong></span> <span class='ocrx_word' id='word_1_162' title='bbox 948 2133 1000 2189; x_wconf 91' lang='lat' dir='ltr'><strong>id</strong></span> <span class='ocrx_word' id='word_1_163' title='bbox 1043 2134 1243 2191; x_wconf 86' lang='lat' dir='ltr'><strong>teutavi</strong></span> <span class='ocrx_word' id='word_1_164' title='bbox 1272 2148 1557 2208; x_wconf 68' lang='lat' dir='ltr'><strong>peragere,</strong></span> <span class='ocrx_word' id='word_1_165' title='bbox 1597 2135 1691 2191; x_wconf 90' lang='lat' dir='ltr'><strong>sed</strong></span> <span class='ocrx_word' id='word_1_166' title='bbox 1722 2151 1909 2191; x_wconf 86' lang='lat' dir='ltr'><strong>revera</strong></span> <span class='ocrx_word' id='word_1_167' title='bbox 1956 2151 2022 2192; x_wconf 91' lang='lat' dir='ltr'><strong>eo</strong></span> <span class='ocrx_word' id='word_1_168' title='bbox 2059 2137 2231 2208; x_wconf 89' lang='lat' dir='ltr'><strong>magis</strong></span> 
     </span>
    </p>
   </div>
   <div class='ocr_carea' id='block_1_23' title="bbox 646 2227 2233 2309">
    <p class='ocr_par' dir='ltr' id='par_1_23' title="bbox 646 2227 2233 2309">
     <span class='ocr_line' id='line_1_23' title="bbox 646 2227 2233 2309; baseline 0.001 -28"><span class='ocrx_word' id='word_1_169' title='bbox 646 2227 847 2293; x_wconf 76' lang='lat' dir='ltr'><strong>etudio,</strong></span> <span class='ocrx_word' id='word_1_170' title='bbox 879 2237 937 2282; x_wconf 92' lang='lat' dir='ltr'><strong>ut</strong></span> <span class='ocrx_word' id='word_1_171' title='bbox 971 2236 1076 2282; x_wconf 92' lang='lat' dir='ltr'><strong>tam</strong></span> <span class='ocrx_word' id='word_1_172' title='bbox 1103 2242 1204 2299; x_wconf 89' lang='lat' dir='ltr'><strong>ego</strong></span> <span class='ocrx_word' id='word_1_173' title='bbox 1232 2243 1397 2309; x_wconf 80' lang='lat' dir='ltr'><strong>quam</strong></span> <span class='ocrx_word' id='word_1_174' title='bbox 1429 2236 1483 2283; x_wconf 92' lang='lat' dir='ltr'><strong>et</strong></span> <span class='ocrx_word' id='word_1_175' title='bbox 1516 2229 1643 2297; x_wconf 91' lang='lat' dir='ltr'><strong>mei,</strong></span> <span class='ocrx_word' id='word_1_176' title='bbox 1669 2230 1716 2284; x_wconf 91' lang='lat' dir='ltr'><strong>si</strong></span> <span class='ocrx_word' id='word_1_177' title='bbox 1747 2228 1887 2284; x_wconf 83' lang='lat' dir='ltr'><strong>forte</strong></span> <span class='ocrx_word' id='word_1_178' title='bbox 1917 2237 2045 2284; x_wconf 91' lang='lat' dir='ltr'><strong>sunt</strong></span> <span class='ocrx_word' id='word_1_179' title='bbox 2079 2229 2233 2283; x_wconf 90' lang='lat' dir='ltr'><strong>simi-</strong></span> 
     </span>
    </p>
   </div>
   <div class='ocr_carea' id='block_1_24' title="bbox 646 2320 2275 2392">
    <p class='ocr_par' dir='ltr' id='par_1_24' title="bbox 646 2320 2275 2392">
     <span class='ocr_line' id='line_1_24' title="bbox 646 2320 2275 2392; baseline -0.001 -16"><span class='ocrx_word' id='word_1_180' title='bbox 646 2320 750 2387; x_wconf 89' lang='lat' dir='ltr'><strong>les,</strong></span> <span class='ocrx_word' id='word_1_181' title='bbox 802 2336 938 2391; x_wconf 89' lang='lat' dir='ltr'><strong>quos</strong></span> <span class='ocrx_word' id='word_1_182' title='bbox 978 2336 1085 2377; x_wconf 91' lang='lat' dir='ltr'><strong>non</strong></span> <span class='ocrx_word' id='word_1_183' title='bbox 1128 2321 1559 2380; x_wconf 78' lang='lat' dir='ltr'><strong>multum,vacat</strong></span> <span class='ocrx_word' id='word_1_184' title='bbox 1603 2321 1805 2392; x_wconf 88' lang='lat' dir='ltr'><strong>legere,</strong></span> <span class='ocrx_word' id='word_1_185' title='bbox 1851 2330 1945 2375; x_wconf 89' lang='lat' dir='ltr'><strong>aut</strong></span> <span class='ocrx_word' id='word_1_186' title='bbox 1988 2320 2152 2376; x_wconf 88' lang='lat' dir='ltr'><strong>etiam</strong></span> <span class='ocrx_word' id='word_1_187' title='bbox 2184 2320 2231 2376; x_wconf 90' lang='lat' dir='ltr'><strong>si</strong></span> <span class='ocrx_word' id='word_1_188' title='bbox 2266 2384 2275 2390; x_wconf 36' lang='lat'><strong>,</strong></span> 
     </span>
    </p>
   </div>
   <div class='ocr_carea' id='block_1_25' title="bbox 646 2411 2227 2484">
    <p class='ocr_par' dir='ltr' id='par_1_25' title="bbox 646 2411 2227 2484">
     <span class='ocr_line' id='line_1_25' title="bbox 646 2411 2227 2484; baseline -0.001 -16"><span class='ocrx_word' id='word_1_189' title='bbox 646 2421 823 2480; x_wconf 88' lang='lat' dir='ltr'><strong>vacat,</strong></span> <span class='ocrx_word' id='word_1_190' title='bbox 856 2413 1062 2468; x_wconf 86' lang='lat' dir='ltr'><strong>desidia</strong></span> <span class='ocrx_word' id='word_1_191' title='bbox 1109 2428 1215 2468; x_wconf 92' lang='lat' dir='ltr'><strong>non</strong></span> <span class='ocrx_word' id='word_1_192' title='bbox 1259 2412 1387 2467; x_wconf 86' lang='lat' dir='ltr'><strong>sinit</strong></span> <span class='ocrx_word' id='word_1_193' title='bbox 1420 2411 1589 2467; x_wconf 86' lang='lat' dir='ltr'><strong>multa</strong></span> <span class='ocrx_word' id='word_1_194' title='bbox 1629 2412 1857 2484; x_wconf 84' lang='lat' dir='ltr'><strong>legendo</strong></span> <span class='ocrx_word' id='word_1_195' title='bbox 1886 2425 2227 2483; x_wconf 86' lang='lat' dir='ltr'><strong>percurrere,</strong></span> 
     </span>
    </p>
   </div>
   <div class='ocr_carea' id='block_1_26' title="bbox 648 2503 2231 2577">
    <p class='ocr_par' dir='ltr' id='par_1_26' title="bbox 648 2503 2231 2577">
     <span class='ocr_line' id='line_1_26' title="bbox 648 2503 2231 2577; baseline -0.002 -17"><span class='ocrx_word' id='word_1_196' title='bbox 648 2514 742 2560; x_wconf 88' lang='lat' dir='ltr'><strong>aut</strong></span> <span class='ocrx_word' id='word_1_197' title='bbox 766 2505 812 2559; x_wconf 93' lang='lat' dir='ltr'><strong>si</strong></span> <span class='ocrx_word' id='word_1_198' title='bbox 834 2505 1070 2560; x_wconf 86' lang='lat' dir='ltr'><strong>studium</strong></span> <span class='ocrx_word' id='word_1_199' title='bbox 1099 2505 1259 2570; x_wconf 84' lang='lat' dir='ltr'><strong>adsit,</strong></span> <span class='ocrx_word' id='word_1_200' title='bbox 1296 2503 1523 2559; x_wconf 77' lang='lat' dir='ltr'><strong>forsitan</strong></span> <span class='ocrx_word' id='word_1_201' title='bbox 1568 2505 1743 2574; x_wconf 86' lang='lat' dir='ltr'><strong>copia,</strong></span> <span class='ocrx_word' id='word_1_202' title='bbox 1774 2512 1833 2561; x_wconf 92' lang='lat' dir='ltr'><strong>ut</strong></span> <span class='ocrx_word' id='word_1_203' title='bbox 1871 2504 2144 2577; x_wconf 87' lang='lat' dir='ltr'><strong>plerisque</strong></span> <span class='ocrx_word' id='word_1_204' title='bbox 2175 2503 2231 2557; x_wconf 90' lang='lat' dir='ltr'><strong>in</strong></span> 
     </span>
    </p>
   </div>
   <div class='ocr_carea' id='block_1_27' title="bbox 645 2594 2231 2662">
    <p class='ocr_par' dir='ltr' id='par_1_27' title="bbox 645 2594 2231 2662">
     <span class='ocr_line' id='line_1_27' title="bbox 645 2594 2231 2662; baseline 0 -14"><span class='ocrx_word' id='word_1_205' title='bbox 645 2594 782 2650; x_wconf 81' lang='lat' dir='ltr'><strong>locis</strong></span> <span class='ocrx_word' id='word_1_206' title='bbox 803 2596 1021 2661; x_wconf 86' lang='lat' dir='ltr'><strong>assolet,</strong></span> <span class='ocrx_word' id='word_1_207' title='bbox 1053 2595 1206 2650; x_wconf 87' lang='lat' dir='ltr'><strong>deest</strong></span> <span class='ocrx_word' id='word_1_208' title='bbox 1234 2594 1526 2661; x_wconf 87' lang='lat' dir='ltr'><strong>librorum;</strong></span> <span class='ocrx_word' id='word_1_209' title='bbox 1554 2595 1657 2650; x_wconf 86' lang='lat' dir='ltr'><strong>hoc</strong></span> <span class='ocrx_word' id='word_1_210' title='bbox 1679 2604 1946 2662; x_wconf 87' lang='lat' dir='ltr'><strong>nostrum,</strong></span> <span class='ocrx_word' id='word_1_211' title='bbox 1979 2596 2024 2650; x_wconf 89' lang='lat' dir='ltr'><strong>si</strong></span> <span class='ocrx_word' id='word_1_212' title='bbox 2050 2603 2231 2649; x_wconf 85' lang='lat' dir='ltr'><strong>tamen</strong></span> 
     </span>
    </p>
   </div>
   <div class='ocr_carea' id='block_1_28' title="bbox 646 2685 2231 2757">
    <p class='ocr_par' dir='ltr' id='par_1_28' title="bbox 646 2685 2231 2757">
     <span class='ocr_line' id='line_1_28' title="bbox 646 2685 2231 2757; baseline 0.001 -19"><span class='ocrx_word' id='word_1_213' title='bbox 646 2685 868 2741; x_wconf 88' lang='lat' dir='ltr'><strong>libuerit</strong></span> <span class='ocrx_word' id='word_1_214' title='bbox 923 2685 1283 2757; x_wconf 85' lang='lat' dir='ltr'><strong>excerptionis</strong></span> <span class='ocrx_word' id='word_1_215' title='bbox 1344 2685 1665 2756; x_wconf 85' lang='lat' dir='ltr'><strong>opusculum</strong></span> <span class='ocrx_word' id='word_1_216' title='bbox 1732 2685 2052 2757; x_wconf 87' lang='lat' dir='ltr'><strong>compendio</strong></span> <span class='ocrx_word' id='word_1_217' title='bbox 2101 2699 2231 2756; x_wconf 85' lang='lat' dir='ltr'><strong>per-</strong></span> 
     </span>
    </p>
   </div>
   <div class='ocr_carea' id='block_1_29' title="bbox 649 2775 2232 2848">
    <p class='ocr_par' dir='ltr' id='par_1_29' title="bbox 649 2775 2232 2848">
     <span class='ocr_line' id='line_1_29' title="bbox 649 2775 2232 2848; baseline -0.002 -17"><span class='ocrx_word' id='word_1_218' title='bbox 649 2792 871 2832; x_wconf 86' lang='lat' dir='ltr'><strong>currere</strong></span> <span class='ocrx_word' id='word_1_219' title='bbox 900 2786 1121 2848; x_wconf 89' lang='lat' dir='ltr'><strong>queant,</strong></span> <span class='ocrx_word' id='word_1_220' title='bbox 1166 2786 1222 2832; x_wconf 90' lang='lat' dir='ltr'><strong>et</strong></span> <span class='ocrx_word' id='word_1_221' title='bbox 1265 2776 1546 2832; x_wconf 81' lang='lat' dir='ltr'><strong>fastidium</strong></span> <span class='ocrx_word' id='word_1_222' title='bbox 1582 2776 1908 2848; x_wconf 79' lang='lat' dir='ltr'><strong>prolixitatis</strong></span> <span class='ocrx_word' id='word_1_223' title='bbox 1936 2776 2048 2847; x_wconf 87' lang='lat' dir='ltr'><strong>pati</strong></span> <span class='ocrx_word' id='word_1_224' title='bbox 2083 2775 2232 2831; x_wconf 89' lang='lat' dir='ltr'><strong>omni</strong></span> 
     </span>
    </p>
   </div>
   <div class='ocr_carea' id='block_1_30' title="bbox 653 2867 2231 2941">
    <p class='ocr_par' dir='ltr' id='par_1_30' title="bbox 653 2867 2231 2941">
     <span class='ocr_line' id='line_1_30' title="bbox 653 2867 2231 2941; baseline 0.001 -20"><span class='ocrx_word' id='word_1_225' title='bbox 653 2868 814 2924; x_wconf 88' lang='lat' dir='ltr'><strong>modo</strong></span> <span class='ocrx_word' id='word_1_226' title='bbox 843 2871 1104 2925; x_wconf 86' lang='lat' dir='ltr'><strong>nesciant.</strong></span> <span class='ocrx_word' id='word_1_227' title='bbox 1135 2868 1241 2924; x_wconf 85' lang='lat' dir='ltr'><strong>Sed</strong></span> <span class='ocrx_word' id='word_1_228' title='bbox 1284 2869 1446 2924; x_wconf 92' lang='lat' dir='ltr'><strong>etiam</strong></span> <span class='ocrx_word' id='word_1_229' title='bbox 1497 2870 1597 2924; x_wconf 89' lang='lat' dir='ltr'><strong>hoc</strong></span> <span class='ocrx_word' id='word_1_230' title='bbox 1639 2870 1781 2925; x_wconf 90' lang='lat' dir='ltr'><strong>scire</strong></span> <span class='ocrx_word' id='word_1_231' title='bbox 1820 2868 2060 2941; x_wconf 89' lang='lat' dir='ltr'><strong>legentes</strong></span> <span class='ocrx_word' id='word_1_232' title='bbox 2088 2867 2231 2933; x_wconf 83' lang='lat' dir='ltr'><strong>volo,</strong></span> 
     </span>
    </p>
   </div>
   <div class='ocr_carea' id='block_1_31' title="bbox 652 2957 2235 3028">
    <p class='ocr_par' dir='ltr' id='par_1_31' title="bbox 652 2957 2235 3028">
     <span class='ocr_line' id='line_1_31' title="bbox 652 2957 2235 3028; baseline -0.001 -16"><span class='ocrx_word' id='word_1_233' title='bbox 652 2957 778 3027; x_wconf 85' lang='lat' dir='ltr'><strong>quia</strong></span> <span class='ocrx_word' id='word_1_234' title='bbox 823 2969 1016 3027; x_wconf 71' lang='lat' dir='ltr'><strong>prmter</strong></span> <span class='ocrx_word' id='word_1_235' title='bbox 1057 2958 1287 3027; x_wconf 91' lang='lat' dir='ltr'><strong>capitula</strong></span> <span class='ocrx_word' id='word_1_236' title='bbox 1333 2958 1417 3013; x_wconf 85' lang='lat' dir='ltr'><strong>vel</strong></span> <span class='ocrx_word' id='word_1_237' title='bbox 1464 2959 1517 3013; x_wconf 93' lang='lat' dir='ltr'><strong>in</strong></span> <span class='ocrx_word' id='word_1_238' title='bbox 1564 2959 1887 3028; x_wconf 89' lang='lat' dir='ltr'><strong>quibusdam</strong></span> <span class='ocrx_word' id='word_1_239' title='bbox 1930 2958 2065 3013; x_wconf 80' lang='lat' dir='ltr'><strong>locis</strong></span> <span class='ocrx_word' id='word_1_240' title='bbox 2108 2972 2235 3013; x_wconf 59' lang='lat' dir='ltr'><strong>con.</strong></span> 
     </span>
    </p>
   </div>
   <div class='ocr_carea' id='block_1_32' title="bbox 654 3048 2231 3117">
    <p class='ocr_par' dir='ltr' id='par_1_32' title="bbox 654 3048 2231 3117">
     <span class='ocr_line' id='line_1_32' title="bbox 654 3048 2231 3117; baseline 0 -16"><span class='ocrx_word' id='word_1_241' title='bbox 654 3048 957 3117; x_wconf 88' lang='lat' dir='ltr'><strong>grucntiam</strong></span> <span class='ocrx_word' id='word_1_242' title='bbox 1008 3048 1367 3104; x_wconf 87' lang='lat' dir='ltr'><strong>inchoationis</strong></span> <span class='ocrx_word' id='word_1_243' title='bbox 1414 3048 1469 3103; x_wconf 89' lang='lat' dir='ltr'><strong>in</strong></span> <span class='ocrx_word' id='word_1_244' title='bbox 1519 3049 1744 3103; x_wconf 80' lang='lat' dir='ltr'><strong>exordio</strong></span> <span class='ocrx_word' id='word_1_245' title='bbox 1807 3048 2231 3112; x_wconf 89' lang='lat' dir='ltr'><strong>sententiarum,</strong></span> 
     </span>
    </p>
   </div>
   <div class='ocr_carea' id='block_1_33' title="bbox 655 3118 2308 3210">
    <p class='ocr_par' dir='ltr' id='par_1_33' title="bbox 655 3118 2308 3210">
     <span class='ocr_line' id='line_1_33' title="bbox 655 3118 2308 3210; baseline -0.001 -15"><span class='ocrx_word' id='word_1_246' title='bbox 655 3139 789 3195; x_wconf 88' lang='lat' dir='ltr'><strong>nihil</strong></span> <span class='ocrx_word' id='word_1_247' title='bbox 819 3155 885 3195; x_wconf 88' lang='lat' dir='ltr'><strong>ex</strong></span> <span class='ocrx_word' id='word_1_248' title='bbox 915 3139 1132 3210; x_wconf 87' lang='lat' dir='ltr'><strong>proprio</strong></span> <span class='ocrx_word' id='word_1_249' title='bbox 1158 3139 1384 3208; x_wconf 90' lang='lat' dir='ltr'><strong>inserui,</strong></span> <span class='ocrx_word' id='word_1_250' title='bbox 1426 3149 1655 3210; x_wconf 80' lang='lat' dir='ltr'><strong>excepto</strong></span> <span class='ocrx_word' id='word_1_251' title='bbox 1696 3139 1960 3195; x_wconf 80' lang='lat' dir='ltr'><strong>duntaxat</strong></span> <span class='ocrx_word' id='word_1_252' title='bbox 1997 3137 2140 3207; x_wconf 91' lang='lat' dir='ltr'><strong>quod</strong></span> <span class='ocrx_word' id='word_1_253' title='bbox 2171 3151 2235 3198; x_wconf 91' lang='lat' dir='ltr'><strong>ea</strong></span> <span class='ocrx_word' id='word_1_254' title='bbox 2265 3118 2308 3179; x_wconf 60' lang='grc' dir='ltr'><strong>(ἶ</strong></span> 
     </span>
    </p>
   </div>
   <div class='ocr_carea' id='block_1_34' title="bbox 658 3230 2239 3317">
    <p class='ocr_par' dir='ltr' id='par_1_34' title="bbox 658 3230 2239 3317">
     <span class='ocr_line' id='line_1_34' title="bbox 658 3230 2239 3317; baseline -0.001 -31"><span class='ocrx_word' id='word_1_255' title='bbox 658 3248 778 3303; x_wconf 76' lang='lat' dir='ltr'><strong>qua:</strong></span> <span class='ocrx_word' id='word_1_256' title='bbox 814 3232 957 3287; x_wconf 90' lang='lat' dir='ltr'><strong>male</strong></span> <span class='ocrx_word' id='word_1_257' title='bbox 1001 3233 1324 3303; x_wconf 90' lang='lat' dir='ltr'><strong>scriptorum</strong></span> <span class='ocrx_word' id='word_1_258' title='bbox 1370 3232 1502 3288; x_wconf 92' lang='lat' dir='ltr'><strong>vitio</strong></span> <span class='ocrx_word' id='word_1_259' title='bbox 1530 3232 1819 3302; x_wconf 86' lang='lat' dir='ltr'><strong>depravata</strong></span> <span class='ocrx_word' id='word_1_260' title='bbox 1851 3230 2051 3301; x_wconf 91' lang='lat' dir='ltr'><strong>reperi,</strong></span> <span class='ocrx_word' id='word_1_261' title='bbox 2081 3238 2239 3317; x_wconf 84' lang='lat' dir='ltr'><strong>prout</strong></span> 
     </span>
    </p>
   </div>
   <div class='ocr_carea' id='block_1_35' title="bbox 654 3322 2241 3397">
    <p class='ocr_par' dir='ltr' id='par_1_35' title="bbox 654 3322 2241 3397">
     <span class='ocr_line' id='line_1_35' title="bbox 654 3322 2241 3397; baseline 0 -18"><span class='ocrx_word' id='word_1_262' title='bbox 654 3325 804 3395; x_wconf 91' lang='lat' dir='ltr'><strong>potui</strong></span> <span class='ocrx_word' id='word_1_263' title='bbox 852 3324 1141 3381; x_wconf 82' lang='lat' dir='ltr'><strong>emendare</strong></span> <span class='ocrx_word' id='word_1_264' title='bbox 1193 3324 1365 3396; x_wconf 88' lang='lat' dir='ltr'><strong>sategi</strong></span> <span class='ocrx_word' id='word_1_265' title='bbox 1416 3322 1514 3397; x_wconf 85' lang='grc' dir='ltr'><strong>[αι.</strong></span> <span class='ocrx_word' id='word_1_266' title='bbox 1561 3323 1819 3396; x_wconf 83' lang='lat' dir='ltr'><strong>satagui].</strong></span> <span class='ocrx_word' id='word_1_267' title='bbox 1868 3323 2088 3379; x_wconf 89' lang='lat' dir='ltr'><strong>Interim</strong></span> <span class='ocrx_word' id='word_1_268' title='bbox 2137 3325 2241 3379; x_wconf 85' lang='lat' dir='ltr'><strong>hoc</strong></span> 
     </span>
    </p>
   </div>
   <div class='ocr_carea' id='block_1_36' title="bbox 657 3415 2241 3487">
    <p class='ocr_par' dir='ltr' id='par_1_36' title="bbox 657 3415 2241 3487">
     <span class='ocr_line' id='line_1_36' title="bbox 657 3415 2241 3487; baseline -0.001 -15"><span class='ocrx_word' id='word_1_269' title='bbox 657 3416 974 3487; x_wconf 87' lang='lat' dir='ltr'><strong>opusculum</strong></span> <span class='ocrx_word' id='word_1_270' title='bbox 1018 3417 1087 3472; x_wconf 92' lang='lat' dir='ltr'><strong>ob</strong></span> <span class='ocrx_word' id='word_1_271' title='bbox 1129 3417 1431 3487; x_wconf 89' lang='lat' dir='ltr'><strong>respirandi</strong></span> <span class='ocrx_word' id='word_1_272' title='bbox 1468 3416 1699 3487; x_wconf 86' lang='lat' dir='ltr'><strong>gratiam</strong></span> <span class='ocrx_word' id='word_1_273' title='bbox 1730 3415 1973 3482; x_wconf 81' lang='lat' dir='ltr'><strong>lectoris,</strong></span> <span class='ocrx_word' id='word_1_274' title='bbox 2020 3415 2074 3470; x_wconf 93' lang='lat' dir='ltr'><strong>in</strong></span> <span class='ocrx_word' id='word_1_275' title='bbox 2108 3430 2241 3486; x_wconf 87' lang='lat' dir='ltr'><strong>qua-</strong></span> 
     </span>
    </p>
   </div>
   <div class='ocr_carea' id='block_1_37' title="bbox 660 3564 2235 3641">
    <p class='ocr_par' dir='ltr' id='par_1_37' title="bbox 660 3564 2235 3641">
     <span class='ocr_line' id='line_1_37' title="bbox 660 3564 2235 3641; baseline -0.003 -17"><span class='ocrx_word' id='word_1_276' title='bbox 660 3570 1042 3641; x_wconf 76' lang='lat' dir='ltr'><strong>Analectorum</strong></span> <span class='ocrx_word' id='word_1_277' title='bbox 1098 3584 1221 3641; x_wconf 74' lang='lat' dir='ltr'><strong>pag.</strong></span> <span class='ocrx_word' id='word_1_278' title='bbox 1269 3568 1394 3624; x_wconf 76' lang='grc'><strong>517.</strong></span> <span class='ocrx_word' id='word_1_279' title='bbox 1440 3568 1584 3641; x_wconf 85' lang='lat' dir='ltr'><strong>Idem</strong></span> <span class='ocrx_word' id='word_1_280' title='bbox 1622 3576 1817 3641; x_wconf 38' lang='lat' dir='ltr'><strong>etunos</strong></span> <span class='ocrx_word' id='word_1_281' title='bbox 1849 3565 2153 3641; x_wconf 70' lang='lat' dir='ltr'><strong>reperimus</strong></span> <span class='ocrx_word' id='word_1_282' title='bbox 2183 3564 2235 3619; x_wconf 91' lang='lat' dir='ltr'><strong>in</strong></span> 
     </span>
    </p>
   </div>
   <div class='ocr_carea' id='block_1_38' title="bbox 664 3636 2235 3695">
    <p class='ocr_par' dir='ltr' id='par_1_38' title="bbox 664 3636 2235 3695">
     <span class='ocr_line' id='line_1_38' title="bbox 664 3636 2235 3695; baseline -0.004 0"><span class='ocrx_word' id='word_1_283' title='bbox 664 3657 792 3695; x_wconf 89' lang='lat' dir='ltr'><strong>mss.</strong></span> <span class='ocrx_word' id='word_1_284' title='bbox 835 3642 893 3695; x_wconf 90' lang='lat' dir='ltr'><strong>S.</strong></span> <span class='ocrx_word' id='word_1_285' title='bbox 934 3636 1551 3695; x_wconf 56' lang='lat' dir='ltr'><strong>Petri&#39;Sélincurtensis</strong></span> <span class='ocrx_word' id='word_1_286' title='bbox 1593 3637 1800 3693; x_wconf 88' lang='lat' dir='ltr'><strong>ordinis</strong></span> <span class='ocrx_word' id='word_1_287' title='bbox 1848 3636 2235 3690; x_wconf 72' lang='lat' dir='ltr'><strong>Praemoustra-</strong></span> 
     </span>
    </p>
   </div>
   <div class='ocr_carea' id='block_1_39' title="bbox 662 3704 2237 3774">
    <p class='ocr_par' dir='ltr' id='par_1_39' title="bbox 662 3704 2237 3774">
     <span class='ocr_line' id='line_1_39' title="bbox 662 3704 2237 3774; baseline -0.004 -10"><span class='ocrx_word' id='word_1_288' title='bbox 662 3712 855 3774; x_wconf 89' lang='lat' dir='ltr'><strong>tensis,</strong></span> <span class='ocrx_word' id='word_1_289' title='bbox 912 3711 964 3765; x_wconf 92' lang='lat' dir='ltr'><strong>in</strong></span> <span class='ocrx_word' id='word_1_290' title='bbox 1021 3710 1240 3765; x_wconf 68' lang='lat' dir='ltr'><strong>diazcesi</strong></span> <span class='ocrx_word' id='word_1_291' title='bbox 1292 3707 1662 3773; x_wconf 85' lang='lat' dir='ltr'><strong>Ambianensi,</strong></span> <span class='ocrx_word' id='word_1_292' title='bbox 1704 3709 1759 3762; x_wconf 92' lang='lat' dir='ltr'><strong>in</strong></span> <span class='ocrx_word' id='word_1_293' title='bbox 1803 3704 2237 3761; x_wconf 83' lang='lat' dir='ltr'><strong>Caroli-Locensi</strong></span> 
     </span>
    </p>
   </div>
   <div class='ocr_carea' id='block_1_40' title="bbox 664 3776 2239 3844">
    <p class='ocr_par' dir='ltr' id='par_1_40' title="bbox 664 3776 2239 3844">
     <span class='ocr_line' id='line_1_40' title="bbox 664 3776 2239 3844; baseline -0.003 -9"><span class='ocrx_word' id='word_1_294' title='bbox 664 3781 870 3835; x_wconf 88' lang='lat' dir='ltr'><strong>ordinis</strong></span> <span class='ocrx_word' id='word_1_295' title='bbox 914 3780 1291 3835; x_wconf 89' lang='lat' dir='ltr'><strong>Cisterciensis</strong></span> <span class='ocrx_word' id='word_1_296' title='bbox 1340 3788 1396 3834; x_wconf 89' lang='lat' dir='ltr'><strong>et</strong></span> <span class='ocrx_word' id='word_1_297' title='bbox 1443 3778 1497 3832; x_wconf 90' lang='lat' dir='ltr'><strong>in</strong></span> <span class='ocrx_word' id='word_1_298' title='bbox 1547 3776 2024 3833; x_wconf 86' lang='lat' dir='ltr'><strong>Grandimontensi</strong></span> <span class='ocrx_word' id='word_1_299' title='bbox 2070 3790 2239 3844; x_wconf 88' lang='lat' dir='ltr'><strong>prope</strong></span> 
     </span>
    </p>
   </div>
   <div class='ocr_carea' id='block_1_41' title="bbox 662 3847 2239 3905">
    <p class='ocr_par' dir='ltr' id='par_1_41' title="bbox 662 3847 2239 3905">
     <span class='ocr_line' id='line_1_41' title="bbox 662 3847 2239 3905; baseline -0.004 0"><span class='ocrx_word' id='word_1_300' title='bbox 662 3850 997 3905; x_wconf 83' lang='lat' dir='ltr'><strong>Lcmovicas.</strong></span> <span class='ocrx_word' id='word_1_301' title='bbox 1031 3849 1135 3904; x_wconf 89' lang='lat' dir='ltr'><strong>Sed</strong></span> <span class='ocrx_word' id='word_1_302' title='bbox 1169 3851 1221 3904; x_wconf 91' lang='lat' dir='ltr'><strong>in</strong></span> <span class='ocrx_word' id='word_1_303' title='bbox 1251 3848 1726 3905; x_wconf 87' lang='lat' dir='ltr'><strong>Grandimontensi</strong></span> <span class='ocrx_word' id='word_1_304' title='bbox 1771 3847 1836 3900; x_wconf 86' lang='lat' dir='ltr'><strong>ad</strong></span> <span class='ocrx_word' id='word_1_305' title='bbox 1881 3847 2083 3901; x_wconf 88' lang='lat' dir='ltr'><strong>calcem</strong></span> <span class='ocrx_word' id='word_1_306' title='bbox 2124 3847 2239 3901; x_wconf 59' lang='lat' dir='ltr'><strong>hare</strong></span> 
     </span>
    </p>
   </div>
   <div class='ocr_carea' id='block_1_42' title="bbox 665 3916 2238 3989">
    <p class='ocr_par' dir='ltr' id='par_1_42' title="bbox 665 3916 2238 3989">
     <span class='ocr_line' id='line_1_42' title="bbox 665 3916 2238 3989; baseline -0.003 -16"><span class='ocrx_word' id='word_1_307' title='bbox 665 3921 962 3989; x_wconf 80' lang='lat' dir='ltr'><strong>leguntur:</strong></span> <span class='ocrx_word' id='word_1_308' title='bbox 995 3921 1107 3989; x_wconf 81' lang='lat' dir='ltr'><strong>Ego</strong></span> <span class='ocrx_word' id='word_1_309' title='bbox 1150 3920 1462 3989; x_wconf 73' lang='lat' dir='ltr'><strong>Adalbertus</strong></span> <span class='ocrx_word' id='word_1_310' title='bbox 1502 3917 1620 3989; x_wconf 86' lang='lat' dir='ltr'><strong>licet</strong></span> <span class='ocrx_word' id='word_1_311' title='bbox 1661 3917 1914 3989; x_wconf 47' lang='lat' dir='ltr'><strong>indignus</strong></span> <span class='ocrx_word' id='word_1_312' title='bbox 1953 3916 2238 3989; x_wconf 80' lang='lat' dir='ltr'><strong>monachus</strong></span> 
     </span>
    </p>
   </div>
   <div class='ocr_carea' id='block_1_43' title="bbox 665 3984 2239 4061">
    <p class='ocr_par' dir='ltr' id='par_1_43' title="bbox 665 3984 2239 4061">
     <span class='ocr_line' id='line_1_43' title="bbox 665 3984 2239 4061; baseline -0.002 -20"><span class='ocrx_word' id='word_1_313' title='bbox 665 3984 819 4061; x_wconf 68' lang='lat' dir='ltr'><strong>atque</strong></span> <span class='ocrx_word' id='word_1_314' title='bbox 849 3984 1110 4061; x_wconf 73' lang='lat' dir='ltr'><strong>sacerdos,</strong></span> <span class='ocrx_word' id='word_1_315' title='bbox 1137 3991 1226 4061; x_wconf 92' lang='lat' dir='ltr'><strong>qui</strong></span> <span class='ocrx_word' id='word_1_316' title='bbox 1254 4007 1317 4044; x_wconf 79' lang='lat' dir='ltr'><strong>ea:</strong></span> <span class='ocrx_word' id='word_1_317' title='bbox 1342 3984 1798 4061; x_wconf 58' lang='lat' dir='ltr'><strong>Mpralibusbeati</strong></span> <span class='ocrx_word' id='word_1_318' title='bbox 1823 3984 2061 4061; x_wconf 70' lang='lat' dir='ltr'><strong>Gregorii</strong></span> <span class='ocrx_word' id='word_1_319' title='bbox 2088 4001 2239 4055; x_wconf 72' lang='lat' dir='ltr'><strong>papa:</strong></span> 
     </span>
    </p>
   </div>
   <div class='ocr_carea' id='block_1_44' title="bbox 663 4056 2240 4128">
    <p class='ocr_par' dir='ltr' id='par_1_44' title="bbox 663 4056 2240 4128">
     <span class='ocr_line' id='line_1_44' title="bbox 663 4056 2240 4128; baseline -0.001 -16"><span class='ocrx_word' id='word_1_320' title='bbox 663 4056 865 4114; x_wconf 57' lang='lat' dir='ltr'><strong>iu&#39;Job</strong></span> <span class='ocrx_word' id='word_1_321' title='bbox 911 4060 1063 4114; x_wconf 78' lang='lat' dir='ltr'><strong>editis</strong></span> <span class='ocrx_word' id='word_1_322' title='bbox 1105 4056 1285 4114; x_wconf 76' lang='lat' dir='ltr'><strong>studui</strong></span> <span class='ocrx_word' id='word_1_323' title='bbox 1332 4057 1574 4128; x_wconf 85' lang='lat' dir='ltr'><strong>colligere</strong></span> <span class='ocrx_word' id='word_1_324' title='bbox 1624 4059 1809 4128; x_wconf 80' lang='lat' dir='ltr'><strong>ﬂores,</strong></span> <span class='ocrx_word' id='word_1_325' title='bbox 1860 4056 2149 4128; x_wconf 46' lang='lat' dir='ltr'><strong>nuntiiiter</strong></span> <span class='ocrx_word' id='word_1_326' title='bbox 2177 4071 2240 4111; x_wconf 85' lang='lat' dir='ltr'><strong>ac</strong></span> 
     </span>
    </p>
   </div>
   <div class='ocr_carea' id='block_1_45' title="bbox 665 4124 2239 4199">
    <p class='ocr_par' dir='ltr' id='par_1_45' title="bbox 665 4124 2239 4199">
     <span class='ocr_line' id='line_1_45' title="bbox 665 4124 2239 4199; baseline -0.003 -18"><span class='ocrx_word' id='word_1_327' title='bbox 665 4129 914 4183; x_wconf 75' lang='lat' dir='ltr'><strong>submisse</strong></span> <span class='ocrx_word' id='word_1_328' title='bbox 943 4130 1178 4184; x_wconf 87' lang='lat' dir='ltr'><strong>omnibus</strong></span> <span class='ocrx_word' id='word_1_329' title='bbox 1205 4124 1487 4199; x_wconf 66' lang='lat' dir='ltr'><strong>legentibus</strong></span> <span class='ocrx_word' id='word_1_330' title='bbox 1519 4124 1971 4199; x_wconf 53' lang='lat' dir='ltr'><strong>per&#39;ine/fabilem</strong></span> <span class='ocrx_word' id='word_1_331' title='bbox 2003 4124 2239 4199; x_wconf 76' lang='lat' dir='ltr'><strong>Trinita-</strong></span> 
     </span>
    </p>
   </div>
   <div class='ocr_carea' id='block_1_46' title="bbox 670 4196 2241 4269">
    <p class='ocr_par' dir='ltr' id='par_1_46' title="bbox 670 4196 2241 4269">
     <span class='ocr_line' id='line_1_46' title="bbox 670 4196 2241 4269; baseline -0.002 -18"><span class='ocrx_word' id='word_1_332' title='bbox 670 4208 770 4252; x_wconf 86' lang='lat' dir='ltr'><strong>tem</strong></span> <span class='ocrx_word' id='word_1_333' title='bbox 808 4215 989 4268; x_wconf 82' lang='lat' dir='ltr'><strong>precor</strong></span> <span class='ocrx_word' id='word_1_334' title='bbox 1024 4208 1072 4252; x_wconf 86' lang='lat' dir='ltr'><strong>et</strong></span> <span class='ocrx_word' id='word_1_335' title='bbox 1101 4196 1354 4269; x_wconf 74' lang='lat' dir='ltr'><strong>supplico,</strong></span> <span class='ocrx_word' id='word_1_336' title='bbox 1388 4196 1568 4269; x_wconf 81' lang='lat' dir='ltr'><strong>hortor</strong></span> <span class='ocrx_word' id='word_1_337' title='bbox 1595 4208 1641 4251; x_wconf 83' lang='lat' dir='ltr'><strong>et</strong></span> <span class='ocrx_word' id='word_1_338' title='bbox 1680 4198 1900 4257; x_wconf 83' lang='lat' dir='ltr'><strong>suadeo,</strong></span> <span class='ocrx_word' id='word_1_339' title='bbox 1938 4205 2093 4269; x_wconf 79' lang='lat' dir='ltr'><strong>atque</strong></span> <span class='ocrx_word' id='word_1_340' title='bbox 2119 4196 2241 4248; x_wconf 87' lang='lat' dir='ltr'><strong>totis</strong></span> 
     </span>
    </p>
   </div>
   <div class='ocr_carea' id='block_1_47' title="bbox 667 4263 2241 4338">
    <p class='ocr_par' dir='ltr' id='par_1_47' title="bbox 667 4263 2241 4338">
     <span class='ocr_line' id='line_1_47' title="bbox 667 4263 2241 4338; baseline -0.003 -17"><span class='ocrx_word' id='word_1_341' title='bbox 667 4284 733 4321; x_wconf 79' lang='lat' dir='ltr'><strong>ea:</strong></span> <span class='ocrx_word' id='word_1_342' title='bbox 754 4263 1055 4338; x_wconf 66' lang='lat' dir='ltr'><strong>praecordiis</strong></span> <span class='ocrx_word' id='word_1_343' title='bbox 1094 4263 1295 4323; x_wconf 49' lang='lat' dir='ltr'><strong>cnidius</strong></span> <span class='ocrx_word' id='word_1_344' title='bbox 1325 4263 1610 4338; x_wconf 57' lang='lat' dir='ltr'><strong>expostulo,</strong></span> <span class='ocrx_word' id='word_1_345' title='bbox 1645 4277 1699 4320; x_wconf 87' lang='lat' dir='ltr'><strong>ut</strong></span> <span class='ocrx_word' id='word_1_346' title='bbox 1724 4284 1817 4337; x_wconf 89' lang='lat' dir='ltr'><strong>pro</strong></span> <span class='ocrx_word' id='word_1_347' title='bbox 1852 4263 1985 4320; x_wconf 88' lang='lat' dir='ltr'><strong>mole</strong></span> <span class='ocrx_word' id='word_1_348' title='bbox 2007 4263 2241 4338; x_wconf 81' lang='lat' dir='ltr'><strong>meorum</strong></span> 
     </span>
    </p>
   </div>
   <div class='ocr_carea' id='block_1_48' title="bbox 665 4335 2243 4409">
    <p class='ocr_par' dir='ltr' id='par_1_48' title="bbox 665 4335 2243 4409">
     <span class='ocr_line' id='line_1_48' title="bbox 665 4335 2243 4409; baseline -0.003 -16"><span class='ocrx_word' id='word_1_349' title='bbox 665 4335 1020 4409; x_wconf 77' lang='lat' dir='ltr'><strong>peccaminum</strong></span> <span class='ocrx_word' id='word_1_350' title='bbox 1057 4339 1393 4408; x_wconf 77' lang='lat' dir='ltr'><strong>omnipotenti</strong></span> <span class='ocrx_word' id='word_1_351' title='bbox 1433 4336 1542 4393; x_wconf 88' lang='lat' dir='ltr'><strong>Deo</strong></span> <span class='ocrx_word' id='word_1_352' title='bbox 1587 4338 1674 4409; x_wconf 87' lang='lat' dir='ltr'><strong>qui</strong></span> <span class='ocrx_word' id='word_1_353' title='bbox 1722 4335 1908 4390; x_wconf 82' lang='lat' dir='ltr'><strong>cuncta</strong></span> <span class='ocrx_word' id='word_1_354' title='bbox 1952 4335 2142 4389; x_wconf 78' lang='lat' dir='ltr'><strong>creavit</strong></span> <span class='ocrx_word' id='word_1_355' title='bbox 2177 4349 2243 4389; x_wconf 75' lang='lat' dir='ltr'><strong>ex</strong></span> 
     </span>
    </p>
   </div>
   <div class='ocr_carea' id='block_1_49' title="bbox 2324 492 3793 569">
    <p class='ocr_par' dir='ltr' id='par_1_49' title="bbox 2324 492 3793 569">
     <span class='ocr_line' id='line_1_49' title="bbox 2324 492 3793 569; baseline 0.005 -22"><span class='ocrx_word' id='word_1_356' title='bbox 2324 495 2471 550; x_wconf 90' lang='lat' dir='ltr'><strong>mani</strong></span> <span class='ocrx_word' id='word_1_357' title='bbox 2499 494 2713 566; x_wconf 86' lang='lat' dir='ltr'><strong>generis</strong></span> <span class='ocrx_word' id='word_1_358' title='bbox 2755 494 2865 549; x_wconf 89' lang='lat' dir='ltr'><strong>vita</strong></span> <span class='ocrx_word' id='word_1_359' title='bbox 2907 492 3219 549; x_wconf 89' lang='lat' dir='ltr'><strong>multimoda</strong></span> <span class='ocrx_word' id='word_1_360' title='bbox 3246 494 3507 553; x_wconf 87' lang='lat' dir='ltr'><strong>varietate</strong></span> <span class='ocrx_word' id='word_1_361' title='bbox 3527 495 3793 569; x_wconf 75' lang='lat' dir='ltr'><strong>distinguitur,</strong></span> 
     </span>
    </p>
   </div>
   <div class='ocr_carea' id='block_1_50' title="bbox 2325 583 3797 659">
    <p class='ocr_par' dir='ltr' id='par_1_50' title="bbox 2325 583 3797 659">
     <span class='ocr_line' id='line_1_50' title="bbox 2325 583 3797 659; baseline 0.001 -15"><span class='ocrx_word' id='word_1_362' title='bbox 2325 588 2443 659; x_wconf 86' lang='lat' dir='ltr'><strong>ejus</strong></span> <span class='ocrx_word' id='word_1_363' title='bbox 2465 587 2622 644; x_wconf 91' lang='lat' dir='ltr'><strong>libuit</strong></span> <span class='ocrx_word' id='word_1_364' title='bbox 2649 584 2969 643; x_wconf 80' lang='lat' dir='ltr'><strong>vocabulum</strong></span> <span class='ocrx_word' id='word_1_365' title='bbox 3018 583 3285 656; x_wconf 88' lang='lat' dir='ltr'><strong>appellare</strong></span> <span class='ocrx_word' id='word_1_366' title='bbox 3326 584 3616 657; x_wconf 88' lang='lat' dir='ltr'><strong>Speculum.</strong></span> <span class='ocrx_word' id='word_1_367' title='bbox 3643 586 3797 650; x_wconf 71' lang='lat' dir='ltr'><strong>Ilium</strong></span> 
     </span>
    </p>
   </div>
   <div class='ocr_carea' id='block_1_51' title="bbox 2325 675 3800 749">
    <p class='ocr_par' dir='ltr' id='par_1_51' title="bbox 2325 675 3800 749">
     <span class='ocr_line' id='line_1_51' title="bbox 2325 675 3800 749; baseline 0.001 -14"><span class='ocrx_word' id='word_1_368' title='bbox 2325 679 2561 749; x_wconf 90' lang='lat' dir='ltr'><strong>denique</strong></span> <span class='ocrx_word' id='word_1_369' title='bbox 2597 676 2926 742; x_wconf 88' lang='lat' dir='ltr'><strong>sententias,</strong></span> <span class='ocrx_word' id='word_1_370' title='bbox 2972 690 3201 746; x_wconf 88' lang='lat' dir='ltr'><strong>quarum</strong></span> <span class='ocrx_word' id='word_1_371' title='bbox 3251 676 3499 730; x_wconf 88' lang='lat' dir='ltr'><strong>ubertate</strong></span> <span class='ocrx_word' id='word_1_372' title='bbox 3543 675 3590 743; x_wconf 89' lang='lat' dir='ltr'><strong>in</strong></span> <span class='ocrx_word' id='word_1_373' title='bbox 3628 692 3744 734; x_wconf 82' lang='lat' dir='ltr'><strong>sensu</strong></span> <span class='ocrx_word' id='word_1_374' title='bbox 3768 694 3800 736; x_wconf 77' lang='lat' dir='ltr'><strong>et</strong></span> 
     </span>
    </p>
   </div>
   <div class='ocr_carea' id='block_1_52' title="bbox 2326 762 3800 835">
    <p class='ocr_par' dir='ltr' id='par_1_52' title="bbox 2326 762 3800 835">
     <span class='ocr_line' id='line_1_52' title="bbox 2326 762 3800 835; baseline -0.001 -11"><span class='ocrx_word' id='word_1_375' title='bbox 2326 768 2505 824; x_wconf 91' lang='lat' dir='ltr'><strong>sonori</strong></span> <span class='ocrx_word' id='word_1_376' title='bbox 2514 775 2623 822; x_wconf 89' lang='lat' dir='ltr'><strong>tate</strong></span> <span class='ocrx_word' id='word_1_377' title='bbox 2645 781 2741 822; x_wconf 90' lang='lat' dir='ltr'><strong>seu</strong></span> <span class='ocrx_word' id='word_1_378' title='bbox 2763 766 2817 821; x_wconf 93' lang='lat' dir='ltr'><strong>in</strong></span> <span class='ocrx_word' id='word_1_379' title='bbox 2838 765 3020 821; x_wconf 84' lang='lat' dir='ltr'><strong>verbis</strong></span> <span class='ocrx_word' id='word_1_380' title='bbox 3041 777 3428 834; x_wconf 85' lang='lat' dir='ltr'><strong>usquequaque</strong></span> <span class='ocrx_word' id='word_1_381' title='bbox 3445 762 3699 820; x_wconf 76' lang='lat' dir='ltr'><strong>delectatus</strong></span> <span class='ocrx_word' id='word_1_382' title='bbox 3712 784 3800 835; x_wconf 84' lang='lat' dir='ltr'><strong>sum,</strong></span> 
     </span>
    </p>
   </div>
   <div class='ocr_carea' id='block_1_53' title="bbox 2327 857 3805 933">
    <p class='ocr_par' dir='ltr' id='par_1_53' title="bbox 2327 857 3805 933">
     <span class='ocr_line' id='line_1_53' title="bbox 2327 857 3805 933; baseline -0.006 -16"><span class='ocrx_word' id='word_1_383' title='bbox 2327 877 2450 933; x_wconf 70' lang='lat' dir='ltr'><strong>qute</strong></span> <span class='ocrx_word' id='word_1_384' title='bbox 2473 868 2567 916; x_wconf 91' lang='lat' dir='ltr'><strong>aut</strong></span> <span class='ocrx_word' id='word_1_385' title='bbox 2586 860 2723 915; x_wconf 87' lang='lat' dir='ltr'><strong>duas</strong></span> <span class='ocrx_word' id='word_1_386' title='bbox 2751 866 2847 914; x_wconf 89' lang='lat' dir='ltr'><strong>aut</strong></span> <span class='ocrx_word' id='word_1_387' title='bbox 2868 867 3000 924; x_wconf 91' lang='lat' dir='ltr'><strong>tres,</strong></span> <span class='ocrx_word' id='word_1_388' title='bbox 3030 865 3124 911; x_wconf 91' lang='lat' dir='ltr'><strong>aut</strong></span> <span class='ocrx_word' id='word_1_389' title='bbox 3149 857 3308 928; x_wconf 89' lang='lat' dir='ltr'><strong>paulo</strong></span> <span class='ocrx_word' id='word_1_390' title='bbox 3331 857 3553 927; x_wconf 89' lang='lat' dir='ltr'><strong>amplius</strong></span> <span class='ocrx_word' id='word_1_391' title='bbox 3573 862 3805 928; x_wconf 76' lang='lat' dir='ltr'><strong>protendun-</strong></span> 
     </span>
    </p>
   </div>
   <div class='ocr_carea' id='block_1_54' title="bbox 2328 940 3801 1019">
    <p class='ocr_par' dir='ltr' id='par_1_54' title="bbox 2328 940 3801 1019">
     <span class='ocr_line' id='line_1_54' title="bbox 2328 940 3801 1019; baseline -0.003 -12"><span class='ocrx_word' id='word_1_392' title='bbox 2328 960 2418 1007; x_wconf 90' lang='lat' dir='ltr'><strong>tur</strong></span> <span class='ocrx_word' id='word_1_393' title='bbox 2442 952 2496 1006; x_wconf 91' lang='lat' dir='ltr'><strong>in</strong></span> <span class='ocrx_word' id='word_1_394' title='bbox 2520 951 2712 1015; x_wconf 91' lang='lat' dir='ltr'><strong>lineas,</strong></span> <span class='ocrx_word' id='word_1_395' title='bbox 2742 964 2842 1005; x_wconf 89' lang='lat' dir='ltr'><strong>nec</strong></span> <span class='ocrx_word' id='word_1_396' title='bbox 2873 940 3052 1003; x_wconf 86' lang='lat' dir='ltr'><strong>tamen</strong></span> <span class='ocrx_word' id='word_1_397' title='bbox 3084 948 3217 1002; x_wconf 84' lang='lat' dir='ltr'><strong>adeo</strong></span> <span class='ocrx_word' id='word_1_398' title='bbox 3248 946 3469 1017; x_wconf 72' lang='lat' dir='ltr'><strong>prolixa:</strong></span> <span class='ocrx_word' id='word_1_399' title='bbox 3492 956 3625 1013; x_wconf 85' lang='lat' dir='ltr'><strong>sunt,</strong></span> <span class='ocrx_word' id='word_1_400' title='bbox 3644 958 3691 1002; x_wconf 93' lang='lat' dir='ltr'><strong>ut</strong></span> <span class='ocrx_word' id='word_1_401' title='bbox 3710 953 3801 1019; x_wconf 76' lang='lat' dir='ltr'><strong>capi-</strong></span> 
     </span>
    </p>
   </div>
   <div class='ocr_carea' id='block_1_55' title="bbox 2329 1036 3802 1112">
    <p class='ocr_par' dir='ltr' id='par_1_55' title="bbox 2329 1036 3802 1112">
     <span class='ocr_line' id='line_1_55' title="bbox 2329 1036 3802 1112; baseline -0.003 -16"><span class='ocrx_word' id='word_1_402' title='bbox 2329 1041 2459 1096; x_wconf 89' lang='lat' dir='ltr'><strong>tulis</strong></span> <span class='ocrx_word' id='word_1_403' title='bbox 2506 1040 2799 1112; x_wconf 83' lang='lat' dir='ltr'><strong>indigeant,</strong></span> <span class='ocrx_word' id='word_1_404' title='bbox 2856 1052 3099 1095; x_wconf 90' lang='lat' dir='ltr'><strong>seorsum</strong></span> <span class='ocrx_word' id='word_1_405' title='bbox 3155 1038 3209 1092; x_wconf 90' lang='lat' dir='ltr'><strong>in</strong></span> <span class='ocrx_word' id='word_1_406' title='bbox 3276 1036 3386 1092; x_wconf 87' lang='lat' dir='ltr'><strong>alio</strong></span> <span class='ocrx_word' id='word_1_407' title='bbox 3447 1038 3619 1093; x_wconf 91' lang='lat' dir='ltr'><strong>codice</strong></span> <span class='ocrx_word' id='word_1_408' title='bbox 3667 1039 3802 1110; x_wconf 70' lang='lat' dir='ltr'><strong>collegi</strong></span> 
     </span>
    </p>
   </div>
   <div class='ocr_carea' id='block_1_56' title="bbox 2329 1129 3806 1202">
    <p class='ocr_par' dir='ltr' id='par_1_56' title="bbox 2329 1129 3806 1202">
     <span class='ocr_line' id='line_1_56' title="bbox 2329 1129 3806 1202; baseline 0 -14"><span class='ocrx_word' id='word_1_409' title='bbox 2329 1132 2533 1193; x_wconf 82' lang='lat' dir='ltr'><strong>Harum</strong></span> <span class='ocrx_word' id='word_1_410' title='bbox 2582 1140 2790 1188; x_wconf 89' lang='lat' dir='ltr'><strong>tantum</strong></span> <span class='ocrx_word' id='word_1_411' title='bbox 2838 1131 3017 1202; x_wconf 89' lang='lat' dir='ltr'><strong>capita</strong></span> <span class='ocrx_word' id='word_1_412' title='bbox 3072 1129 3447 1202; x_wconf 80' lang='lat' dir='ltr'><strong>(discernendi</strong></span> <span class='ocrx_word' id='word_1_413' title='bbox 3490 1131 3666 1200; x_wconf 86' lang='lat' dir='ltr'><strong>causa)</strong></span> <span class='ocrx_word' id='word_1_414' title='bbox 3702 1134 3806 1189; x_wconf 76' lang='lat' dir='ltr'><strong>rubro</strong></span> 
     </span>
    </p>
   </div>
   <div class='ocr_carea' id='block_1_57' title="bbox 2328 1221 3805 1294">
    <p class='ocr_par' dir='ltr' id='par_1_57' title="bbox 2328 1221 3805 1294">
     <span class='ocr_line' id='line_1_57' title="bbox 2328 1221 3805 1294; baseline 0 -18"><span class='ocrx_word' id='word_1_415' title='bbox 2328 1222 2531 1294; x_wconf 88' lang='lat' dir='ltr'><strong>placuit</strong></span> <span class='ocrx_word' id='word_1_416' title='bbox 2574 1222 2817 1278; x_wconf 88' lang='lat' dir='ltr'><strong>inchoari</strong></span> <span class='ocrx_word' id='word_1_417' title='bbox 2863 1221 3063 1276; x_wconf 89' lang='lat' dir='ltr'><strong>colore.</strong></span> <span class='ocrx_word' id='word_1_418' title='bbox 3121 1221 3260 1276; x_wconf 89' lang='lat' dir='ltr'><strong>Ecce</strong></span> <span class='ocrx_word' id='word_1_419' title='bbox 3314 1234 3417 1290; x_wconf 89' lang='lat' dir='ltr'><strong>per</strong></span> <span class='ocrx_word' id='word_1_420' title='bbox 3474 1228 3618 1291; x_wconf 89' lang='lat' dir='ltr'><strong>prata</strong></span> <span class='ocrx_word' id='word_1_421' title='bbox 3666 1223 3805 1276; x_wconf 79' lang='lat' dir='ltr'><strong>cucurri</strong></span> 
     </span>
    </p>
   </div>
   <div class='ocr_carea' id='block_1_58' title="bbox 2329 1309 3806 1378">
    <p class='ocr_par' dir='ltr' id='par_1_58' title="bbox 2329 1309 3806 1378">
     <span class='ocr_line' id='line_1_58' title="bbox 2329 1309 3806 1378; baseline -0.003 -9"><span class='ocrx_word' id='word_1_422' title='bbox 2329 1313 2719 1378; x_wconf 73' lang='lat' dir='ltr'><strong>ammnissima,</strong></span> <span class='ocrx_word' id='word_1_423' title='bbox 2751 1326 2815 1366; x_wconf 89' lang='lat' dir='ltr'><strong>ac</strong></span> <span class='ocrx_word' id='word_1_424' title='bbox 2844 1310 3037 1366; x_wconf 90' lang='lat' dir='ltr'><strong>ﬂorum</strong></span> <span class='ocrx_word' id='word_1_425' title='bbox 3063 1311 3380 1366; x_wconf 84' lang='lat' dir='ltr'><strong>diversitate</strong></span> <span class='ocrx_word' id='word_1_426' title='bbox 3409 1309 3806 1373; x_wconf 74' lang='lat' dir='ltr'><strong>vernantia,omn‘-</strong></span> 
     </span>
    </p>
   </div>
   <div class='ocr_carea' id='block_1_59' title="bbox 2330 1399 3807 1475">
    <p class='ocr_par' dir='ltr' id='par_1_59' title="bbox 2330 1399 3807 1475">
     <span class='ocr_line' id='line_1_59' title="bbox 2330 1399 3807 1475; baseline -0.003 -16"><span class='ocrx_word' id='word_1_427' title='bbox 2330 1419 2435 1474; x_wconf 92' lang='lat' dir='ltr'><strong>que</strong></span> <span class='ocrx_word' id='word_1_428' title='bbox 2455 1404 2792 1475; x_wconf 88' lang='lat' dir='ltr'><strong>jucunditate</strong></span> <span class='ocrx_word' id='word_1_429' title='bbox 2834 1401 3179 1473; x_wconf 86' lang='lat' dir='ltr'><strong>plenissima;</strong></span> <span class='ocrx_word' id='word_1_430' title='bbox 3211 1399 3413 1471; x_wconf 90' lang='lat' dir='ltr'><strong>quibus</strong></span> <span class='ocrx_word' id='word_1_431' title='bbox 3451 1407 3588 1454; x_wconf 87' lang='lat' dir='ltr'><strong>tanta</strong></span> <span class='ocrx_word' id='word_1_432' title='bbox 3620 1414 3712 1455; x_wconf 78' lang='lat' dir='ltr'><strong>sum</strong></span> <span class='ocrx_word' id='word_1_433' title='bbox 3739 1399 3807 1454; x_wconf 78' lang='lat' dir='ltr'><strong>svi-</strong></span> 
     </span>
    </p>
   </div>
   <div class='ocr_carea' id='block_1_60' title="bbox 2329 1489 3806 1561">
    <p class='ocr_par' dir='ltr' id='par_1_60' title="bbox 2329 1489 3806 1561">
     <span class='ocr_line' id='line_1_60' title="bbox 2329 1489 3806 1561; baseline -0.005 -11"><span class='ocrx_word' id='word_1_434' title='bbox 2329 1495 2499 1550; x_wconf 86' lang='lat' dir='ltr'><strong>ditate</strong></span> <span class='ocrx_word' id='word_1_435' title='bbox 2538 1494 2767 1561; x_wconf 83' lang='lat' dir='ltr'><strong>illectus,</strong></span> <span class='ocrx_word' id='word_1_436' title='bbox 2819 1508 2941 1549; x_wconf 91' lang='lat' dir='ltr'><strong>cum</strong></span> <span class='ocrx_word' id='word_1_437' title='bbox 2987 1492 3099 1547; x_wconf 91' lang='lat' dir='ltr'><strong>sint</strong></span> <span class='ocrx_word' id='word_1_438' title='bbox 3132 1500 3331 1547; x_wconf 89' lang='lat' dir='ltr'><strong>cuncta</strong></span> <span class='ocrx_word' id='word_1_439' title='bbox 3377 1489 3665 1560; x_wconf 81' lang='lat' dir='ltr'><strong>fragrantia,</strong></span> <span class='ocrx_word' id='word_1_440' title='bbox 3684 1499 3806 1543; x_wconf 72' lang='lat' dir='ltr'><strong>cunas</strong></span> 
     </span>
    </p>
   </div>
   <div class='ocr_carea' id='block_1_61' title="bbox 2330 1579 3806 1657">
    <p class='ocr_par' dir='ltr' id='par_1_61' title="bbox 2330 1579 3806 1657">
     <span class='ocr_line' id='line_1_61' title="bbox 2330 1579 3806 1657; baseline -0.005 -14"><span class='ocrx_word' id='word_1_441' title='bbox 2330 1587 2648 1653; x_wconf 87' lang='lat' dir='ltr'><strong>redolentia,</strong></span> <span class='ocrx_word' id='word_1_442' title='bbox 2671 1594 2731 1642; x_wconf 90' lang='lat' dir='ltr'><strong>ut</strong></span> <span class='ocrx_word' id='word_1_443' title='bbox 2756 1586 2973 1657; x_wconf 90' lang='lat' dir='ltr'><strong>penitus</strong></span> <span class='ocrx_word' id='word_1_444' title='bbox 2996 1584 3176 1639; x_wconf 91' lang='lat' dir='ltr'><strong>omnia</strong></span> <span class='ocrx_word' id='word_1_445' title='bbox 3203 1580 3611 1652; x_wconf 84' lang='lat' dir='ltr'><strong>concupiverim.</strong></span> <span class='ocrx_word' id='word_1_446' title='bbox 3638 1579 3717 1635; x_wconf 87' lang='lat' dir='ltr'><strong>Sed</strong></span> <span class='ocrx_word' id='word_1_447' title='bbox 3731 1581 3806 1650; x_wconf 72' lang='lat' dir='ltr'><strong>quia</strong></span> 
     </span>
    </p>
   </div>
   <div class='ocr_carea' id='block_1_62' title="bbox 2330 1672 3885 1749">
    <p class='ocr_par' dir='ltr' id='par_1_62' title="bbox 2330 1672 3885 1749">
     <span class='ocr_line' id='line_1_62' title="bbox 2330 1672 3885 1749; baseline -0.006 -13"><span class='ocrx_word' id='word_1_448' title='bbox 2330 1680 2585 1736; x_wconf 90' lang='lat' dir='ltr'><strong>universa</strong></span> <span class='ocrx_word' id='word_1_449' title='bbox 2627 1678 2914 1749; x_wconf 89' lang='lat' dir='ltr'><strong>concupita</strong></span> <span class='ocrx_word' id='word_1_450' title='bbox 2943 1675 3068 1731; x_wconf 81' lang='lat' dir='ltr'><strong>exili</strong></span> <span class='ocrx_word' id='word_1_451' title='bbox 3110 1675 3375 1746; x_wconf 60' lang='lat' dir='ltr'><strong>prmditus</strong></span> <span class='ocrx_word' id='word_1_452' title='bbox 3414 1672 3653 1728; x_wconf 88' lang='lat' dir='ltr'><strong>industria</strong></span> <span class='ocrx_word' id='word_1_453' title='bbox 3675 1687 3806 1725; x_wconf 74' lang='lat' dir='ltr'><strong>mn</strong></span> <span class='ocrx_word' id='word_1_454' title='bbox 3884 1680 3885 1727; x_wconf 76' lang='grc' dir='ltr'>ξ</span> 
     </span>
    </p>
   </div>
   <div class='ocr_carea' id='block_1_63' title="bbox 2332 1853 3805 1931">
    <p class='ocr_par' dir='ltr' id='par_1_63' title="bbox 2332 1853 3805 1931">
     <span class='ocr_line' id='line_1_63' title="bbox 2332 1853 3805 1931; baseline -0.007 -16"><span class='ocrx_word' id='word_1_455' title='bbox 2332 1875 2420 1917; x_wconf 89' lang='lat' dir='ltr'><strong>res</strong></span> <span class='ocrx_word' id='word_1_456' title='bbox 2476 1859 2683 1931; x_wconf 77' lang='lat' dir='ltr'><strong>inspexi</strong></span> <span class='ocrx_word' id='word_1_457' title='bbox 2739 1858 2940 1913; x_wconf 86' lang='lat' dir='ltr'><strong>habere</strong></span> <span class='ocrx_word' id='word_1_458' title='bbox 2983 1856 3211 1921; x_wconf 87' lang='lat' dir='ltr'><strong>colores,</strong></span> <span class='ocrx_word' id='word_1_459' title='bbox 3244 1863 3300 1911; x_wconf 92' lang='lat' dir='ltr'><strong>et</strong></span> <span class='ocrx_word' id='word_1_460' title='bbox 3341 1853 3645 1924; x_wconf 83' lang='lat' dir='ltr'><strong>perplurima</strong></span> <span class='ocrx_word' id='word_1_461' title='bbox 3668 1853 3805 1921; x_wconf 74' lang='lat' dir='ltr'><strong>prandi</strong></span> 
     </span>
    </p>
   </div>
   <div class='ocr_carea' id='block_1_64' title="bbox 2330 1945 3805 2015">
    <p class='ocr_par' dir='ltr' id='par_1_64' title="bbox 2330 1945 3805 2015">
     <span class='ocr_line' id='line_1_64' title="bbox 2330 1945 3805 2015; baseline -0.009 -9"><span class='ocrx_word' id='word_1_462' title='bbox 2330 1949 2534 2006; x_wconf 87' lang='lat' dir='ltr'><strong>habere</strong></span> <span class='ocrx_word' id='word_1_463' title='bbox 2583 1947 2960 2011; x_wconf 89' lang='lat' dir='ltr'><strong>medicamina,</strong></span> <span class='ocrx_word' id='word_1_464' title='bbox 2997 1945 3294 2015; x_wconf 86' lang='lat' dir='ltr'><strong>decerpere</strong></span> <span class='ocrx_word' id='word_1_465' title='bbox 3324 1945 3602 2005; x_wconf 88' lang='lat' dir='ltr'><strong>studerem,</strong></span> <span class='ocrx_word' id='word_1_466' title='bbox 3635 1949 3805 2011; x_wconf 75' lang='lat' dir='ltr'><strong>quatenus</strong></span> 
     </span>
    </p>
   </div>
   <div class='ocr_carea' id='block_1_65' title="bbox 2332 2030 3805 2113">
    <p class='ocr_par' dir='ltr' id='par_1_65' title="bbox 2332 2030 3805 2113">
     <span class='ocr_line' id='line_1_65' title="bbox 2332 2030 3805 2113; baseline -0.011 -15"><span class='ocrx_word' id='word_1_467' title='bbox 2332 2042 2563 2113; x_wconf 89' lang='lat' dir='ltr'><strong>peritum</strong></span> <span class='ocrx_word' id='word_1_468' title='bbox 2591 2054 2859 2109; x_wconf 90' lang='lat' dir='ltr'><strong>quemque</strong></span> <span class='ocrx_word' id='word_1_469' title='bbox 2897 2051 2962 2091; x_wconf 88' lang='lat' dir='ltr'><strong>ac</strong></span> <span class='ocrx_word' id='word_1_470' title='bbox 2987 2037 3180 2092; x_wconf 64' lang='lat' dir='ltr'><strong>divinae</strong></span> <span class='ocrx_word' id='word_1_471' title='bbox 3202 2033 3501 2090; x_wconf 85' lang='lat' dir='ltr'><strong>voluntatis</strong></span> <span class='ocrx_word' id='word_1_472' title='bbox 3526 2030 3725 2087; x_wconf 64' lang='lat' dir='ltr'><strong>aemulum</strong></span> <span class='ocrx_word' id='word_1_473' title='bbox 3744 2037 3805 2082; x_wconf 72' lang='lat' dir='ltr'><strong>tan</strong></span> 
     </span>
    </p>
   </div>
   <div class='ocr_carea' id='block_1_66' title="bbox 2331 2117 3885 2195">
    <p class='ocr_par' dir='ltr' id='par_1_66' title="bbox 2331 2117 3885 2195">
     <span class='ocr_line' id='line_1_66' title="bbox 2331 2117 3885 2195; baseline -0.01 -7"><span class='ocrx_word' id='word_1_474' title='bbox 2331 2131 2669 2188; x_wconf 88' lang='lat' dir='ltr'><strong>decorositas</strong></span> <span class='ocrx_word' id='word_1_475' title='bbox 2709 2128 2898 2184; x_wconf 90' lang='lat' dir='ltr'><strong>ﬂorum</strong></span> <span class='ocrx_word' id='word_1_476' title='bbox 2930 2128 3152 2191; x_wconf 88' lang='lat' dir='ltr'><strong>illiceat,</strong></span> <span class='ocrx_word' id='word_1_477' title='bbox 3180 2139 3349 2195; x_wconf 89' lang='lat' dir='ltr'><strong>quam</strong></span> <span class='ocrx_word' id='word_1_478' title='bbox 3378 2130 3437 2178; x_wconf 90' lang='lat' dir='ltr'><strong>et</strong></span> <span class='ocrx_word' id='word_1_479' title='bbox 3462 2117 3805 2176; x_wconf 63' lang='lat' dir='ltr'><strong>remediumnlu-</strong></span> <span class='ocrx_word' id='word_1_480' title='bbox 3884 2117 3885 2173; x_wconf 73' lang='grc' dir='ltr'><strong><em>Ϊ</em></strong></span> 
     </span>
    </p>
   </div>
   <div class='ocr_carea' id='block_1_67' title="bbox 2334 2205 3803 2288">
    <p class='ocr_par' dir='ltr' id='par_1_67' title="bbox 2334 2205 3803 2288">
     <span class='ocr_line' id='line_1_67' title="bbox 2334 2205 3803 2288; baseline -0.014 -9"><span class='ocrx_word' id='word_1_481' title='bbox 2334 2235 2449 2280; x_wconf 89' lang='lat' dir='ltr'><strong>tare</strong></span> <span class='ocrx_word' id='word_1_482' title='bbox 2486 2223 2553 2279; x_wconf 91' lang='lat' dir='ltr'><strong>ad</strong></span> <span class='ocrx_word' id='word_1_483' title='bbox 2591 2235 2831 2277; x_wconf 91' lang='lat' dir='ltr'><strong>amorem</strong></span> <span class='ocrx_word' id='word_1_484' title='bbox 2869 2233 3027 2273; x_wconf 89' lang='lat' dir='ltr'><strong>suum</strong></span> <span class='ocrx_word' id='word_1_485' title='bbox 3065 2216 3226 2288; x_wconf 87' lang='lat' dir='ltr'><strong>pellat</strong></span> <span class='ocrx_word' id='word_1_486' title='bbox 3258 2215 3376 2271; x_wconf 82' lang='lat' dir='ltr'><strong>sive</strong></span> <span class='ocrx_word' id='word_1_487' title='bbox 3401 2211 3653 2270; x_wconf 88' lang='lat' dir='ltr'><strong>accendat.</strong></span> <span class='ocrx_word' id='word_1_488' title='bbox 3678 2205 3803 2275; x_wconf 75' lang='lat' dir='ltr'><strong>Siquis</strong></span> 
     </span>
    </p>
   </div>
   <div class='ocr_carea' id='block_1_68' title="bbox 2334 2298 3885 2374">
    <p class='ocr_par' dir='ltr' id='par_1_68' title="bbox 2334 2298 3885 2374">
     <span class='ocr_line' id='line_1_68' title="bbox 2334 2298 3885 2374; baseline -0.014 -4"><span class='ocrx_word' id='word_1_489' title='bbox 2334 2304 2514 2371; x_wconf 77' lang='lat' dir='ltr'><strong>autem</strong></span> <span class='ocrx_word' id='word_1_490' title='bbox 2540 2326 2750 2369; x_wconf 90' lang='lat' dir='ltr'><strong>veneno</strong></span> <span class='ocrx_word' id='word_1_491' title='bbox 2785 2310 3002 2366; x_wconf 70' lang='lat' dir='ltr'><strong>invidia:</strong></span> <span class='ocrx_word' id='word_1_492' title='bbox 3041 2308 3094 2364; x_wconf 91' lang='lat' dir='ltr'><strong>in</strong></span> <span class='ocrx_word' id='word_1_493' title='bbox 3134 2305 3452 2374; x_wconf 69' lang='lat' dir='ltr'><strong>praecordiis</strong></span> <span class='ocrx_word' id='word_1_494' title='bbox 3482 2309 3691 2372; x_wconf 82' lang='lat' dir='ltr'><strong>serpente</strong></span> <span class='ocrx_word' id='word_1_495' title='bbox 3708 2298 3802 2352; x_wconf 75' lang='lat' dir='ltr'><strong>fuerit</strong></span> <span class='ocrx_word' id='word_1_496' title='bbox 3884 2298 3885 2367; x_wconf 74' lang='lat' dir='ltr'>j</span> 
     </span>
    </p>
   </div>
   <div class='ocr_carea' id='block_1_69' title="bbox 2333 2396 3800 2470">
    <p class='ocr_par' dir='ltr' id='par_1_69' title="bbox 2333 2396 3800 2470">
     <span class='ocr_line' id='line_1_69' title="bbox 2333 2396 3800 2470; baseline -0.013 -7"><span class='ocrx_word' id='word_1_497' title='bbox 2333 2405 2661 2470; x_wconf 87' lang='lat' dir='ltr'><strong>maculatus,</strong></span> <span class='ocrx_word' id='word_1_498' title='bbox 2688 2418 2753 2458; x_wconf 92' lang='lat' dir='ltr'><strong>ac</strong></span> <span class='ocrx_word' id='word_1_499' title='bbox 2789 2404 2949 2458; x_wconf 89' lang='lat' dir='ltr'><strong>dente</strong></span> <span class='ocrx_word' id='word_1_500' title='bbox 2988 2399 3253 2457; x_wconf 87' lang='lat' dir='ltr'><strong>malevolo</strong></span> <span class='ocrx_word' id='word_1_501' title='bbox 3296 2397 3540 2453; x_wconf 88' lang='lat' dir='ltr'><strong>maluerit</strong></span> <span class='ocrx_word' id='word_1_502' title='bbox 3563 2396 3800 2463; x_wconf 65' lang='lat' dir='ltr'><strong>derogarent</strong></span> 
     </span>
    </p>
   </div>
   <div class='ocr_carea' id='block_1_70' title="bbox 2336 2482 3885 2565">
    <p class='ocr_par' dir='ltr' id='par_1_70' title="bbox 2336 2482 3885 2565">
     <span class='ocr_line' id='line_1_70' title="bbox 2336 2482 3885 2565; baseline -0.014 -12"><span class='ocrx_word' id='word_1_503' title='bbox 2336 2494 2585 2553; x_wconf 87' lang='lat' dir='ltr'><strong>deridere</strong></span> <span class='ocrx_word' id='word_1_504' title='bbox 2614 2508 2776 2565; x_wconf 88' lang='lat' dir='ltr'><strong>quam</strong></span> <span class='ocrx_word' id='word_1_505' title='bbox 2823 2490 3187 2562; x_wconf 87' lang='lat' dir='ltr'><strong>congratulari</strong></span> <span class='ocrx_word' id='word_1_506' title='bbox 3215 2489 3338 2545; x_wconf 92' lang='lat' dir='ltr'><strong>sive</strong></span> <span class='ocrx_word' id='word_1_507' title='bbox 3371 2486 3636 2544; x_wconf 87' lang='lat' dir='ltr'><strong>emendare</strong></span> <span class='ocrx_word' id='word_1_508' title='bbox 3658 2482 3728 2536; x_wconf 88' lang='lat' dir='ltr'><strong>hoc</strong></span> <span class='ocrx_word' id='word_1_509' title='bbox 3748 2493 3799 2532; x_wconf 75' lang='lat' dir='ltr'><strong>uo-</strong></span> <span class='ocrx_word' id='word_1_510' title='bbox 3884 2548 3885 2551; x_wconf 17' lang='grc' dir='ltr'><strong>η</strong></span> 
     </span>
    </p>
   </div>
   <div class='ocr_carea' id='block_1_71' title="bbox 2334 2569 3796 2656">
    <p class='ocr_par' dir='ltr' id='par_1_71' title="bbox 2334 2569 3796 2656">
     <span class='ocr_line' id='line_1_71' title="bbox 2334 2569 3796 2656; baseline -0.016 -13"><span class='ocrx_word' id='word_1_511' title='bbox 2334 2595 2509 2643; x_wconf 89' lang='lat' dir='ltr'><strong>strum</strong></span> <span class='ocrx_word' id='word_1_512' title='bbox 2539 2585 2913 2656; x_wconf 87' lang='lat' dir='ltr'><strong>qualecunque</strong></span> <span class='ocrx_word' id='word_1_513' title='bbox 2945 2579 3291 2653; x_wconf 85' lang='lat' dir='ltr'><strong>opusculum,</strong></span> <span class='ocrx_word' id='word_1_514' title='bbox 3327 2576 3608 2634; x_wconf 89' lang='lat' dir='ltr'><strong>cavendum</strong></span> <span class='ocrx_word' id='word_1_515' title='bbox 3634 2569 3796 2627; x_wconf 68' lang='lat' dir='ltr'><strong>estsine</strong></span> 
     </span>
    </p>
   </div>
   <div class='ocr_carea' id='block_1_72' title="bbox 2335 2658 3885 2745">
    <p class='ocr_par' dir='ltr' id='par_1_72' title="bbox 2335 2658 3885 2745">
     <span class='ocr_line' id='line_1_72' title="bbox 2335 2658 3885 2745; baseline -0.01 -10"><span class='ocrx_word' id='word_1_516' title='bbox 2335 2677 2497 2735; x_wconf 86' lang='lat' dir='ltr'><strong>simul</strong></span> <span class='ocrx_word' id='word_1_517' title='bbox 2525 2691 2648 2732; x_wconf 91' lang='lat' dir='ltr'><strong>cum</strong></span> <span class='ocrx_word' id='word_1_518' title='bbox 2684 2676 2908 2745; x_wconf 90' lang='lat' dir='ltr'><strong>antiquo</strong></span> <span class='ocrx_word' id='word_1_519' title='bbox 2941 2675 3117 2738; x_wconf 85' lang='lat' dir='ltr'><strong>hoste,</strong></span> <span class='ocrx_word' id='word_1_520' title='bbox 3147 2670 3259 2737; x_wconf 89' lang='lat' dir='ltr'><strong>illa,</strong></span> <span class='ocrx_word' id='word_1_521' title='bbox 3297 2669 3443 2740; x_wconf 91' lang='lat' dir='ltr'><strong>quod</strong></span> <span class='ocrx_word' id='word_1_522' title='bbox 3470 2665 3611 2730; x_wconf 85' lang='lat' dir='ltr'><strong>absit,</strong></span> <span class='ocrx_word' id='word_1_523' title='bbox 3630 2658 3793 2718; x_wconf 62' lang='lat' dir='ltr'><strong>sententi!</strong></span> <span class='ocrx_word' id='word_1_524' title='bbox 3884 2722 3885 2745; x_wconf 24' lang='grc' dir='ltr'>ξ</span> 
     </span>
    </p>
   </div>
   <div class='ocr_carea' id='block_1_73' title="bbox 2334 2751 3885 2827">
    <p class='ocr_par' dir='ltr' id='par_1_73' title="bbox 2334 2751 3885 2827">
     <span class='ocr_line' id='line_1_73' title="bbox 2334 2751 3885 2827; baseline -0.014 0"><span class='ocrx_word' id='word_1_525' title='bbox 2334 2770 2669 2827; x_wconf 86' lang='lat' dir='ltr'><strong>vulneretur.</strong></span> <span class='ocrx_word' id='word_1_526' title='bbox 2715 2766 2925 2822; x_wconf 87' lang='lat' dir='ltr'><strong>Invidia</strong></span> <span class='ocrx_word' id='word_1_527' title='bbox 2968 2763 3167 2819; x_wconf 84' lang='lat' dir='ltr'><strong>diaboli</strong></span> <span class='ocrx_word' id='word_1_528' title='bbox 3215 2778 3366 2817; x_wconf 84' lang='lat' dir='ltr'><strong>mors</strong></span> <span class='ocrx_word' id='word_1_529' title='bbox 3405 2751 3792 2815; x_wconf 70' lang='lat' dir='ltr'><strong>introiritiuodv!</strong></span> <span class='ocrx_word' id='word_1_530' title='bbox 3884 2752 3885 2805; x_wconf 45' lang='grc' dir='ltr'><strong>ί</strong></span> 
     </span>
    </p>
   </div>
   <div class='ocr_carea' id='block_1_74' title="bbox 2336 2848 3792 2922">
    <p class='ocr_par' dir='ltr' id='par_1_74' title="bbox 2336 2848 3792 2922">
     <span class='ocr_line' id='line_1_74' title="bbox 2336 2848 3792 2922; baseline -0.016 -2"><span class='ocrx_word' id='word_1_531' title='bbox 2336 2874 2617 2920; x_wconf 84' lang='lat' dir='ltr'><strong>terrarum.</strong></span> <span class='ocrx_word' id='word_1_532' title='bbox 2650 2860 2937 2916; x_wconf 85' lang='lat' dir='ltr'><strong>Imitantur</strong></span> <span class='ocrx_word' id='word_1_533' title='bbox 2981 2864 3160 2912; x_wconf 88' lang='lat' dir='ltr'><strong>autem</strong></span> <span class='ocrx_word' id='word_1_534' title='bbox 3200 2853 3357 2909; x_wconf 87' lang='lat' dir='ltr'><strong>illum</strong></span> <span class='ocrx_word' id='word_1_535' title='bbox 3402 2850 3495 2922; x_wconf 91' lang='lat' dir='ltr'><strong>qui</strong></span> <span class='ocrx_word' id='word_1_536' title='bbox 3522 2853 3628 2904; x_wconf 90' lang='lat' dir='ltr'><strong>sunt</strong></span> <span class='ocrx_word' id='word_1_537' title='bbox 3647 2848 3792 2912; x_wconf 76' lang='lat' dir='ltr'><strong>exparte</strong></span> 
     </span>
    </p>
   </div>
   <div class='ocr_carea' id='block_1_75' title="bbox 2336 2935 3790 3026">
    <p class='ocr_par' dir='ltr' id='par_1_75' title="bbox 2336 2935 3790 3026">
     <span class='ocr_line' id='line_1_75' title="bbox 2336 2935 3790 3026; baseline -0.021 -13"><span class='ocrx_word' id='word_1_538' title='bbox 2336 2956 2471 3026; x_wconf 86' lang='lat' dir='ltr'><strong>ejus.</strong></span> <span class='ocrx_word' id='word_1_539' title='bbox 2500 2955 2580 3011; x_wconf 85' lang='lat' dir='ltr'><strong>En</strong></span> <span class='ocrx_word' id='word_1_540' title='bbox 2630 2952 2828 3010; x_wconf 82' lang='lat' dir='ltr'><strong>oﬂ‘erro</strong></span> <span class='ocrx_word' id='word_1_541' title='bbox 2873 2951 3016 3007; x_wconf 90' lang='lat' dir='ltr'><strong>inter</strong></span> <span class='ocrx_word' id='word_1_542' title='bbox 3063 2960 3263 3019; x_wconf 84' lang='lat' dir='ltr'><strong>magna</strong></span> <span class='ocrx_word' id='word_1_543' title='bbox 3312 2956 3375 3002; x_wconf 92' lang='lat' dir='ltr'><strong>et</strong></span> <span class='ocrx_word' id='word_1_544' title='bbox 3424 2942 3634 3015; x_wconf 87' lang='lat' dir='ltr'><strong>pretiosa</strong></span> <span class='ocrx_word' id='word_1_545' title='bbox 3662 2935 3790 3026; x_wconf 69' lang='lat' dir='ltr'><strong>divitia</strong></span> 
     </span>
    </p>
   </div>
   <div class='ocr_carea' id='block_1_76' title="bbox 2338 3021 3790 3113">
    <p class='ocr_par' dir='ltr' id='par_1_76' title="bbox 2338 3021 3790 3113">
     <span class='ocr_line' id='line_1_76' title="bbox 2338 3021 3790 3113; baseline -0.018 -10"><span class='ocrx_word' id='word_1_546' title='bbox 2338 3021 2563 3105; x_wconf 80' lang='lat' dir='ltr'><strong>munera</strong></span> <span class='ocrx_word' id='word_1_547' title='bbox 2618 3044 2721 3099; x_wconf 90' lang='lat' dir='ltr'><strong>hoc</strong></span> <span class='ocrx_word' id='word_1_548' title='bbox 2765 3038 3052 3113; x_wconf 88' lang='lat' dir='ltr'><strong>parvitatis</strong></span> <span class='ocrx_word' id='word_1_549' title='bbox 3108 3051 3244 3093; x_wconf 70' lang='lat' dir='ltr'><strong>mete</strong></span> <span class='ocrx_word' id='word_1_550' title='bbox 3295 3021 3790 3091; x_wconf 67' lang='lat' dir='ltr'><strong>munusculum,etlmc</strong></span> 
     </span>
    </p>
   </div>
   <div class='ocr_carea' id='block_1_77' title="bbox 2343 3120 3789 3209">
    <p class='ocr_par' dir='ltr' id='par_1_77' title="bbox 2343 3120 3789 3209">
     <span class='ocr_line' id='line_1_77' title="bbox 2343 3120 3789 3209; baseline -0.021 -14"><span class='ocrx_word' id='word_1_551' title='bbox 2343 3137 2564 3209; x_wconf 82' lang='lat' dir='ltr'><strong>supplex</strong></span> <span class='ocrx_word' id='word_1_552' title='bbox 2605 3150 2790 3200; x_wconf 82' lang='lat' dir='ltr'><strong>exoro,</strong></span> <span class='ocrx_word' id='word_1_553' title='bbox 2841 3142 2903 3188; x_wconf 94' lang='lat' dir='ltr'><strong>ut</strong></span> <span class='ocrx_word' id='word_1_554' title='bbox 2944 3131 2989 3187; x_wconf 87' lang='lat' dir='ltr'><strong>si</strong></span> <span class='ocrx_word' id='word_1_555' title='bbox 3025 3143 3233 3200; x_wconf 90' lang='lat' dir='ltr'><strong>nequeo</strong></span> <span class='ocrx_word' id='word_1_556' title='bbox 3262 3126 3503 3199; x_wconf 87' lang='lat' dir='ltr'><strong>gratiam</strong></span> <span class='ocrx_word' id='word_1_557' title='bbox 3528 3120 3789 3177; x_wconf 69' lang='lat' dir='ltr'><strong>obtinerent!</strong></span> 
     </span>
    </p>
   </div>
   <div class='ocr_carea' id='block_1_78' title="bbox 2344 3213 3779 3302">
    <p class='ocr_par' dir='ltr' id='par_1_78' title="bbox 2344 3213 3779 3302">
     <span class='ocr_line' id='line_1_78' title="bbox 2344 3213 3779 3302; baseline -0.021 -12"><span class='ocrx_word' id='word_1_558' title='bbox 2344 3228 2669 3302; x_wconf 86' lang='lat' dir='ltr'><strong>potentibus,</strong></span> <span class='ocrx_word' id='word_1_559' title='bbox 2698 3240 2914 3282; x_wconf 90' lang='lat' dir='ltr'><strong>merear</strong></span> <span class='ocrx_word' id='word_1_560' title='bbox 2949 3222 3139 3280; x_wconf 88' lang='lat' dir='ltr'><strong>saltem</strong></span> <span class='ocrx_word' id='word_1_561' title='bbox 3168 3228 3389 3292; x_wconf 89' lang='lat' dir='ltr'><strong>partem</strong></span> <span class='ocrx_word' id='word_1_562' title='bbox 3428 3213 3779 3302; x_wconf 58' lang='lat' dir='ltr'><strong>baberecnmtltf</strong></span> 
     </span>
    </p>
   </div>
   <div class='ocr_carea' id='block_1_79' title="bbox 2343 3301 3780 3386">
    <p class='ocr_par' dir='ltr' id='par_1_79' title="bbox 2343 3301 3780 3386">
     <span class='ocr_line' id='line_1_79' title="bbox 2343 3301 3780 3386; baseline -0.015 -12"><span class='ocrx_word' id='word_1_563' title='bbox 2343 3301 2477 3376; x_wconf 35' lang='lat' dir='ltr'><strong>I&#39;iere</strong></span> <span class='ocrx_word' id='word_1_564' title='bbox 2509 3316 2601 3372; x_wconf 92' lang='lat' dir='ltr'><strong>illa</strong></span> <span class='ocrx_word' id='word_1_565' title='bbox 2638 3312 2985 3386; x_wconf 91' lang='lat' dir='ltr'><strong>paupercula,</strong></span> <span class='ocrx_word' id='word_1_566' title='bbox 3013 3325 3135 3382; x_wconf 73' lang='lat' dir='ltr'><strong>qua:</strong></span> <span class='ocrx_word' id='word_1_567' title='bbox 3165 3307 3449 3379; x_wconf 89' lang='lat' dir='ltr'><strong>quondam</strong></span> <span class='ocrx_word' id='word_1_568' title='bbox 3475 3301 3780 3375; x_wconf 62' lang='lat' dir='ltr'><strong>pronuntiatum0</strong></span> 
     </span>
    </p>
   </div>
   <div class='ocr_carea' id='block_1_80' title="bbox 2345 3393 3657 3480">
    <p class='ocr_par' dir='ltr' id='par_1_80' title="bbox 2345 3393 3657 3480">
     <span class='ocr_line' id='line_1_80' title="bbox 2345 3393 3657 3480; baseline -0.019 -14"><span class='ocrx_word' id='word_1_569' title='bbox 2345 3409 2401 3467; x_wconf 89' lang='lat' dir='ltr'><strong>in</strong></span> <span class='ocrx_word' id='word_1_570' title='bbox 2423 3405 2813 3480; x_wconf 78' lang='lat' dir='ltr'><strong>gazopliylacio</strong></span> <span class='ocrx_word' id='word_1_571' title='bbox 2836 3403 2941 3475; x_wconf 87' lang='lat' dir='ltr'><strong>duo</strong></span> <span class='ocrx_word' id='word_1_572' title='bbox 2961 3401 3156 3473; x_wconf 61' lang='lat' dir='ltr'><strong>[regitur</strong></span> <span class='ocrx_word' id='word_1_573' title='bbox 3186 3396 3442 3454; x_wconf 84' lang='lat' dir='ltr'><strong>intulisse</strong></span> <span class='ocrx_word' id='word_1_574' title='bbox 3467 3393 3657 3450; x_wconf 78' lang='lat' dir='ltr'><strong>minuta.</strong></span> 
     </span>
    </p>
   </div>
   <div class='ocr_carea' id='block_1_81' title="bbox 2346 3536 3798 3632">
    <p class='ocr_par' dir='ltr' id='par_1_81' title="bbox 2346 3536 3798 3632">
     <span class='ocr_line' id='line_1_81' title="bbox 2346 3536 3798 3632; baseline -0.014 -14"><span class='ocrx_word' id='word_1_575' title='bbox 2346 3561 2533 3626; x_wconf 82' lang='lat' dir='ltr'><strong>nihilo,</strong></span> <span class='ocrx_word' id='word_1_576' title='bbox 2571 3560 2661 3632; x_wconf 89' lang='lat' dir='ltr'><strong>qui</strong></span> <span class='ocrx_word' id='word_1_577' title='bbox 2702 3557 2882 3632; x_wconf 81' lang='lat' dir='ltr'><strong>omnia</strong></span> <span class='ocrx_word' id='word_1_578' title='bbox 2927 3571 3250 3632; x_wconf 75' lang='lat' dir='ltr'><strong>qrttccunque</strong></span> <span class='ocrx_word' id='word_1_579' title='bbox 3289 3553 3456 3609; x_wconf 83' lang='lat' dir='ltr'><strong>voluit</strong></span> <span class='ocrx_word' id='word_1_580' title='bbox 3498 3536 3798 3632; x_wconf 50' lang='lat' dir='ltr'><strong>fecitittdflﬁ</strong></span> 
     </span>
    </p>
   </div>
   <div class='ocr_carea' id='block_1_82' title="bbox 2344 3617 3800 3702">
    <p class='ocr_par' dir='ltr' id='par_1_82' title="bbox 2344 3617 3800 3702">
     <span class='ocr_line' id='line_1_82' title="bbox 2344 3617 3800 3702; baseline -0.012 -14"><span class='ocrx_word' id='word_1_581' title='bbox 2344 3617 2398 3688; x_wconf 87' lang='lat' dir='ltr'><strong>in</strong></span> <span class='ocrx_word' id='word_1_582' title='bbox 2425 3617 2596 3694; x_wconf 57' lang='lat' dir='ltr'><strong>terra:</strong></span> <span class='ocrx_word' id='word_1_583' title='bbox 2618 3631 2710 3702; x_wconf 87' lang='lat' dir='ltr'><strong>qui</strong></span> <span class='ocrx_word' id='word_1_584' title='bbox 2736 3638 2809 3702; x_wconf 76' lang='lat' dir='ltr'><strong>est</strong></span> <span class='ocrx_word' id='word_1_585' title='bbox 2836 3617 3259 3702; x_wconf 64' lang='lat' dir='ltr'><strong>judexrivofum</strong></span> <span class='ocrx_word' id='word_1_586' title='bbox 3292 3634 3342 3679; x_wconf 87' lang='lat' dir='ltr'><strong>et</strong></span> <span class='ocrx_word' id='word_1_587' title='bbox 3372 3617 3682 3702; x_wconf 58' lang='lat' dir='ltr'><strong>mortuorumi</strong></span> 
     </span>
    </p>
   </div>
   <div class='ocr_carea' id='block_1_83' title="bbox 2345 3688 3802 3768">
    <p class='ocr_par' dir='ltr' id='par_1_83' title="bbox 2345 3688 3802 3768">
     <span class='ocr_line' id='line_1_83' title="bbox 2345 3688 3802 3768; baseline -0.013 -10"><span class='ocrx_word' id='word_1_588' title='bbox 2345 3719 2410 3758; x_wconf 76' lang='lat' dir='ltr'><strong>ea:</strong></span> <span class='ocrx_word' id='word_1_589' title='bbox 2439 3703 2556 3756; x_wconf 88' lang='lat' dir='ltr'><strong>imis</strong></span> <span class='ocrx_word' id='word_1_590' title='bbox 2577 3688 2869 3756; x_wconf 31' lang='lat' dir='ltr'><strong>Ivi&#39;sceribu&#39;s</strong></span> <span class='ocrx_word' id='word_1_591' title='bbox 2895 3698 3150 3768; x_wconf 80' lang='lat' dir='ltr'><strong>fundant,</strong></span> <span class='ocrx_word' id='word_1_592' title='bbox 3167 3700 3523 3768; x_wconf 12' lang='grc' dir='ltr'><strong>Διιιᾼρξι-ηοῂειιτι</strong></span> <span class='ocrx_word' id='word_1_593' title='bbox 3546 3688 3802 3768; x_wconf 21' lang='grc' dir='ltr'><strong>επᾳιρῄρξξξ</strong></span> 
     </span>
    </p>
   </div>
   <div class='ocr_carea' id='block_1_84' title="bbox 2344 3757 3804 3841">
    <p class='ocr_par' dir='ltr' id='par_1_84' title="bbox 2344 3757 3804 3841">
     <span class='ocr_line' id='line_1_84' title="bbox 2344 3757 3804 3841; baseline -0.011 -13"><span class='ocrx_word' id='word_1_594' title='bbox 2344 3757 2450 3828; x_wconf 81' lang='lat' dir='ltr'><strong>tius</strong></span> <span class='ocrx_word' id='word_1_595' title='bbox 2478 3771 2768 3841; x_wconf 81' lang='lat' dir='ltr'><strong>indulgeat,</strong></span> <span class='ocrx_word' id='word_1_596' title='bbox 2829 3757 3096 3841; x_wconf 41' lang='lat' dir='ltr'><strong>et&#39;suamu</strong></span> <span class='ocrx_word' id='word_1_597' title='bbox 3125 3757 3554 3841; x_wconf 63' lang='lat' dir='ltr'><strong>gloriosissimam</strong></span> 
     </span>
    </p>
   </div>
   <div class='ocr_carea' id='block_1_85' title="bbox 2347 3822 3803 3912">
    <p class='ocr_par' dir='ltr' id='par_1_85' title="bbox 2347 3822 3803 3912">
     <span class='ocr_line' id='line_1_85' title="bbox 2347 3822 3803 3912; baseline -0.004 -15"><span class='ocrx_word' id='word_1_598' title='bbox 2347 3822 2735 3912; x_wconf 34' lang='lat' dir='ltr'><strong>inuidiam&quot;</strong></span> <span class='ocrx_word' id='word_1_599' title='bbox 2755 3822 2888 3894; x_wconf 62' lang='grc' dir='ltr'><strong>’διάη</strong></span> <span class='ocrx_word' id='word_1_600' title='bbox 2913 3822 3172 3912; x_wconf 61' lang='lat' dir='ltr'><strong>omnibus</strong></span> <span class='ocrx_word' id='word_1_601' title='bbox 3185 3904 3195 3912; x_wconf 33' lang='grc' dir='ltr'>ι</span> <span class='ocrx_word' id='word_1_602' title='bbox 3205 3836 3431 3912; x_wconf 80' lang='lat' dir='ltr'><strong>_sanc_tis_</strong></span> <span class='ocrx_word' id='word_1_603' title='bbox 3449 3845 3539 3902; x_wconf 83' lang='lat' dir='ltr'><strong>pro</strong></span> <span class='ocrx_word' id='word_1_604' title='bbox 3563 3822 3803 3912; x_wconf 34' lang='lat' dir='ltr'><strong>lilf‘ﬂ‘</strong></span> 
     </span>
    </p>
   </div>
   <div class='ocr_carea' id='block_1_86' title="bbox 2347 3885 3805 3972">
    <p class='ocr_par' dir='ltr' id='par_1_86' title="bbox 2347 3885 3805 3972">
     <span class='ocr_line' id='line_1_86' title="bbox 2347 3885 3805 3972; baseline -0.014 -4"><span class='ocrx_word' id='word_1_605' title='bbox 2347 3885 2960 3968; x_wconf 54' lang='lat' dir='ltr'><strong>ETiHniehE‘HZtemEnua</strong></span> <span class='ocrx_word' id='word_1_606' title='bbox 2979 3904 3299 3963; x_wconf 77' lang='lat' dir='ltr'><strong>wternaliter</strong></span> <span class='ocrx_word' id='word_1_607' title='bbox 3320 3902 3431 3972; x_wconf 80' lang='lat' dir='ltr'><strong>frui</strong></span> <span class='ocrx_word' id='word_1_608' title='bbox 3449 3885 3679 3972; x_wconf 60' lang='lat' dir='ltr'><strong>concedat.</strong></span> <span class='ocrx_word' id='word_1_609' title='bbox 3694 3885 3805 3972; x_wconf 42' lang='lat' dir='ltr'><strong>{illi};</strong></span> 
     </span>
    </p>
   </div>
   <div class='ocr_carea' id='block_1_87' title="bbox 2415 3956 3806 4043">
    <p class='ocr_par' dir='ltr' id='par_1_87' title="bbox 2415 3956 3806 4043">
     <span class='ocr_line' id='line_1_87' title="bbox 2415 3956 3806 4043; baseline -0.012 -6"><span class='ocrx_word' id='word_1_610' title='bbox 3392 3971 3641 4043; x_wconf 53' lang='lat' dir='ltr'><strong>habentur</strong></span> <span class='ocrx_word' id='word_1_611' title='bbox 3670 3956 3806 4043; x_wconf 47' lang='grc' dir='ltr'>ξιιξξί</span> 
     </span>
    </p>
   </div>
   <div class='ocr_carea' id='block_1_88' title="bbox 2347 4024 3806 4142">
    <p class='ocr_par' dir='ltr' id='par_1_88' title="bbox 2347 4024 3806 4142">
     <span class='ocr_line' id='line_1_88' title="bbox 2347 4024 3806 4142; baseline -0.005 -33"><span class='ocrx_word' id='word_1_612' title='bbox 2347 4024 2609 4142; x_wconf 47' lang='lat' dir='ltr'><strong>nassa;</strong></span> <span class='ocrx_word' id='word_1_613' title='bbox 2623 4024 3218 4142; x_wconf 53' lang='grc' dir='ltr'><strong>ἑῗᾰῇἶςοῖίίὶξχξετρω</strong></span> <span class='ocrx_word' id='word_1_614' title='bbox 3241 4046 3296 4099; x_wconf 91' lang='lat' dir='ltr'><strong>in</strong></span> <span class='ocrx_word' id='word_1_615' title='bbox 3315 4044 3584 4142; x_wconf 47' lang='grc' dir='ltr'><strong>μξυξρξξχι</strong></span> 
     </span>
    </p>
   </div>
   <div class='ocr_carea' id='block_1_89' title="bbox 2348 4100 3808 4207">
    <p class='ocr_par' dir='ltr' id='par_1_89' title="bbox 2348 4100 3808 4207">
     <span class='ocr_line' id='line_1_89' title="bbox 2348 4100 3808 4207; baseline 0.013 -18"><span class='ocrx_word' id='word_1_616' title='bbox 2348 4100 2947 4207; x_wconf 60' lang='grc' dir='ltr'><strong>ᾇῧῖᾧίι”ε’ξρῖάειῖιῖίιῖίιίῖ</strong></span> <span class='ocrx_word' id='word_1_617' title='bbox 2972 4100 3170 4207; x_wconf 57' lang='grc' dir='ltr'><strong>ἐδδξὲ</strong></span> <span class='ocrx_word' id='word_1_618' title='bbox 3208 4100 3808 4207; x_wconf 53' lang='grc' dir='ltr'><strong>οειιῡιειιοέξιιιληξειλτηυοέ</strong></span> 
     </span>
    </p>
   </div>
   <div class='ocr_carea' id='block_1_90' title="bbox 2350 4176 3759 4261">
    <p class='ocr_par' dir='ltr' id='par_1_90' title="bbox 2350 4176 3759 4261">
     <span class='ocr_line' id='line_1_90' title="bbox 2350 4176 3759 4261; baseline -0.021 -11"><span class='ocrx_word' id='word_1_619' title='bbox 2350 4176 2689 4250; x_wconf 30' lang='lat' dir='ltr'><strong>tjituloiliarc</strong></span> <span class='ocrx_word' id='word_1_620' title='bbox 2726 4188 2956 4261; x_wconf 83' lang='lat' dir='ltr'><strong>capitula</strong></span> <span class='ocrx_word' id='word_1_621' title='bbox 2984 4197 3105 4261; x_wconf 65' lang='lat' dir='ltr'><strong>sunt</strong></span> <span class='ocrx_word' id='word_1_622' title='bbox 3151 4185 3208 4240; x_wconf 86' lang='lat' dir='ltr'><strong>in</strong></span> <span class='ocrx_word' id='word_1_623' title='bbox 3252 4176 3387 4261; x_wconf 55' lang='lat' dir='ltr'><strong>libro</strong></span> <span class='ocrx_word' id='word_1_624' title='bbox 3432 4176 3759 4234; x_wconf 68' lang='lat' dir='ltr'><strong>Distittctiomtl</strong></span> 
     </span>
    </p>
   </div>
   <div class='ocr_carea' id='block_1_91' title="bbox 2350 4253 3317 4331">
    <p class='ocr_par' dir='ltr' id='par_1_91' title="bbox 2350 4253 3317 4331">
     <span class='ocr_line' id='line_1_91' title="bbox 2350 4253 3317 4331; baseline -0.011 -12"><span class='ocrx_word' id='word_1_625' title='bbox 2350 4280 2452 4319; x_wconf 85' lang='lat' dir='ltr'><strong>non</strong></span> <span class='ocrx_word' id='word_1_626' title='bbox 2481 4263 2680 4319; x_wconf 85' lang='lat' dir='ltr'><strong>suntin</strong></span> <span class='ocrx_word' id='word_1_627' title='bbox 2705 4253 3027 4331; x_wconf 71' lang='lat' dir='ltr'><strong>Grégoriano</strong></span> <span class='ocrx_word' id='word_1_628' title='bbox 3055 4253 3317 4312; x_wconf 84' lang='lat' dir='ltr'><strong>Gornerii.</strong></span> 
     </span>
    </p>
   </div>
  </div>
