3968 6616
320 411 379 475 13
1072 412 1173 473 DE
1220 411 1799 476 THESSALONICA
1838 415 2043 476 URBE
2085 419 2131 476 Α
2174 419 2486 481 LATlNlS
2539 419 2796 484 CAPTA.
3499 419 3565 484 14

314 519 403 572 τοῦ
436 518 556 591 βίου
589 519 682 574 τὸν
714 519 968 592 φλοῖσϐον
1025 524 1516 594 διακρουσάμενον,
1541 529 1615 590 ὡς
1645 530 1720 590 εἰς
1743 527 1889 596 λιμέ-

1997 543 2186 586 omnes
2212 533 2366 600 quasi
2400 534 2644 600 locusta},
2691 535 2745 588 in
2781 549 2954 590 messe
3000 533 3121 606 igne
3157 533 3371 606 fugatur,
3405 535 3564 606 igneo

314 627 376 661 να
407 612 726 681 κατήντησε
752 612 813 664 τὸ
832 615 1093 684 ἀπρόῖτον
1119 617 1216 684 τῆς
1277 618 1626 687 ἐνοικήσεως,
1687 617 1886 680 πάντες

308 693 454 754 οὗτοι
488 701 623 754 ὡσεὶ
654 704 748 756 καὶ
798 703 1040 775 ἀκρίδες.
1071 707 1204 776 πυρὶ
1246 708 1386 761 κατὰ
1410 707 1558 778 λήϊον
1593 707 1881 777 ἐλαυνόμε-

311 811 415 857 ναι,
443 797 507 863 τῇ
550 798 839 866 καυστηρᾷ
873 797 1019 866 μάχῃ
1045 801 1177 864 προς
1205 799 1424 868 ὄλεθρον
1457 797 1880 864 ὲξετενάσσοντο.

311 887 416 939 Καὶ
440 887 488 938 οί
509 886 609 956 μὲν
632 887 879 958 πολέμιοι
901 876 1606 960 περιστοιχίζοντες,’θυμοῦ
1636 889 1744 958 πῦρ
1776 889 1889 953 ἐξέ-

313 997 462 1032 καιον
488 981 582 1032 ἐπὶ
603 982 664 1032 τὸ
688 981 966 1033 πολιτικῖν
998 981 1143 1034 ἆπαν
1166 998 1177 1010 ·
1205 984 1402 1034 ἐκεῖνοι
1441 983 1495 1035 δὲ
1521 983 1566 1034 οἱ
1629 982 1726 1051 μὲν
1751 983 1881 1034 ἑπι-

311 1071 874 1142 καταλαμόανόμενοι,
907 1074 1000 1127 καί
1026 1093 1128 1127 που
1159 1078 1251 1127 καὶ
1276 1074 1752 1146 σπαργανούμενοι
1784 1093 1887 1128 rtu-

316 1167 368 1230 ρὶ
408 1167 640 1238 τοιούτῳ
682 1167 966 1233 πάντοθεν,
999 1169 1100 1222 οὐκ
1143 1161 1290 1235 εἶχον
1341 1168 1707 1232 διεκπίπτειν,
1745 1165 1883 1219 ἀλλά

1995 623 2295 678 certamine
2372 626 2438 680 ad
2490 635 2719 680 mortem
2779 627 3152 681 trahebantur.
3219 626 3415 682 Hostes
3469 642 3565 679 au-

1996 720 2101 763 tem
2144 711 2634 769 circumcurrentes
2656 757 2670 781 ,
2707 715 2760 769 in
2815 730 2975 770 Omne
2999 715 3289 769 aedilicium
3321 715 3562 769 civitatis

1997 798 2173 869 ignem
2230 803 2515 857 mittebant
2590 808 2703 859 irae.
2750 804 2827 858 Illi
2879 820 3028 870 vero,
3082 805 3173 858 alii
3237 803 3563 873 deprehensi

1997 895 2306 965 passimque
2328 906 2379 980 et
2402 897 2644 967 undique
2667 900 2766 952 hoc
2788 898 2905 967 igne
2930 897 3265 960 circumfusi,
3281 914 3386 965 quo
3411 897 3562 966 fuge-

1997 999 2110 1038 rent
2145 1003 2251 1040 nun
2285 990 2574 1053 habebant,
2629 992 2719 1044 sed
2766 990 3101 1045 multiforme
3139 992 3441 1060 periculum
3481 992 3559 1045 vi-
3624 993 3628 998 ⁷

1991 1075 2225 1145 debent;
2262 1080 2352 1135 alii
2400 1097 2525 1137 vero
2554 1082 2769 1152 sagittis
2799 1083 2958 1153 quasi
2991 1083 3266 1151 scintillis,
3289 1098 3320 1139 e
3352 1083 3562 1154 longiu-

1989 1182 2099 1236 quo
2128 1173 2486 1228 vexabantur.

313 1258 566 1327 πολυειδῆ
593 1260 684 1314 τὸν
713 1261 954 1315 κίνδυνον
972 1258 1116 1332 εἶχον
1137 1280 1151 1292 ·
1177 1263 1226 1315 oi
1255 1263 1311 1316 δὲ
1343 1263 1443 1316 ὅσα
1474 1262 1574 1337 καὶζ
1601 1260 1892 1332 σπινθῆρσι
1927 1264 2041 1326 τοῖς
2068 1251 2260 1331 βέλεσί
2283 1267 2564 1338 πόρρωθεν
2598 1269 2837 1340 ἔπασχον
2865 1270 2924 1324 τδ
2952 1271 3146 1326 κακόν.

378 1353 450 1420 γ’.
521 1352 730 1414 Ἠέλιος
766 1354 864 1420 μὲν
927 1355 1046 1408 νέον
1093 1349 1462 1425 προσέϐαλλεν
1487 1354 1747 1428 ἀρούρας,
1783 1354 1882 1406 οὐκ

313 1445 434 1515 ἔσχε
464 1445 521 1498 δὲ
553 1445 652 1515 τὴν
685 1446 875 1499 θανάσι
923 1463 982 1499 ον
1029 1447 1279 1500 διαλῦσαι
1311 1447 1482 1501 νύκτα
1538 1461 1552 1476 ⁸
1585 1445 1722 1500 ἀλλά
1755 1463 1880 1498 κατ-

313 1540 589 1607 εκαυχάτο
637 1538 733 1590 τοῦ
790 1541 965 1608 φωτός
1021 1541 1053 1609 ἡ
1120 1540 1230 1592 τῶν
1271 1540 1580 1592 πιπτόντων
1626 1539 1881 1605 ζόφωσις.

312 1629 478 1683 Οὔπω
506 1648 593 1692 τις
620 1630 758 1700 ἔφθη
790 1632 882 1683 τὸν
910 1631 1113 1697 γλυκὺν
1162 1631 1329 1685 ὕπνον
1361 1631 1656 1685 ἀποθέσθαι
1686 1647 1699 1662 °
1735 1632 1762 1684 ὁ
1793 1649 1883 1685 πι-

313 1721 442 1788 κρὸς
467 1723 562 1773 καὶ
606 1721 901 1791 ἀνέγερτος
935 1721 1097 1774 αὑτὸν
1119 1722 1402 1790 διεδέχετο,
1437 1725 1528 1776 καὶ
1554 1724 1684 1792 ὄναρ
1710 1724 1882 1776 κακὸν

2063 1355 2116 1410 3.
2155 1355 2312 1412 Modo
2344 1375 2505 1428 supra
2537 1375 2768 1432 campos
2794 1362 2874 1416 sol
2898 1373 3226 1431 apparuerat
3266 1353 3368 1415 'nec
3413 1361 3555 1414 lianc

1994 1445 2256 1501 nclastam
2289 1458 2500 1504 noctem
2541 1451 2750 1506 solvere
2785 1460 3056 1521 potuerat,
3103 1453 3195 1508 sed
3243 1452 3427 1505 lumen
3454 1450 3548 1504 de-

1995 1535 2245 1593 ridebant
2295 1555 2559 1597 caesorum
2614 1545 2867 1611 tenebrat.
2950 1543 3198 1599 Nondum
3262 1544 3552 1612 quisquam

1994 1642 2244 1682 somnum
2308 1631 2522 1687 dulcem
2557 1632 2812 1690 excutere
2867 1643 3139 1705 potuerat,
3178 1635 3272 1690 sed
3328 1647 3551 1688 amarus

1991 1719 2240 1790 altusque
2290 1725 2526 1790 tenebat,
2589 1728 2915 1796 somnioque
2977 1727 3120 1782 malo
3175 1727 3222 1782 ei
3287 1724 3558 1782 successit

317 1813 576 1882 ἐφίστατο
608 1813 758 1885 ῦπαρ
781 1816 848 1885 τῇ
895 1814 1102 1884 κεφαλῇ
1130 1831 1142 1844 ·
1181 1815 1275 1868 καλ¹
1298 1818 1324 1868 ό
1353 1814 1565 1885 βλέπων
1592 1815 1721 1869 αὐτὸ
1749 1833 1882 1869 κατε

1997 1809 2128 1864 visio
2157 1827 2304 1875 vera,
2329 1813 2590 1884 illamque
2611 1818 3048 1886 contemplantes
3072 1817 3127 1871 in
3147 1825 3322 1871 morte
3345 1815 3558 1870 occlusi

316 1907 484 1977 έμυεν
513 1909 596 1969 είς
631 1907 884 1962 θάνατον.
947 1907 1350 1977 Ἀπηλλάττετο
1389 1909 1582 1979 κλίνης
1611 1909 1883 1980 ἐγρηγόρ-

318 2018 446 2062 σεως
495 2000 675 2070 λόγῳο
707 2001 800 2054 καὶ
831 2003 857 2054 ὁ
904 2000 1160 2069 πολέμιος
1221 2000 1442 2070 σίδηρος
1499 2001 1671 2065 ἄλλως
1721 2002 1883 2056 αὐτὸν

320 2091 660 2151 κατέκλινεν,
687 2091 762 2151 ὡς
793 2093 1000 2153 ἐκεῖνος
1036 2092 1216 2160 χαίρει
1243 2090 1532 2155 κοιτάζων.
1566 2092 1787 2154 Πολλοῖς
1827 2089 1884 2144 δὲ

320 2186 412 2238 καὶ
469 2185 804 2253 ἡμιγύμνοις
843 2183 922 2236 ἔτι
957 2183 1016 2236 τὸ
1058 2184 1227 2237 κακὸν
1271 2183 1432 2237 τοῦτο
1471 2183 1657 2256 θηρίον
1700 2183 1884 2254 ἐνεφύ-

319 2290 428 2338 ετο,
460 2273 546 2325 ἵνα
587 2271 719 2341 μηδὲ
741 2272 907 2342 κάμοι
941 2273 1065 2334 τοὺς
1094 2273 1314 2337 ὀδόντας
1344 2274 1590 2344 ὲντρίὸον
1613 2275 1885 2342 σωμάτων

318 2365 664 2434 καλύμμασι.
704 2365 812 2418 Καὶ
865 2365 1217 2435 στρατιωτῶν
1251 2367 1373 2435 μὲν,
1411 2367 1513 2437 ἠδη
1546 2366 1603 2418 δὲ
1639 2367 1734 2419 καὶ
1767 2367 1876 2420 τῶν

321 2457 499 2519 ἄλλως
532 2457 855 2528 ρωμαλέων,
887 2457 920 2526 ἢ
953 2457 1047 2511 καλ⁸
1077 2457 1214 2520 ὅλως
1241 2458 1496 2527 ἀκμαίων
1536 2457 1695 2529 εἴπερ
1729 2460 1756 2513 ὁ
1784 2459 1884 2512 πό-

316 2551 482 2619 λεμος
503 2548 792 2619 ἐδράττετο
810 2547 905 2601 καὶ⁵
932 2548 1149 2613 διέσπα,
1180 2548 1454 2620 ὲμπείρας
1478 2549 1636 2616 όξέας
1665 2551 1886 2622 όνυχας,

319 2639 710 2710 ἐκαινοπράγει
741 2639 917 2694 οὐδέν’
947 2640 1158 2711 φιληδεί
1189 2640 1298 2712 γάρ
1347 2640 1564 2710 σώμασι
1622 2642 1888 2707 τοιούτοις

318 2731 547 2792 ἐκεῖνος,
570 2727 683 2796 ὑφ’,
713 2721 788 2782 ῶν
816 2729 912 2783 καὶ
938 2732 1407 2801 συγκροτούμενος
1431 2730 1793 2800 θεραπεύεται
1813 2734 1888 2798 ὡς

317 2823 384 2874 τὰ
428 2821 603 2874 πολλά
627 2840 639 2851 ·
669 2823 718 2874 εί
769 2821 825 2873 δὲ
859 2823 952 2875 καὶ
986 2822 1186 2891 ἄνδρας
1244 2822 1464 2887 ἀθλίους
1523 2825 1888 2896 ἐφιλοτιμεῖτο

320 2914 579 2982 ἀπάγειν,
614 2913 714 2984 ήδη
771 2914 1212 2986 τυμὸογέροντας
1291 2914 1468 2982 ὄντας,
1506 2919 1600 2970 καὶ
1653 2919 1734 2982 είς
1783 2920 1887 2988 γῆν

320 3008 649 3074 κεκυφότας,
707 3003 798 3058 καί
841 3022 963 3067 που,
1030 3004 1199 3076 πρινὴ
1221 3006 1314 3058 καὶ
1342 3006 1638 3078 πληγῆναι,
1667 3011 1889 3081 γινομέ-

324 3114 444 3161 νους
471 3097 566 3150 τοῦ
599 3098 882 3168 Χάρωνος,
915 3090 998 3160 οἷς
1022 3097 1099 3167 τῷ
1126 3096 1236 3150 δέει
1261 3099 1525 3168 παρίεντο
1553 3115 1566 3132 ·
1599 3100 1692 3154 καὶ
1714 3102 1886 3172 γραῦς

322 3185 396 3249 δὲ,
421 3185 520 3248 τὰς
547 3167 763 3248 πλείους
787 3188 881 3238 καὶ
903 3185 961 3250 ἐξ
985 3185 1249 3255 ὀμμάτων
1280 3167 1446 3248 οὔσας
1492 3188 1583 3241 καὶ
1606 3167 1884 3259 κωφε-υού-
1910 3167 1953 3226 c

324 3293 418 3339 σας
473 3277 563 3330 διὰ
592 3276 726 3348 βαθὺ
785 3277 981 3346 γῆρας,
1036 3278 1130 3330 καὶ
1180 3274 1303 3329 οὔτε
1345 3276 1648 3348 βλεπούσας
1685 3281 1746 3334 τὸ
1799 3283 1896 3335 τῶ.

322 3367 530 3419 νῖπλων
566 3367 918 3435 ἀστραπαῖον,
949 3363 1072 3419 οὗτε
1101 3365 1329 3436 βροντῆς
1369 3366 1765 3438 αἰσθανομένας
1794 3375 1892 3444 τῆς

1990 1908 2118 1952 sunt
2157 1902 2323 1956 oculi.
2355 1903 2587 1962 Ratione
2653 1909 2852 1979 vigilias
2917 1917 3156 1964 mutatus
3211 1916 3294 1962 cst
3358 1910 3553 1972 lectus,

1989 1988 2296 2061 bostileque
2321 1995 2523 2049 ferrum
2550 1998 2707 2051 aliter
2726 1999 3008 2054 reclinavit
3029 2015 3154 2054 eum
3189 2000 3282 2070 qui
3317 1998 3558 2069 gaudens

1990 2081 2368 2143 discubuerat.
2405 2086 2604 2144 Multos
2633 2106 2765 2145 vero
2811 2093 2991 2148 adhuc
3036 2092 3353 2147 seminudos
3400 2091 3557 2145 inva-

1991 2175 2061 2229 sit
2095 2177 2210 2231 ltaec
2257 2179 2369 2234 fera
2406 2182 2496 2236 cui
2546 2198 2658 2238 non
2695 2187 2830 2240 satis
2862 2184 2966 2240 l‘uit
2995 2184 3110 2240 suis
3146 2184 3402 2240 dentibus
3431 2198 3560 2238 cor-
3623 2199 3628 2202 ·

1987 2281 2178 2336 porum
2238 2258 2546 2328 velamenta
2594 2276 2910 2331 dilaniasse.
2977 2276 3033 2332 Si
3110 2276 3329 2346 ungulis
3379 2277 3555 2332 acutis

1987 2359 2268 2417 dilacerati
2329 2375 2459 2419 sunt
2539 2367 2779 2434 milites,
2821 2379 2983 2438 atque
3055 2368 3146 2422 alii
3200 2367 3410 2423 robusti
3473 2366 3554 2421 vel

1985 2450 2077 2522 qui
2135 2453 2356 2510 omnino
2402 2465 2560 2513 tetate
2603 2457 2798 2513 ﬂorent
2845 2458 2899 2512 in
2945 2457 3299 2529 pugna,nibil
3350 2455 3554 2510 mirum
3641 2467 3660 2483 ⁸

1987 2540 2303 2610 huiusmodi
2350 2547 2671 2617 corporibus
2740 2548 2938 2604 bellum
2981 2547 3236 2604 delectari
3286 2544 3559 2616 siquidem

1987 2631 2042 2687 in
2089 2633 2157 2690 iis
2206 2636 2539 2707 praecipuum
2595 2639 2988 2694 nutrimentum
3036 2638 3262 2694 invenit.
3293 2636 3398 2691 Sed
3442 2649 3564 2705 qu'n

1988 2724 2158 2791 gloria
2191 2729 2259 2782 sit
2281 2744 2442 2785 senes
2472 2730 2773 2787 imbecilles
2799 2730 3097 2793 trucidare,
3122 2730 3213 2800 qui
3235 2729 3347 2800 jam
3378 2734 3563 2784 astant

1982 2812 2165 2883 ianuis
2191 2820 2410 2885 tumuli,
2462 2822 2516 2876 in
2570 2831 2772 2878 terram
2820 2823 3336 2892 inclinati,quique,
3382 2821 3565 2889 prius-

1987 2923 2149 2978 quam
2217 2911 2502 2981 l’eriantur,
2559 2915 2853 2972 Cbarontis
2914 2923 3074 2982 sunt,
3125 2915 3285 2984 cujus
3323 2927 3563 2984 praesen-

1989 3000 2062 3054 tia
2094 3002 2275 3060 timori
2303 3017 2425 3075 est;
2459 3023 2733 3079 anusque,
2784 3008 3075 3079 plerasque
3122 3007 3302 3062 oculis
3347 3012 3558 3074 captas.

1990 3089 2184 3146 surdas
2216 3108 2322 3163 pra:
2350 3105 2591 3152 extrema
2628 3107 2911 3156 senectute
2939 3140 2954 3165 ,
2985 3113 3085 3152 nec
3125 3111 3399 3151 armorum
3460 3095 3566 3148 ful-

1987 3195 2120 3250 gura
2162 3185 2429 3256 videntes,
2461 3205 2562 3246 nec
2623 3192 2864 3246 tonitrua
2930 3189 3192 3244 minantia
3238 3188 3559 3252 audientes;

2000 3283 2104 3337 hoc
2136 3296 2240 3336 non
2288 3283 2524 3352 prudens
2547 3282 2712 3347 Mars.
2733 3283 2828 3338 sed
2855 3284 3009 3338 basta
3049 3280 3235 3336 furens
3274 3295 3337 3334 ac
3354 3280 3565 3350 gladius

1999 3375 2279 3430 insaniens
2309 3381 2584 3456 operatur.

321 3460 379 3526 ἒξ
417 3461 674 3527 ἀπειλῶν,
706 3462 842 3516 ἀλλά
883 3462 1040 3515 τοῦτο
1092 3463 1151 3516 ού
1181 3463 1455 3534 φρενήρης
1496 3465 1690 3536 Ἄρης.
1735 3468 1870 3523 ἀλλὰ
1897 3471 2022 3545 δόρυ
2048 3475 2268 3541 ἐνήργει
2296 3467 2641 3538 μαινόμενον,
2674 3470 2768 3522 κα)⁵
2803 3466 2953 3536 ξίφος
2973 3467 3074 3520 οὐκ
3099 3463 3458 3532 εὐδιάκριτον.

389 3555 450 3610 δ’.
493 3557 752 3610 οἴκτιστα
786 3557 850 3626 δὴ
888 3555 1059 3611 ταῦτα
1097 3558 1344 3627 βροτοῖς’
1385 3557 1752 3614 ὲλεεινότατον
1789 3562 1882 3629 δὲ,

321 3649 402 3702 ὅτι
426 3650 522 3704 καὶ⁵
546 3649 720 3719 βρέφη
748 3649 1058 3704 συνέκειντο
1080 3653 1191 3712 τοῖς
1217 3651 1576 3715 παντοδαπῶς
1603 3653 1884 3720 πίπτουσι,

319 3742 389 3796 τὰ
423 3742 522 3811 μὲν
556 3742 1060 3810 συνεκκεντούμενα
1093 3744 1213 3805 ταῖς
1246 3743 1545 3814 φερούσαις
1579 3745 1848 3812 ἀγκάλαις
1870 3789 1885 3815 ,

321 3833 387 3887 τά
411 3835 468 3886 δὲ
493 3834 570 3903 τῷ
597 3833 1064 3905 καταρῤίπτεσθαι
1094 3833 1198 3886 ὑπὸ
1225 3833 1376 3898 δέους
1400 3835 1433 3906 ἢ
1465 3836 1556 3889 καὶ
1588 3837 1750 3908 φόνου
1776 3840 1888 3894 τῶν

324 3923 734 3993 βασταζόντων,
777 3925 843 3977 τὰ
884 3925 1050 3978 πλείω
1092 3925 1148 3977 δὲ
1196 3931 1784 3998 συγκαταπατούμενα.
1821 3933 1886 3986 Ἠ

323 4017 433 4086 γάρ
458 4017 552 4070 τοῦ
584 4017 810 4086 φεύγειν
835 4015 1050 4088 ἀνάγκη
1081 4017 1176 4069 καὶ
1201 4017 1446 4072 τοιοῦτον
1473 4021 1695 4090 ἀπλῆγα
1724 4022 1885 4090 φόνον

323 4106 634 4176 ἐτυράννει,
660 4106 752 4159 τὸν
785 4106 912 4174 μὲν,
944 4105 1048 4158 ἔσω
1074 4106 1184 4160 τῶν
1214 4107 1524 4178 ἐκκλησιῶν
1553 4109 1884 4180 ὠθιζομένου

322 4197 416 4250 τοῦ
455 4199 589 4251 λαοῦ
611 4240 640 4264 ,,
664 4200 756 4252 καὶ
789 4202 854 4270 τῇ
901 4203 1233 4274 συμπιλήσει
1271 4203 1661 4274 δυστυχοῦντος
1697 4204 1886 4278 ψυχῶν

321 4292 633 4363 ἀπαγωγήν
652 4307 666 4322 ⁸
693 4293 787 4346 τὸν
811 4292 867 4345 δὲ
892 4311 958 4346 πε
968 4295 1021 4365 pi
1045 4297 1142 4366 τῆς
1168 4295 1513 4365 ἀκροπόλεως
1537 4296 1635 4368 τὴν
1659 4298 1887 4366 εἴσοδον,

321 4383 433 4449 ὅτε,
461 4385 762 4455 πολεμικοῦ
785 4383 1008 4456 δόρατος
1030 4386 1143 4441 ἀνω
1162 4386 1257 4440 τοῦ
1282 4387 1426 4442 κατὰ
1450 4387 1728 4443 θάλασσαν
1749 4389 1886 4460 ἑῴου

321 4476 532 4545 πύργου
569 4476 826 4547 ἀρθέντος
857 4481 970 4543 τοῖς
1003 4479 1338 4552 ἀντιμάχοις
1371 4481 1451 4545 είς
1486 4479 1769 4552 σύσσημον
1799 4483 1894 4538 τοῦ

319 4565 418 4633 τὴν
442 4565 599 4619 πόλιν
621 4565 724 4637 ἤδη
749 4568 1255 4639 καταπεπονῆσθαι,
1279 4570 1355 4632 ὼς
1379 4569 1472 4622 καὶ
1497 4569 1900 4644 ἀναῤῥιχᾶσθαι

318 4659 443 4721 τοὺς
471 4657 831 4728 βουλομένους
853 4659 1073 4725 ἔξωθεν,
1097 4660 1158 4713 τὸ
1185 4659 1282 4730 μὲν
1304 4660 1451 4713 κάτω
1476 4663 1743 4732 περιεῖναι
1765 4662 1904 4717 ἀπέ-

2061 3568 2114 3623 4.
2142 3565 2266 3620 ιίωο
2295 3563 2548 3634 equidem
2581 3562 2832 3618 luctuosa
2885 3558 3228 3615 mortalibus.
3263 3555 3368 3611 Sed
3419 3552 3564 3623 quod

1993 3657 2262 3728 praecipue
2282 3654 2524 3709 animum
2543 3662 2850 3708 commovet
2873 3670 2886 3706 :
2911 3651 3146 3706 infantes
3166 3641 3472 3718 ubicunque
3494 3646 3574 3699 si-

1993 3747 2101 3801 mul
2128 3761 2250 3800 cum
2283 3746 2440 3800 causis
2462 3743 2728 3815 iacentes,
2756 3743 2847 3796 alii
2873 3740 3142 3796 interfecti
3169 3740 3310 3794 inter
3345 3735 3570 3792 brachia

1991 3848 2201 3892 mortua
2227 3877 2241 3898 ,
2275 3836 2367 3890 alii
2428 3833 2620 3905 dejecti
2651 3847 2681 3887 a
2713 3832 3062 3903 portantibus
3093 3846 3185 3887 seu
3217 3845 3326 3898 prae
3362 3827 3561 3881 timore

1990 3941 2084 3982 seu
2109 3939 2218 3994 pra:
2246 3923 2414 3990 estde,
2430 3923 2678 3994 plerique
2701 3921 3191 3979 conculcabantur.
3209 3917 3396 3974 Ctedes
3421 3917 3565 3972 enim

1989 4019 2106 4073 sine
2130 4019 2239 4072 ictu
2271 4014 2522 4087 fugienda
2542 4022 2683 4078 erat,
2715 4024 2827 4068 tum
2851 4013 3035 4083 p0pu|i
3060 4014 3114 4066 in
3145 4008 3408 4066 ecclesias
3437 4023 3568 4061 con-

1988 4104 2247 4178 fugientis
2282 4115 2446 4177 atque
2485 4105 2541 4160 in
2567 4105 2725 4160 turba
2761 4113 2990 4159 mortem
3013 4103 3263 4158 acerbam
3293 4099 3574 4155 invenien-

1988 4202 2080 4263 tis.
2098 4208 2210 4255 tum
2244 4198 2570 4269 iningressu
2603 4197 3108 4262 arcis,cum,hasta
3131 4192 3316 4248 hostili
3346 4192 3412 4245 de
3438 4189 3574 4244 turri

1994 4291 2243 4346 Orientali
2269 4304 2390 4360 qua:
2415 4289 2662 4344 imminet
2689 4289 2916 4358 aequori,
2956 4286 3164 4341 elevata
3237 4291 3425 4338 contra
3478 4281 3576 4334 ad-

1996 4383 2268 4440 versarios
2297 4383 2352 4436 in
2384 4381 2595 4452 siguum
2629 4380 2781 4434 urbis
2807 4379 2918 4449 jam
2966 4378 3219 4440 redactae,
3273 4374 3427 4445 quasi
3462 4372 3573 4426 vel—

2000 4475 2114 4542 ient
2141 4471 2352 4542 egredi.
2395 4485 2464 4525 au
2493 4468 2832 4541 superfuerit
2870 4467 3116 4536 ignotum
3148 4477 3232 4521 est
3263 4482 3276 4518 :
3319 4463 3569 4532 plerique

2005 4541 2198 4621 autem
2225 4564 2541 4619 levaverant
2567 4558 2757 4616 oculos
2787 4557 2844 4613 in
2875 4572 3058 4618 arcem
3092 4556 3247 4628 quasi
3276 4556 3329 4610 in
3357 4563 3569 4608 montes

2012 4659 2154 4717 unde
2189 4658 2291 4716 sibi
2322 4671 2610 4714 venturum
2644 4655 2908 4711 auxilium
2943 4655 3254 4723 sperabant.

322 4765 553 4815 γνωστο·
575 4747 714 4822 ἦραν
729 4749 784 4803 δὲ
808 4751 934 4813 τοὺς
952 4749 1265 4821 ὀφθαλμοὺς
1283 4753 1331 4805 οἱ
1353 4753 1569 4817 πλείους
1582 4753 1658 4818 ὡς
1669 4755 1747 4818 είς
1768 4752 1871 4826 ὅρη
1890 4755 1988 4828 τὴν
2006 4753 2324 4825 ἀκρόπολιν,
2341 4750 2467 4806 ἔνθα
2491 4748 2739 4821 βοήθειαν
2759 4747 3121 4820 ἐκαραδόκουν
3142 4745 3324 4807 αὐτοῖς
3338 4742 3577 4797 ἔσεσθαι.

391 4847 452 4893 ε’.
500 4843 568 4894 ⁸0
613 4842 671 4894 δὲ
720 4842 956 4909 μάλιστα
1002 4841 1100 4912 τὴν
1147 4843 1238 4895 τοῦ
1291 4842 1466 4898 κακοῦ
1516 4845 1889 4918 πολυφθορίαν

2064 4846 2119 4901 ὅ.
2149 4843 2303 4912 Quod
2329 4853 2511 4899 autem
2529 4844 2765 4899 maxime
2786 4841 2950 4912 hujus
2968 4838 3299 4895 calamitatis
3317 4837 3579 4892 extremi—

321 4931 562 4985 ἐνταῦθα
587 4934 905 5001 κατηγορεῖ,
935 4931 1080 4985 τοῦτ’
1105 4929 1194 5003 ἦν,
1225 4934 1307 4986 ὅτι
1335 4937 1456 4998 ταῖς
1485 4939 1770 5008 νεκρικαῖς
1798 4937 1894 5010 Θη-

326 5023 558 5091 μωνίαις
605 5024 699 5076 καὶ
744 5023 954 5091 ἀλόγων
1002 5024 1158 5088 ζώων
1203 5023 1467 5101 ισώρευμα
1519 5028 1891 5098 παρετέθειτο.

334 5115 646 5186 Ἀχωρὴτου
686 5117 795 5186 γάρ
835 5116 986 5180 δντος
1025 5117 1123 5189 μιᾷ
1159 5107 1303 5189 πύλῃ
1337 5118 1429 5170 τοῦ
1473 5121 1897 5192 συνερῤευκότος

322 5207 434 5260 ἄνω
464 5208 596 5260 λαοῦ
619 5249 631 5272 ,
665 5207 761 5261 καὶ
795 5208 1133 5278 βιαζομένων
1167 5209 1268 5280 μὲν
1299 5209 1682 5280 παραδύεσθαι
1703 5253 1716 5275 ,
1754 5210 1895 5264 ὥστε

324 5298 618 5365 σώζεσθαι,
653 5299 727 5370 μὴ
753 5300 986 5370 ἐχόντων
1012 5301 1070 5354 δὲ
1097 5300 1470 5371 παραδύεσθαι
1497 5300 1762 5367 ἑκάστων,
1791 5303 1899 5356 τῶν

322 5408 379 5444 τε
408 5392 610 5458 πεζῶν,
638 5392 746 5448 τῶν
769 5409 828 5444 τε
858 5393 979 5446 καθ’
999 5393 1227 5457 ἵππους,
1253 5395 1279 5446 ὀ
1307 5395 1540 5446 κατόπιν
1566 5392 1703 5446 θέων
1733 5394 1900 5466 βαρὺς

326 5484 477 5554 ὄχλος
500 5485 596 5538 τὸν
623 5485 959 5555 προάγοντα,
985 5487 1079 5541 καὶ
1101 5489 1165 5558 τῇ
1193 5485 1495 5539 έπιπτώσει
1527 5486 1748 5555 πάσχων
1773 5488 1901 5539 ἐκεῖ·

327 5593 409 5638 νος
436 5577 494 5628 τὸ
517 5577 706 5646 ὅμοιον
733 5577 836 5630 ύπδ
858 5579 966 5630 τῶν
993 5578 1373 5648 ὀπισοαίτερον
1399 5579 1761 5646 ἐγκειμένων,
1790 5579 1900 5630 οὐδ’

328 5669 504 5724 αὐτῶν
525 5669 966 5742 ἀπηλλαγμένων
989 5669 1080 5724 τοῦ
1110 5669 1234 5724 καθ’
1257 5670 1446 5740 εἱρμὸν
1474 5669 1616 5723 οὕτω
1644 5672 1896 5741 πάσχειν,

329 5760 404 5824 είς
434 5759 671 5816 κολωνὸν
706 5760 1130 5832 θανατουμένων
1165 5758 1435 5830 ἐκορύφου
1468 5760 1524 5812 τὸ
1560 5759 1896 5829 σύμπτωμα,

2000 4946 2160 4992 tatem
2192 4935 2507 5000 accusabat,
2543 4939 2662 4988 erat
2703 4948 2935 4987 acervus
2959 4931 3337 5002 jumentorum
3365 4928 3578 4982 acervis

2001 5038 2338 5082 mortuorum
2361 5027 2597 5081 additus.
2615 5023 2752 5080 Cum
2779 5024 2925 5080 enim
2949 5040 3112 5078 unam
3136 5023 3200 5076 ad
3225 5029 3432 5092 portam
3449 5034 3580 5074 con-

2001 5113 2236 5172 venisset
2284 5115 2349 5170 ad
2403 5113 2807 5168 ascendendum
2856 5113 3181 5167 innunierus
3209 5111 3466 5180 populus.
3515 5123 3577 5162 se

2003 5207 2365 5261 intromittere
2415 5220 2640 5270 conans,
2697 5211 2918 5276 prepter
2975 5203 3240 5267 salutem,
3277 5201 3576 5270 unusquis-

2005 5315 2110 5370 que
2145 5307 2326 5352 autem
2391 5307 2679 5368 penetrare
2712 5311 2821 5351 non
2854 5303 3058 5366 posset,
3095 5295 3184 5348 alii
3211 5293 3442 5362 pedites,
3475 5289 3573 5343 alii

2009 5394 2060 5444 in
2094 5393 2248 5460 equis
2279 5390 2555 5451 sedentes.
2595 5387 2756 5443 turba
2798 5388 2970 5442 densa
3022 5385 3098 5440 illi
3139 5401 3260 5456 quae
3317 5381 3572 5453 praecedit

2008 5495 2153 5536 retro
2191 5483 2475 5546 insistens,
2499 5495 2563 5536 ac
2589 5492 2813 5551 propter
2844 5480 3033 5550 lapsus
3088 5477 3227 5532 idem
3265 5473 3475 5545 patiens
3503 5472 3572 5526 ab

2010 5576 2094 5629 liis
2123 5574 2216 5644 qui
2249 5567 2588 5643 sequuntur,
2617 5572 2876 5628 omnibus
2908 5569 3048 5626 idem
3080 5565 3410 5638 patientibus
3444 5564 3568 5634 qui-

2008 5666 2107 5721 bus
2137 5667 2220 5720 via
2246 5666 2434 5721 eadem
2473 5674 2578 5731 est,
2604 5679 2858 5721 acervum
2879 5670 3212 5717 mortuorum
3238 5656 3568 5726 complebat,

2008 5758 2263 5814 omnibus
2305 5772 2412 5813 una
2457 5757 2767 5826 iacentibus
2812 5753 3146 5819 hominibus,
3173 5750 3350 5820 equis,
3383 5747 3567 5812 mulis,
