3968 6602
367 337 433 404 15
1123 341 1545 408 EUSTATHII
1585 342 2343 408 THESSALONICENSIS
2364 341 2938 403 METROPOLITJE
3540 344 3605 408 l6

362 452 555 517 asinis,
587 453 679 523 qui
715 453 1105 525 supellectilem
1138 455 1191 509 in
1222 455 1385 511 dorso
1421 456 1732 526 portabant.
1767 457 1930 511 Collis

2043 456 2257 509 πάντων
2283 454 2417 525 ὁμοῦ
2449 452 2838 524 πεφυρμένων,
2865 450 3193 529 ἀνθρὼπων,
3223 451 3425 515 ἵππων,
3454 452 3608 524 ἡμιφ-

364 546 451 598 hic
481 545 553 598 ibi
590 545 726 598 turri
756 545 909 600 urbis
950 546 1324 616 juxtapositus
1372 556 1513 606 ertu.
1580 552 1690 601 fere
1740 548 1933 601 similis

363 636 599 693 molibus
626 646 818 693 contra
853 653 1041 692 muros
1063 640 1358 693 exstructis
1411 656 1545 709 quas
1609 642 1803 695 bellum
1835 642 1935 693 ali-

361 728 575 794 quoties
605 729 892 782 construit.
910 728 1102 782 Ethaec
1128 728 1268 782 facta
1296 744 1422 782 sunt
1456 730 1522 784 ad
1556 738 1767 800 portam
1793 730 1935 785 arcis

360 834 482 886 qua:
526 819 597 873 oh
633 820 827 875 oculos
875 830 980 875 εει.
1013 819 1159 887 Quos
1186 837 1313 873 vero
1333 821 1644 875 continebat
1667 837 1787 891 utne
1817 830 1935 875 erat

293 976 300 985 .
361 912 530 975 intus,
559 926 682 966 cum
719 912 827 964 dux
867 911 1159 966 imbecillis
1190 928 1308 965 eam
1356 911 1543 982 fregit,
1587 911 1726 982 fuga:
1787 911 1930 985 male

364 1000 570 1062 favens.
598 1001 700 1072 ipsi
735 1002 860 1055 novi
894 1004 1107 1072 generis
1147 1003 1411 1069 irnngiia
1443 1017 1501 1056 se
1529 1002 1746 1057 obtulit.
1920 982 1933 991 “

2042 564 2169 605 νων,
2202 546 2372 611 ὄνων,
2407 541 2488 610 οἷς
2522 547 2937 616 ὲπισεσαγμένα
2972 541 3113 617 ἦσαν
3145 545 3212 600 τὰ
3244 548 3358 608 τοῖς
3395 546 3606 609 πολλοῖς

2040 640 2332 707 ἀναγκαῖα.
2368 640 2477 694 Καὶ
2511 638 2700 709 βουνὸς
2735 641 2943 701 ἐκεῖνος
2977 638 3219 702 τοιοῦτος
3253 637 3609 692 ἀντανίστατο

2040 732 2117 800 τῷ
2148 733 2243 801 τῆς
2280 732 2487 794 πόλεως
2525 732 2707 783 ἐκεῖσε
2744 729 3112 800 πυργώματι,
3152 728 3353 799 μικροῦ
3388 747 3605 798 παρεοι-

2039 824 2148 887 κὼς
2185 826 2294 889 τοῖς
2338 824 2710 893 ὲγειρομένοις
2748 823 2856 891 πρὸ
2888 821 3118 890 τειχέων
3150 820 3401 890 χώμασιν
3428 864 3439 882 ,
3473 820 3510 875 ἃ
3544 822 3608 892 δὴ

2038 914 2134 967 καὶ
2175 914 2313 968 αὐτὰ
2357 915 2627 982 σκευωρεῖ
2672 929 2801 966 ποτε
2849 913 3104 982 πόλεμος.
3144 911 3255 966 Καὶ
3294 911 3470 967 ταῦτα
3511 913 3609 982 μὲν

2038 1006 2173 1077 πρὶς
2204 1009 2267 1075 τῇ
2301 1005 2441 1076 πύλῃ
2467 1006 2565 1072 τῆς
2593 1003 2962 1072 ἀκροπόλεως,
2990 1007 3058 1074 τῇ
3084 1020 3147 1071 γε
3173 1006 3605 1076 προφαινομένῃ.

361 1089 467 1152 (tu;
492 1092 547 1144 δὲ
580 1094 806 1164 συνέσχε
836 1095 930 1147 καὶ
959 1096 991 1163 ἡ
1018 1095 1301 1165 ἐνδοτέρω,
1331 1095 1419 1147 ὅτε
1451 1095 1479 1144 ὀ
1511 1094 1729 1165 ἀχρεῖος
1757 1095 1927 1166 αὐτὴν
1966 1098 2209 1169 ἀκαίρως
2243 1099 2520 1169 κατήραξε
2556 1099 2883 1168 στρατηγὸς,
2915 1097 3347 1169 παρεισφθαρεὶς
3410 1099 3468 1149 ὲν
3530 1096 3606 1163 τῷ

382 1188 586 1255 εὐγειν,
618 1188 753 1259 ἄλλη
789 1189 1071 1260 τραγῳδία
1104 1184 1248 1242 οὗτοι
1280 1191 1658 1261 καινότροπος.

431 1284 483 1339 6.
519 1283 684 1350 Quasi
735 1286 878 1338 enim
933 1299 1040 1338 non
1105 1285 1240 1338 satis
1293 1286 1444 1339 multi
1494 1286 1760 1341 interfecti
1800 1287 1926 1341 a'ibi
2002 1284 2015 1302 '

360 1375 613 1438 fuissent,
641 1374 727 1428 ille
749 1390 958 1445 parvus
991 1375 1214 1444 pulchre
1241 1378 1406 1443 gestis
1438 1375 1533 1431 sed
1562 1393 1789 1447 magnus
1816 1394 1930 1448 pra-

358 1469 521 1521 vitate
552 1466 702 1519 attxit
734 1468 933 1521 malum
962 1483 977 1532 ;
1009 1483 1069 1520 ac
1097 1468 1319 1534 insuper
1347 1475 1603 1537 tanquam
1634 1469 1929 1525 calamitati

357 1556 811 1625 complementum
849 1556 997 1612 deglit
1024 1571 1131 1611 non
1180 1558 1294 1627 ipsa
1332 1573 1491 1611 manu
1518 1559 1698 1632 gladio
1725 1560 1933 1615 interli-

367 1649 518 1701 ricns
551 1664 691 1718 quos
720 1648 862 1702 malo
891 1649 1122 1703 consilio
1162 1648 1395 1713 fiderat,
1424 1650 1516 1704 sed
1555 1651 1843 1722 praecipue.
1873 1662 1933 1709 ut

2108 1286 2183 1352 ς’.
2217 1287 2425 1355 Ὠσπερ
2455 1286 2562 1355 γὰρ
2598 1285 2672 1356 μὴ
2702 1286 3015 1354 ἀρκούντων
3046 1283 3158 1338 τῶν
3178 1281 3350 1345 ἄλλως
3383 1299 3601 1337 πεπτω-

2036 1379 2230 1442 κότων,
2264 1378 2686 1451 προσεπηύξησε
2713 1379 2772 1431 τὸ
2800 1379 2970 1431 κακὸν
2995 1379 3201 1439 ἐκεῖνος
3226 1377 3256 1428 ὁ
3284 1375 3481 1446 μικρὸς
3509 1375 3608 1445 μὲν

2035 1470 2106 1526 τὰ
2136 1472 2309 1531 καλὰ,
2344 1470 2517 1540 μέγας
2545 1471 2601 1522 δὲ
2632 1471 2731 1539 τὴν
2761 1469 3029 1540 πονηρίαν
3052 1483 3066 1498 ’
3100 1467 3193 1520 καὶ
3220 1461 3334 1519 οἷόν
3366 1481 3489 1518 τινα
3518 1481 3607 1518 κο⁶

2040 1565 2237 1635 ρωνίδα
2274 1564 2365 1616 καὶ
2400 1564 2563 1625 αὐτὸς
2595 1561 2673 1631 τῷ
2707 1561 3087 1631 δυστυχήματι
3122 1556 3612 1629 ὲκεφαλαιώσατο,

2033 1656 2138 1710 οὐκ
2180 1656 2552 1726 ἀνασχόμενος
2591 1656 2665 1726 μὴ
2702 1654 2802 1706 καὶ
2834 1654 3118 1725 αὐτόχειρι
3152 1653 3299 1723 φόνῳ
3342 1666 3611 1721 προσεπι-

358 1755 544 1793 verum
582 1739 785 1803 dicam,
812 1738 1018 1794 collisis
1054 1738 1263 1792 viribus
1302 1755 1397 1808 pro
1448 1756 1624 1809 pugna
1660 1757 1723 1797 ac
1745 1752 1932 1798 custo-

2042 1748 2269 1816 ϐλάψαι,
2304 1746 2397 1811 οὒς
2431 1746 2781 1809 δυσϐουλίαις
2810 1747 3300 1817 κατεστρατήγησε
3321 1786 3336 1806 ,
3373 1742 3612 1814 μάλιστα

358 1828 468 1894 dia,
496 1839 554 1882 ut
589 1831 1093 1900 sermnproretleus
1127 1830 1271 1884 clare
1315 1831 1731 1888 demonstrabit.
1766 1834 1840 1888 Ita
1873 1846 1927 1890 ut

2042 1840 2080 1893 δ’
2109 1813 2286 1893 είπεῖν
2342 1840 2598 1909 τᾶληθὲς,
2630 1842 2751 1902 ταῖς
2780 1842 2861 1901 εἰς
2895 1813 3076 1908 μάχην
3104 1813 3199 1890 και
3224 1813 3485 1906 ἠφυλακὴν
3513 1850 3614 1887 καο

357 1921 852 1976 machinationibus
884 1921 999 1975 suis
1030 1921 1215 1975 hostes
1235 1938 1262 1975 a
1290 1925 1301 1973 l
1335 1936 1392 1977 Se
1425 1925 1779 1992 converterit,
1805 1927 1933 1981 licet

361 2012 504 2067 hanc
530 2014 803 2066 civitatem
840 2013 919 2066 sit:
956 2013 1133 2083 perire
1163 2014 1452 2076 dimiserit.
1483 2028 1780 2085 auctorque
1823 2034 1930 2074 raro

356 2098 504 2153 dium
576 2098 779 2165 fuerit,
841 2100 1135 2157 immolatis
1183 2103 1300 2172 ipse
1352 2106 1552 2174 quibus
1626 2102 1931 2165 indulserat

357 2198 589 2262 tempus.
612 2191 724 2246 Non
756 2194 899 2248 cuitu
923 2195 1062 2248 alius
1082 2196 1248 2264 jussit
1278 2196 1422 2250 illam
1451 2201 1773 2270 przecipuam
1806 2216 1930 2272 por-

359 2291 468 2336 tam
499 2284 810 2349 demittere,
848 2300 1012 2355 supra
1045 2288 1295 2342 machina
1341 2289 1643 2356 elevatam;
1680 2292 1772 2347 sed
1817 2294 1933 2364 ipse

278 2457 287 2465 .
358 2375 661 2429 machinam
682 2378 923 2443 solvens,
943 2382 1128 2432 statim
1154 2380 1366 2437 demisit
1384 2423 1400 2447 ,
1426 2383 1820 2454 includeusque
1840 2385 1930 2456 qui

357 2467 887 2537 peuetrarant,cepit
907 2486 1000 2524 eos
1024 2472 1114 2540 qui
1144 2472 1282 2527 mala
1311 2485 1455 2527 sorte
1480 2486 1836 2530 accurreruut
1876 2479 1929 2532 in

356 2558 517 2614 suum
553 2560 1266 2633 exitium,strangulationis
1295 2575 1469 2623 morte
1498 2569 1661 2623 vitam
1690 2585 1935 2625 commu-

359 2660 558 2713 tautes,
608 2654 760 2706 triste
796 2655 1168 2722 spectaculum
1199 2650 1509 2717 omerentes,
1540 2658 1769 2713 dimidio
1807 2675 1932 2713 cor-

359 2743 504 2811 poris
538 2742 592 2797 in
634 2744 866 2798 interius
895 2745 1167 2806 inclinati,
1206 2747 1413 2817 reliqua
1453 2759 1605 2817 parte
1659 2750 1919 2803 exteriusi

357 2834 657 2904 conspecti,
690 2840 883 2890 merito
915 2838 1156 2906 lugendi.

2037 1929 2328 2000 θυφέσεσιν
2350 1970 2364 1995 ι
2393 1931 2467 1993 ὡς
2499 1933 2528 1983 ὁ
2559 1930 2717 1998 λόγος
2752 1928 3067 2001 προϐαίνων
3098 1926 3353 1996 ἐκφανῶς
3382 1924 3617 1991 διαγρά-

2034 2020 2229 2093 ψετκι·
2268 2024 2343 2088 ὡς
2387 2023 2473 2088 ἂν,
2512 2017 2692 2093 οἶμαι,
2728 2022 2852 2084 τοὺς
2896 2018 3191 2089 πολεμίους
3236 2016 3370 2086 πρὸς
3414 2011 3611 2068 ἑαυτοῦ

2037 2116 2401 2185 ποιησάμενος
2436 2113 2805 2184 ἐκμειλίξαιτο
2826 2153 2841 2179 ,
2872 2112 2988 2180 εἴγε
3024 2110 3119 2164 καὶ
3150 2109 3306 2163 πόλιν
3336 2107 3613 2173 τοσαύτην

2034 2208 2249 2278 ἀφῆκεν
2277 2206 2423 2259 οὕτω
2451 2207 2659 2267 πεσεῖν,
2695 2206 2787 2259 καὶ
2820 2204 2998 2274 φόνων
3027 2201 3085 2257 δὲ
3115 2200 3339 2271 γέγονεν
3369 2198 3613 2267 αὕτουρ-
3646 2202 3651 2207 “

2032 2299 2148 2368 γδς,
2198 2300 2609 2360 ὲπικαταθύσας
2651 2298 2746 2350 καὶ
2791 2294 2975 2359 αὐτὸς,
3022 2292 3114 2355 οὒς
3161 2291 3545 2361 ὲπεμέτρησεν
3585 2286 3613 2340 ὁ

2034 2391 2250 2462 καιρός.
2280 2393 2355 2444 Οὐ
2385 2393 2493 2462 γὰρ
2522 2391 2706 2452 ἄλλοις
2731 2387 2961 2455 ἐπέταξε
2990 2383 3332 2456 χαλασθῆναι
3355 2383 3456 2452 τὴν
3484 2398 3618 2451 κρυ-

2034 2482 2202 2552 φαίαν
2239 2482 2461 2552 ἐκείνην
2501 2482 2698 2553 πύλην,
2742 2479 3016 2551 μετέωρον
3050 2474 3301 2547 ἠρμένην
3337 2475 3401 2525 ἐκ
3440 2490 3617 2544 μηχαο

2034 2574 2130 2642 νῆς
2150 2592 2164 2606 ⁶
2205 2574 2319 2627 ἀλλ’
2344 2574 2506 2635 αὐτὸς
2542 2573 2602 2624 τδ
2637 2573 2916 2642 τέχνασμα
2956 2570 3163 2637 σχάσας
3198 2565 3339 2619 κατὰ
3376 2562 3616 2633 σπουδὴν

2035 2666 2347 2733 κατήνεγκε
2369 2682 2383 2695 ·
2417 2665 2510 2719 καὶ
2540 2663 2682 2717 κατὰ
2709 2663 2815 2715 τῶν
2848 2658 3327 2732 παρεισδυομένων
3360 2653 3618 2722 συγκλεί-

2029 2773 2129 2818 σας
2152 2795 2167 2820 ,
2201 2756 2527 2825 ἑπαγίδευσε
2558 2756 2683 2817 τοὺς
2718 2750 3047 2823 ὑποτρέχειν
3079 2749 3345 2819 λαχόντας
3378 2746 3461 2810 είς
3497 2745 3619 2798 ϐλε-

2033 2845 2185 2917 Ορον,
2233 2846 2482 2917 σφιγκτῷ
2525 2845 2749 2915 Θανάτῳ
2796 2841 3203 2912 μετηλλαχότας
3243 2843 3306 2892 τὸ
3350 2839 3472 2909 ζῇν,
3520 2847 3615 2900 καὶ

356 2928 643 2995 κειμένους
672 2930 887 2999 οἰκτρὸν
917 2929 1119 3000 θέαμα,
1150 2929 1227 2999 τῷ
1261 2929 1361 3000 μὲν
1390 2929 1579 2999 ἡμίσει
1607 2930 1703 2984 τοῦ
1736 2930 1989 3003 σώματος
2025 2938 2444 3008 προκόπτοντας
2480 2940 2572 2992 ἐπὶ
2607 2938 2675 2992 τὰ
2745 2937 2928 3002 ἐντὸς,
2998 2936 3076 3007 τῷ
3110 2933 3168 2986 δὲ
3236 2930 3408 3001 λοιπῷ
3477 2947 3615 2999 προ·

355 3022 714 3090 φαινομένους
746 3022 857 3084 τοῖς
893 3022 1065 3084 κτὸς,
1099 3020 1243 3074 ὥστε
1274 3022 1584 3079 κλαίεσθαι.

429 3111 479 3164 7.
513 3111 636 3167 Fuit
674 3125 851 3167 autem
885 3114 1047 3167 homo
1073 3125 1261 3168 noster
1282 3117 1418 3168 adeo
1450 3126 1732 3186 promptus
1761 3116 1813 3170 in
1846 3118 1944 3174 de-
1969 3124 2016 3189 C

357 3199 514 3259 leuda
566 3206 720 3272 urbe,
757 3215 815 3259 ttt
851 3205 918 3260 de
988 3207 1121 3260 turri
1171 3222 1290 3277 quae
1345 3209 1712 3278 supereminet
1759 3211 1926 3278 portis

354 3296 548 3352 vicinis
602 3298 787 3354 funem
855 3299 1142 3355 demiserit
1188 3298 1241 3353 in
1292 3299 1489 3367 hostes
1528 3298 1596 3353 ad
1650 3300 1801 3355 illum
1836 3317 1929 3357 ac-

356 3401 636 3445 currentes
663 3430 679 3457 ,
734 3392 807 3447 ita
838 3401 896 3444 ιιι
934 3392 1132 3447 milites
1167 3391 1222 3446 in
1249 3392 1384 3446 turr‘i
1421 3391 1555 3446 nihil
1582 3392 1924 3463 prodessent,

354 3489 407 3534 et
440 3484 688 3536 semitam
725 3483 840 3553 ejus
873 3483 1167 3553 funeraque
1192 3494 1287 3553 per
1306 3485 1476 3539 risum
1510 3482 1888 3542 decantarent.

2118 3121 2182 3188 ζ’.
2224 3123 2283 3177 Ὀ
2326 3120 2381 3178 δὲ
2426 3122 2521 3176 καὶ
2568 3123 2650 3186 είς
2689 3120 2946 3177 τοσοῦτον
2984 3115 3053 3193 ἦν
3090 3119 3333 3190 ἀνδρεῖος
3376 3113 3619 3169 διολέσαι

2035 3212 2133 3283 τὴν
2166 3211 2293 3282 ὅλην
2326 3212 2501 3278 πόλιν,
2532 3210 2607 3274 ὡς
2637 3210 2754 3281 ἅμα
2782 3228 2841 3263 τε
2871 3209 2964 3263 τοῦ
2996 3209 3210 3278 πύργου
3242 3204 3524 3274 γενέσθαι,
3557 3203 3619 3267 ὃς

2034 3306 2467 3377 ὑπερανίσταται
2492 3305 2600 3360 τῶν
2628 3306 2804 3357 ἐκεῖσε
2837 3301 3043 3366 πυλῶν,
3069 3299 3166 3354 καὶ
3192 3299 3310 3368 ἅμα
3335 3296 3426 3351 διὰ
3461 3296 3621 3366 σχοί-

2032 3412 2124 3449 νου
2165 3397 2415 3450 καθεῖναι
2443 3399 2522 3460 είς
2554 3398 2680 3459 τοὺς
2716 3393 3114 3463 ἐπιδραμόντας
3152 3389 3449 3460 πολεμίους
3491 3389 3621 3441 ἑαυ-

2031 3488 2153 3553 τὸν,
2186 3488 2426 3544 ἐάσαντα
2451 3490 2574 3551 τοὺς
2604 3490 2697 3542 ἐπὶ
2727 3487 2823 3541 τοῦ
2858 3487 3074 3557 πύργου
3107 3482 3449 3553 στρατιώτας
3482 3480 3620 3534 κενὰ

357 3573 587 3645 μελετᾷν
621 3575 760 3646 ὑπὲρ
793 3575 886 3629 τοῦ
930 3577 1202 3646 ἐρύματος
1224 3618 1237 3641 ,
1274 3580 1366 3628 κα“·.
1403 3577 1503 3646 τὴν
1537 3577 1721 3649 τρίϐον
1758 3578 1922 3632 αὐτοῦ
1955 3581 2052 3635 καὶ
2075 3581 2173 3653 τὴν
2201 3585 2410 3652 σχοῖνον
2464 3582 2675 3652 ταύτην
2730 3580 3035 3651 ἐπαράτους
3086 3575 3495 3647 ὲξιχνιάζεσθαι
3525 3575 3621 3626 καὶ

356 3671 734 3743 περιᾴδεσθσι.

427 3769 482 3824 8.
515 3766 614 3823 llic
638 3779 946 3822 commotus
977 3767 1208 3822 inducor
1238 3766 1302 3821 ad
1360 3769 1535 3823 virum
1588 3768 1927 3839 compellen-

358 3862 488 3916 dutu
533 3863 614 3917 sic
668 3860 1076 3931 inquisiturus:
1113 3860 1224 3915 Cur
1276 3860 1518 3927 tandem,
1554 3862 1756 3930 optime
1796 3861 1929 3927 dux,

360 3957 635 4009 civitatem
665 3952 952 4007 destruere
979 3952 1188 4015 sineus,
1212 3962 1393 4021 partes
1431 3951 1607 4007 editas
1629 3952 1933 4020 oncupasti,

358 4049 643 4116 lateraque
671 4044 939 4099 festinasti
967 4045 1137 4111 intus,
1159 4046 1204 4099 si
1239 4047 1317 4099 sic
1336 4045 1481 4099 brevi
1515 4059 1633 4099 eam
1663 4044 1802 4099 inter
1829 4059 1943 4097 ma-

357 4157 462 4197 nus
503 4138 741 4193 hostium
768 4138 1034 4209 captivam
1074 4152 1224 4193 esses
1271 4136 1606 4191 relicturus?
1635 4135 1745 4190 Cur
1777 4136 1942 4191 mise-

358 4248 471 4288 ram
492 4244 678 4287 vocem
708 4232 774 4285 ad
807 4230 1238 4285 misericordiam
1265 4230 1584 4286 movendam
1614 4245 1722 4285 non
1742 4228 1940 4283 extuli-

357 4328 425 4393 sti
448 4364 464 4388 ,
486 4331 776 4393 antequam
823 4320 1120 4377 suﬂocares
1142 4337 1279 4391 quos
1330 4330 1483 4392 porta
1518 4318 1736 4377 tenebat
1775 4330 1940 4390 atque

361 4426 592 4471 caeteros
610 4415 633 4469 ?
649 4413 932 4481 Quomodo
951 4428 1058 4468 non
1080 4423 1319 4470 moveret
1338 4415 1530 4477 risum,
1546 4413 1696 4468 illum
1719 4427 1943 4469 currere

2103 3775 2175 3840 η’.
2213 3767 2480 3822 Ἐνταῦθα
2514 3766 2908 3836 παθαινόμενος
2944 3763 3257 3837 προάγομαί
3291 3783 3344 3819 τι
3376 3766 3616 3837 λαλῆσαι

2038 3860 2176 3931 πρὸς
2206 3858 2298 3913 τὸν
2327 3858 2516 3928 ἄνδρα,
2548 3856 2643 3912 καὶ
2677 3855 2946 3910 πυθέσθαι
2979 3853 3143 3907 αὐτοῦ
3164 3869 3180 3885 θ
3214 3855 3279 3906 Τί
3310 3854 3538 3926 δήποτε,
3572 3851 3622 3910 ὦ

2045 3953 2289 4025 βέλτιστε
2327 3949 2599 4021 στρατηγέ
2620 3990 2635 4014 ,
2669 3949 2769 4019 τὴν
2802 3948 2951 4001 κάτω
2985 3946 3140 3999 πόλιν
3174 3948 3623 4003 κατακόπτεσθαι.

2046 4043 2226 4112 ἀφεὶς,
2253 4042 2438 4109 ἐγένου
2465 4039 2562 4109 τῆς
2588 4041 2699 4093 ἄνω
2728 4038 2944 4110 μοίρας,
2973 4039 3068 4091 καὶ
3098 4038 3346 4092 σπεύδων
3371 4039 3623 4111 ὲκρύϐης

2047 4134 2221 4199 ἐντὸς,
2249 4133 2296 4185 εί
2323 4131 2464 4184 οὕτω
2491 4132 2629 4201 ταχὺ
2657 4131 2823 4202 ἐχρῆν
2852 4147 2911 4183 σε
2941 4132 3033 4184 καλ⁵
3060 4130 3230 4200 αὐτὴν
3256 4131 3476 4200 ἀφεῖναι
3503 4134 3623 4195 τοῖς

2047 4222 2263 4296 ἐχθροῖς
2305 4223 2651 4293 ὑποχείριον;
2696 4222 2761 4275 Τί
2804 4221 2859 4275 δὲ
2906 4222 2982 4293 μὴ
3024 4221 3120 4291 τὴν
3163 4220 3367 4290 ἀγεννῆ
3405 4223 3622 4291 φωνὴν,

2046 4317 2145 4387 τὴν
2171 4315 2264 4370 τοῦ
2295 4314 2580 4386 ἐλεηθῆναί
2612 4332 2692 4378 σε,
2722 4314 3096 4384 προέκρωξας.
3125 4312 3292 4383 πρινὴ
3324 4310 3417 4366 καὶ
3448 4330 3629 4367 κατα-

2049 4405 2232 4471 πνίξαι
2258 4404 2383 4469 τοὺς
2410 4405 2467 4457 ὲν
2495 4407 2559 4476 τῇ
2594 4402 2738 4474 πύλῃ
2766 4401 3055 4474 σχεθέντας
3083 4403 3178 4457 καὶ
3203 4403 3328 4465 τοὺς
3356 4401 3586 4465 λοιπούς
3607 4418 3629 4468 ς

359 4504 412 4558 in
453 4520 631 4561 arcem
676 4515 931 4576 tanquam
973 4505 1027 4558 in
1074 4503 1422 4574 prazsidium,
1448 4503 1855 4577 ascendereque
1881 4504 1933 4557 in

2047 4494 2173 4563 Πῶς
2217 4498 2279 4552 οὒ
2326 4497 2534 4567 γελοῖον
2578 4494 2895 4567 είσδραμεῖν
2934 4494 3031 4565 τὴν
3075 4493 3371 4563 ἀκρόπολιν
3413 4492 3490 4557 ὡς
3541 4495 3628 4558 εἰς

358 4597 551 4651 turrim
585 4606 840 4667 tanquam
875 4596 926 4649 iu
950 4596 1128 4650 locum
1163 4595 1447 4649 altitudine
1482 4603 1656 4649 tutum
1679 4635 1694 4660 ,
1726 4597 1940 4649 statim-

359 4704 466 4760 que
511 4703 568 4743 se
613 4687 897 4742 demittere
942 4702 1038 4757 per
1092 4685 1531 4757 funem;hocmte
1578 4687 1745 4741 citius
1775 4700 1937 4756 quam

360 4780 522 4835 situla
569 4780 621 4834 itt
669 4782 797 4834 luue
833 4780 1017 4851 putei?
1074 4779 1121 4833 0
1148 4781 1385 4835 maxime
1414 4782 1526 4834 risu
1561 4780 1784 4849 mgnum
1812 4793 1937 4832 eum

359 4874 467 4929 dux
499 4873 729 4931 illustris
755 4872 1089 4928 constitutus
1117 4874 1242 4926 ante
1281 4880 1468 4942 portas
1492 4868 1790 4926 orientales
1820 4881 1940 4924 tan-

359 4983 522 5043 quam
558 4967 626 5022 ad
651 4967 916 5021 illustrem
957 4981 1190 5038 pugnam
1217 5002 1232 5029 ,
1256 4964 1381 5020 dein
1431 4962 1618 5021 videns
1650 4961 1941 5034 quemdam

362 5078 432 5117 σιτ
458 5061 712 5119 hostibus
743 5062 1062 5115 velociorem
1098 5066 1561 5130 superantemque
1586 5056 1812 5121 vallum,
1846 5055 1944 5109 ha-

366 5154 534 5207 benas
569 5152 839 5206 dimiserit
865 5165 1009 5221 equo
1041 5149 1109 5202 ad
1138 5149 1474 5213 irruendnm,
1497 5146 1798 5217 procedens
1814 5158 1946 5200 con-

362 5254 447 5299 tra
480 5260 697 5301 omnem
725 5247 898 5300 aciem
918 5243 1216 5300 exercitus.
1241 5232 1537 5311 Postquam
1592 5247 1775 5295 autem
1804 5252 1944 5307 quos

364 5338 646 5407 invenerat
703 5336 1010 5404 subegisset
1060 5344 1113 5389 et
1156 5333 1441 5403 irrupisset
1495 5331 1770 5402 superius,
1811 5328 1941 5384 dein

366 5430 563 5491 multos
587 5427 953 5487 interiecissc't
968 5439 1145 5497 porta,
1165 5427 1233 5485 de
1255 5441 1360 5496 qua
1389 5425 1555 5478 locuti
1580 5436 1788 5486 smnus,
1809 5421 1946 5478 alios

368 5522 459 5576 illa
511 5529 667 5591 porta
695 5536 759 5575 ex
807 5520 915 5574 alto
967 5518 1225 5585 demissa,
1251 5518 1387 5572 alios
1430 5529 1561 5571 vero
1584 5515 1677 5585 qui
1702 5514 1945 5569 exterius

368 5621 525 5669 erant
549 5653 565 5677 ,
604 5613 708 5670 :ito
736 5612 979 5667 ascendit
1008 5619 1345 5682 pugnaturus
1377 5624 1410 5664 e
1432 5609 1591 5675 turri,
1616 5607 1778 5662 cuius
1816 5618 1947 5661 vero

374 5704 657 5763 descendit
709 5705 777 5760 ad
811 5711 1113 5775 capturam,
1140 5703 1196 5757 in
1222 5703 1328 5758 hoc
1348 5716 1460 5757 uno
1478 5700 1638 5758 fortis
1664 5700 1808 5772 quod
1835 5714 1947 5756 non

382 5797 438 5850 in
470 5804 654 5868 sporta
688 5796 899 5852 tardius
929 5794 1193 5853 dimissus
1232 5792 1356 5861 fuit,
1392 5792 1489 5849 sed
1528 5800 1807 5848 momento
1848 5789 1947 5846 ad-

2039 4590 2288 4662 ᾶμυναν,
2326 4588 2421 4644 καὶ
2454 4588 2802 4659 ἀναπηδῆσαι
2837 4588 2917 4651 είς
2951 4586 3162 4658 πύργον
3195 4585 3272 4649 ὡς
3311 4586 3399 4639 ἐπ’
3425 4588 3628 4660 ἀγαθῷ

2038 4680 2148 4737 τῶν
2187 4681 2302 4738 ἄνω
2342 4678 2616 4747 ἑστώτων,
2659 4681 2755 4734 καὶ
2796 4679 2996 4733 αὐτίκα
3035 4668 3336 4748 δράξασθαι
3377 4678 3626 4749 σχοίνου,

2039 4778 2136 4830 και
2169 4774 2364 4828 θᾶττον
2397 4775 2550 4827 κάτω
2583 4770 2839 4840 γενέσθαι
2861 4810 2875 4835 ,
2910 4770 3056 4842 ηπερ
3093 4768 3307 4824 καδδίον
3339 4769 3397 4823 ὲν
3429 4754 3629 4841 ίμονίᾳ

2041 4867 2184 4922 κατὰ
2209 4865 2442 4938 φρέατος
2461 4881 2478 4933 ;
2495 4864 2561 4917 Ὦ
2586 4862 2822 4931 γέλωτος
2844 4861 3060 4928 τούτου,
3087 4860 3170 4916 ὅτι
3196 4861 3632 4933 παρατεταγμέ-

2041 4974 2131 5021 νος
2160 4960 2188 5012 ὁ
2215 4956 2467 5028 λαμπρὸς
2497 4954 2721 5026 ἡγεμὼν
2755 4955 2863 5026 πρὸ
2888 4952 2999 5007 τῶν
3029 4951 3181 5025 ἑῴων
3210 4951 3394 5005 πυλῶν
3420 4951 3498 5014 ὡς
3528 4954 3631 5006 ἐπὶ

2045 5049 2197 5123 μάχη
2225 5048 2485 5119 λαμπρᾷ,
2520 5042 2641 5099 εἶτα
2675 5044 2799 5123 ίδῲν
2827 5044 2923 5098 ἕνα
2952 5045 3075 5099 τινὰ
3107 5044 3365 5114 πολέμιον
3394 5044 3633 5116 ὲλαφρι-

2045 5140 2242 5195 σθέντα
2270 5143 2366 5195 καὶ
2396 5138 2778 5211 ὑπερφανέντα
2807 5138 2951 5191 κατὰ
2978 5135 3084 5190 τῶν
3114 5135 3417 5203 ἐπάλξεων,
3446 5134 3632 5205 ἀνῆκε

1988 5242 1989 5245 “
2045 5234 2135 5288 τὸν
2171 5232 2387 5305 ῥυτῆρα
2416 5230 2494 5302 τῷ
2532 5229 2686 5300 ἵππῳ
2720 5226 2864 5281 θέειν
2885 5268 2902 5295 ,
2934 5226 3256 5298 προτρέχων
3288 5223 3383 5278 τοῦ
3417 5226 3634 5290 παντὸς

2045 5327 2233 5398 ὁμίλου
2261 5325 2363 5397 τῆς
2399 5322 2655 5395 στρατιᾶς
2681 5337 2695 5352 ⁸
2728 5322 2824 5375 καὶ
2860 5319 3223 5390 συμπατήσας
3252 5316 3380 5382 τοὺς
3413 5334 3633 5386 παρευ-

2050 5418 2341 5491 ρημένους,
2368 5416 2465 5469 καὶ
2490 5414 2798 5485 είσδραμων
2823 5408 2957 5477 ἄνω,
2987 5404 3104 5463 εἶτα
3130 5410 3227 5464 καὶ
3255 5408 3463 5480 βλάψας
3493 5409 3635 5461 πολ-

2046 5511 2172 5575 λοίις
2201 5507 2291 5564 διὰ
2319 5508 2494 5579 πύλης
2513 5547 2529 5575 ,
2559 5506 2626 5577 ἣν
2656 5500 3064 5577 προεξεθέμεθα
3083 5542 3099 5569 ,
3124 5501 3249 5564 τοὺς
3283 5501 3381 5572 μὲν
3411 5498 3503 5552 ὑπ’
3528 5501 3634 5553 αὑ-

2047 5603 2146 5672 τῆς
2174 5601 2389 5674 ὲκείνης
2414 5597 2838 5671 κατενεχθείσης
2868 5597 2934 5651 ἐκ
2962 5592 3264 5665 μετεώρου,
3288 5593 3415 5657 τοὺς
3440 5591 3499 5646 δὲ
3535 5592 3638 5647 καὶ

2047 5692 2130 5762 οἷς
2154 5695 2258 5762 ἔξω
2283 5693 2757 5764 συνεκλείσθησαν,
2781 5688 2918 5760 ταχῦ
2946 5688 3046 5759 μὲν
3068 5684 3237 5758 ἀνέϐη
3266 5686 3638 5758 πυργομαχή-

2052 5805 2189 5856 σων,
2221 5787 2402 5857 τάχιον
2429 5784 2486 5839 δὲ
2519 5782 2727 5853 κατέϐη
2755 5778 3155 5850 δουλωσόμενος
3175 5817 3191 5846 ,
3220 5775 3377 5833 τοῦτο
3404 5778 3498 5830 καὶ
3531 5775 3640 5845 μό-

3566 6050 3593 6066 κ
