3968 6572
356 501 416 568 ιτ
1100 510 1203 571 DE
1247 494 1831 591 TllESSALONlCA
1874 511 2087 576 unus
2132 516 2177 573 A
2222 514 2539 577 LATINIS
2573 512 2830 574 CAPTA.
3524 503 3625 581 18-

345 633 430 670 νον
470 617 889 690 ἀνδρισάμενος,
928 621 1010 675 δτι
1056 622 1135 692 μὴ
1175 622 1265 677 διὰ
1309 626 1588 696 σαργάνης
1642 626 1917 698 ἐχαλάσθη

2032 628 2242 696 volavit,
2284 640 2549 697 tanquam
2614 625 2858 696 vulgaris
2881 623 2997 680 ales
3044 621 3111 679 ad
3145 632 3359 693 pastum
3407 636 3592 686 suum,

347 709 706 780 σχολαίτερον,
756 711 894 768 ἀλλά
940 713 1141 785 μικροῦ
1190 719 1592 790 κατεπετάσθη.
1642 720 1774 774 ὡσεὶ
1820 721 1915 774 καὶ

2024 733 2132 773 nou
2167 734 2294 773 vero
2336 730 2394 773 ut
2437 717 2618 788 aquila
2657 717 2724 772 ad
2758 712 2994 770 nobilem
3018 712 3277 784 praedam.

346 792 764 866 βοσκηματὼδες
790 800 991 871 πτηνὸν
1014 802 1107 856 ἐπὶ
1128 805 1300 877 νομήν
1320 823 1335 838 ·
1360 806 1422 861 οὐ
1447 808 1557 878 γὰρ
1580 809 1755 880 δήπου
1776 810 1911 864 ὡσεὶ
1937 810 2030 864 καί
2048 810 2109 866 ’τι
2138 811 2370 875 ἀετῶδες
2400 810 2494 864 ἐπὶ
2521 810 2699 879 ἄγραν
2729 806 2949 877 εὐγενῆ.

410 891 478 946 θ’.
521 894 765 966 Καὶξοῦκ
803 899 972 971 ἐχρῆν
1014 900 1117 972 μὲν
1156 903 1368 973 ἄνδρα,
1412 906 1579 960 πάλαι
1620 906 1924 980 μεμελετη-

346 984 478 1039 κότα
506 988 697 1057 χεῐρας
722 989 976 1048 auiam
1002 996 1340 1062 γυναικικῶς
1363 1000 1475 1063 τοῖς
1498 999 1812 1068 διώκουσιν,
1838 1003 1948 1067 εἰς.

345 1077 526 1149 ἔρυμα
561 1082 987 1152 παρεισδύεσθαι
1007 1126 1024 1152 ,
1057 1086 1151 1142 καὶ⁹
1183 1088 1388 1155 κόπους
1417 1089 1619 1146 διδόναι
1651 1095 1763 1157 τοῖς
1798 1095 1921 1148 έπι-

344 1170 616 1241 τρέχουσι,
659 1174 736 1244 μὴ
776 1179 871 1229 καὶ
912 1178 993 1242 εις
1036 1180 1219 1236 πλεῖον
1263 1184 1561 1253 μαίνοιντο.
1601 1185 1659 1239 Ὀ
1699 1187 1742 1241 δ’
1776 1186 1910 1242 ἀλλά

345 1265 441 1324 τὰς
463 1264 665 1333 φρένας
691 1267 907 1337 βλαϐεὶς
928 1269 1124 1341 ἔφευγε
1149 1273 1273 1342 μὲν,
1296 1274 1371 1339 ὡς
1395 1276 1485 1329 ἐπὶ
1509 1277 1746 1349 φυλακῇ,
1768 1279 1881 1333 ἀνω
1899 1294 1916 1312 °

349 1357 683 1425 κατεφέρετο
718 1358 762 1412 δ’
789 1361 951 1426 εὐθὺς
992 1364 1224 1427 ἐκεῖθεν,
1263 1366 1339 1431 ὡς
1379 1366 1447 1421 ἂν
1480 1368 1566 1437 εἴη
1602 1367 1661 1421 τὸ
1699 1368 1924 1438 ἀγεννὲς

350 1449 516 1502 αὑτοῦ
544 1450 765 1518 ἄτοπον,
794 1455 887 1508 καὶ
919 1454 1003 1524 μὴ
1019 1456 1303 1528 δοξασθείη
1334 1460 1472 1530 πρός
1498 1477 1683 1522 τινων,
1711 1460 1786 1525 ὡς
1814 1461 1923 1532 ἄρα

350 1539 495 1593 ἐάλω
522 1558 599 1608 μα
608 1542 855 1612 χόμενος.
884 1546 1108 1615 Ἀνέϐης
1133 1550 1213 1612 εἱς
1240 1549 1370 1619 ὕψος
1396 1550 1647 1620 φροῦδος.
1673 1546 1718 1606 ὧ
1742 1546 1914 1615 οὗτος.

350 1632 409 1682 τδ
434 1630 533 1701 τῆς
560 1635 905 1705 ἀκροπόλεως
925 1655 938 1669 '
965 1640 1393 1711 ⁴ᾐχμαλώτευσάς
1424 1644 1822 1712 αἱχμαλιιισίαν,
1850 1644 1914 1716 ἢν

353 1724 444 1774 καὶ
466 1725 584 1777 ἐκεῖ
607 1728 716 1789 τοῖς
742 1728 1023 1797 πολεμίοις
1040 1731 1381 1801 προῦδωκας.
1414 1735 1769 1798 ’Λπεναντῐας
1792 1735 1921 1788 ταῦ-

346 1830 435 1875 τα,
453 1810 535 1879 οἷς
560 1816 752 1886 ψάλλει
778 1820 958 1886 dabis,
980 1815 1041 1876 οὗ
1057 1824 1155 1894 τὴν
1179 1824 1367 1893 κλῆσιν
1394 1825 1571 1896 φέρων
1592 1825 1919 1897 ὴχρείωσας.

425 1907 476 1960 ι’.
518 1910 629 1964 Καὶ
676 1914 751 1982 μή
784 1930 872 1982 μοι
915 1917 1199 1983 νεμεσάτω
1229 1917 1416 1986 μηδεὶς
1444 1917 1675 1970 ἐνταῦθα
1706 1916 1921 1986 γέροντι

2094 909 2148 964 9.
2188 907 2378 963 Virum
2414 924 2632 979 quoque
2685 907 2776 977 qui
2825 906 3077 961 inimicos
3121 904 3357 960 molliter
3405 917 3591 973 persc-

2023 1010 2184 1056 cutus
2223 999 2402 1056 fuerat
2458 1016 2565 1056 non
2621 1000 2806 1055 decuit
2850 999 2904 1053 in
2962 1010 3150 1053 muros
3209 995 3507 1051 ascendere
3532 1001 3588 1049 et

2021 1088 2355 1144 adversariis
2422 1091 2709 1145 molestum
2772 1104 2896 1147 esse
2951 1102 3020 1143 ne
3080 1085 3255 1155 magis
3312 1084 3581 1139 furerent.

2013 1174 2281 1235 Caeterum
2333 1188 2516 1236 mente
2551 1194 2845 1250 percussus
2873 1176 3010 1249 fugit
3055 1175 3277 1248 quidem
3327 1176 3580 1245 superius
3624 1198 3625 1201 η

2015 1276 2278 1337 tanquam
2311 1273 2364 1325 in
2394 1271 2745 1341 praesidium:
2779 1268 2906 1327 inde
2934 1283 3067 1323 vero
3089 1266 3240 1323 brevi
3267 1265 3574 1329 descendit,

2015 1369 2076 1417 ut
2101 1360 2340 1417 dedecus
2406 1361 2526 1429 ejus
2559 1361 2836 1431 insolitum
2881 1366 3165 1429 appareret
3196 1398 3212 1425 ,
3256 1372 3435 1427 neque
3463 1359 3586 1427 qui-

2019 1452 2246 1509 husdam
2275 1451 2550 1509 videretur
2568 1452 2715 1508 inter
2734 1450 3078 1523 pugnandum
3102 1457 3322 1519 captus.
3338 1447 3587 1513 Frustra,

2021 1559 2056 1600 o
2101 1546 2201 1614 tu.)
2226 1544 2282 1599 iu
2319 1545 2466 1600 arcis
2498 1545 2749 1601 verticem
2790 1542 3107 1605 ascendimi,‘
3136 1558 3157 1593 ι
3192 1541 3458 1610 captivam
3487 1540 3588 1595 du-

2024 1650 2150 1690 cens
2201 1635 2566 1705 captivitatem
2599 1637 2639 1699 ¹,
2675 1654 2693 1688 ι
2751 1650 2912 1704 quam
2949 1634 3196 1691 hostibus
3244 1634 3587 1696 tradideras;

2025 1727 2118 1782 sed
2153 1728 2267 1781 inec
2297 1726 2363 1780 iis
2391 1742 2512 1796 qua:
2542 1726 2708 1781 David
2737 1736 2919 1780 cantat
2947 1731 3267 1795 repugnant,
3299 1734 3469 1795 tuque
3493 1740 3592 1781 no-

2027 1834 2147 1873 men
2181 1818 2326 1873 illius
2369 1817 2666 1888 usurpasti.

2098 1907 2372 1962 10.Nemo
2404 1907 2492 1961 hic
2523 1906 2652 1961 mihi
2681 1906 2881 1961 seniori
2901 1905 3248 1975 pusillanlmo
3277 1903 3589 1973 indignetur

351 2001 705 2070 μικροψύχῳ,
764 2005 987 2060 τοιαῦτα
1047 2006 1398 2075 καταλέγοντι
1454 2007 1676 2075 ἀνδρὸς,
1743 2001 1913 2076 οὗπερ

2032 2002 2081 2057 le
2114 2000 2310 2056 talibus
2333 2001 2614 2055 accusanti
2642 1999 2816 2053 virum
2846 2017 2865 2049 ‹
2896 1998 3052 2069 cujus
3081 1997 3314 2053 medium
3342 1996 3490 2065 jecur
3524 1996 3588 2050 lic

353 2108 373 2139 ι
416 2090 583 2158 ἡδέως
619 2091 684 2145 ἂν
716 2097 881 2160 μέσον
910 2090 1063 2166 ἧπαρ
1096 2095 1295 2166 ἔχοιμι,
1329 2095 1456 2158 ὀδὰξ
1489 2097 1689 2165 ἐμφὺς,
1727 2116 1747 2150 ε
1779 2098 1919 2150 κατά

257 2172 273 2187 “
345 2181 445 2251 τὴν
481 2182 789 2253 Ὁμηρικὴν
822 2188 997 2239 εἰπεῖν
1031 2189 1247 2255 γραῖαν,
1283 2186 1399 2241 ἀνθ’
1429 2180 1502 2243 ὧν
1536 2188 1626 2241 καὶ
1659 2188 1919 2260 τηλικαύ-

347 2289 450 2342 της
485 2291 506 2324 ε
543 2275 751 2339 πόλεως
787 2278 1048 2331 κατέλυσε
1080 2280 1314 2348 κάρηνα,
1345 2280 1438 2335 καὶ
1472 2280 1682 2334 πολλῶν
1714 2280 1919 2351 ἀνδρῶν

343 2366 567 2429 γούνατ’
590 2367 765 2425 ἔλυσε.
801 2388 821 2422 ι
851 2370 1065 2425 Γένοιτο
1092 2371 1149 2425 δὲ
1180 2372 1256 2442 μὴ
1287 2374 1379 2426 καὶ
1407 2375 1574 2426 εἰσέτι
1601 2372 1848 2442 λυθῆναι,
1874 2368 1919 2427 ὧ

344 2460 448 2540 θεὲ
483 2460 728 2531 βασιλεῦ,
762 2465 856 2517 καὶ
886 2457 935 2518 ὦ
970 2465 1207 2534 θεράπον
1238 2466 1424 2532 αὐτοῦ,
1458 2466 1705 2537 πολιοῦχε
1740 2466 1916 2537 ἡμῶν.

348 2553 428 2623 μὴ
461 2556 555 2607 καὶ
588 2555 913 2628 ὲπεκταθεξη
948 2557 1023 2618 ei;
1060 2559 1325 2628 μήκιστον
1353 2559 1413 2611 τὸ
1444 2558 1632 2613 κακόν.
1666 2560 1773 2613 Καὶ
1804 2555 1921 2613 οἶδα

352 2646 453 2710 μὲν
483 2647 750 2700 συνιστῶν
781 2646 893 2715 ἐγὼ
921 2646 1014 2701 τὸν
1042 2648 1211 2718 ἄνδρα
1237 2647 1424 2703 τοῦτον
1453 2648 1522 2703 τά
1552 2648 1659 2720 πρὸ
1688 2651 1787 2721 τῆς
1819 2652 1923 2720 μά-

348 2755 472 2808 χης,
505 2738 602 2791 καὶ
634 2738 871 2808 εὐλογῶν
900 2742 960 2795 ὲν
989 2741 1209 2812 εἰρήνης
1245 2740 1423 2813 καιρῷ
1450 2742 1522 2796 τά
1554 2742 1763 2797 ἐκείνου
1785 2759 1800 2773 ·
1830 2744 1919 2798 ὅτε

345 2830 395 2880 o!
433 2831 531 2898 μὲν
556 2831 787 2900 κέρδους
817 2833 1133 2904 πρηκτῆρες
1163 2835 1375 2888 πολῖται
1404 2835 1765 2903 λαλαγοῡντες
1794 2834 1922 2890 ἐπέ-

348 2938 532 2974 κειντο
562 2921 684 2975 κατ’
704 2922 890 2989 αὐτοῦ,
923 2923 1068 2995 ἅπερ
1098 2926 1288 2998 ἤθελον
1308 2944 1322 2959 ·
1353 2928 1511 2998 ἡμεῖς
1538 2928 1594 2982 δὲ
1621 2928 1815 2993 ἄλλως,
1844 2928 1923 2993 ὡς

348 3010 610 3080 ἔπρεπεν,
646 3013 1053 3083 ἡρμοττόμεθα.
1094 3018 1204 3070 Καὶ
1238 3017 1398 3083 αὐτὸς
1432 3020 1488 3073 δὲ
1526 3021 1919 3094 ἀντιστρέφων,

346 3104 411 3157 τὸ
434 3104 607 3172 φίλιον
630 3104 854 3173 ἔφαινεν
877 3105 1019 3178 ὑπὲρ
1041 3107 1199 3179 ἡμῶν
1221 3111 1313 3163 καὶ
1339 3109 1581 3181 βλέμμα,
1604 3115 1699 3166 καὶ
1720 3114 1918 3182 νεῦμα,

348 3196 447 3247 καὶ
469 3195 531 3248 τὸ
556 3196 615 3249 έν
638 3196 934 3266 πρακτέοις
959 3197 1216 3270 βάδισμα.
1245 3200 1359 3256 Νῦν
1381 3203 1427 3256 δ’
1444 3203 1578 3257 ἀλλά
1601 3205 1653 3258 τί
1677 3205 1771 3259 καὶ
1792 3206 1924 3274 δρά-

347 3301 545 3353 σομεν,
581 3286 877 3358 εὑρηκότες
908 3289 1003 3342 τὸν
1038 3290 1349 3346 έπαινετέον
1383 3294 1589 3348 ἐκεῖνον
1627 3296 1923 3364 μεταϐαλό-

351 3392 538 3444 μενον,
566 3378 661 3431 καὶ
693 3382 892 3450 μηκέτι
918 3380 1116 3445 τόπους
1145 3383 1225 3449 εἰς
1255 3383 1529 3456 εὐφημίαν
1557 3386 1929 3458 ὑποϐαλλόμε-

347 3486 440 3520 νον
459 3486 474 3533 ;
495 3464 574 3522 Ἤ
602 3469 822 3535 πάντως
851 3472 1204 3544 ἐνθυμητέον,
1235 3475 1309 3541 ὡς
1342 3479 1530 3533 καινὸν
1559 3480 1711 3533 οὐδέν
1734 3496 1750 3510 ο
1784 3480 1928 3536 καθά

351 3561 600 3631 στέργων
634 3564 842 3627 ἐκεῖνος
874 3564 944 3618 τὰ
985 3565 1178 3636 πρώην
1212 3567 1392 3637 ἡμᾶς,
1428 3565 1547 3624 εἶτα
1588 3573 1647 3624 ὲν
1680 3572 1931 3642 ὑστέροις

348 3655 452 3707 οὒκ
484 3654 678 3723 ἠγάπα
710 3656 1057 3727 ἐλέγχοντας,
1089 3652 1177 3712 οἶα
1213 3659 1348 3730 μηδὲ
1381 3663 1542 3732 σοφὸς
1572 3662 1757 3727 αὐτὸς,
1789 3662 1930 3718 κατά

346 3749 442 3800 τδν
464 3748 893 3819 Παροιμιαστὴν,
917 3748 1060 3803 οὕτω
1080 3750 1175 3805 καὶ
1197 3753 1340 3824 ἡμᾶς
1364 3752 1483 3806 τότε
1514 3754 1611 3823 μὲν
1633 3754 1769 3824 πρὸς
1793 3755 1933 3808 ὲκεί-

351 3855 466 3900 νοις
508 3834 648 3893 εἶναι
688 3839 776 3893 διὰ
813 3841 874 3893 τὸ
914 3842 1081 3906 ὅσιον,
1124 3842 1206 3895 ὅτι
1253 3843 1391 3913 μηδὲ
1432 3844 1552 3898 λίαν
1593 3845 1798 3914 θρασὺς
1839 3840 1931 3916 ἦν,

355 3931 500 3984 κατὰ
529 3929 658 3994 τοὺς
690 3931 1058 3997 αὐθεκάστους
1092 3933 1164 3991 τὰ
1200 3936 1355 3988 κοινά
1395 3936 1636 3989 σίνεσθαι
1661 3952 1676 3967 ⁶
1713 3933 1832 3991 εἶτα
1868 3937 1934 4008 δὴ

354 4023 579 4092 ὄλεθρον
609 4024 670 4088 ἐξ
710 4023 920 4078 ἐκείνου
956 4027 1377 4098 προορωμένους
1418 4031 1593 4098 μισεῖν
1624 4030 1699 4091 ὠς
1738 4031 1933 4097 αἴτιον,

354 4117 485 4185 ἀρτι
517 4116 573 4170 δὲ
608 4116 705 4170 καὶ
737 4116 1185 4188 ὼλοθρευμένους
1216 4118 1424 4173 ἐθέλειν
1452 4118 1545 4173 καί
1573 4137 1626 4173 τι
1661 4120 1805 4189 μέγα
1836 4137 1937 4174 κα-

356 4207 455 4260 κὸν
486 4206 686 4277 ἐκεινῳ
725 4206 1164 4276 προσϐἀξασθαι,
1199 4208 1357 4280 ἀνδρὶ
1396 4210 1571 4270 ἄλλως
1612 4210 1712 4278 μὲν
1744 4210 1936 4281 ἀγαθῷ

354 4298 573 4363 δόξαντι
598 4298 683 4369 (οὐ
710 4299 820 4368 γάρ
847 4300 1244 4372 σκορακιστέον
1265 4301 1337 4356 τὰ
1362 4302 1498 4373 πρὸς
1525 4303 1824 4374 ἀλήθειαν),
1854 4297 1936 4369 οἷς

353 4390 416 4444 δὲ
451 4390 700 4464 στρεϐλῷ
731 4392 915 4448 κανόνι
949 4393 1317 4467 συνδιεγράφη
1348 4394 1424 4466 τῷ
1454 4394 1547 4449 τοῦ
1580 4396 1935 4462 δεσπόζοντος

370 4484 756 4555 ’Δνδρονικου,
813 4486 930 4540 ἀλλ’
966 4487 1200 4541 ἐνταῦθα
1255 4486 1597 4541 διεκπεσόντι
1648 4488 1706 4551 ὲς
1757 4490 1936 4563 ἄκραν

358 4578 695 4648 φαυλότητα.
722 4577 860 4632 Οὔτε
887 4580 995 4650 γὰρ
1020 4580 1253 4647 ἀγαπῶν
1278 4576 1344 4650 ἦν
1375 4583 1603 4645 ἐκεῖνον,
1629 4581 1703 4645 ὡς
1730 4583 1937 4636 ὑποκα-

2020 2093 2214 2147 benter
2244 2092 2498 2146 haberem
2532 2091 2744 2145 fortiter
2788 2092 3047 2153 retinens,
3075 2109 3093 2142 ι
3116 2090 3269 2160 juxta
3302 2097 3456 2143 vetns
3479 2086 3591 2142 Ηοο

2021 2185 2158 2240 meri
2176 2184 2404 2248 dictum,
2429 2204 2447 2237 ι
2468 2184 2689 2253 ecquod
2716 2193 2877 2239 tanta:
2906 2184 3055 2237 urbis
3088 2197 3266 2235 arcent
3296 2180 3588 2250 prostravit
3612 2196 3621 2207 ι

2021 2282 2428 2345 multorumque
2448 2291 2622 2346 genua
2670 2275 2993 2330 debilitavit.
3030 2292 3050 2325 ι
3082 2272 3298 2329 Utinam
3335 2287 3439 2327 non
3456 2271 3577 2345 jam

2019 2369 2405 2434 dissolvamur,
2435 2368 2578 2423 Deus
2601 2382 2716 2431 rex,
2742 2366 3104 2435 ministerque
3123 2364 3269 2435 ejus,
3298 2369 3576 2431 protector

2020 2467 2226 2521 noster,
2262 2473 2329 2512 ne
2349 2455 2664 2525 longissime
2698 2454 3050 2524 protrahatur
3081 2450 3304 2507 tnalum.
3341 2446 3475 2517 Ego.
3501 2443 3584 2499 fa-

2020 2558 2158 2615 teor,
2173 2558 2298 2604 ante
2311 2563 2545 2618 pugnam
2563 2547 2730 2603 virum
2751 2546 2890 2599 hunc
2908 2543 3220 2613 probabam,
3242 2550 3589 2610 temporaque
3624 2586 3631 2591 .

2020 2643 2167 2713 pacis
2188 2641 2351 2695 rebus
2386 2640 2503 2710 ejus
2556 2639 2733 2693 fausta
2775 2636 3191 2707 precabancum
3210 2633 3378 2695 cives,
3393 2630 3598 2685 utilita-

2021 2743 2089 2789 tts
2109 2746 2225 2789 sua:
2240 2739 2561 2794 sectatores,
2603 2728 2963 2783 vociferantes
2992 2735 3113 2795 post
3130 2724 3281 2778 illum
3303 2723 3593 2783 instarent.

2016 2843 2122 2901 nos
2150 2835 2329 2894 autem
2353 2839 2382 2879 e
2405 2832 2614 2888 contra,
2635 2830 2690 2876 ut
2712 2820 2958 2891 decebat,
2979 2818 3053 2872 illi
3094 2815 3592 2873 consentiebamus.

2022 2920 2112 2975 llle
2132 2933 2259 2973 vero
2276 2932 2334 2973 se
2374 2926 2720 2981 convertens,
2763 2927 2893 2982 erga
2937 2924 3039 2965 nos
3082 2908 3372 2965 amicitiam
3408 2908 3589 2969 oculo,

2021 3020 2153 3065 nutu
2170 3009 2437 3078 modoque
2455 3005 2718 3060 tractandi
2736 3003 2948 3075 negotia
2968 2999 3306 3055 monstravit.
3323 2996 3427 3054 Sed
3452 3010 3597 3051 nunc

2021 3102 2151 3172 quid
2181 3115 2424 3168 agemus,
2456 3110 2741 3169 postquam
2763 3110 2886 3149 eum
2918 3092 3248 3147 laudandum
3283 3088 3593 3145 invenimus

2023 3204 2310 3261 mutatum,
2366 3203 2530 3263 atque
2584 3190 2897 3259 neutiquam
2957 3188 3073 3241 loca
3109 3186 3343 3256 gloriosa
3393 3184 3597 3252 eligen-

2026 3285 2448 3343 tem?0mnino
2497 3298 2626 3353 ergo
2687 3295 2873 3336 verum
2940 3288 3045 3342 est,
3082 3297 3100 3330 ι
3153 3276 3285 3332 nihil
3335 3290 3454 3330 esse
3504 3289 3603 3329 no-

2028 3397 2201 3444 vum;
2243 3398 2261 3431 ι
2330 3374 2809 3448 quemadmodum,
2858 3371 2952 3441 qui
3002 3381 3160 3424 antea
3209 3383 3308 3423 nos
3356 3366 3596 3431 amabat,

2031 3471 2228 3525 deinde
2254 3470 2307 3523 in
2337 3477 2615 3539 posterum
2645 3463 3039 3534 exprobrantes
3067 3475 3172 3515 non
3210 3459 3491 3527 diligebat,
3529 3470 3596 3509 eo

2031 3564 2174 3635 quod
2228 3577 2334 3617 non
2369 3561 2485 3631 ipse
2514 3567 2656 3614 esset
2721 3556 2960 3625 sapiens,
3009 3554 3162 3624 juxta
3218 3548 3589 3621 proverbium,

1995 3648 1998 3651 λ
2031 3660 2101 3712 ita
2136 3657 2189 3710 in
2220 3655 2326 3710 illis
2354 3669 2452 3708 nos
2489 3668 2593 3706 non
2631 3649 2979 3706 sanctitatem
3015 3646 3279 3707 lmsimus,
3309 3643 3454 3711 quod
3487 3656 3596 3697 non

2034 3750 2196 3805 nimis
2220 3754 2363 3803 esset
2392 3745 2591 3805 audax,
2618 3743 2772 3813 juxta
2808 3738 3031 3795 severos
3062 3736 3333 3798 homines,
3363 3735 3417 3789 in
3446 3748 3599 3789 cout-

2039 3838 2298 3894 munibus
2330 3834 2682 3905 diripiendis.
2728 3832 2930 3886 Deinde
2962 3828 3056 3898 qui
3083 3844 3145 3882 ex
3171 3829 3266 3881 illo
3304 3825 3597 3896 perniciem

2032 3930 2425 4006 prmvidebant,
2457 3927 2607 3981 illum
2644 3935 2701 3981 ut
2738 3938 2960 3980 causam
3011 3924 3260 3984 oderant,
3292 3933 3437 3972 nunc
3472 3931 3601 3972 vero

2035 4023 2125 4092 qui
2150 4020 2369 4076 fuerunt
2410 4017 2642 4072 victimae
2694 4015 2856 4085 hujus
2912 4011 3066 4068 exitii
3103 4012 3290 4066 volunt
3319 4009 3482 4063 etiam
3533 4007 3601 4062 de

2036 4114 2127 4168 illo
2165 4111 2435 4183 quoddam
2474 4108 2675 4163 malum
2704 4120 2958 4176 magnum
2980 4102 3290 4174 prmdicere,
3314 4100 3406 4170 qui
3441 4106 3604 4154 carto-

2034 4223 2154 4262 rum
2174 4206 2346 4259 bonus
2374 4201 2587 4257 videtur
2613 4201 2631 4271 (
2658 4214 2764 4254 non
2785 4199 2928 4253 enim
2960 4196 3316 4267 respuendum
3341 4190 3605 4262 quidquid

2035 4308 2118 4353 est
2146 4293 2439 4364 veritatis),
2462 4291 2658 4362 quibus
2682 4287 3052 4357 conscriptum
3077 4294 3162 4340 est
3195 4298 3399 4338 canone
3438 4295 3608 4335 curvo

2037 4386 2385 4457 imperatoris
2415 4380 2734 4441 Andronici,
2759 4378 2851 4434 sed
2890 4386 3021 4433 tunc
3051 4377 3104 4430 in
3149 4384 3449 4431 extremam
3486 4387 3610 4442 per—

2036 4480 2350 4535 versitatem
2401 4474 2653 4544 delapsus
2680 4478 2816 4526 crat.
2839 4468 2956 4524 Non
2981 4471 3133 4527 enim
3152 4466 3407 4537 diligebat
3430 4464 3604 4525 illum.

2039 4583 2097 4627 ut
2125 4569 2470 4639 postmodum
2529 4563 2888 4631 staliilietnus,
2924 4577 3024 4615 nec
3069 4558 3306 4613 vicissim
3346 4554 3608 4626 diligeba-

358 4668 711 4733 ταὸαινοντές
745 4648 1212 4741 παραστησόμεθα
1235 4710 1250 4731 ,
1282 4648 1403 4724 οὔτε
1435 4668 1499 4725 αὖ
1531 4673 1928 4742 ἀγαπώμενος,

2038 4675 2150 4731 tur,
2181 4680 2282 4719 nec
2310 4662 2546 4733 aliquam
2594 4655 2896 4713 mercedem
2934 4652 3269 4722 concipiens,
3315 4650 3411 4706 sed
3440 4648 3606 4704 etiam

359 4763 455 4814 καὶ
482 4760 609 4815 οὗτε
639 4764 719 4824 εἰς
749 4764 928 4830 γέρως
960 4763 1170 4817 ἔννοιάν
1200 4757 1320 4817 τινα
1352 4763 1641 4833 καθήκων,
1673 4764 1810 4819 ἀλλά
1838 4766 1934 4820 καὶ

358 4852 554 4923 ποινὴν
596 4853 1002 4925 προορώμενος.
1044 4854 1189 4925 ἅπερ
1230 4856 1360 4924 ἡμῖν
1404 4857 1653 4924 φανεῖται
1693 4855 1937 4927 λυμηνά-

364 4964 524 5016 μενα.
552 4945 727 5001 Τοῦτο
751 4964 810 4998 τε
833 4942 927 5000 οὗν
950 4945 1094 4999 οὕτω
1120 4947 1335 5017 ῥητέον,
1365 4948 1460 5000 καὶ¹
1484 4948 1566 5001 ὅτι
1591 4947 1692 5000 οὐκ
1717 4948 1782 5003 ἀν
1808 4944 1937 5003 ποτε

364 5040 683 5110 προστήσας
711 5040 773 5092 τὸ
801 5039 1025 5108 φιλητὸν
1056 5039 1167 5107 ἐγὼ
1187 5080 1203 5105 ,
1234 5041 1465 5092 κατόπιν
1497 5040 1649 5110 θείην
1678 5043 1775 5115 τὴν
1807 5032 1948 5114 ἀλήέ

365 5131 520 5185 θειαν
543 5148 558 5162 ·
594 5130 732 5184 ἀλλά
761 5131 832 5184 τὰ
870 5132 1221 5201 συμπεσόντα
1254 5131 1661 5202 προϐαλόμενος
1694 5136 1777 5198 εἰς
1812 5152 1944 5204 συγ-

366 5226 586 5296 γραφὴν
606 5265 619 5287 ,
655 5218 724 5294 ἧς
759 5224 930 5292 ἀρετὴ
959 5223 1021 5277 τὸ
1056 5224 1350 5293 φιλάληθες
1372 5264 1386 5283 ,
1421 5224 1520 5279 οὑκ
1556 5223 1623 5277 ἂν
1652 5227 1711 5280 τὸ
1742 5226 1948 5297 ταύτης

368 5316 697 5380 έπεσκιάσας
734 5315 852 5385 φῶς
888 5315 1278 5387 ἀχρειώσαιμι.
1316 5318 1473 5370 Κατά
1505 5317 1615 5387 γὰρ
1647 5318 1738 5370 τὸν
1769 5317 1943 5386 ὀρθῶς

368 5408 804 5477 ἀποφηνάμενον,
850 5426 868 5460 ι
895 5408 1049 5475 ditio;
1093 5408 1194 5479 μὲν
1228 5410 1258 5461 ὁ
1296 5409 1465 5478 ἀνὴρ,
1504 5407 1752 5477 φῑλτερον
1785 5410 1841 5462 δὲ
1875 5411 1938 5463 τὸ

375 5501 593 5570 ἀληθές.
644 5520 664 5552 ι
702 5501 821 5575 Ἔτι
862 5501 920 5554 δὲ
962 5502 1365 5573 συνθεωρητέον
1408 5502 1501 5555 καὶ
1542 5501 1617 5564 ὡς
1658 5504 1933 5571 ἐγκωμιά-

375 5587 527 5652 Coum
561 5589 661 5658 μὲν
694 5589 1037 5656 ἐπιλεκτέον,
1072 5592 1170 5644 ὅσα
1205 5592 1449 5662 χρηστὰ,
1483 5592 1575 5645 καί
1613 5609 1710 5646 που
1746 5597 1840 5646 καὶ
1868 5594 1935 5647 τὰ

376 5682 554 5750 φαῦλα
599 5684 1016 5753 μεταχρωστέον
1049 5685 1541 5755 δικηγορικώτερον
1567 5700 1581 5716 ο
1622 5701 1935 5755 συγγραφο-

379 5776 553 5841 μένοις
578 5776 635 5828 δὲ
665 5777 741 5847 μὴ
765 5775 937 5841 οὕτως
955 5792 971 5809 ·
996 5777 1132 5832 ἀλλὰ
1154 5778 1550 5850 διαχειριστέον
1569 5780 1695 5844 τοὺς
1720 5779 1933 5849 λόγους,

456 5893 472 5925 ¹
530 5893 675 5948 Psai.
719 5893 944 5959 xvn,l9.

2046 4772 2263 4830 pmnam
2303 4755 2623 4825 pur-videns,
2652 4747 2796 4820 quod
2832 4745 2989 4799 nobis
3016 4743 3406 4814 deplorandum
3458 4740 3612 4794 vidc-

2041 4858 2151 4905 tur.
2195 4847 2285 4904 Sic
2313 4860 2443 4916 ergo
2483 4842 2771 4898 dicendum
2801 4854 2905 4902 me,
2955 4838 3255 4907 alli€p0~i'0
3285 4850 3492 4896 amore.
3520 4848 3613 4890 ve-

2044 4941 2260 4995 ritatem
2290 4933 2685 5005 postposuisse,
2707 4929 2801 4984 sed
2832 4928 2973 4981 facta
3005 4940 3285 4995 exponens
3307 4927 3359 4978 iu
3383 4925 3609 4993 scripto,

2051 5032 2209 5103 cujus
2243 5031 2496 5085 meritum
2532 5022 2795 5080 veracitas
2827 5030 2932 5083 est,
2979 5019 3144 5089 hujus
3179 5016 3384 5070 umbra:
3426 5016 3610 5070 lumen

2052 5140 2156 5179 non
2217 5120 2405 5176 velabo
2463 5117 2623 5185 idque
2681 5113 2983 5168 secundum
3050 5119 3197 5163 recte
3249 5109 3451 5163 dictum
3481 5108 3610 5161 illud

2052 5236 2071 5270 ι
2105 5215 2325 5269 Amicus
2355 5209 2574 5280 quidem
2611 5216 2697 5262 est
2726 5206 2832 5271 vir,
2885 5202 2982 5257 sed
3033 5200 3208 5271 magis
3259 5201 3432 5253 audes
3474 5197 3614 5253 veri-

2045 5318 2147 5361 tas.
2194 5324 2212 5357 ι
2248 5298 2650 5358 Memorandum
2685 5303 2766 5350 est
2806 5293 3084 5365 quomodo
3120 5308 3249 5348 suos
3271 5292 3466 5346 heroes
3494 5293 3612 5343 lano

2042 5401 2196 5463 dent,
2229 5400 2301 5451 ita
2332 5405 2414 5456 ut.
2446 5389 2727 5446 coloribus
2762 5388 3004 5451 tuutatis,
3050 5386 3230 5438 omnia
3261 5384 3424 5437 etiam
3468 5381 3609 5435 mala

2042 5491 2281 5565 pulchris
2298 5487 2477 5544 verbis
2502 5487 2639 5540 bona
2667 5484 2817 5535 fiant.
2840 5481 2978 5556 Idem
3012 5493 3140 5534 vero
3161 5493 3265 5531 non
3287 5485 3371 5531 est
3388 5475 3453 5528 de
3469 5473 3609 5528 scri-

2044 5588 2149 5656 ptis
2173 5602 2189 5650 ;
2222 5581 2314 5640 sed
2340 5580 2500 5636 verba
2525 5573 2852 5631 moderanda
2878 5580 3027 5634 sunt,
3068 5578 3124 5622 ut
3146 5583 3245 5638 pro
3273 5580 3604 5636 unoquoque

2043 5680 2242 5734 veritas
2270 5672 2526 5745 postulat.
2563 5667 2659 5721 llic
2685 5680 2790 5719 non
2823 5672 2907 5717 est
2958 5663 3111 5715 locus
3140 5658 3354 5713 diremti
3375 5658 3612 5714 encomii

2043 5786 2192 5830 more
2220 5809 2236 5834 .
2276 5766 2370 5825 sed
2400 5761 2715 5821 festinanter
2750 5758 2803 5811 in
2833 5761 3013 5810 mente
3056 5767 3243 5806 eorum
3286 5752 3378 5824 qui
3418 5765 3612 5824 super.
