3968 6586
372 449 438 514 21
1105 447 1202 507 DE
1238 434 1818 507 'l‘llESSALONlCA
1855 447 2061 510 UliBE
2095 452 2141 510 A
2183 452 2493 514 LATlNlS
2531 453 2795 515 CAPTA.
3534 451 3606 515 92

379 543 529 612 φαίη,
558 541 652 596 τὸν
684 540 786 613 μὲν
814 538 1034 609 ἀγαθῶν
1067 540 1272 611 πλήρη,
1303 539 1490 591 κακῶν
1522 538 1581 592 δὲ
1612 540 1703 592 τὸν
1732 540 1940 608 ἕτερον,

2058 559 2234 612 super,
2293 546 2550 615 pleraque
2581 562 2706 607 vero
2742 562 2805 601 ex
2846 558 2963 600 uno
2994 545 3131 598 cado
3179 546 3462 607 malorum,
3514 544 3608 599 illa

374 629 451 690 ὧν
488 633 790 702 ἀρυόμενος
831 632 925 685 καὶ
971 631 1358 699 καταμιγνύων
1399 632 1603 693 ἐκεῖνος
1646 630 1939 700 ἐπεμέτρει

2058 636 2147 689 sibi
2177 654 2298 691 esse
2335 639 2518 691 innata
2554 639 2877 694 insinuaret.
2924 637 3056 694 Erat
3088 638 3229 693 enim
3265 638 3608 701 commistus,

370 727 481 785 τοῖς
507 724 601 776 ὑπ’
622 721 804 786 αὐτὸν,
832 723 898 775 τὰ
928 722 1095 774 πλείω
1119 720 1175 773 δέ
1203 737 1265 787 γε
1294 719 1455 789 μόνου
1481 719 1572 772 τοῦ
1600 719 1707 771 τῶν
1731 718 1936 784 κακῶν,

2058 725 2114 780 de
2158 728 2486 797 integritatis
2524 739 2706 783 autem
2749 729 2947 798 gratia,
2979 745 3078 784 nec
3107 738 3231 783 erat
3272 745 3378 783 non
3417 728 3610 784 mistus

371 814 633 881 αίνίξαιτο
660 814 727 867 ἂν
754 813 1194 883 προσφυέστατα.
1219 807 1326 863 Ἦν
1353 811 1460 881 γὰρ
1488 811 1817 895 σύμμικτος,
1844 813 1936 865 καὶ

2058 832 2149 872 nec
2201 820 2332 875 bene
2365 822 2579 877 mistus.

371 910 505 982 πρὸς
550 909 829 980 ἀκραιφνῆ
874 911 1032 978 χάριν
1074 909 1174 961 οὐκ
1219 906 1491 975 ἄκρατος,
1534 907 1655 960 οὐδὲ
1702 908 1808 978 μὴν
1848 908 2131 982 εὔκρατος.

448 1005 532 1072 ιβ’.
572 1003 713 1056 Ἀλλ’
730 1001 873 1054 οὕτω
896 1001 992 1071 μὲν
1017 999 1189 1052 ταῦτα
1212 998 1668 1069 παρεκὸεόάσθω,
1690 1001 1944 1070 καιρίως,

2119 1008 2203 1063 12.
2252 1010 2314 1062 At
2356 1009 2448 1064 illa
2477 1009 2568 1064 hic
2611 1007 2897 1072 finiantur,
2946 1020 3275 1081 opportune.
3311 1020 3465 1080 puto,
3509 1026 3610 1071 nec

372 1090 546 1162 οἶμαι,
582 1093 677 1145 καὶ¹
719 1090 838 1145 οὐδὲ
889 1092 1031 1143 πάνυ
1060 1107 1114 1143 τι
1143 1089 1442 1158 ἁμεθόδως-
1483 1087 1623 1156 Ἐγὼ
1663 1089 1718 1143 δὲ
1770 1089 1945 1161 βραχύ

2058 1101 2270 1154 )ιηιιίηο
2317 1102 2433 1155 sine
2474 1100 2753 1156 methodo.
2789 1100 2895 1169 Ego
2930 1116 3056 1154 vero
3096 1101 3242 1155 brevi
3274 1102 3506 1157 devenio
3541 1102 3609 1158 ad

373 1203 427 1239 τι
470 1184 659 1253 ἄνειμι
711 1180 847 1252 πρὸς
898 1182 987 1234 τὸν
1027 1176 1095 1251 ἦν
1141 1180 1239 1251 μὲν
1265 1181 1352 1233 ὅτε
1400 1180 1447 1251 (ὃ
1504 1182 1745 1256 μακρὰν)
1806 1181 1948 1246 τινὸς

2058 1189 2322 1254 Davidcm,
2355 1199 2598 1262 tempore
2628 1208 2736 1261 quo
2768 1191 2932 1264 (quod
2964 1203 3048 1247 est
3081 1192 3262 1264 longe)
3287 1193 3470 1264 aliqua
3493 1206 3614 1250 erat

374 1274 555 1345 φιλίας
590 1271 775 1335 Δαυῒδ,
806 1269 902 1323 νῦν
929 1271 983 1323 δὲ
1016 1271 1206 1341 μίσους
1237 1270 1583 1339 παγκοτμίου
1604 1269 1775 1336 ἄξιον.
1794 1271 1945 1341 Ταχὺ

2058 1280 2282 1334 tmicitia
2331 1281 2566 1352 dignus,
2601 1298 2745 1337 nunc
2774 1298 2902 1337 vero
2950 1282 3148 1354 dignus
3199 1283 3366 1340 totius
3399 1284 3613 1356 generis

376 1365 477 1435 μὲν
498 1362 768 1434 ἔστρεψας
802 1362 968 1423 νῶτα,
990 1358 1035 1413 ῶ
1055 1360 1425 1428 γενναιότατε,
1463 1357 1688 1428 φεύγειν
1708 1371 1722 1387 ⁶
1750 1358 1942 1412 θᾶττον

2058 1369 2195 1425 odio.
2236 1369 2530 1440 Promptus
2566 1373 2632 1427 ad
2670 1382 2886 1442 tergunt
2919 1374 3245 1428 vertendum
3290 1374 3360 1428 ob
3410 1373 3616 1444 fugam,

372 1456 431 1509 δὲ
486 1454 900 1525 ἀντιμέτωπος,
939 1455 1041 1508 οὐκ
1093 1454 1174 1516 είς
1221 1454 1668 1525 ἀντιπαράταξιν,
1706 1453 1821 1507 ἀλλ’
1860 1455 1940 1516 εἰς

2058 1476 2080 1513 o
2122 1460 2445 1525 fortissime,
2489 1463 2789 1533 promptior
2821 1478 2951 1517 vero
2997 1462 3064 1518 ad
3103 1464 3419 1518 vertendum
3461 1461 3613 1518 fron-

372 1548 637 1602 δούλωσιν
665 1547 926 1618 ἔδραμες,
950 1550 1031 1610 είς
1055 1546 1307 1599 τοσοῦτον
1325 1550 1390 1617 τῇ
1413 1549 1560 1617 φυγῇ
1581 1545 1938 1618 προσμείνας,

2058 1566 2175 1616 lem,
2209 1570 2313 1607 non
2344 1555 2410 1608 ad
2444 1568 2764 1610 conversam
2798 1556 2995 1620 aciem,
3030 1557 3122 1611 sed
3146 1555 3213 1610 ad
3244 1556 3611 1626 captivitatem

369 1643 451 1704 είς
480 1641 610 1693 ὅσον
660 1639 918 1710 ἄνανδρον
970 1638 1068 1709 τὴν
1118 1639 1355 1713 στροφὴν
1411 1638 1814 1706 ἐπιδείξασθαιο
1852 1639 1940 1716 ἵνα

2058 1646 2376 1709 aitcurristi,
2428 1646 2615 1698 tandiu
2670 1645 2722 1698 in
2778 1645 2903 1715 fuga
2958 1660 3320 1716 perseverans
3367 1646 3609 1716 quan-.liu

378 1730 548 1801 μηδέν
573 1748 630 1784 τι
660 1730 1044 1798 γενναιότητος
1067 1728 1211 1801 ἴχνος
1236 1733 1294 1784 ὲν
1326 1731 1409 1783 σοὶ
1444 1730 1790 1801 εὑρίσκηται,
1818 1714 1943 1800 μήτ’

2058 1738 2336 1806 ignobilem
2366 1739 2793 1793 conversionem
2829 1738 3243 1793 demonstrares
3264 1755 3279 1803 ;
3304 1740 3376 1793 ita
3408 1746 3466 1792 ut
3499 1741 3614 1792 nul-

371 1827 430 1879 ἔν
458 1829 527 1897 τῇ
561 1825 870 1897 πολιορκίᾳ,
893 1825 959 1896 ἢν
992 1827 1086 1877 καλ⁸
1113 1825 1407 1895 εὐχόμενός
1441 1842 1544 1877 που
1573 1821 1714 1896 ἦσθα
1750 1841 1945 1892 συγκεοο

2058 1832 2161 1883 lum
2200 1829 2541 1884 fortitudinis
2574 1831 2867 1900 vestigium
2899 1832 2953 1884 in
2994 1832 3344 1886 teinvrntum
3385 1831 3479 1896 sit,
3519 1848 3618 1886 nec

374 1915 752 1986 φαλαιωθῆναι
786 1918 995 1986 τάχιον,
1028 1915 1104 1979 ὡς
1133 1917 1190 1968 ὲν
1221 1917 1335 1978 τοῖς
1376 1915 1572 1985 ἐφεξῆς
1605 1914 1945 1985 ύποκρουσό-

2058 1928 2291 1989 lcmpore
2321 1920 2646 1985 obsidionis,
2682 1918 2889 1991 qiuu'ut
2915 1922 3081 1976 citius
3112 1924 3378 1985 finiri-tur,
3413 1923 3614 1991 passim

376 2007 539 2079 μεθα,
574 2007 713 2077 μήτε
749 2009 887 2076 μετά
935 2007 1036 2075 τὴν
1072 2006 1293 2068 ἅλωσιν,
1325 2007 1382 2059 ὲν
1482 2005 1695 2076 ἐψεύσω
1727 2008 1821 2059 καὶ
1853 2008 1943 2059 τὸν

370 2102 757 2171 άνδριξόμενον
794 2103 887 2156 καὶ
915 2103 1006 2156 τὸν
1033 2100 1324 2171 φεύγοντα,
1360 2094 1438 2162 οἷς
1464 2099 1687 2169 φεύγειν
1715 2099 1945 2170 τραπεὶς

369 2192 705 2256 ἔπιδὲδωκας
756 2192 982 2245 σεαυτὸν
1043 2193 1155 2255 τοῖς
1207 2190 1344 2261 μηδὲ
1398 2188 1705 2245 διώκουσιν.
1749 2189 1944 2252 Αύτοῖς

370 2284 482 2354 γάρ
530 2285 667 2339 ἄλλα
722 2287 781 2338 ὲν
824 2286 985 2355 φρεσὶ
1032 2281 1329 2353 μεμέλητο,
1357 2282 1423 2335 τὰ
1473 2281 1578 2353 πρὸ
1627 2281 1815 2353 ἔργου,
1846 2280 1943 2334 καὶ

370 2378 652 2443 ἀναγκαῖα
693 2362 846 2444 σφίσι
869 2394 881 2405 ·
915 2373 1010 2427 σοῦ
1032 2373 1089 2427 δὲ
1117 2375 1218 2427 οὐκ
1247 2373 1335 2439 ἂν,
1368 2368 1546 2442 οἶμαι,
1570 2371 1688 2425 οὐδὲ
1721 2371 1942 2441 μνήμην

369 2466 555 2536 ἔσχον,
589 2469 639 2520 εί
669 2466 745 2537 μὴ
773 2464 1102 2535 ἐνεφάνισας
1133 2466 1377 2520 σεαυτόν.
1412 2465 1599 2518 Οῐδασι
1639 2464 1747 2534 γάρ
1775 2463 1826 2516 0t
1858 2463 1946 2515 εύ-

369 2556 548 2623 γενῶς
600 2556 837 2627 ἀνδρεῖοι
880 2550 1217 2625 ἑξαθερίζειν
1251 2555 1342 2609 τὸν
1390 2556 1465 2626 μὴ
1495 2554 1735 2608 τοιοῦτον
1778 2570 1943 2623 στρα-

369 2645 566 2715 τηγὸν,
589 2648 775 2700 ὁποῖον
799 2647 862 2718 δή
886 2664 1007 2700 τινα
1030 2648 1310 2712 κατέγνων
1338 2647 1435 2701 καὶ
1469 2645 1551 2710 σὲ,
1579 2641 1661 2708 οἷς
1704 2643 1814 2698 τῶν
1842 2647 1943 2716 τῆς

369 2740 473 2810 σῆς
513 2737 846 2808 άύελτηρίας
876 2739 1231 2810 πεπείραντο.

443 2829 539 2900 ιγ’.
582 2830 745 2884 Ἀλλά
777 2830 831 2884 τί
858 2830 921 2902 δὴ
965 2830 1324 2902 παρενεχθεὶς
1352 2830 1457 2884 ὑπὸ
1486 2829 1579 2884 τοῦ
1617 2831 1820 2894 πάθους
1850 2832 1945 2886 καὶ

368 2919 483 2973 τῶν
530 2920 679 2992 ἄρτι,
719 2924 816 2975 καὶ
863 2923 922 2975 ὲν
969 2921 1268 2992 ὀφθαλμοῖς
1301 2920 1614 2992 γενόμενος,
1647 2921 1944 2977 ἀποπλανῶ

371 3010 467 3063 τὸν
490 3012 670 3082 χρόνῳ
703 3012 822 3065 ποθ’
855 3011 1087 3084 ὕστερον
1118 3013 1487 3083 ἀκουσόμενον
1514 3012 1608 3066 τοῦ
1638 3030 1942 3084 συγγραφι-

375 3104 493 3165 κῶς
538 3102 739 3155 εἰδέναι
785 3104 853 3156 τά
896 3103 1004 3156 τῶν
1045 3105 1167 3156 καθ’
1194 3106 1340 3174 ἡμᾶς
1372 3105 1430 3169 ἐξ
1474 3106 1648 3174 ἀρχῆς
1681 3105 1809 3175 ἄχρι
1850 3104 1944 3157 καὶ

376 3190 641 3265 πὲρατος,
675 3198 761 3250 ἵνα
819 3195 1248 3266 παρακολουθῶν
1295 3197 1500 3265 είδείη,
1553 3196 1615 3261 ὲξ
1659 3198 1787 3249 οἴων
1836 3196 1945 3250 τῶν

2046 2018 2171 2064 vota
2239 2009 2529 2075 fundebas,
2589 2012 2733 2065 sicut
2792 2012 2845 2067 in
2912 2022 3192 2082 posterum
3234 2014 3617 2083 exprobraturi

2045 2113 2274 2165 sumus;
2315 2115 2413 2153 nec
2454 2112 2575 2169 post
2607 2102 3092 2172 expugnationem,
3132 2117 3239 2169 qut)
3269 2115 3506 2170 tempore
3539 2101 3613 2155 fc-

2048 2193 2232 2248 felliin
2269 2202 2322 2246 ct
2355 2193 2547 2246 fortem
2594 2202 2649 2247 et
2693 2192 3013 2263 fugientem,
3062 2193 3286 2263 quibus,
3334 2194 3388 2248 in
3431 2193 3614 2262 fugam

2050 2299 2272 2349 versus,
2306 2286 2539 2350 teipsqu
2574 2283 2849 2338 tradidisti
2885 2284 3103 2337 minimc
3136 2285 3614 2353 persequentibus.

2049 2375 2165 2428 Alia
2197 2375 2338 2428 cnim
2362 2374 2471 2428 illis
2500 2389 2641 2428 cura:
2661 2382 2841 2438 erant,
2867 2374 3244 2427 antecedentia
3270 2389 3408 2442 opus
3433 2387 3620 2427 ncces-

2045 2467 2301 2534 sariaque
2337 2465 2464 2519 sibi.
2502 2463 2599 2517 Tui
2640 2479 2767 2519 vero
2816 2465 3059 2529 minime,
3110 2466 3390 2526 existimo,
3424 2465 3618 2519 memi-

2046 2554 2278 2620 nissent,
2321 2554 2427 2609 nisi
2457 2555 2805 2624 temetipsum
2835 2554 3157 2611 revelasscs.
3191 2553 3324 2608 Nam
3362 2555 3532 2609 fortes
3562 2555 3618 2608 hi

2046 2644 2150 2700 viri
2180 2657 2529 2700 cootetunerc
2567 2646 2744 2700 solent
2769 2645 2960 2700 ducem
3010 2661 3120 2699 non
3174 2646 3364 2708 talem,
3398 2644 3617 2714 qualern

2046 2737 2172 2794 novi
2206 2745 2278 2803 te,
2308 2737 2466 2807 cujus
2498 2736 2711 2809 ignavia
2750 2737 2857 2793 illis
2887 2740 3023 2793 satis
3053 2749 3332 2807 comperta
3365 2746 3469 2792 est.

2118 2833 2204 2887 15.
2247 2832 2313 2885 At
2338 2846 2527 2903 parum
2549 2834 2728 2887 elatus
2754 2830 3015 2900 passione
3044 2839 3208 2899 atque
3237 2831 3619 2899 pricsentihus.

2046 2923 2405 2993 intentusque
2432 2923 2606 2978 solum
2637 2923 2780 2977 visui
2811 2921 3068 2991 objectis,
3102 2936 3129 2974 a
3167 2921 3251 2974 via
3284 2921 3501 2976 deduco
3526 2924 3622 2991 qut

2047 3014 2343 3084 aliquando
2378 3024 2592 3068 remoto
2639 3022 2886 3083 tempore
2937 3027 3003 3067 ex
3057 3011 3289 3066 historia
3326 3011 3622 3067 auditurus

2045 3110 2129 3160 est
2148 3103 2289 3174 quod
2314 3103 2380 3157 ad
2408 3118 2508 3158 uos
2535 3104 2768 3172 pertinet
2794 3118 2823 3156 a
2850 3102 3121 3173 principio
3143 3116 3318 3169 usque
3339 3100 3406 3154 ad
3438 3100 3622 3165 tinent,

2048 3196 2123 3250 ita
2151 3205 2209 3249 ut.
2236 3195 2537 3250 narrationi
2574 3195 2887 3256 intendens,
2916 3194 2985 3247 ab
3018 3195 3123 3247 illis
3152 3209 3274 3263 qua:
3312 3192 3622 3260 antiquitus

378 3286 554 3338 πάλαι
613 3283 700 3339 οἷα
744 3286 812 3339 τὰ
858 3286 954 3341 νῦν
977 3302 992 3316 ·
1027 3289 1123 3340 καὶ
1156 3287 1221 3340 τά
1261 3288 1361 3357 μὲν
1412 3288 1729 3341 παθαίνοιτο
1751 3327 1766 3354 ,
1796 3289 1862 3341 τὰ
1890 3290 1947 3342 δὲ

2058 3283 2120 3338 ad
2157 3285 2270 3339 hate
2319 3299 2440 3353 qua:
2490 3290 2980 3351 nunc'cognoscat.
3032 3282 3149 3335 Alia
3181 3289 3362 3336 autem
3411 3280 3622 3342 fletum,

380 3371 561 3436 ἄλλως
592 3374 864 3444 θαυμάζοι
885 3391 898 3405 ’
932 3374 1000 3427 τά
1026 3375 1083 3428 δὲ
1111 3375 1226 3437 καὶ,
1255 3375 1411 3447 εἴπερ
1446 3375 1639 3439 ἐθέλοι,
1685 3376 1948 3446 μανθάνοι

379 3465 505 3518 καθ’
543 3466 787 3536 ἱστορίαν
816 3468 1236 3538 ὲπιλεγομένην,
1264 3468 1367 3520 ὅσα
1409 3470 1518 3529 τοῖς
1547 3465 1642 3520 νῦν
1674 3470 1952 3539 συγκυρή-

379 3567 521 3625 μασι
548 3560 830 3629 χρήσιμας
855 3557 920 3612 Τί
950 3558 1008 3612 δὲ
1038 3559 1111 3630 μὴ
1135 3560 1375 3628 κεφαλήν
1408 3576 1531 3614 τινα
1555 3560 1784 3624 ἑφιστῶ,
1807 3561 1952 3614 καθά

376 3666 490 3702 τινι
524 3652 761 3720 σώματι,
792 3653 856 3721 τῇ
891 3656 1179 3720 συγγραφῇ
1205 3650 1487 3722 ταύτῃ,δι’
1506 3647 1573 3723 ἧς
1605 3651 1950 3705 καταϐαίνων

375 3739 455 3810 τῷ
465 3740 612 3812 λόγῳ
626 3758 665 3794 π
671 3741 938 3810 ροποδίσω
947 3742 1294 3805 εὐόδωςλνθα
1308 3743 1370 3794 τὸ
1383 3740 1780 3811 ἐσχατον,ἔνθεν
1793 3743 1949 3809 ὲλώνς

454 3835 539 3888 ιδ’.
573 3835 783 3888 Μέλλον
811 3829 950 3889 εἶναι
984 3836 1259 3904 φαίνεται,
1284 3836 1433 3889 καθὰ
1453 3835 1572 3907 Θεῷ
1592 3836 1950 3907 εὐηρὲστητο,

379 3927 608 3981 πεσόντι
637 3927 718 3995 τῷ
748 3928 1018 3998 Κομνηνῷ
1063 3929 1274 3998 βασιλεῖ
1318 3929 1576 3999 Μανουὴλ
1603 3946 1955 3997 συγκαταπε-

385 4022 503 4073 σεϊν
524 4021 619 4073 καὶ
652 4020 706 4073 εί
730 4037 782 4073 τι
814 4022 874 4073 ὲν
915 4020 1214 4090 Ῥωμαίοις
1242 4020 1446 4093 ὄρθιον,
1466 4023 1563 4076 καὶ
1588 4021 1664 4086 ὡς
1688 4016 1777 4076 οἷα
1800 4020 1951 4091 ἡλίου

382 4111 599 4164 ἐκείνου
628 4109 997 4175 ἐπιλιπόντος,
1039 4112 1303 4183 ἀμαυρὰν
1352 4114 1608 4182 γενέσθαι
1644 4116 1826 4167 πᾶσαν
1854 4111 1952 4186 τὴν

382 4203 512 4257 καθ’
544 4203 716 4273 ἡμᾶς.
762 4200 976 4256 Οὐκοῦν
1017 4203 1260 4273 ἀπῆλθεν
1304 4205 1528 4270 ἐκεῖνος,
1582 4203 1712 4258 ἔνθα
1764 4187 1952 4276 ἐχρῆν,

382 4295 638 4368 διαδοχὴν
667 4295 830 4366 ἀφεὶς
873 4297 1089 4363 γένους,
1121 4297 1221 4367 οὐχ
1247 4298 1364 4351 οἵαν
1409 4297 1601 4368 ἐχρῆν.
1641 4298 1815 4352 Παῑδα
1842 4298 1952 4367 γάρ

388 4387 587 4457 μικρόν
613 4404 666 4440 τι
727 4387 1123 4458 παρηλλαχότα
1152 4389 1242 4440 τὸν
1268 4390 1639 4458 παναφήλικα,
1676 4389 1751 4460 μὴ
1777 4390 1859 4443 ὅτι
1887 4406 1952 4458 γε

388 4476 666 4546 βασιλείας
693 4478 957 4545 μεγίστης
980 4478 1203 4546 κρατεῖν
1254 4479 1354 4530 οὑκ
1398 4479 1591 4546 ἔχοντα
1622 4476 1689 4530 δι’
1730 4478 1952 4546 ἑαυτοῦ,

385 4567 506 4621 ἀλλ’
527 4568 649 4621 οὐδὲ
672 4570 815 4621 κατά
839 4569 1038 4632 παῖδας
1077 4569 1443 4624 διατεθεῖσθαι
1474 4571 1729 4642 στερεῶς,
1761 4572 1953 4642 ἀμέλει

389 4662 485 4713 καὶ
513 4661 786 4731 ἐπέτρεψε
813 4660 1025 4731 φθάσας
1069 4662 1329 4731 κηδεμόνι
1375 4664 1466 4715 τὸν
1500 4663 1613 4715 υίὸν
1644 4666 1710 4734 τῇ
1763 4665 1954 4734 μητρὶ,

389 4752 614 4822 eptitth
668 4753 803 4824 οὔσῃ
850 4752 1061 4824 ὡραία,
1100 4757 1148 4806 εί
1208 4754 1305 4807 καὶ
1365 4755 1707 4826 κρύπτεσθαι
1763 4756 1960 4820 αὐτοὺς

394 4845 764 4931 ἐπηγγείλαῖο
791 4844 1106 4913 ὲκείνη,τὸν
1139 4844 1235 4898 τοῦ
1268 4846 1499 4910 κάλλους
1525 4847 1678 4917 ἥλιον
1713 4864 1957 4916 πνευμαο

396 4939 564 4999 τικῶς
604 4935 898 5004 νεφώσασα
946 4936 1091 4989 κατὰ
1129 4937 1425 5009 περιϐολὴν
1459 4939 1742 5009 μέλαιναν.
1791 4942 1854 4994 Ol
1896 4940 1961 5012 δὴ

398 5026 600 5096 ἔρωτες
644 5027 845 5079 ἐκεῖνοι
875 5027 1305 5095 πυρσεύσαντες,
1329 5028 1403 5092 ὡς
1440 5030 1505 5082 ἂν
1555 5029 1745 5082 εἰδεῖεν
1785 5031 1959 5098 αὐτοὶ,

399 5119 612 5188 ἀνῆψαν
662 5118 832 5171 κακὸν
891 5120 1177 5190 κοσμικόν.
1207 5122 1317 5173 Καὶ
1363 5118 1508 5192 ἦσαν
1549 5120 1649 5192 μὲν
1680 5122 1773 5175 καὶ
1811 5124 1961 5177 ἄλλοι

398 5211 489 5264 τοῦ
539 5211 942 5283 ἐπιτροπεύειν,
974 5213 1033 5265 ὲν
1060 5207 1142 5275 οἷς
1172 5212 1266 5266 καὶ
1295 5214 1322 5265 ό
1364 5213 1544 5282 λαχὼν
1579 5218 1957 5285 πατριαρχείν,

402 5305 429 5355 ὁ
457 5304 555 5356 καὶ
582 5304 681 5365 τὰς
715 5304 915 5372 ἀρετάς
945 5307 1038 5357 καὶ
1068 5304 1159 5358 τὸν
1188 5306 1342 5371 λόγον
1376 5305 1628 5375 περιττὸς
1658 5307 1957 5372 Θεηδόσιος,

399 5394 459 5448 ὃν
505 5398 538 5464 ἡ
582 5396 694 5448 τῶν
746 5397 1063 5467 Ἀντιοχέων
1114 5400 1182 5468 τῇ
1224 5396 1597 5466 Μεγαλοπόλει
1628 5399 1965 5469 ἐχορήγησεν

403 5488 604 5555 άγαθδν
631 5488 1024 5558 πολυτίμητον.
1060 5489 1202 5541 Ἀλλ’
1232 5491 1265 5559 ἡ
1297 5489 1435 5559 γυνὴ
1458 5492 1733 5559 προεῖχεν,
1759 5485 1846 5543 οἷα
1868 5492 1964 5544 καὶ

404 5582 540 5652 γυνὴ
559 5584 651 5635 καὶ
683 5584 890 5654 μήτηρ.
923 5582 1032 5636 Καὶ
1054 5578 1123 5653 ἦν
1149 5584 1242 5636 τοῦ
1274 5583 1465 5637 λοιποῦ
1496 5585 1697 5648 σκοπὸς
1717 5586 1855 5655 αὑτὴ
1875 5586 1964 5639 διὰ

404 5675 464 5726 τὸ
487 5675 903 5743 προφαίνεσθαι.
940 5675 1048 5727 Καί
1078 5690 1222 5736 τινες
1247 5673 1445 5743 ἔρωτος
1469 5674 1618 5744 νόμῳ
1648 5674 1964 5738 ὲτοξὰξοντο

407 5767 526 5817 κατ’
549 5766 742 5834 αὐτῆς,
769 5766 1146 5832 λανθάνοντες,
1172 5765 1223 5818 ετ
1249 5781 1365 5829 πως
1416 5765 1729 5834 μεσιτεύσει
1759 5768 1828 5820 τὰ
1865 5767 1963 5837 τῆς

408 5852 584 5925 βολῆς,
609 5856 684 5919 ὡς
728 5855 889 5925 ἐῴκει
925 5855 1059 5927 πρὸς
1090 5854 1369 5925 βασιλείας
1413 5854 1714 5926 ἐπιτυχίαν.
1759 5856 1961 5926 ’Υπερ-

1985 4613 2032 4673 D

2052 3378 2158 3431 alia
2222 3376 2659 3430 admirationem
2687 3374 2834 3443 ejus,
2865 3375 3277 3440 movebunt;ex
3318 3372 3448 3427 aliis
3500 3382 3626 3429 tan-

2053 3470 2197 3532 dem,
2240 3469 2284 3521 si
2318 3472 2455 3529 vult,
2500 3469 2550 3520 in
2586 3454 2688 3520 hac
2725 3465 2954 3521 historia
3000 3474 3287 3530 accurata,
3320 3479 3443 3535 quae
3485 3479 3624 3535 pm-

2052 3564 2190 3617 scnti
2220 3561 2326 3615 sint
2360 3559 2509 3614 utilia
2536 3554 2730 3616 discet.
2761 3559 2876 3615 Cur
2907 3574 3037 3615 vero
3067 3558 3195 3614 huic
3227 3558 3456 3629 scripto,
3481 3558 3625 3614 sicut

2054 3651 2276 3723 corpori
2321 3652 2560 3714 cuidam,
2600 3658 2767 3721 caput
2814 3665 2924 3704 non
2974 3650 3219 3719 impono,
3252 3663 3316 3703 ex
3357 3661 3469 3717 quo
3509 3661 3626 3701 ser-

2059 3746 2385 3799 mocinando
2411 3744 2557 3800 felici
2600 3743 2686 3799 via
2718 3743 2853 3798 irem
2883 3757 3058 3812 usque
3093 3741 3167 3819 ad
3188 3742 3347 3795 linem
3385 3738 3628 3809 incepti?

2126 3838 2215 3894 14.
2262 3836 2318 3892 Si
2350 3836 2555 3908 aliquid
2589 3843 2797 3891 rectum
2819 3845 2901 3890 est
2931 3836 2987 3890 in
3015 3834 3300 3898 Romanis,
3336 3848 3433 3887 nos
3460 3832 3624 3887 simul

2054 3947 2179 3988 cum
2205 3934 2539 4002 imperatore
2567 3928 2813 3984 Mauuele
2830 3928 3112 3983 Comueno
3127 3925 3420 3989 cecidisse,
3436 3937 3627 3994 quem-

2054 4023 2346 4079 admodum
2418 4021 2528 4078 lleo
2578 4023 2788 4094 placuit
2846 4021 3021 4075 fatum
3074 4025 3326 4074 nostrum
3385 4017 3627 4078 videtur,

2056 4131 2121 4173 ac
2191 4117 2336 4173 sicut
2411 4116 2546 4172 solis
2624 4112 2935 4170 deficientis
3010 4112 3324 4167 obscuritas
3400 4109 3627 4162 omnino

2057 4217 2258 4264 terram
2316 4205 2577 4261 obvolvit.
2624 4202 2865 4257 Decessit
2895 4201 3061 4270 igitur
3087 4200 3325 4254 illecum
3372 4196 3625 4261 debebat,

2058 4315 2436 4358 successorem
2464 4313 2495 4354 e
2520 4312 2619 4352 sua
2650 4295 2858 4352 familia
2884 4294 3221 4363 relinquens,
3247 4290 3338 4359 qui
3375 4304 3481 4343 non
3509 4296 3629 4340 erat

2060 4390 2480 4462 relinquendus.
2521 4389 2665 4442 Puer
2696 4386 2840 4443 enim
2868 4393 2987 4440 erat
3012 4384 3194 4439 socios
3225 4380 3626 4451 aliquantulum

2060 4498 2352 4553 superans,
2390 4496 2502 4536 non
2542 4479 2704 4533 modo
2735 4476 2951 4553 imperii
2981 4474 3162 4545 magni
3197 4473 3418 4542 regendi
3457 4471 3628 4539 impo-
3708 4544 3709 4547 η

2062 4550 2182 4631 telis
2217 4589 2313 4645 per
2343 4574 2611 4642 seipsum,
2640 4568 2735 4625 sed
2769 4582 2869 4623 nec
2894 4550 3066 4622 etiam
3102 4580 3201 4636 pro
3219 4563 3446 4634 juvenili
3468 4570 3627 4615 aetate

2064 4668 2298 4722 ﬁrmiter
2328 4664 2637 4735 dispositus
2670 4661 2871 4724 fuerat,
2907 4656 3122 4714 scilicet
3167 4665 3323 4725 pater
3354 4652 3503 4707 illum
3537 4652 3630 4705 de-

2062 4760 2415 4813 mandaverat
2457 4768 2602 4809 cura:
2621 4752 2837 4818 matris,
2856 4767 2976 4821 qua:
3003 4748 3192 4802 ﬂorida
3221 4756 3337 4800 erat
3364 4746 3418 4798 in
3448 4752 3628 4804 astate,

2058 4852 2162 4907 etsi
2214 4848 2580 4904 occultandos
2642 4850 2913 4906 curasset,
2972 4840 3143 4897 solem
3200 4835 3627 4909 pulchritudinis

2058 4942 2415 5014 spiritualiter
2436 4941 2633 4995 nebula
2693 4938 2845 5008 nigra
2898 4935 3140 5004 undique
3168 4932 3631 5002 obtegens.Atuo-

2061 5052 2149 5091 res
2205 5037 2257 5089 bi
2313 5034 2478 5090 taedas
2533 5039 2892 5100 torquentes,
2931 5038 2989 5081 ut
3043 5032 3480 5087 consueverunt,
3545 5023 3629 5075 in-

2062 5128 2317 5182 cendium
2349 5124 2661 5180 universale
2687 5122 3086 5176 excitaverunt.
3123 5118 3227 5170 Alii
3258 5130 3474 5186 quoque
3503 5115 3630 5169 huic

2062 5217 2335 5272 curationi
2374 5213 2653 5284 praepositi
2684 5220 2864 5275 erant,
2895 5211 3038 5264 inter
3066 5224 3227 5278 quos,
3264 5208 3356 5275 qui
3397 5207 3630 5275 patriar-

2063 5312 2281 5364 chatnm
2325 5308 2554 5364 sortitus
2605 5305 2806 5370 fuerat,
2842 5302 3189 5358 Theodosius
3222 5299 3516 5353 virtutibus
3549 5307 3631 5351 at-

2064 5416 2171 5471 que
2218 5402 2530 5469 eloquentia
2584 5399 2843 5461 eximius,
2895 5410 3057 5461 quem
3097 5389 3414 5447 omnimodo
3462 5403 3631 5442 vene-

2066 5491 2293 5546 randum
2312 5490 2631 5561 Megalopoli
2661 5490 2823 5559 elegit
2856 5487 3192 5540 Antiochena
3214 5479 3488 5536 Ecclesia.
3520 5477 3631 5533 Sed

2066 5584 2262 5637 mulier
2298 5582 2647 5652 praevalebat,
2674 5590 2732 5633 ut
2750 5580 2942 5632 mulier
2966 5586 3020 5632 et
3050 5584 3242 5638 mater,
3257 5581 3483 5642 eratque
3504 5569 3631 5626 fluis

2064 5675 2310 5731 omnium
2357 5688 2481 5744 qua:
2529 5674 2583 5726 in
2631 5673 2805 5740 palam
2843 5668 3160 5724 adducenda
3192 5675 3366 5721 erant.
3397 5664 3627 5730 Quidam

2063 5776 2269 5832 autem,
2298 5767 2414 5837 lege
2436 5767 2661 5831 amoris,
2684 5764 2750 5819 ad
2782 5764 2928 5817 illam
2961 5760 3339 5829 suspirabant,
3372 5759 3627 5823 latentes,

2067 5874 2177 5912 non
2202 5872 2421 5928 semper
2444 5857 2683 5927 suspiria
2709 5854 3124 5923 dedignaturam
3155 5864 3461 5922 sperantes,
3486 5864 3628 5920 quo-
