3906 6608
237 400 311 464 23
996 403 2215 475 EUSTATHIIJHESSALONICENSIS
2250 416 2814 481 METROPOLITB
3440 417 3523 480 21.

233 503 358 545 rum
410 488 534 545 fluis
577 489 862 546 videbatur
906 491 1217 571 imperium.
1247 493 1487 550 Caeteros
1515 510 1644 551 vero
1664 497 1798 550 vicit

1919 500 2168 569 ηκοντιζε
2217 503 2274 556 δὲ
2325 507 2450 568 τοὺς
2507 507 2733 572 λοιποὺς
2796 507 3035 575 ’Δλέξιος
3091 511 3119 563 6
3164 506 3520 582 Κομνηνδςο

234 584 462 638 ΑΙετῑυε
507 582 847 647 Contnenus,
891 598 1064 655 nepos
1115 584 1384 640 Manuelis
1430 587 1803 656 imperatoris,

234 674 661 745 primi-Augusti
720 691 916 732 zonam
971 676 1191 742 ferens;
1238 676 1473 747 aliisque
1519 678 1806 732 videbatur

226 767 453 822 charior
494 767 1123 838 domittm,imperatot-is
1155 769 1334 824 matri.
1369 770 1499 825 lude
1530 769 1694 840 igitur
1720 769 1807 825 inc

233 860 381 916 vidia
414 863 615 927 oritur,
645 863 935 933 illumque,
979 864 1124 933 quod
1156 882 1175 916 ι
1210 873 1357 921 sorte
1395 863 1675 919 communi
1718 863 1807 918 lu-

228 952 359 1009 dere
399 972 420 1008 ι
461 954 680 1021 dicunt,
727 955 1066 1027 suspiciens,
1100 958 1282 1012 varias
1321 956 1611 1011 machinas
1639 955 1810 1010 ordiri

228 1060 338 1101 non
375 1052 576 1113 ceSsat,
610 1048 657 1102 si
693 1046 830 1103 forte
866 1047 946 1102 illi
993 1048 1231 1119 aliquam
1261 1047 1699 1104 vicissitudinem
1732 1046 1812 1103 af-

228 1139 388 1194 ferat.
420 1138 511 1194 Sic
544 1156 677 1208 ergo
707 1157 831 1195 cum
865 1142 1075 1212 Opinati
1109 1149 1293 1197 essent
1322 1147 1457 1195 tunc
1484 1141 1552 1196 de
1582 1137 1816 1211 pulchrt'

226 1236 416 1306 gestis,
473 1251 735 1293 assensus
773 1237 1226 1295 coutmunis~il|i
1282 1237 1509 1309 pallium
1570 1237 1815 1293 contexi-

228 1327 467 1399 tur,lquo
526 1329 614 1383 ille
663 1344 771 1384 non
831 1329 897 1384 ad
959 1330 1289 1399 voluptatem
1355 1344 1509 1384 suam
1563 1328 1817 1385 induere-

228 1426 336 1473 tur.
369 1419 487 1475 lloc
538 1435 669 1475 vero
728 1421 952 1492 pallium
1019 1421 1174 1476 multi
1235 1420 1325 1475 alii
1385 1428 1812 1489 contexuerunt,

224 1518 280 1564 et
344 1511 457 1566 duo
507 1527 726 1583 quoque
775 1512 867 1566 filii
921 1511 1257 1578 Andronici,
1302 1513 1395 1583 qui
1442 1528 1508 1567 ex
1581 1513 1816 1568 Comue-

228 1604 346 1671 nis;
377 1604 472 1675 qui
518 1606 787 1675 patruelis
826 1612 944 1659 erat
990 1603 1256 1660 Maunelis
1300 1604 1645 1676 imperatoris
1674 1647 1691 1673 ,
1726 1620 1811 1671 ac,

226 1696 372 1749 sicut
403 1695 590 1765 lingua
624 1694 901 1767 pedestris
949 1694 1364 1761 diceret,uatus
1407 1712 1472 1752 ex
1512 1695 1701 1751 fratre.
1754 1696 1812 1752 In

228 1790 428 1842 throno
461 1788 631 1858 regali
678 1788 819 1843 sedit
853 1787 1087 1843 ultimus
1145 1804 1254 1842 non
1298 1789 1524 1843 omnino
1558 1787 1811 1856 feliciter,

229 1896 327 1932 nec
351 1880 479 1942 sibi,
512 1895 611 1935 nec
635 1881 772 1935 suis.
800 1877 1031 1936 Nomina
1061 1881 1257 1935 horum
1290 1896 1590 1952 puerorum
1627 1892 1810 1949 erant,

230 1976 397 2044 priori
430 1985 563 2031 natu
603 1976 843 2041 Manuel;
880 1974 1123 2032 Joannes
1156 1992 1287 2031 vero
1313 1978 1623 2046 posteriori,
1650 1991 1809 2047 quem

229 2068 405 2133 ipsum
443 2067 590 2119 novit
644 2066 961 2136 imperium.
991 2067 1452 2136 quemadmodum
1485 2076 1540 2123 et
1564 2076 1803 2136 patrem,

1914 592 2228 663 ἀδελφιδοῦς
2269 597 2368 664 μὲν
2417 595 2495 651 ὢν
2545 598 2621 669 τῷ
2664 598 3027 673 αὐτοκράτορι
3081 599 3379 669 Μανουὴλ,
3412 595 3521 668 τὴν

1912 681 2008 735 τοῦ
2041 685 2496 755 πρωτο;ε6αστοῦ
2513 688 2571 742 δὲ
2593 689 2773 760 ζώνην
2797 689 3001 761 φέρων.
3026 691 3136 745 Kal
3167 690 3522 762 προσείχετο

1913 774 1979 842 τῇ
2013 772 2293 849 δεσποίνῃ,
2324 779 2389 849 τῇ
2448 776 2544 831 τοῦ
2598 778 2863 848 βασιλέως
2927 783 3121 852 μητρὶ,
3166 782 3344 835 πλέον
3395 778 3519 833 τῶν

1915 867 2115 922 ἄλλων.
2162 868 2431 938 ’Υφέρπει
2480 865 2572 925 οὖν
2616 872 2776 943 ζῆλος
2818 871 3104 928 ἐντεῦθενο
3137 875 3228 930 καὶ
3264 875 3296 928 ὅ
3331 889 3517 944 φασιν

1912 958 2241 1029 ὀστρακίνδα
2301 963 2444 1015 κατὰ
2500 960 2593 1015 τοῦ
2638 963 2829 1033 ἀνδρὸς
2872 963 3329 1035 ύποδλεψάμενος
3354 1002 3373 1026 ,
3405 961 3517 1015 οὐκ

1914 1050 2055 1104 ἀνίει
2105 1050 2329 1102 ἑλίττων
2384 1052 2623 1121 στροφὰς
2682 1051 2973 1116 ποικίλας,
3024 1051 3078 1104 εί
3126 1067 3246 1115 πως
3296 1046 3519 1116 ἐκείνῳ

1912 1128 2226 1211 ’μεθοδεύσει
2281 1143 2629 1212 μετάστασιν.
2688 1141 2797 1196 Καί
2854 1161 2972 1205 πως
3010 1142 3155 1197 οὓτω
3181 1143 3350 1207 δόξαν
3391 1141 3518 1203 τοῖς

1912 1233 2219 1295 τηνικαῦτα
2249 1233 2585 1303 προφέρουσι
2614 1234 2722 1287 τῶν
2751 1234 2812 1288 εὖ
2843 1233 3171 1303 γεγονότων,
3198 1231 3519 1294 συνθεσίας

1914 1327 2032 1379 κατ’
2065 1326 2230 1380 αὑτοῦ
2278 1327 2484 1384 πέπλος
2517 1327 2803 1399 ῥάπτεται,
2840 1328 3148 1399 περιδύσων
3176 1327 3375 1388 αὑτὸν.
3410 1323 3518 1379 καὶ

1915 1417 2152 1483 συνέξων
2204 1418 2266 1471 οὐ
2327 1418 2464 1490 πρὸς
2534 1420 2750 1490 ἡδονήν.
2809 1419 3065 1490 ’Υφαναν
3130 1416 3187 1473 δὲ
3244 1417 3516 1472 τοιοῦτον

1917 1509 2185 1579 πέπλωμα
2218 1512 2318 1564 οὐκ
2350 1511 2520 1580 ὀλίγοι
2567 1529 2626 1566 τι
2681 1512 2882 1584 ἕτεροι,
2915 1513 3010 1566 καὶ
3063 1512 3114 1565 οἱ
3162 1511 3257 1564 δύο
3306 1511 3515 1573 παῖδες

1926 1601 2292 1672 Ἀνδρονίκου.
2323 1602 2418 1656 τοῦ
2453 1605 2516 1657 ὲκ
2552 1605 2889 1674 Κομνηνῶνσ
2923 1604 2980 1668 6;
3022 1604 3359 1673 αὐτανέψιος
3401 1604 3516 1675 μὲν

1911 1692 1980 1768 ἦν
2005 1697 2082 1768 τῷ
2114 1697 2327 1768 βασιλεῖ
2346 1699 2628 1770 Μανουὴλ,
2661 1702 2755 1753 καὶ
2784 1700 2857 1761 ὼς
2891 1701 2956 1754 ἂν
2980 1702 3014 1772 η
3042 1700 3232 1753 πεδινά
3252 1698 3518 1753 λαλοῦσα

1914 1790 2058 1842 εἴποι
2091 1791 2332 1858 γλῶσσα,
2382 1791 2599 1863 πρῶτος
2652 1791 2966 1861 ἐξάδελφος,
2997 1795 3079 1856 εἰς
3130 1791 3416 1858 βασίλειον
3449 1787 3515 1843 δὲ

1915 1880 2103 1950 Θρόνον
2142 1883 2337 1936 ἑαυτὸν
2372 1884 2624 1938 ἐκάθισεν
2681 1884 2908 1957 ὕστερον
2946 1885 3005 1940 οὐ
3048 1886 3189 1939 πάνυ
3221 1881 3513 1955 εὐτυχῶς,

1913 1974 2023 2027 οὐδ’
2058 1974 2228 2043 αὐτῷ,
2257 1974 2381 2028 οὔτε
2423 1979 2534 2039 τοῖς
2584 1976 2716 2047 περὶ
2776 1978 2960 2031 αὐτόν.
3004 1977 3275 2047 Ὀνόματα
3302 1975 3364 2027 δὲ
3390 1975 3514 2027 τοῖν

1915 2062 2126 2117 παίδοιν
2153 2065 2311 2133 ἡτην,
2334 2063 2413 2135 τῷ
2430 2065 2633 2138 πρώτῳ
2655 2068 2754 2134 μὲν
2779 2066 2919 2119 κατὰ
2947 2065 3198 2136 γέννησιν
3210 2062 3477 2134 Μανουὴ)
3494 2102 3512 2125 ,

225 2171 336 2211 non
373 2159 546 2213 multo
579 2169 723 2227 post.
763 2156 827 2212 lli
866 2159 1033 2213 ambo
1061 2158 1281 2229 quidem
1326 2166 1459 2214 tunc
1485 2158 1811 2228 coniurave-

1928 2158 2179 2229 Ἰωάννης
2215 2158 2270 2212 δὲ
2310 2158 2385 2228 τῷ
2416 2160 2535 2230 μετ’
2561 2161 2724 2215 αὐτόν
2743 2176 2757 2190 ·
2785 2159 2845 2213 δν
2872 2162 2962 2213 καὶ
2996 2159 3160 2212 αὐτὸν
3191 2157 3512 2229 ἐγνώρισεν

226 2259 376 2303 runt.
413 2249 470 2302 In
510 2250 622 2303 illis
659 2259 780 2304 erat
823 2250 1071 2314 Alexius,
1110 2249 1376 2319 dignitate
1424 2247 1648 2318 quidem
1698 2246 1808 2302 dux

224 2356 497 2404 summus,
548 2341 826 2410 legitimus
878 2341 1138 2395 sobrinus
1194 2340 1661 2408 charissimusque
1705 2338 1811 2391 im-

226 2434 462 2501 peratori
538 2432 811 2499 Mauueli;
853 2434 1076 2502 insuper
1129 2431 1369 2487 Joannes
1440 2444 1658 2500 quoque
1704 2427 1812 2481 Du-

223 2541 344 2590 cas,
383 2525 515 2589 dux,
556 2539 716 2594 quem
751 2539 816 2578 ex
844 2523 966 2593 ipso
997 2525 1119 2578 visu
1168 2524 1368 2593 aliquis
1407 2524 1675 2592 optimum
1718 2520 1811 2590 ju-

223 2619 463 2674 dicasset
494 2617 708 2689 (magna
746 2630 876 2670 vero
904 2615 1135 2670 materia
1162 2624 1279 2670 erat
1318 2617 1372 2669 in
1399 2615 1508 2669 illis
1533 2612 1811 2681 iuridiaa);

223 2712 495 2777 Cwsares,
525 2708 695 2764 Maria
722 2723 752 2763 e
788 2708 1054 2779 sanguine
1088 2707 1469 2776 imperatorio,
1501 2721 1664 2776 quam
1708 2704 1813 2758 sub

226 2805 557 2874 imperatore
614 2799 864 2855 Manuele
897 2798 1049 2854 lrena
1102 2798 1371 2853 Germana
1418 2807 1611 2853 sancto
1651 2803 1809 2867 partu

224 2900 437 2969 genuit,
477 2911 829 2967 sponsusque
872 2895 991 2965 ejus
1036 2892 1281 2949 Joannes
1333 2890 1657 2955 Marcesius,
1713 2891 1808 2960 ju-

224 2991 380 3047 venis
427 2998 615 3055 xtate,
663 2986 760 3043 sed
801 2989 882 3040 vir
909 2986 1116 3041 animo.
1166 2984 1289 3039 ιιωιι
1322 2984 1504 3039 omnia
1541 2990 1601 3037 ut
1641 2983 1809 3036 multa

228 3084 370 3138 male
407 3089 634 3146 cedunt,
671 3080 763 3134 ubi
809 3078 1024 3135 insidia:
1095 3078 1263 3132 latere
1295 3090 1516 3143 semper
1548 3090 1652 3128 non
1688 3089 1814 3145 pos-

225 3184 375 3241 suut,
422 3178 518 3229 sed
556 3172 861 3243 patefiunt;
911 3185 1103 3224 omnes
1148 3168 1459 3239 hujusmodi
1509 3168 1812 3236 deprehen-

227 3269 456 3333 duntur,
491 3280 602 3320 uno
633 3281 696 3319 ex
735 3262 953 3329 insidiis
989 3262 1290 3324 ri-vclante,
1321 3272 1602 3329 causaque
1640 3258 1813 3312 infer-

226 3374 429 3417 matur.
480 3362 686 3416 Praeest
734 3357 955 3428 quidem
1014 3356 1256 3412 curatrix
1318 3364 1510 3420 mater,
1567 3352 1813 3408 omnium

225 3456 444 3512 domina
463 3455 577 3525 jam
601 3452 881 3509 communi
914 3448 1181 3521 suffragio
1206 3448 1487 3513 damnata,
1518 3448 1665 3518 quod
1700 3461 1810 3501 non

1914 2251 1945 2316 ἠ
1979 2250 2248 2320 βασιλεία,
2297 2253 2441 2305 καθά
2479 2254 2571 2306 καὶ
2599 2253 2690 2305 τὸν
2713 2253 2926 2323 πατέρα
2955 2251 3074 2322 μετ’
3107 2251 3166 2304 οὒ
3199 2250 3367 2304 πολύ.
3398 2249 3513 2302 Kal

1913 2335 2058 2395 οὗτοι
2091 2342 2187 2410 μὲν
2218 2343 2310 2397 δύο
2361 2345 2482 2397 τότε
2538 2344 2988 2416 συνωμοσάσθην.
3028 2343 3122 2396 Ἐν
3166 2343 3224 2397 δὲ
3263 2342 3383 2406 τοῖς
3410 2339 3512 2395 καὶ

1930 2431 2159 2499 ’Δλέξιος
2179 2430 2269 2507 ἦν,
2301 2437 2742 2508 πρωτοστράτωρ
2758 2436 2858 2507 μὲν
2885 2436 2982 2507 τὴν
3002 2434 3177 2500 ἀξίαν.
3208 2431 3515 2503 ἀπψιδοῦς

1912 2523 1968 2577 δὲ
1985 2525 2207 2597 γνήσιος
2223 2516 2320 2579 καὶ
2337 2522 2601 2597 ὑπέρλίαν
2621 2527 2844 2599 φιλητὸς
2868 2525 2947 2597 τῷ
2969 2525 3182 2597 βασιλεῖ
3201 2524 3473 2594 Μανουήλ
3488 2539 3506 2556 ⁸

1914 2618 2051 2688 πρὸς
2079 2618 2135 2670 δὲ
2179 2620 2274 2672 καὶ
2317 2620 2572 2690 Ἰωάννης
2601 2619 2833 2683 Δούκας,
2859 2621 2887 2671 6
2921 2619 3184 2688 ἔπαρχος,
3215 2616 3275 2670 6v
3308 2616 3414 2669 καὶ
3442 2615 3510 2680 ἐξ

1915 2707 2084 2777 αὐτῆς
2102 2707 2228 2771 Θέας
2250 2710 2575 2779 τεκμήραιτ’
2598 2710 2663 2764 ἄν
2677 2726 2762 2772 τις
2781 2708 3154 2763 καλλιστεύειν
3180 2708 3238 2761 ἐν
3264 2705 3510 2775 ἀγαθοῖς

1918 2801 2152 2870 (μεγάλη
2178 2800 2224 2854 δ’
2251 2803 2308 2855 ἐν
2336 2803 2548 2866 τούτοις
2585 2806 2747 2874 μοῖρα
2774 2801 2979 2874 ζήλου)’
2997 2804 3090 2855 καὶ
3113 2802 3163 2855 oi
3188 2801 3503 2871 Καίσαρες.

1908 2896 1950 2963 fl)
1985 2897 2490 2967 πορφυρογένιητος
2524 2897 2735 2966 Μαρία,
2768 2897 2835 2967 ἣν
2873 2893 2979 2949 ὑπὸ
3009 2895 3087 2964 τῷ
3120 2893 3336 2964 βασιλεῖ
3379 2892 3512 2946 Μα-

1917 2986 2079 3058 νουὴλ
2133 2992 2164 3058 ὴ
2219 2990 2277 3055 ἐξ
2321 2987 2645 3059 Ἀλαμανῶν
2703 2987 2908 3058 Εἰρήνη
2961 2985 3022 3039 τὸ
3081 2985 3238 3052 ἅγιον
3304 2981 3508 3052 ἐκείνη

1915 3083 2162 3153 γέννημα
2195 3081 2464 3150 ἐγείνατο,
2498 3084 2592 3135 καὶ
2624 3083 2652 3135 6
2697 3078 2948 3148 συζυγῶν
2997 3078 3134 3149 αὐτῇ
3183 3068 3451 3147 Ἰωάννης
3479 3076 3512 3128 6

1915 3172 2251 3244 Μαρκέσιος,
2284 3172 2502 3235 νεανίας
2535 3172 2636 3242 μὲν
2680 3172 2780 3242 τὴν
2813 3170 3053 3240 ἠλικίαν,
3085 3168 3288 3230 τέλειος
3310 3166 3377 3220 δὲ
3403 3165 3511 3234 τὴν

1915 3264 2159 3335 ἀνδρίαν.
2207 3264 2397 3318 Ὀποῖα
2422 3263 2476 3316 δὲ
2509 3265 2567 3316 ἐν
2599 3261 2863 3324 τοιούτοις
2895 3260 2969 3324 ὡς
2996 3260 3068 3315 τὰ
3096 3259 3267 3314 πολλὰ
3288 3258 3512 3326 ξυμπί-

1917 3374 2062 3423 πτει,
2087 3356 2218 3411 ἔνθα
2248 3358 2277 3411 6
2320 3356 2474 3427 λόχος
2503 3356 2603 3409 οὐκ
2643 3355 2759 3426 ἔχει
2794 3355 3134 3424 κρύπτεσθαι
3179 3352 3262 3414 είς
3312 3350 3508 3416 τέλος,

1916 3449 2031 3502 ἀλλ’
2062 3448 2382 3518 ἐπιφαίνεται
2408 3463 2420 3477 ο
2466 3447 2757 3517 φωρῶνται
2785 3445 2986 3506 πάντες
3015 3443 3066 3496 οἱ
3092 3441 3353 3504 τοιοῦτοι,
3381 3438 3508 3502 ἑνός

227 3548 425 3606 licebat
449 3523 479 3614 ς-
502 3556 626 3617 post
669 3559 793 3601 eam
839 3559 969 3598 vero
1002 3542 1161 3598 sedet
1213 3540 1362 3595 filius
1399 3541 1811 3609 imperatorque

1918 3560 2076 3595 τινων
2102 3541 2211 3593 τῶν
2230 3539 2465 3611 λοχιτῶν
2493 3536 2981 3608 καταμηνύσαντος
3004 3550 3018 3565 ⁶
3046 3534 3148 3605 καὶ
3174 3532 3509 3600 συγκροτεῖ-

226 3641 473 3697 Alexius.
499 3639 749 3695 Primum
788 3637 1096 3705 Augustum
1152 3648 1263 3689 non
1316 3632 1508 3686 leviter
1566 3630 1814 3685 odientcs

227 3737 513 3795 accusant,
551 3740 782 3799 postque
817 3726 984 3781 multa
1045 3737 1333 3780 causarum
1391 3722 1619 3775 aliarum
1678 3734 1812 3775 con-

227 3829 511 3888 demnant,
562 3822 849 3893 judicante
894 3821 950 3874 in
984 3818 1135 3874 omni
1168 3832 1248 3881 re,
1283 3831 1409 3872 eum
1448 3815 1539 3870 illa
1590 3814 1815 3868 rectitu-

226 3917 356 3972 dine
405 3925 558 3977 nota.
609 3912 1045 3984 profundissimo
1118 3908 1456 3974 Theodoro,
1511 3905 1812 3968 oumiscio,

228 3994 409 4081 primo
469 4008 657 4079 judice
715 4005 1121 4076 praepositoque
1180 4002 1401 4072 palatio.
1475 3998 1600 4054 idco
1668 4006 1816 4052 stare

230 4107 375 4158 inter
403 4100 745 4173 patriarchas
773 4100 971 4153 solitus
995 4096 1062 4153 ad
1094 4096 1323 4149 nihilum
1357 4090 1565 4162 redegit
1592 4103 1812 4145 omnem

230 4195 715 4250 machinationem.
753 4191 882 4244 Erat
913 4190 1059 4245 enim
1120 4196 1401 4250 versutus,
1425 4199 1552 4238 vere
1600 4182 1810 4237 omnis-

229 4289 373 4340 cius.
404 4282 743 4339 Vinciuntur
790 4294 923 4350 ergo
974 4279 1026 4333 in
1067 4292 1268 4349 magno
1314 4275 1539 4346 palatio,
1593 4273 1814 4334 fratres,

228 4378 444 4434 Manuol
467 4388 522 4432 ct
547 4376 811 4440 Joannes,
836 4375 1065 4445 insuper
1088 4381 1143 4429 et
1171 4384 1422 4426 summus
1454 4370 1561 4424 dux
1590 4369 1815 4422 Alexius

227 4482 281 4525 et
313 4469 645 4542 prmfectus;
690 4468 1137 4538 reliquorumque
1180 4463 1271 4517 alii
1333 4462 1710 4523 dimittuntur.
1760 4460 1815 4514 in

229 4559 462 4614 veritate
489 4557 707 4627 quidem
738 4556 794 4611 in
831 4556 1145 4612 hesternam
1170 4567 1409 4619 cmuam,
1440 4560 1658 4622 propter
1693 4549 1817 4605 illos

230 4651 325 4721 qui
384 4666 607 4708 caenare
654 4649 931 4712 volebant,
976 4655 1301 4717 appetenter
1347 4659 1477 4698 vero
1522 4644 1593 4698 ob
1625 4643 1819 4698 amici-

232 4754 361 4796 tiam
405 4753 571 4813 atque
616 4740 1032 4796 iunocuitatetn.
1072 4737 1176 4791 Alii
1214 4752 1342 4790 vero
1402 4735 1620 4790 diverso
1654 4735 1818 4789 modo

233 4834 513 4903 perierunt
571 4848 637 4888 ac
688 4831 896 4889 nemini
960 4837 1117 4885 noto.
1164 4827 1340 4884 Multi.
1379 4843 1507 4884 vero
1564 4826 1813 4882 exsilium

230 4926 501 4981 obeuntes
533 4924 749 4994 seipsos
774 4923 1096 4991 puuierunt.
1129 4919 1281 4975 inter
1317 4934 1460 4989 quos
1507 4925 1626 4973 erat
1656 4931 1814 4988 egre-

229 5016 353 5085 gius
388 5014 694 5086 Lapardas,
738 5014 876 5069 artis
922 5013 1181 5068 militaris
1212 5009 1596 5082 peritissimus,
1648 5023 1813 5080 quem

231 5107 548 5179 accipitrem
581 5108 867 5167 nominare
891 5106 1256 5161 constituerat
1280 5103 1585 5160 Turcarum
1620 5102 1813 5158 Sultan

231 5203 302 5255 ob
328 5200 549 5255 consilii
575 5199 920 5268 actionisque
952 5199 1311 5253 celeritatem.
1347 5194 1452 5262 Qui
1513 5204 1646 5250 tunc
1688 5202 1811 5250 erat

232 5289 466 5346 feliciter
491 5289 756 5352 salvatus,
795 5298 984 5357 postea
1014 5285 1306 5342 infeliciter
1338 5286 1393 5341 in
1428 5285 1648 5341 insidiis
1695 5286 1809 5338 An-

233 5378 448 5435 dronici
490 5378 840 5448 imperatoris
876 5386 1073 5448 captus
1105 5379 1286 5446 periit.

1915 3651 2004 3687 ται
2035 3633 2181 3702 δίκη.
2214 3633 2326 3686 Καὶ
2366 3630 2710 3701 προκάθηται
2749 3628 2847 3698 μὲν
2873 3629 2906 3695 ἠ
2952 3627 3247 3696 ἐπίτροπος
3283 3624 3504 3693 μήτηρ,

1917 3726 2085 3793 κυρία
2116 3724 2334 3780 πάντων
2381 3722 2483 3793 ήδη
2531 3720 2951 3789 προϐεϐλημένη
2994 3718 3163 3789 ψήφῳ
3199 3719 3380 3787 κοινῇ,
3423 3715 3505 3778 ὡς

1920 3817 1997 3889 μὴ
2016 3816 2224 3886 ὤφελεν
2248 3832 2262 3847 ο
2288 3814 2632 3882 ύποκάθηται
2656 3811 2712 3864 δὲ
2737 3812 2764 3863 ὁ
2792 3810 2905 3873 υίὸς
2928 3811 3017 3862 καὶ
3048 3808 3303 3880 βασιλεὺς
3347 3806 3507 3860 Ἀλέ-

1920 3912 2051 3979 ξιος.
2110 3909 2223 3963 Καὶ
2282 3903 2714 3975 κατηγοροῦνται
2784 3906 2834 3958 oi.
2883 3902 2975 3957 τὸν
3037 3900 3504 3972 πρωτοσεδαστδν

1916 4004 1979 4057 οὐ
2011 4002 2227 4072 φαύλως
2263 4000 2584 4072 μισοῦντες’
2613 3997 2707 4051 καὶ
2736 3996 2875 4067 μετὰ
2906 3993 3078 4049 πολλὰ
3106 3996 3173 4049 τά
3198 3993 3288 4047 διὰ
3314 3993 3505 4063 μέσων

1919 4093 2365 4164 κατακρίνονται,
2403 4090 2759 4161 βραϐεύοντος
2802 4089 2883 4151 είς
2922 4085 2985 4140 τδ
3014 4087 3123 4140 πᾶν
3165 4087 3233 4156 τῇ
3270 4083 3503 4155 τοιαύτῃ

1919 4186 2202 4257 εὐθυδικίᾳ
2229 4183 2323 4238 τοῦ
2352 4182 2658 4255 βαϐυτάτου
2691 4179 2993 4252 Θεοδώρου,
3024 4177 3117 4231 τοῦ
3160 4174 3500 4246 παντεχνοῦ,

1917 4280 2011 4334 τοῦ
2051 4277 2386 4333 δικαιοδοτου
2434 4277 2529 4330 καὶ
2580 4274 2674 4327 ἐπὶ
2718 4274 2830 4327 τῶν
2872 4271 3203 4326 οίκειακῶνσ
3258 4268 3381 4322 καθ’
3437 4261 3501 4322 οὗ

1919 4372 2152 4442 θελήσας
2183 4371 2440 4440 ἐνστῆναι
2493 4370 2520 4422 6
2563 4367 2740 4438 μέγας
2781 4368 2839 4419 ὲν
2876 4365 3265 4434 πατριάρχαις,
3297 4362 3502 4432 ἔσχασε

1921 4465 2103 4515 πᾶσαν
2144 4462 2210 4514 tv
2252 4461 2428 4522 κενοῖς
2479 4458 2747 4528 μηχανήν.
2783 4449 2892 4507 Ἢν
2948 4453 3058 4522 γὰρ
3112 4454 3141 4504 6
3188 4449 3502 4519 παντεχνὴς

1918 4553 2134 4623 ἀληθῶς
2170 4548 2948 4622 παντεχνής.ι(αθείργνυνται
2978 4540 3070 4597 οὖν
3093 4544 3149 4596 ὲν
3172 4542 3249 4612 τῷ
3273 4541 3501 4611 μεγάλῳ

1922 4645 2165 4715 παλατίῳ
2195 4646 2290 4698 καὶ
2319 4644 2370 4697 οἱ
2399 4643 2642 4712 ἀδελφοὶ,
2670 4643 2698 4694 6
2731 4639 2990 4711 Μανουὴλ
3019 4634 3115 4690 xal
3148 4638 3176 4690 6
3216 4636 3498 4701 Ἰωάννης,

1921 4738 2056 4808 πρὸς
2080 4737 2138 4791 δὲ
2175 4738 2269 4793 καὶ
2311 4739 2340 4790 6
2372 4737 2813 4807 πρωτοστράτωρ
2857 4730 3116 4797 Ἀλέξιο;,
3145 4729 3225 4782 ἔτι
3261 4728 3318 4782 δὲ
3349 4728 3446 4782 καὶ
3474 4729 3504 4782 6

1921 4830 2161 4903 ἔπαρχος
2180 4846 2197 4863 ο
2232 4829 2341 4884 τῶν
2370 4829 2429 4881 δὲ
2474 4828 2678 4881 λοιπῶν
2710 4827 2759 4881 οί
2794 4825 2894 4896 μὲν
2924 4823 3257 4893 ἀφείθησαν,
3281 4820 3504 4891 ἀληθῶς

1925 4924 2023 4993 μὲν
2075 4924 2157 4986 είς
2227 4922 2394 4977 ἕωλον
2465 4922 2680 4974 δεῖπνον
2733 4920 2850 4982 τοῖς
2906 4917 3254 4989 βουλομένοις
3318 4914 3502 4967 αὐτῶν

1920 5013 2300 5085 θοινήσασθαι,
2327 5013 2672 5084 φαινομένως
2700 5010 2755 5064 δὲ
2782 5011 2921 5064 κατὰ
2946 5007 3130 5079 φιλίαν
3160 5007 3257 5060 καὶ
3281 5005 3340 5059 τὸ
3358 5000 3502 5058 εἶναι

1919 5106 2246 5161 ἀνύποπτοι.
2279 5108 2340 5160 Ol.
2361 5107 2418 5160 δέ
2447 5121 2592 5168 τινες
2621 5104 2903 5159 ἀπώλοντο
2937 5099 3224 5164 ποικίλως,
3278 5097 3374 5151 καὶ
3422 5095 3501 5159 ὡς

1918 5201 2019 5253 οὐκ
2047 5200 2114 5256 ἄν
2138 5217 2224 5262 τις
2270 5198 2453 5252 ἴδοιτο.
2491 5196 2680 5249 Πολλοὶ
2727 5195 2785 5248 δὲ
2843 5193 2939 5249 καὶ
2976 5192 3246 5263 ὑπερορίᾳ
3280 5190 3499 5248 ἑκόντες

1920 5293 2249 5347 ἐδικαίωσαν
2285 5288 2543 5354 ἑαυτούς·
2576 5283 2650 5343 ὧν
2680 5284 2749 5358 ἦν
2787 5289 2879 5340 καὶ
2906 5290 2935 5340 6
2973 5285 3136 5349 καλὸς
3176 5284 3499 5352 Λαπαρδᾶς,

1923 5386 1953 5437 6
2007 5384 2279 5450 πάνσοφος
2328 5382 2395 5435 τὰ
2423 5382 2788 5451 στρατηγικὰ,
2828 5378 2887 5432 ὃν
2947 5378 3142 5447 ἱέρακα
3186 5375 3273 5430 διὰ
3311 5375 3371 5428 τὸ
3401 5373 3503 5444 τῆς

230 5475 546 5543 φρονήσεως
575 5477 668 5527 καὶ
697 5472 759 5525 τὸ
781 5473 923 5527 κατὰ
955 5474 1150 5543 πρᾶξιν
1171 5473 1429 5537 ὀξυπετὲς
1451 5475 1477 5526 6
1508 5475 1615 5529 τῶν
1641 5476 1898 5548 Τούρκων
1937 5478 2167 5533 σουλτὰν
2194 5476 2480 5545 ὀνομάζειν
2521 5477 2809 5548 ἐπέκρινεν
2834 5489 2849 5507 ⁸
2911 5478 2939 5529 6
3002 5475 3125 5527 τότε
3191 5474 3289 5542 μὲν
3344 5472 3485 5525 εὐτυ,

233 5566 342 5635 χώς
372 5564 725 5634 περισωθεὶς,
760 5566 900 5631 μετὰ
949 5564 1008 5619 δέ
1035 5581 1099 5633 γε
1132 5565 1333 5629 ἀθλίως
1383 5568 1503 5629 ταῖς
1533 5568 1627 5621 τοῦ
1670 5569 1937 5640 βασιλέως
2016 5568 2363 5640 Ἀνδρονίκου
2434 5568 2530 5621 καὶ
2570 5567 2733 5630 αὐτὸς
2794 5565 2998 5634 πάγαις
3058 5561 3501 5633 περιτετυχηκὼς

236 5658 328 5708 καὶ
356 5654 654 5719 ὲξολωλὼς.

296 5743 391 5807 Ὶ5.
418 5752 484 5807 Ει
503 5753 581 5809 ita
604 5768 691 5809 res
710 5768 771 5829 se
804 5754 1098 5810 habebant.
1120 5754 1182 5808 Et
1206 5769 1334 5810 vero
1364 5756 1419 5810 in
1444 5769 1552 5809 uno
1573 5754 1662 5811 die
1680 5771 1817 5825 qua-

235 5854 361 5899 tuor
393 5846 641 5902 infatuati
683 5848 1083 5918 coniurationis
1115 5848 1351 5904 convicti
1390 5856 1544 5912 sunt,
1600 5848 1812 5905 scilicet

2003 5759 2089 5808 ιε’.
2120 5749 2229 5806 Ἦν
2261 5752 2316 5805 δὲ
2368 5749 2541 5805 ταῦτα
2573 5752 2714 5809 τότε.
2746 5752 2852 5806 Kal
2890 5752 3021 5812 τέως
3062 5748 3163 5820 μὲν
3211 5747 3337 5819 περὶ
3372 5745 3500 5814 μίαν

1928 5848 2140 5920 ἡμέραν
2169 5850 2214 5901 οἱ
2243 5847 2503 5918 τέσσαρες
2539 5847 2873 5919 ἠτιμωμένοι
2922 5845 3168 5921 ἑάλωσαν
3193 5842 3351 5914 δῆθεν
3380 5837 3501 5904 iuva
