3906 6566
437 454 445 460 ·
514 431 586 496 27
1245 437 1670 501 EUSTATHII
1701 435 2452 502 THESSALONICENSIS
2491 437 3050 500 METROPOLlTZE
3697 448 3762 507 928

518 553 638 612 lum
670 556 854 628 ipsum
888 568 1012 611 esse
1051 556 1426 625 proditurum,
1460 557 1858 626 propemodum
1901 555 1968 609 ad
2003 569 2078 609 ex.

2201 552 2294 606 τοῦ
2329 552 2568 624 μεγάλου
2590 553 2724 607 Θεοῦ
2757 555 2848 608 καὶ
2876 554 3122 623 Σωτῆρος
3152 556 3326 625 ἡμῶν,
3354 555 3445 608 τοῦ
3473 557 3748 629 Χριστοῦ),

516 645 733 718 emplar
769 649 948 718 magni
983 648 1074 702 Dei
1105 659 1158 703 ct
1192 647 1491 702 Salvatoris
1529 649 1722 710 nostri,
1750 645 1976 716 Christi)
2019 661 2087 701 ne

516 740 722 796 rediret
777 740 1115 809 sacrilegus,
1150 741 1204 795 in
1243 740 1326 794 via
1373 740 1438 793 ad
1487 740 1748 809 palatium
1800 747 2080 814 mqratur;

513 831 690 887 Osculi
725 832 892 886 soluti
927 833 984 885 tit
1012 831 1225 896 dilatio,
1262 848 1326 886 ac
1369 830 1811 899 procrastinatnr
1865 828 1917 881 in
1952 829 2086 881 alte-

519 938 641 976 rum
677 931 895 991 tempus
940 922 1009 976 de
1051 938 1160 991 quo
1193 924 1396 978 certior
1431 921 1608 976 factus
1641 931 1725 975 est
1767 921 2082 988 imperator.

517 1011 757 1080 Eratque
789 1011 882 1063 illa
931 1024 1229 1080 parasceve
1279 1011 1570 1064 admodum
1623 1009 1798 1062 tristis
1843 1007 2083 1076 generis,

514 1112 678 1172 atque
714 1101 1073 1156 hebdomadis
1101 1113 1227 1172 post
1259 1102 1605 1156 Dominicum
1639 1098 1869 1154 Pascha.-
1903 1099 1957 1152 ln
1983 1099 2086 1152 ista

513 1196 744 1250 collecta
789 1196 1166 1259 multitudine,
1202 1210 1304 1265 qua
1339 1195 1562 1250 solitum
1587 1203 1670 1249 est
1699 1204 1826 1249 tunc
1873 1193 2087 1262 impleri

514 1287 804 1355 palatium,
833 1287 1122 1356 pet-(icitur
1153 1295 1285 1340 tunc
1307 1288 1532 1356 quidem
1555 1286 1839 1356 amplexus
1865 1285 2080 1358 (super-

512 1379 700 1435 ﬂuitas
735 1379 1119 1451 inventionis),
1160 1378 1447 1447 perficitur
1477 1379 1642 1434 simul
1691 1395 1753 1434 ac
1787 1387 2083 1441 secretum,

512 1472 794 1526 damnatio
828 1470 1154 1540 patriarcha:
1189 1486 1254 1525 ex
1287 1472 1561 1536 absentia,
1595 1471 1756 1524 modo
1806 1484 1918 1538 quo
1959 1469 2083 1538 quis

513 1576 656 1631 πει-ο
684 1563 1050 1630 eloqueretur.
1088 1562 1331 1614 Aliorum
1368 1562 1513 1616 enim
1577 1559 2081 1630 archipresbytero-

516 1668 637 1707 rum
657 1652 930 1706 calliditas
952 1651 1020 1722 (si
1055 1651 1334 1706 fatendum
1358 1652 1475 1721 sit),
1498 1653 1731 1706 aliorum
1756 1651 2085 1706 verecundia

515 1746 586 1802 ob
618 1760 870 1814 magnum
910 1745 1188 1807 timorem,
1227 1746 1462 1798 aliorum
1498 1745 1682 1798 odium
1717 1743 1966 1798 insanum
2000 1759 2086 1796 ar-

512 1836 1026 1908 chipresbyteratus
1052 1837 1132 1891 sic
1163 1835 1320 1890 facile
1345 1845 1668 1906 peregerunt
1694 1849 1881 1890 casum
1914 1835 2084 1898 illius,

2195 647 2289 698 καὶ
2317 647 2509 699 ἐδεδίει
2538 647 2744 716 ἀνορωτ
2770 646 2896 708 ίνως
2927 649 3154 714 ἐκεῖνος,
3200 649 3596 718 εὐλαϐούμενος
3625 655 3740 705 ἀπο-

2197 737 2361 801 ϐῆναι
2393 739 2752 808 κατάσχετος.
2783 741 2875 791 καὶ
2908 739 3120 809 ὤκνησε
3152 740 3249 809 τὴν
3281 743 3362 804 είς
3404 743 3471 794 τὰ
3514 742 3752 812 βασίλεια

2188 831 2336 882 δδόνο
2371 835 2584 895 γίνεται
2629 831 2866 899 ἀναϐολὴ
2910 833 3005 883 τοῦ
3057 832 3392 900 καθήκοντος
3437 835 3752 904 ἀσπασμοῦ,

2190 923 2284 976 καὶ
2316 923 2667 993 ὑπερτίθεται
2689 924 2768 986 είς
2799 924 2992 990 ἑτέραν
3019 923 3188 994 ὤραν,
3220 925 3652 996 μαθητευθεῖσαν
3683 927 3753 996 τῷ

2191 1014 2422 1084 βασιλεῖ.
2460 1016 2570 1070 Kal
2597 1010 2664 1086 ἦν
2695 1016 2876 1086 ἐκείνη
2912 1018 3264 1087 Παρασκευὴ,
3299 1020 3394 1070 καὶ
3437 1018 3625 1072 ἀλλοία
3663 1023 3754 1089 μέν

2188 1122 2270 1162 τις
2303 1105 2500 1176 φαύλη,
2553 1107 2648 1159 καὶ
2681 1107 2974 1176 ἑϐδομάδος
3012 1107 3069 1160 δὲ
3103 1109 3200 1178 τῆς
3235 1110 3372 1178 μετὰ
3412 1109 3512 1179 τὴν
3544 1112 3752 1178 πισχά-

2187 1196 2300 1249 λιον
2342 1199 2629 1268 Κυριακήν
2657 1213 2672 1228 '
2708 1199 2831 1252 καθ’
2878 1200 2944 1270 ἣν
2977 1199 3328 1266 συλλεγέντος
3359 1199 3450 1252 τοῦ
3500 1200 3752 1269 πλήθους,

2187 1287 2314 1340 ὅσον
2346 1289 2536 1342 εῐωθεν
2566 1291 2626 1342 ὲν
2658 1291 2774 1351 τοῖς
2804 1292 3069 1354 τοιούτοις
3100 1291 3345 1364 πλιηροῦν
3384 1291 3450 1344 τά
3486 1291 3754 1361 βασίλεια,

2188 1380 2428 1432 τελεῖται
2465 1381 2562 1450 μὲν
2590 1381 2682 1433 καὶ
2719 1380 2780 1434 τὸ
2813 1381 3165 1435 ἀσπάσασθαι
3191 1383 3271 1447 (τὸ
3307 1382 3640 1446 ἐπιπολάζον
3663 1385 3756 1451 τῆς

2191 1471 2487 1542 μηχανῆς),
2521 1472 2857 1526 συντελεῖται
2895 1473 2952 1526 δὲ
2978 1475 3072 1526 καὶ
3100 1474 3162 1526 τὸ
3196 1473 3448 1542 κρύφιον,
3481 1475 3513 1542 ἡ
3548 1473 3608 1537 ἐξ
3635 1475 3757 1543 ἐρή-

2191 1581 2300 1634 μης
2337 1564 2429 1617 τοῦ
2470 1566 2817 1636 πατριάρχου
2860 1566 3202 1637 καθαίρεσις,
3238 1568 3312 1630 ὡς
3346 1567 3446 1620 ούκ
3493 1567 3560 1620 ἂν
3599 1569 3757 1636 εὐφή-

2192 1673 2306 1725 μως
2337 1658 2510 1708 εἰπεῖν
2533 1656 2645 1727 ἔχοι
2672 1675 2774 1712 τις.
2803 1657 2924 1709 Τῶν
2952 1659 3049 1726 μὲν
3075 1659 3184 1728 γὰρ
3214 1660 3514 1728 ἀρχιερέων
3549 1659 3622 1726 (εί
3656 1662 3754 1728 χρὴ

2190 1748 2378 1815 φάναι)
2415 1749 2800 1818 κερδαλεότης,
2831 1749 2940 1802 τῶν
2993 1750 3047 1803 δὲ
3088 1751 3346 1803 εὐλάϐεια
3401 1751 3539 1802 κατὰ
3591 1751 3754 1802 πολὺν

2191 1835 2376 1902 φόϐον,
2424 1836 2532 1888 τῶν
2561 1836 2618 1889 δὲ
2661 1837 2755 1890 καὶ
2787 1841 2939 1906 μῖσος
2973 1837 3073 1890 οὐκ
3116 1838 3438 1906 Ιεύλόγιστον
3487 1838 3632 1891 κατά
3666 1838 3754 1889 τοῦ

513 1931 716 1985 additis
747 1931 874 1985 aliis
906 1931 1232 2000 quibusdam
1273 1939 1517 1994 senatus,
1551 1932 1840 2000 strepitum
1876 1931 2078 1985 facien-

2192 1928 2674 1999 άρχιερατεύοντος
2723 1928 2866 1982 οὕτω
2913 1929 3109 2000 ῥαδίως
3161 1930 3365 1996 ἤνυσαν
3399 1929 3500 1999 τὴν
3547 1928 3754 1981 ἐκείνου

513 2022 683 2088 tibus,
723 2033 962 2092 quantus
1001 2024 1124 2088 luit,
1149 2039 1272 2078 cum
1305 2023 1446 2077 muri
1483 2021 1704 2078 Jericbo
1742 2023 1951 2078 obsessi
2001 2031 2087 2077 tu-

511 2117 598 2172 bis
630 2115 953 2170 sonantibus
982 2127 1334 2170 corruerunt.

2191 2019 2520 2090 καταϐολὴν,
2550 2020 2946 2091 ἐπιτιθεμένων
2963 2026 3056 2074 καὶ
3085 2021 3194 2075 τῶν
3214 2040 3378 2076 τινων
3401 2023 3501 2091 τῆς
3523 2024 3757 2092 συγκλή-

2189 2129 2283 2165 του
2315 2111 2532 2181 βουλῆς,
2557 2111 3076 2179 κατακτυπούντων,
3101 2112 3177 2178 ὡς
3207 2115 3307 2168 οὐκ
3338 2115 3406 2169 ἂν
3433 2115 3552 2168 οὐδὲ
3597 2113 3756 2184 Ἱεριο

512 2206 766 2279 χούντεια
836 2206 990 2275 τείχη
1046 2205 1429 2276 κατηχούμενα
1489 2203 1782 2274 σάλπιγξιν
1841 2206 2080 2268 ἐκείναις
2113 2203 2362 2258 ἔπιπτον.

582 2298 672 2352 19.
704 2298 772 2354 Ut
801 2298 931 2352 illud
953 2313 1170 2368 quoque
1193 2297 1430 2351 breviter
1453 2295 1750 2371 referatur,
1776 2299 1905 2365 (cur
1935 2296 2082 2350 enim

510 2391 729 2461 longum
753 2391 1018 2459 scriptum
1055 2389 1379 2458 prolongare
1396 2387 1464 2456 ?),
1489 2389 1728 2444 turbatio
1753 2403 1948 2459 magna
1968 2399 2085 2442 erat

511 2483 570 2539 in
602 2483 807 2554 palatio
831 2523 846 2548 ,
883 2491 1087 2553 quanta
1118 2490 1201 2536 est
1231 2497 1331 2551 pro
1379 2480 1486 2536 Deo
1517 2489 1740 2551 propter
1784 2481 1903 2550 ejus
1936 2481 2078 2538 veri-

515 2584 702 2638 tatem,
736 2576 975 2645 itemque
1001 2574 1185 2644 populi
1218 2572 1473 2639 civitatis,
1498 2587 1562 2626 ac
1590 2573 1761 2640 ipsius
1791 2572 2038 2635 ecclesiae
2061 2610 2077 2636 ,

513 2665 682 2734 hujus
716 2665 861 2720 enim
913 2663 1070 2734 pauci
1107 2663 1162 2716 in
1197 2663 1301 2716 ista
1333 2664 1636 2726 irruerunt,
1668 2663 1918 2731 plerique
1950 2677 2080 2717 vero

513 2758 684 2812 Deum
721 2757 995 2812 habebant
1026 2755 1082 2809 in
1119 2753 1380 2809 omnibus
1413 2768 1522 2822 pra:
1545 2754 1746 2818 oculis,
1769 2754 2079 2808 eventibus-

511 2865 617 2918 que
641 2865 700 2904 se
728 2849 939 2902 fortiter
969 2846 1340 2917 apponebant.
1402 2844 1740 2900 Scinduntur
1785 2861 1936 2915 ergo.
1975 2846 2080 2900 Alii

507 2941 719 3012 juniori
768 2940 1090 3011 imperatori
1139 2939 1534 3007 obsequuntur.
1565 2939 1858 3008 Postquam
1901 2948 2082 2993 autem

513 3057 685 3114 semel
716 3056 1130 3126 respondissent
1172 3055 1273 3118 illi,
1307 3063 1384 3116 et.
1409 3056 1616 3108 utinam
1647 3069 1755 3107 non
1787 3053 2080 3109 fecissent!

513 3148 838 3202 didicissent
865 3145 1274 3198 damnationem
1310 3141 1796 3212 archipresbyteri,
1835 3156 2085 3209 perman-

2262 2316 2348 2372 ιθ’.
2387 2318 2496 2371 Καὶ
2526 2317 2587 2371 τὸ
2625 2319 2834 2372 ἐκεῖθεν
2874 2317 3284 2390 βραχυλογικῶς
3323 2322 3416 2375 καὶ
3452 2322 3586 2377 αὐτὸ
3617 2323 3754 2377 ίστο-

2195 2409 2352 2478 ρῆσαι
2399 2410 2472 2477 (τί
2530 2409 2638 2480 γάρ
2686 2413 3092 2482 ἀναμετρητέον
3150 2413 3217 2466 τά
3269 2415 3412 2481 πέρα
3468 2415 3753 2485 μέτρους)

2187 2501 2424 2570 τάραχος
2453 2501 2626 2570 μέγας
2659 2502 2769 2555 τῶν
2798 2503 2890 2556 τοῦ
2932 2505 3216 2570 παλατίου,
3250 2506 3375 2559 ὅσον
3403 2502 3470 2576 ἦν
3500 2509 3639 2577 πρὸς
3668 2507 3755 2560 τοῦ

2187 2589 2323 2642 Θεοῦ
2353 2592 2567 2662 καὶτῆς
2594 2593 2716 2646 κατ’
2747 2594 2910 2648 αὑτὸν
2937 2596 3214 2667 ἀληθείας,
3244 2598 3350 2650 τῶν
3380 2600 3472 2652 τοῦ
3498 2599 3630 2651 λαοῦ
3660 2599 3756 2669 τῆς

2189 2681 2413 2744 πόλεως,
2447 2683 2556 2735 τῶν
2583 2684 2755 2754 αὐτῆς
2801 2686 2865 2757 δὴ
2914 2689 3014 2756 τῆς
3054 2689 3370 2758 ἐκκλησίας.
3409 2692 3516 2744 Καὶ
3545 2693 3756 2760 ἐκείνης

2187 2774 2294 2840 γὰρ
2323 2773 2492 2842 ὀλίγοι
2521 2777 2962 2848 κατεσκίρτησαν
2991 2781 3083 2832 ἐπὶ
3104 2784 3216 2844 τοῖς
3246 2782 3566 2853 πραχθεῖσιν
3592 2799 3607 2813 °
3636 2786 3680 2837 οί
3703 2785 3756 2837 δέ

2189 2879 2252 2930 γε
2286 2862 2502 2928 πλείους
2549 2867 2912 2937 προεωρῶντο
2955 2869 3046 2922 τὸν
3089 2870 3293 2941 Κύριον
3321 2872 3551 2926 ἐνώπιον
3581 2874 3756 2926 αὐτῶν

2188 2953 2274 3007 διὰ
2307 2956 2531 3024 παντὸς,
2584 2959 2845 3012 καὶκατὰ
2887 2959 2996 3014 τῶν
3039 2963 3447 3032 πεπραγμένων
3495 2965 3751 3032 ἐγίνοντο.

2190 3047 2399 3100 Οὐκοῦν
2429 3049 2523 3100 καὶ
2553 3048 2888 3120 μερίζονται.
2923 3051 3033 3105 Καὶ
3059 3053 3108 3104 οί
3145 3052 3242 3122 μὲν
3267 3051 3342 3122 τῷ
3378 3055 3565 3125 μικρῷ
3605 3055 3754 3124 βασι⁹

2187 3137 2269 3191 λετ
2289 3139 2624 3209 ἐκομίζοντο.
2645 3141 2756 3195 Kal
2777 3141 3033 3208 καθάπαξ
3049 3145 3522 3214 ὑπαγορεύσαντες
3539 3146 3754 3216 ἐκείνῳ,

515 3247 710 3293 serunt
759 3239 810 3290 iu
853 3236 1054 3305 quibus
1083 3242 1485 3304 peccaverunt,
1520 3230 1964 3298 insututionique
1996 3230 2078 3282 in-

2192 3233 2281 3284 xal
2311 3230 2386 3293 ὡς
2433 3232 2531 3284 οὐκ
2565 3231 2793 3300 ὤφελον,
2845 3233 3153 3299 διδάξαντες
3198 3235 3298 3304 τὴν
3327 3235 3420 3288 τοῦ
3457 3237 3756 3306 ἀρχιερέως

513 3329 797 3393 stiternut,
830 3341 1060 3397 puerum
1101 3325 1166 3379 ad
1197 3325 1504 3380 doctrinam
1535 3324 1854 3386 incitantes,
1893 3332 1950 3372 ut
1983 3322 2078 3376 ob-

2192 3321 2424 3390 irtptlav,
2469 3322 2735 3392 ἐπέμενον
2777 3322 2857 3389 οἷς
2905 3327 3343 3398 ὲκακούργησαν,
3383 3337 3476 3383 καὶ
3538 3331 3643 3401 τὴν
3684 3333 3757 3383 δι-

514 3435 738 3476 servare
814 3425 1242 3481 consueverant;
1320 3416 1668 3482 maximeque
1736 3413 2078 3482 omnipotens

2192 3411 2475 3465 5ασκαλίαν
2507 3414 2890 3484 ἠσφαλίζοντο,
2919 3418 3123 3472 καὶτὸν
3154 3420 3320 3474 παῖδα
3345 3422 3424 3492 τῷ
3461 3423 3748 3493 μαθήματι

513 3519 728 3573 mater,
777 3515 1010 3576 postque
1082 3506 1261 3570 illam,
1325 3507 1736 3572 protosebastus
1792 3501 1884 3570 qui
1958 3514 2078 3556 tunc

2192 3503 2558 3574 ἑνερείδοντες,
2586 3510 2772 3577 τηρεῖν
2798 3509 2930 3562 αὐτὸ
2960 3510 3157 3574 εῐθιζον
3182 3527 3196 3541 ·
3240 3512 3332 3564 καὶ
3359 3511 3597 3581 μάλιστα
3626 3516 3659 3583 ἡ
3690 3513 3747 3566 τὸ

515 3599 797 3652 nitebatur
853 3610 949 3664 per
1009 3594 1293 3648 ecclesiam
1351 3593 1466 3645 tieri
1520 3601 1754 3659 potens,
1818 3589 2085 3659 juxtaque

515 3686 859 3756 proverbium
887 3701 1121 3756 pugnam
1155 3699 1277 3738 cum
1309 3684 1629 3738 mulieribus
1669 3682 2012 3736 instituerat.

2183 3593 2292 3644 πᾶν
2312 3594 2584 3664 δυναμένη
2619 3596 2820 3667 μήτηρ,
2858 3598 2996 3651 καὶὸ
3043 3597 3160 3666 μετ’
3199 3599 3368 3670 αὐτὴν
3397 3601 3751 3670 πρωτοσεϐα·

2185 3682 2328 3748 στδς,
2369 3685 2396 3735 ὁ
2429 3685 2570 3738 κατά
2606 3686 2702 3755 τῆς
2743 3687 3037 3758 ἐκκλησίας
3082 3689 3202 3742 τότε
3257 3691 3558 3762 μελετήσας
3597 3693 3754 3746 δυνα-

513 3785 604 3846 τὸς
655 3783 931 3852 γενέσθαι,
974 3782 1070 3834 καὶ
1102 3783 1198 3834 σὺν
1230 3779 1442 3848 γυναιξὶ
1476 3781 1771 3848 συστήσας,
1806 3779 1946 3833 κατὰ
1987 3777 2084 3848 τὴν
2116 3779 2435 3850 παροιμίαν,
2455 3781 2654 3852 μάχην.

583 3878 774 3931 20.1ιιι
807 3877 1028 3946 quidam
1083 3884 1331 3945 egerunt,
1369 3875 1511 3929 malo
1562 3875 1836 3944 exemplo.
1890 3874 2085 3928 Crateri

514 3983 646 4022 vero
696 3969 1020 4037 patriarcltze
1060 3967 1472 4021 damnationem
1513 3964 1794 4031 deﬂentes,
1845 3965 2078 4021 infortu-

513 4060 778 4129 niumque
818 4061 1119 4123 Cassarum,
1153 4060 1461 4113 calamitate
1493 4073 1684 4128 magna
1721 4073 1782 4112 ac
1815 4059 1964 4112 luctu
2022 4057 2084 4110 li-

515 4152 696 4205 niunt.
752 4149 820 4206 Ut
859 4152 1004 4205 enim
1062 4153 1302 4205 breviter
1353 4151 1574 4216 dicam,
1621 4149 1821 4205 bellum
1859 4163 2076 4203 sacrum

516 4241 710 4306 initur,
755 4250 812 4294 ut
846 4241 1244 4296 rationabiliter
1275 4251 1458 4308 posset
1483 4240 1613 4296 dici.
1640 4239 1788 4294 lntus
1822 4239 1878 4294 in
1910 4240 2082 4295 eccle-

513 4333 596 4387 sia
623 4348 683 4388 se
700 4333 953 4386 muniunt
974 4332 1130 4404 quasi
1157 4333 1210 4386 in
1242 4331 1548 4394 obsidione,
1569 4332 1758 4396 armis,
1787 4331 2081 4400 imperato-

514 4425 585 4480 rii
626 4441 753 4480 vero
801 4424 936 4478 foris
995 4425 1258 4493 impetum
1299 4423 1510 4478 faciunt
1562 4423 1716 4478 multi
1771 4438 1834 4476 ac
1882 4422 2075 4478 fortes.

511 4517 632 4573 Non
665 4517 818 4587 pauci
851 4531 1042 4570 eorum
1074 4518 1167 4585 qui
1205 4526 1333 4571 sunt
1381 4517 1434 4570 in
1468 4516 1702 4571 ecclesia
1734 4515 1959 4578 cadunt,
1996 4515 2079 4568 in-

515 4610 726 4664 numeri
753 4623 883 4663 vero
939 4609 1302 4678 imperatorii.
1341 4608 1737 4680 llujuspugnaa
1767 4607 1975 4675 aliquid
2017 4607 2072 4660 in

515 4700 696 4754 forum
735 4697 1013 4751 transivit.
1045 4697 1244 4752 Multos
1275 4699 1635 4768 apprehendit
1669 4712 1850 4766 pugna
1898 4697 2071 4765 impe-

516 4789 736 4848 ratoris.
769 4789 893 4842 aliis
923 4789 1146 4857 quidem
1198 4790 1418 4842 diverse
1453 4789 1664 4850 nocuit,
1700 4789 1836 4842 altos
1870 4801 2000 4839 vero
2047 4800 2078 4839 e

513 4883 622 4935 vita
672 4879 894 4948 eripuit.
949 4879 1132 4948 Longe
1183 4881 1398 4948 lateque
1425 4879 1704 4948 impletum
1753 4888 1839 4931 est
1891 4876 2076 4929 odium

515 4977 903 5045 itnperatricis,
935 4987 1236 5042 omnesque
1287 4972 1458 5025 ferme
1504 4970 1635 5022 illud
1670 4968 1880 5038 experti
1927 4975 2073 5019 sunt.

511 5067 620 5121 Ora
653 5067 894 5120 omniqu
935 5065 1157 5118 nomine
1191 5063 1315 5134 ejus
1346 5061 1720 5131 replebantur,
1751 5075 1856 5114 non
1887 5058 1940 5110 in
1985 5057 2076 5108 be-

514 5157 901 5220 nedictionem,
937 5167 1104 5224 atque
1133 5153 1188 5207 in
1217 5152 1420 5208 malum
1454 5151 1602 5205 illius
1637 5149 2072 5218 depositionem-

513 5264 618 5317 que
654 5250 1067 5317 conspirabant.

2259 3873 2330 3929 κ’.
2371 3877 2477 3929 Kal
2509 3877 2653 3931 οὕτω
2681 3879 2780 3949 μέν
2818 3896 2961 3943 τινες
3003 3881 3052 3934 oi
3100 3881 3195 3935 τοῦ
3254 3882 3329 3953 μὴ
3380 3883 3567 3937 καλοῦ.
3615 3885 3674 3938 Oi
3699 3883 3754 3938 δὲ

2183 3964 2360 4018 λοιποὶ
2410 3967 2502 4018 ἐπί
2553 3983 2614 4020 τε
2669 3968 2746 4038 τῷ
2788 3970 3174 4042 πατριαρχικῷ
3221 3973 3752 4040 καταστυγνάζοντες

2186 4055 2632 4126 δνυσπραγήματι,
2683 4059 2776 4110 ἐπί
2802 4075 2862 4110 τε
2897 4063 2962 4130 τῇ
3012 4061 3119 4113 τῶν
3153 4062 3442 4132 Καισάρων
3470 4063 3751 4134 δυστυχίᾳ,

2186 4148 2583 4214 καταλήγουσιν
2622 4151 2700 4212 είς
2731 4150 2899 4203 κακὸν
2932 4152 3075 4220 μέγα
3116 4154 3210 4204 καὶ
3249 4154 3532 4206 οἴκτιστον.
3565 4156 3752 4207 Είπεῖν

2185 4237 2291 4306 γὰρ
2329 4237 2385 4288 ὲν
2427 4237 2784 4310 βραχυτάτῳ·
2814 4240 3050 4309 πόλεμος
3077 4244 3351 4313 κροτείται
3384 4243 3545 4311 ἱερὸς,
3581 4247 3656 4307 ὡς
3688 4245 3753 4298 ἂν

2189 4329 2411 4396 καιρίως
2440 4331 2571 4398 φαίη
2623 4348 2723 4393 τις.
2754 4332 2863 4384 Kal
2896 4332 3279 4400 στεγανοῦνται
3314 4335 3410 4403 μὲν
3439 4336 3486 4386 oi
3520 4337 3620 4404 τῆς
3663 4340 3750 4389 έκ-

2190 4419 2417 4487 κλησίας
2445 4419 2592 4481 ἐντὸς
2622 4420 2696 4484 ὡς
2745 4421 2836 4472 ἐπὶ
2869 4423 3152 4493 πολιορκία
3203 4424 3323 4493 μεθ’
3360 4425 3538 4476 ὅπλων
3561 4439 3576 4454 ⁸
3607 4428 3658 4478 οἱ
3695 4427 3750 4478 δὲ

2188 4507 2457 4576 βασιλικοὶ
2486 4509 2683 4572 ἔξωθεν
2713 4513 3090 4578 ἐπιπίπτουσι,
3140 4517 3230 4566 καὶ
3265 4514 3450 4568 πολλοὶ
3493 4517 3587 4569 καὶ
3627 4535 3748 4586 γεν-

2186 4603 2344 4654 ναῖοι.
2384 4601 2491 4652 Kal
2520 4600 2772 4653 πίπτουσι
2821 4603 2918 4670 μὲν
2946 4605 3043 4654 οὐκ
3076 4605 3244 4671 ὀλίγοι
3290 4607 3396 4658 τῶν
3428 4608 3486 4658 ὲν
3541 4610 3604 4677 τῇ
3660 4611 3750 4658 ἐκ·

2184 4689 2400 4760 κλησίᾳ,
2433 4691 2539 4742 τῶν
2567 4693 2625 4744 δὲ
2662 4691 2954 4759 βασιλικῶν
2982 4695 3270 4763 ἀμύθητοι.
3293 4698 3453 4767 Διέϐη
3476 4697 3532 4750 δέ
3566 4715 3619 4751 τι
3653 4697 3746 4750 τοῦ

2185 4781 2425 4833 τοιούτου
2468 4781 2636 4833 κακοῦ
2671 4783 2764 4833 καὶ
2803 4785 2881 4839 είς
2914 4785 3012 4853 τὴν
3042 4787 3269 4854 ἀγοράν.
3303 4788 3374 4839 Τὸ
3405 4789 3508 4858 γάρ
3538 4789 3746 4857 βασιλι-

2185 4873 2277 4922 κὸν
2315 4873 2658 4939 συμμαχικὸν
2697 4875 2908 4937 πολλοῖς
2942 4878 3272 4947 ὲνεπήδησε·
3325 4884 3417 4932 καὶ
3468 4882 3590 4932 rei):
3646 4887 3745 4949 μὲν

2182 4960 2268 5013 ax:
2281 4979 2355 5023 ως
2385 4962 2603 5030 ἔϐλαψε,
2626 4973 2774 5028 τινας
2801 4967 2854 5018 δὲ
2890 4969 2979 5019 καὶ
3004 4970 3097 5020 τοῦ
3124 4970 3220 5040 ζῇν
3245 4973 3548 5040 ἀπήγαγεν.
3589 4973 3750 5025 Ὅθεν

2184 5058 2277 5107 καὶ
2313 5057 2611 5108 πλατυνοὲν
2639 5057 2697 5108 τὸ
2723 5060 2890 5110 καλὸν
2919 5061 3186 5130 ἐπλήθυνε
3213 5063 3272 5114 τὸ
3297 5064 3439 5117 κατά
3471 5064 3568 5132 τῆς
3597 5064 3751 5134 βασι-

2183 5145 2320 5206 λίδος
2372 5148 2546 5212 μῖσος,
2584 5149 2673 5198 καὶ
2717 5150 2935 5217 ἤπλωσε
2991 5154 3188 5223 μικροῦ
3219 5154 3326 5205 δεῖν
3357 5155 3434 5216 εἰς
3481 5154 3745 5216 ἅπαντας.

2186 5237 2292 5288 Kal
2321 5237 2515 5305 ἔγεμον
2541 5240 2707 5308 αὐτῆς
2734 5244 2800 5293 τὰ
2833 5247 3050 5297 πάντων
3083 5247 3349 5316 στόματα,
3379 5249 3478 5300 οὑκ
3503 5252 3580 5312 εἰς
3609 5250 3746 5317 ἀγα-

514 5340 625 5400 θὸν,
653 5340 744 5391 καὶ
771 5338 1115 5392 ἐϐουλεύοντο
1142 5336 1212 5390 τὰ
1241 5336 1323 5399 είς
1344 5333 1590 5388 κάκωσιν
1617 5329 1784 5398 αὐτῆς
1812 5329 1903 5380 καὶ
1933 5325 2255 5380 ἀπόστασιν.

583 5433 674 5485 2|.
709 5430 763 5483 In
803 5430 887 5485 bis
919 5446 1040 5500 qua:
1079 5430 1258 5484 solent
1287 5427 1426 5494 ﬁeri,
1460 5442 1569 5481 non
1619 5425 1794 5480 solum
1835 5420 2078 5474 vindicta

510 5523 868 5591 expetebatur
897 5539 960 5576 ex
1012 5518 1512 5592 praesentibus,sed
1564 5515 1725 5570 etiam
1777 5514 1828 5567 iu
1860 5512 2074 5581 longin-

508 5631 679 5686 quum
707 5615 1063 5684 cogitationes
1095 5631 1152 5669 se
1183 5612 1571 5667 extendebant.
1599 5608 1711 5660 Illis
1747 5608 1799 5660 in
1839 5617 2074 5659 mentem

507 5712 662 5761 venit
699 5707 1008 5760 Comnenus
1038 5705 1411 5768 Andronicus,
1447 5717 1611 5771 quem
1658 5697 1908 5767 superius
1958 5711 2074 5748 me-

514 5799 875 5852 moravimus.
925 5796 980 5850 ln
1022 5797 1128 5851 illis
1162 5797 1304 5849 enim
1337 5792 1628 5848 eventibus
1675 5789 1831 5842 fortis
1881 5788 2072 5850 miles,

515 5889 778 5943 auxilium
814 5887 1162 5955 salvatorque
1187 5885 1410 5939 futurus
1445 5882 1753 5944 videbatur,
1779 5895 1886 5934 non
1919 5894 1984 5932 eo
2017 5884 2075 5931 ut

514 5981 789 6038 laboraret
819 5979 884 6034 ad
917 5977 1022 6035 sibi
1054 5976 1441 6033 vindicandum
1485 5976 1672 6047 jugum
1709 5972 1944 6044 imperii,
1978 5971 2072 6028 sed

2256 5426 2361 5481 xa'.
2411 5427 2600 5480 Ὃποῖα
2639 5429 2694 5482 δὲ
2734 5431 2792 5482 ἐν
2840 5435 2950 5492 τοῖς
2993 5433 3259 5498 τοιούτοις
3309 5435 3452 5502 φιλεῖ
3479 5436 3744 5504 γίνεσθαι,

2186 5517 2244 5567 ού
2275 5519 2436 5586 μένον
2462 5520 2524 5569 ἐκ
2553 5518 2660 5571 τῶν
2691 5522 2838 5590 παρὰ
2871 5523 3036 5583 πόδας
3066 5525 3383 5593 ἐπορίζοντο
3407 5529 3474 5580 τὰ
3499 5531 3578 5592 εἰς
3604 5531 3746 5600 ἄμυ-

2184 5624 2296 5669 ναν,
2340 5608 2474 5662 ἀλλὰ
2512 5612 2606 5663 καὶ
2657 5613 2736 5674 είς
2803 5615 2872 5665 τὰ
2925 5614 3206 5685 πόρρωθεν
3254 5619 3574 5684 ἀνεϐίϐαζον
3620 5627 3745 5686 τοὶς

2185 5699 2495 5769 λογισμούς.
2540 5703 2648 5756 Kal
2692 5703 2855 5774 ἀνέϐη
2897 5707 3079 5770 αὐτοῖς
3117 5708 3208 5760 ἐπὶ
3238 5708 3361 5763 νοῦν
3406 5711 3434 5762 ὁ
3466 5713 3744 5782 Κομνηνὸς

2197 5790 2550 5868 Ἀνδρόνικος,
2583 5793 2640 5845 ὃν
2673 5793 2784 5847 ἄνω
2808 5794 2898 5847 τοῦ
2931 5797 3090 5864 λόγου
3123 5800 3561 5870 παρερρίψαμεν.
3599 5803 3742 5854 Ἐδό-

2185 5898 2268 5934 κει
2321 5875 2435 5953 imp
2494 5882 2788 5954 ἀξιόμαχος
2844 5885 3136 5958 ἐπίκουρος
3183 5889 3620 5961 ἀναφανήσεσθαι
3673 5890 3740 5943 ἂν

2185 5976 2319 6045 πρὸς
2348 5976 2416 6028 τὰ
2443 5977 2805 6046 ξυμπεσόντα,
2839 5979 2931 6034 καὶ
2967 5981 3302 6049 ἀλεξίκακος,
3331 5983 3424 6054 οὐχ
3457 5984 3593 6038 ὥστε
3628 5981 3734 6053 μὴν
