3968 6616
485 307 556 370 39
1169 303 1597 365 EUSTATI-lll
1638 299 2411 364 THESSALONICENSIS
2437 297 3005 360 METROPOLlTxE
3692 297 3763 360 40

485 412 652 478 ἀξιῶν
693 413 922 479 ἐκεῖνον,
959 410 1035 474 ὡς
1096 413 1275 484 ἐαυτῷ
1309 412 1667 484 δύσχρηστον,
1707 415 1801 464 καὶ
1839 408 2081 482 μάλισθ’,
2126 410 2209 463 ὅτι
2265 424 2362 464 και
2393 410 2590 482 ᾔσθετο
2619 411 3032 481 προορώμενον,
3063 409 3099 465 ἃ.
3133 407 3332 482 πράξει
3353 403 3507 476 οὗτος
3547 411 3628 474 είς
3671 417 3764 464 τὶν

485 506 715 577 βασιλέα
751 507 920 562 κακά.
955 507 1192 580 ᾜσθετο
1217 508 1275 562 δὲ
1305 508 1529 578 τρόποις
1567 509 1806 574 πολλοῖς,
1856 499 1931 562 ὦν
1982 497 2065 566 εἷς
2105 505 2198 556 καὶ
2231 497 2386 568 οὗτος
2411 506 2870 576 διακεκήρυκται.

552 602 642 657 54.
677 602 966 669 Quondam
1028 613 1222 658 sancto
1277 605 1394 658 seni
1443 605 1798 674 exprobravit
1864 602 2078 656 Andro-

2255 601 2348 655 λδ’.
2405 602 2663 655 Ὠνείδισὲ
2719 619 2850 656 ποτε
2906 603 2934 654 6
2974 601 3314 672 Ἀνδρόνικος
3342 599 3432 655 τὸν
3480 603 3538 654 ἐν
3585 601 3769 670 ἁγίοις

485 694 642 749 uicus
675 693 822 762 quod
866 710 926 750 se
969 695 1112 749 sicut
1169 695 1526 766 imperatoris
1559 709 1766 766 patrem
1817 694 2067 766 gerebat,

481 786 726 856 dumque
754 787 1076 856 imperantis
1124 788 1350 841 tutelam
1387 789 1533 858 agit,
1592 788 1715 841 talis
1759 786 1912 856 pueri
1976 800 2071 852 pro

489 877 598 931 ﬁlio
617 878 720 934 sibi
757 877 1033 932 commissi
1069 878 1248 931 minus
1275 878 1555 932 studiosus
1593 885 1758 933 esset.
1779 875 1868 931 llle
1888 887 2070 930 autem

487 970 772 1042 respondit
803 971 850 1024 ei
885 969 1159 1030 suﬂicere.
1189 971 1233 1024 si
1263 981 1338 1024 tot
1390 980 1444 1024 et
1483 971 1650 1024 tantis
1701 970 1937 1038 negotiis
1961 969 2076 1026 dis-

486 1072 697 1118 tractus
735 1064 998 1118 brevibus
1034 1062 1340 1117 intervallis
1377 1077 1548 1130 puero
1582 1061 2071 1132 invigilaret.Cum

487 1169 620 1210 vero
656 1154 734 1210 sic
783 1155 1017 1224 benigne
1064 1152 1586 1222 exprobrationibus
1623 1151 1926 1207 Androitiei
1985 1167 2074 1206 re-

491 1246 828 1313 spondisset.
867 1246 990 1299 dein
1024 1244 1230 1299 ferrum
1263 1255 1484 1298 acutum
1519 1244 1719 1302 inﬁxit.
1773 1243 2025 1298 addendo
2059 1262 2073 1297 :

493 1355 511 1388 ι
546 1338 694 1392 Alias
727 1336 882 1391 valde
911 1336 1205 1406 inquietus,
1238 1338 1330 1390 ubi
1365 1345 1416 1390 te
1453 1351 1635 1404 regem
1670 1338 1722 1389 in
1758 1334 1935 1388 medio
1982 1350 2077 1402 po-

486 1427 596 1496 puli
617 1429 952 1482 inveneram.
981 1445 998 1477 ι
1035 1425 1379 1480 Dixitsenex.
1413 1425 1758 1480 Andronicus
1778 1439 1908 1479 vero
1938 1429 2078 1487 (erat

485 1521 632 1573 enim
659 1519 942 1587 perspicax
962 1519 1014 1572 in
1036 1517 1307 1588 loquendo
1327 1529 1381 1572 et
1411 1517 1644 1571 aliorum
1667 1529 1900 1572 mentem
1922 1516 2080 1571 facile

486 1617 779 1680 penetrans
835 1610 1085 1679 quamvis
1152 1609 1585 1678 involutam)ex
1631 1610 1878 1678 sapiente
1951 1625 2080 1664 sene

486 1703 974 1773 quaeritquomodo
1003 1703 1188 1758 dicere
1219 1717 1385 1758 ausus
1428 1703 1590 1755 fuerit
1616 1717 1712 1771 per
1744 1702 1920 1772 ipsum
1973 1711 2082 1758 tre-

485 1795 702 1866 pidasse
750 1795 1132 1864 imperatorem
1185 1793 1208 1846 ?
1250 1793 1618 1862 Magnanimus
1688 1807 1852 1848 senex
1932 1796 2084 1848 anci-

486 1889 596 1958 pite
648 1887 818 1944 verbo
875 1887 1257 1957 iuquietudinis
1321 1887 1512 1953 l'retu',
1545 1887 1754 1939 clarum
1792 1900 1918 1940 esse
1963 1901 2082 1940 vcr-

487 1980 619 2036 bum
697 1981 860 2045 dixit,
934 1996 952 2032 r
989 1994 1112 2034 cum
1163 1991 1451 2050 postquam
1509 1981 1561 2032 in
1607 1979 1860 2033 columna
1917 1979 2073 2033 iii-ma
2113 1955 2153 2010 Β

489 2079 543 2127 te
567 2071 868 2126 stabilieris
896 2072 962 2126 ad
998 2070 1323 2126 sustinenda
1361 2086 1484 2138 qua:
1530 2070 1686 2141 pueri
1725 2080 1876 2131 sunt.
1925 2075 2071 2125 mul-

491 2171 599 2217 tam
634 2160 1065 2216 sollicitudinem
1119 2162 1491 2230 deposuerim,
1545 2163 1601 2216 in
1646 2162 1822 2232 teipso
1856 2161 2070 2217 fortiori

490 2255 730 2324 pondere
769 2257 968 2323 posito.
1013 2273 1031 2306 ο
1095 2254 1253 2309 Tunc
1307 2255 1662 2312 Andronicus
1731 2257 1927 2322 tacuit,
1990 2257 2073 2312 ira

489 2347 593 2402 sub
623 2357 847 2416 pectore
883 2362 1093 2417 pressa,
1145 2349 1359 2419 hocque
1394 2366 1502 2405 uno
1561 2349 1765 2419 duplici
1817 2359 1874 2406 et
1909 2362 2076 2406 acuto

488 2439 722 2508 strepitu
751 2448 942 2493 contra
1000 2455 1187 2495 senem
1235 2442 1462 2502 intorto,
1519 2452 1708 2512 utpote
1734 2452 1932 2499 acutus
1978 2446 2079 2498 Ar-

488 2533 728 2589 menius.
785 2532 888 2587 Irae
949 2532 1190 2603 iungens
1267 2534 1525 2604 injuriam
1594 2545 1648 2590 et
1704 2538 1960 2603 ironiam,
2007 2541 2077 2592 ab

491 2626 595 2678 hoc
626 2635 869 2696 tempore
904 2625 1084 2695 palam
1132 2641 1324 2697 gerere
1366 2641 1556 2682 curam
1622 2631 1853 2696 statuit;
1900 2646 2078 2701 qune

488 2719 636 2770 venit
674 2717 756 2770 vir
807 2715 1294 2786 diligentissimus,
1347 2731 1404 2774 ut
1435 2722 1596 2789 paulo
1627 2731 1751 2791 post
1809 2725 2079 2780 molestiae

489 2809 737 2878 repetita:
770 2811 884 2864 sint
917 2815 988 2864 ad
1017 2811 1159 2865 hanc
1211 2811 1457 2867 audaciae
1489 2816 1924 2882 extremitatem,
1972 2833 2078 2887 qna

490 2906 601 2958 vita
653 2906 1052 2979 archiepiscopi
1110 2910 1165 2963 in
1220 2909 1544 2964 discrimine
1595 2909 1762 2966 fuerit
1813 2922 1938 2981 post
1983 2928 2081 2980 op-

490 2999 708 3066 probria
744 3000 935 3066 multa,
969 3002 1226 3070 qualibus
1274 3002 1446 3057 Judaei
1485 3006 1650 3058 Deum
1713 3018 2078 3074 operuerunt.

489 3088 603 3144 Nisi
633 3105 763 3161 ergo
803 3105 972 3147 senex
1008 3092 1302 3160 providens
1341 3109 1451 3148 sua:
1480 3095 1669 3160 saluti,
1724 3113 1755 3152 e
1806 3099 1986 3154 medio
2021 3116 2080 3155 se

2174 695 2427 764 γέροντα,
2465 695 2545 747 ὅτι
2581 694 3038 766 βασιλεωπάτορα
3067 695 3231 748 τόπον
3268 693 3504 764 ἐπέχων,
3530 691 3612 758 οἷς
3648 699 3772 750 ἐπι-

2175 787 2432 859 τροπεύει
2471 787 2564 840 τοῦ
2625 787 3028 858 βασιλεύοντος,
3078 788 3138 841 οὐ
3177 787 3352 858 συχνὰ
3408 787 3770 858 παραϐάλλει

2177 883 2608 937 ἐπισκέπτεσθαι
2673 884 2768 935 τὸν
2827 884 2908 946 είς
2959 883 3074 936 υἱὸν
3131 882 3471 952 τεθειμένον,
3519 879 3772 934 τοιοῦτον

2177 976 2328 1030 ὄντα.
2372 977 2432 1029 Ὀ
2477 976 2522 1029 δ’
2563 975 2814 1030 ὑπειπὼν
2853 976 3069 1046 ἀρκεῖν,
3120 977 3168 1028 εί
3221 974 3516 1028 διαλείπων
3555 974 3772 1045 βραχέα

2176 1070 2302 1139 ἥκει
2326 1069 2463 1138 πρὸς
2491 1069 2782 1138 ἐπίσκεψιν
2806 1069 2899 1122 τοῦ
2934 1069 3141 1133 παιδὸς,
3173 1068 3268 1122 ἄνθ
3280 1085 3458 1139 ρωπος
3487 1069 3773 1129 τοσούτοις

2183 1159 2540 1228 μεριζόμενος
2601 1159 2914 1229 πράγμασι.
2971 1157 3082 1210 Καὶ
3112 1155 3284 1221 οὕτως
3332 1155 3514 1226 ἠπίως
3563 1156 3643 1228 τῷ
3675 1153 3773 1208 τοῦ

2193 1251 2533 1322 ’Δνδρονίκου
2575 1251 2966 1321 προσενεχθεὶς
3005 1249 3320 1319 ὀνειδισμῷ,
3352 1249 3474 1304 εἶτα
3501 1248 3598 1302 καὶ
3629 1265 3774 1303 καυ-

2182 1348 2324 1416 τῆρα
2357 1345 2556 1416 δριμὺν
2589 1345 2864 1416 ἐπήγαγε,
2903 1340 3323 1414 προσεπειπὼν,
3357 1342 3432 1406 ὡς
3466 1341 3684 1404 ’Ἄλλως
3715 1357 3774 1392 τε

2183 1442 2277 1492 καὶ
2311 1437 2695 1508 ἐξεφρόντισα,
2732 1437 2833 1508 ῆδη
2871 1438 2961 1490 τὸν
2995 1435 3230 1506 βασιλέα
3265 1436 3680 1506 ἐνδεδημηκότα
3714 1451 3776 1486 σε

2184 1529 2445 1596 ἐξευρών.
2482 1525 2648 1583 Εἶπεν
2682 1531 2709 1584 6
2740 1531 2942 1600 γέρων.
2982 1529 3094 1584 Καὶ
3135 1527 3476 1597 Ἀνδρόνικος
3525 1522 3617 1597 (ῆν
3663 1524 3776 1593 γὰρ

2183 1624 2336 1689 ὀξὺς,
2395 1621 2584 1694 ὥσπερ
2635 1622 2872 1692 στρεϐλὰ
2921 1622 3120 1686 εἰπεῖν,
3149 1619 3293 1672 οὕτω
3343 1618 3440 1672 καὶ
3471 1617 3777 1685 ὑπονοῆσαι

2183 1717 2251 1770 τὰ
2281 1716 2354 1786 μὴ
2389 1715 2600 1786 βαθέως
2633 1713 2848 1780 ἑλικτὰ)
2890 1709 3223 1766 πυνθάνεται
3257 1709 3350 1763 τοῦ
3381 1707 3545 1778 σοφοῦ
3576 1707 3773 1778 γέρον-

2185 1823 2292 1871 τος,
2325 1806 2444 1869 πῶς
2487 1822 2619 1858 ποτε
2649 1805 2717 1860 ἂν
2758 1805 2924 1870 εἴποι,
2959 1802 3030 1855 δι’
3080 1801 3247 1855 αὐτὸν
3278 1799 3777 1869 ἐκπεφροντικέναι

2184 1903 2276 1955 τὸν
2328 1899 2599 1970 βασιλέας
2662 1899 2772 1951 Καὶ
2840 1898 2869 1950 6
2931 1897 3106 1966 μέγας
3163 1895 3381 1965 θατέρῳ
3436 1892 3623 1946 σκέλει
3679 1891 3777 1944 τοῦ

2186 1994 2594 2063 σημαινομένου
2626 1992 2727 2063 τῆς
2753 1989 3158 2061 ἐκφροντίσεως
3189 1985 3637 2058 ἐνερεισάμενος,
3670 1985 3781 2055 φά-

2185 2107 2274 2144 ναι
2314 2086 2434 2142 εἷπε
2459 2089 2552 2140 τὸν
2582 2086 2774 2154 λόγον,
2813 2083 3005 2139 καθότι
3041 2102 3060 2135 ι
3106 2081 3208 2136 Σοῦ
3240 2085 3319 2144 είς
3335 2081 3588 2150 ἀστραϐῆ
3621 2079 3779 2134 κίονα

2179 2182 2588 2252 ὑποστήσαντος
2614 2179 2829 2245 ἐαυτὸν,
2858 2175 3152 2248 βαστάζειν
3175 2177 3244 2228 τὰ
3263 2173 3404 2243 ὑπὲρ
3427 2171 3524 2226 τοῦ
3553 2172 3775 2236 παιδὸς,

2179 2275 2340 2338 αὐτὸς
2370 2271 2836 2342 ἁπεφορτισάμην
2875 2270 2937 2323 τὸ
2969 2267 3104 2322 πολὺ
3148 2267 3242 2320 τοῦ
3273 2265 3607 2337 φροντίζειν,
3637 2265 3779 2318 ἁνα-

2179 2368 2404 2435 Θέμενος
2432 2365 2508 2428 ὡς
2537 2363 2742 2434 ἰσχυρῷ
2767 2379 2849 2416 σοι
2888 2360 3038 2431 αὐτῷ
3071 2360 3139 2413 τὰ
3189 2358 3486 2429 βαρήματα
3535 2374 3556 2409 ι
3603 2355 3782 2408 Ἡσυ-

2179 2460 2335 2531 χάζει
2367 2456 2601 2511 ἐνταῦθα
2649 2458 2678 2510 6
2722 2454 3083 2524 Ἀνδρόνικος,
3135 2451 3347 2506 καὶτὸν
3391 2450 3565 2519 θυμὸν
3604 2449 3783 2501 ὑπεν-

2178 2550 2384 2614 δακὼν,
2412 2550 2506 2602 καλ⁵
2529 2549 2689 2602 τοῦτο
2715 2547 2879 2618 μόνον
2903 2543 3408 2616 ἁκροϐολισάμενος
3433 2543 3560 2612 δίχα
3589 2543 3779 2613 ῥοίζου

2181 2644 2358 2712 λιγέος
2388 2643 2528 2696 κατὰ
2556 2640 2649 2694 τοῦ
2689 2641 2970 2712 γέροντος,
2997 2639 3074 2701 ὡς
3105 2638 3214 2708 ἄρα
3241 2635 3409 2708 βαθὺς
3456 2634 3779 2704 Ἃρμένιος.

2185 2740 2293 2792 Καὶ
2332 2734 2651 2806 παραμίξας
2689 2736 2754 2806 τῇ
2813 2732 3082 2804 βαρύτητι
3136 2735 3232 2785 καὶ
3285 2729 3616 2802 σαρκασμὺν
3678 2729 3778 2780 τὸν

2181 2833 2310 2902 ἄχρι
2340 2829 2430 2882 καὶ
2464 2828 2843 2898 μειδιάματος,
2884 2826 3062 2896 ἀρχὴν
3122 2823 3334 2876 ἐκεῖθεν
3375 2822 3529 2876 ἔθετο
3570 2819 3780 2892 τρανέ-

2183 2940 2376 2994 στερον
2411 2921 2666 2992 μελετᾷν.
2719 2920 2830 2974 Καὶ
2877 2919 2956 2982 είς
2989 2917 3244 2971 τοσοῦτον
3284 2915 3496 2980 ἐξίκετο
3535 2913 3782 2982 δραστη-

2185 3017 2456 3088 ριότητος,
2481 3014 2557 3078 ὡς
2574 3013 2712 3085 μετὰ
2737 3012 2934 3083 μικρὸν
2957 3010 3333 3071 ἐπαναστῆσαι
3354 3008 3450 3062 καλ⁹
3473 3007 3782 3076 ἐπιστῆσαι

2183 3107 2307 3169 τοὺς
2333 3105 2501 3175 χύδην
2534 3105 2770 3173 πικροὺς
2799 3102 2904 3164 ἕως
2929 3101 3025 3155 καὶ
3047 3101 3128 3164 εἰς
3159 3099 3398 3171 ἐσχάτην
3425 3097 3781 3170 θρασύτητα,

487 3185 839 3250 sustulisset,
899 3186 1356 3257 arcliipraasulatu
1426 3187 1714 3258 depOsito,
1771 3193 1917 3261 quod
1985 3209 2078 3249 no-

2186 3199 2258 3263 ὡς
2291 3201 2386 3252 καὶ
2409 3195 2810 3267 διαχρησθῆναι
2841 3194 3088 3248 κίνδυνον
3108 3191 3362 3261 γενέσθαι
3391 3191 3485 3244 τὸν
3507 3190 3785 3261 ἀρχιερέα

489 3276 684 3333 luisset
717 3276 912 3332 luisset
943 3292 1168 3346 passus.

2186 3291 2322 3362 μετὰ
2343 3289 2542 3352 πολλὰς
2569 3288 2780 3356 ὕϐρεις,
2807 3285 3000 3348 ὁποίας
3029 3285 3126 3339 καὶ
3164 3284 3415 3338 Ἰουδαῖοι
3442 3283 3785 3347 ἐτοξάσαντο

489 3370 557 3425 ἂν
610 3371 754 3425 κατά
781 3371 942 3426 θεοῦ·
993 3375 1102 3428 Καὶ
1161 3375 1211 3426 εὶ
1245 3373 1322 3446 μὴ
1349 3373 1757 3444 τεχνησάμενος
1809 3379 1837 3432 ὁ
1892 3380 2075 3451 γέρων
2108 3385 2290 3455 ἑαυτῷ
2345 3385 2414 3438 τά
2477 3383 2745 3452 σωτήρια,
2837 3379 2903 3433 ἐκ
2964 3378 3146 3449 μέσων
3197 3374 3423 3447 κρυσεὶς
3488 3373 3781 3445 ἀπεσύρη,

486 3465 924 3535 ἀποδυσάμενος,
972 3465 1051 3528 ὡς
1109 3468 1300 3537 ἐχρῆν,
1343 3468 1404 3520 τὸ
1455 3466 1672 3536 ἄρχειν.
1737 3469 1940 3526 ἔπαθεν
1983 3475 2071 3544 ἂν,
2111 3479 2250 3547 ὅπερ
2279 3479 2380 3530 οὐκ
2401 3472 2470 3548 ἦν
2487 3473 2640 3543 αύτῷ
2668 3470 2930 3524 ἐθέλοντι.

559 3559 650 3614 55.
695 3559 790 3614 Ille
822 3559 1043 3629 quidem
1082 3560 1163 3612 sic
1189 3559 1434 3628 seipsum
1477 3560 1766 3624 subduxit,
1801 3563 2070 3621 adversus

2246 3567 2342 3622 λε’.
2381 3566 2493 3622 Καὶ
2521 3565 2685 3626 αὐτὸς
2716 3563 2814 3633 μὲν
2838 3561 2982 3617 οὕτω
3017 3557 3358 3627 ξυνέστειλεν
3392 3559 3581 3621 αὐτὸν,
3611 3560 3784 3628 ἀφεὶς

489 3653 627 3707 alios
652 3651 836 3707 furere
872 3651 1243 3706 Andronicum
1281 3651 1623 3720 permittens.
1661 3651 1759 3705 llic
1798 3670 1928 3710 vero
1979 3659 2072 3712 ubi

2186 3660 2302 3713 καθ’
2325 3659 2529 3728 ἐτέρων
2582 3653 2888 3725 μεμηνέναι
2935 3652 3024 3704 τὸν
3069 3651 3430 3717 Ἀνδρόνικον.
3478 3649 3540 3703 '0
3579 3647 3627 3703 δ’
3654 3652 3785 3702 ἐπεὶ

490 3746 598 3801 hoc
641 3759 836 3800 saxum
878 3744 1234 3814 proemineus
1277 3743 1657 3811 repressisset,
1709 3745 1937 3800 exitium
1985 3749 2080 3802 ad-

490 3841 683 3892 versus
751 3850 942 3890 omnes
997 3833 1260 3897 evomuit,
1315 3832 1454 3887 adeo
1481 3840 1540 3886 ut
1598 3847 1707 3887 non
1756 3848 1920 3900 posse
1970 3835 2079 3890 dici

491 3928 638 3981 hunc
699 3941 819 3980 esse
870 3933 1105 3982 sontem.
1132 3924 1284 3978 illum
1349 3937 1478 3978 vero
1548 3936 1653 3978 non
1685 3941 1831 3990 esse,
1879 3928 1973 3981 sed
2016 3928 2082 3981 ad

492 4031 685 4070 versus
711 4030 808 4070 eos
855 4016 943 4085 qui
971 4015 1196 4070 omnino
1237 4015 1482 4070 insontes
1511 4025 1670 4071 erant
1707 4019 1876 4087 (quod
1901 4020 2087 4088 nequi-

491 4110 578 4162 tiae
606 4111 857 4163 cumulus
884 4113 1014 4173 est).
1032 4106 1323 4176 Postquam
1349 4107 1694 4176 imperatoris
1741 4119 1973 4165 matrem
1999 4111 2080 4165 in-

490 4197 749 4252 clusisset
779 4198 833 4251 in
862 4197 1106 4251 sacrario
1141 4197 1334 4250 medici
1363 4197 1646 4252 Diomedis
1675 4198 1818 4254 inter
1846 4209 2072 4254 sanctos

493 4290 796 4360 conspicui,
830 4290 1015 4360 ibique
1070 4304 1177 4343 non
1210 4289 1301 4346 diu
1349 4288 1909 4354 retinuisset,eduxit
1951 4289 2082 4346 inde

495 4395 664 4458 atque
715 4387 1038 4452 submersit,
1092 4383 1366 4453 ministris
1404 4399 1560 4445 usus,
1591 4397 1828 4453 quorum
1863 4383 2081 4452 aliquos

494 4480 756 4550 superbia
789 4478 916 4548 ejus
973 4477 1138 4546 paulo
1168 4486 1298 4547 post
1345 4475 1727 4530 condemnans
1763 4475 1960 4528 merito
1998 4489 2082 4527 rc-

497 4572 810 4627 numeravit
843 4586 857 4624 :
888 4569 1002 4623 Deo
1047 4569 1128 4623 sic
1169 4583 1269 4622 nos
1315 4567 1570 4629 docente,
1597 4564 2068 4634 quemadmodum

496 4665 730 4735 pessima
761 4662 1069 4731 iubentem,
1095 4658 1166 4714 ita
1193 4660 1390 4729 ignave
1423 4656 1765 4713 obedientem
1800 4671 1828 4710 a
1849 4655 1960 4712 Deo
1980 4673 2083 4728 pu-

498 4756 626 4819 niri,
667 4761 812 4808 teste
853 4752 1078 4807 Davide.

563 4847 654 4902 36.
689 4845 765 4901 Ita
789 4861 921 4914 ergo
975 4845 1160 4916 inique
1212 4839 1361 4896 iecit.
1425 4841 1690 4898 Praeterea
1761 4843 2081 4898 convocatis

493 4940 752 4994 omnibus
823 4938 1012 4993 electis
1084 4935 1218 4989 viris
1272 4935 1490 5004 generis
1566 4934 1922 4991 illustrissimi
1994 4936 2082 4988 die

493 5031 771 5102 quadam,
833 5028 991 5095 cujus
1055 5028 1341 5082 horrorem
1404 5024 1696 5081 nefandum
1741 5025 1943 5095 aliquis
1977 5025 2072 5080 de-

497 5123 723 5187 scribet,
776 5135 968 5175 omnes
1009 5119 1424 5185 comprehendit
1479 5119 1624 5172 sicut
1663 5117 1924 5186 piseesin
1978 5114 2080 5169 reti

499 5213 936 5283 latali,exeeptis
965 5214 1122 5268 bonis
1149 5212 1376 5281 angelis,
1403 5211 1496 5280 qui
1549 5211 1654 5266 sibi
1715 5211 1842 5281 fuga
1877 5203 2083 5265 consu-

497 5318 674 5380 lentes
725 5307 959 5376 dispersi
1021 5312 1167 5362 sunt.
1222 5304 1532 5374 Omnesque
1584 5311 1782 5358 tractat
1869 5300 2066 5356 deinde

501 5415 650 5453 ntore
682 5399 870 5469 iniquo
897 5415 925 5464 ;-
950 5413 1098 5462 nam,
1124 5397 1374 5468 privatim
1401 5407 1846 5464 unumquemque
1871 5439 1886 5454 ,
1910 5391 2092 5458 arguit

497 5505 623 5548 esse
659 5499 870 5546 secreto
921 5504 1018 5560 pro
1074 5504 1218 5559 rege,
1252 5488 1397 5542 illius
1457 5489 1600 5557 (quae
1641 5493 1725 5539 est
1770 5483 1919 5552 justa
1967 5478 2098 5547 vox)

501 5585 695 5639 hostis.
753 5583 834 5638 Ad
913 5581 1188 5638 carcerem
1275 5596 1478 5650 paucos
1533 5577 1798 5647 quosdam
1870 5573 2096 5627 damna-

500 5675 576 5730 vit
617 5672 790 5729 Fuere
821 5673 913 5744 qui
943 5675 1198 5730 obcaecati
1227 5683 1376 5738 sunt,
1412 5672 1561 5741 iique
1615 5667 1878 5739 plerique.
1896 5662 2073 5728 Quos-

500 5765 626 5821 dam
687 5779 816 5821 vero
880 5781 944 5822 ex
1001 5766 1068 5822 iis
1126 5767 1182 5822 in
1245 5763 1499 5823 exsilium
1573 5765 1897 5830 perpetuum
1975 5751 2106 5823 egit.

2183 3753 2368 3807 οὐκέτι
2399 3747 2668 3820 προϐλῆτι
2703 3745 2952 3814 σκοπέλῳ
2971 3744 3079 3796 τινὶ
3099 3741 3454 3812 ἀνεκρούετο,
3479 3739 3787 3810 ἐξεκύμαι-

2187 3861 2277 3898 νεν
2308 3841 2528 3912 ὀλέθρια
2570 3839 2714 3891 κατὰ
2749 3839 2992 3899 πάντων,
3033 3834 3132 3903 οὐχ
3162 3832 3304 3886 ὥστε
3333 3833 3429 3887 καὶ
3467 3834 3673 3897 εἰπεῖν,
3721 3834 3786 3895 ὃς

2191 3953 2248 3988 τε
2281 3935 2475 4000 αἴτιος,
2502 3934 2560 3995 ὅς
2592 3948 2647 3983 τε
2678 3929 2774 3982 καὶ
2807 3928 2948 3997 οὐχὶ,
2975 3925 3112 3978 ἀλλὰ
3138 3924 3280 3978 κατά
3299 3923 3410 3977 τῶν
3443 3924 3612 3993 μηδὲν
3639 3923 3786 3988 ὅλως

2188 4026 2384 4078 αἰτίων
2419 4024 2521 4094 (τὸ
2551 4018 2921 4088 ἀδικώτατον)
2946 4033 2960 4048 ο
3000 4017 3095 4070 καὶ
3129 4017 3230 4086 τήν
3267 4033 3327 4070 τε
3362 4015 3459 4068 τοῦ
3503 4017 3784 4086 βασιλέως

2187 4115 2538 4186 περιγράψας
2574 4113 2786 4183 μητέρα
2841 4112 2900 4162 ἐν
2949 4108 3029 4178 τῷ
3076 4110 3314 4179 σεμνείῳ
3345 4107 3438 4162 τοῦ
3478 4110 3539 4162 ἐν
3596 4110 3785 4176 ἁγίοις

2187 4207 2356 4276 σοφοῦ
2417 4206 2639 4274 ἰατῆρος
2667 4201 2990 4272 Διομήδους,
3012 4199 3253 4270 ἐπισχὼν
3277 4201 3339 4251 ού
3367 4201 3535 4252 πολὺν
3557 4200 3781 4270 χρόνον,

2184 4297 2368 4366 ἀπῆγέ
2413 4314 2474 4349 τε
2519 4295 2614 4348 καὶ
2643 4292 2917 4353 ἐϐύθισεν,
2965 4290 3264 4360 ὑπουργοῐς
3293 4290 3672 4360 χρησάμενος,
3700 4284 3782 4342 ὧν

2187 4389 2365 4452 ἐνίους
2397 4391 2425 4441 6
2455 4383 2889 4457 καταϐραϐεύων
2912 4383 3080 4438 αὑτοῦ
3111 4382 3281 4451 θυμὸς
3305 4382 3366 4434 οὐ
3403 4381 3586 4452 πολλῷ
3611 4381 3784 4436 ὕστε-

2192 4499 2287 4554 ρον
2340 4479 2400 4535 εὖ
2446 4480 2620 4533 ποιῶν
2653 4477 2892 4539 ἐτίσατο,
2926 4475 3279 4537 παιδεύοντος
3327 4474 3476 4542 ἡμᾶς
3502 4472 3602 4525 καὶ
3630 4472 3782 4526 οὕτω

2189 4569 2286 4623 τοῦ
2308 4568 2472 4632 Θεοῦ,
2503 4569 2581 4631 ώς
2628 4567 2725 4622 καὶ
2751 4569 2780 4620 6
2801 4564 3118 4619 ἐπιτάσσων
3150 4566 3217 4618 τὰ
3246 4562 3566 4630 φαυλότατα
3622 4567 3722 4618 καὶ
3750 4565 3782 4616 6

2193 4660 2636 4729 ὑποτασσόμενος
2669 4657 2766 4711 τοῦ
2791 4655 3088 4727 προσώπου
3115 4654 3416 4725 πειρῶνται
3453 4652 3549 4706 τοῦ
3605 4653 3777 4722 Θεοῦ,

2191 4753 2380 4805 ὁποίου
2409 4745 2516 4804 οἶδε
2555 4750 2740 4803 Δαυῖδ.

2258 4846 2368 4908 λς’.
2407 4843 2577 4896 Τοῦτό
2611 4859 2670 4895 τε
2696 4836 2956 4910 οῦνρῦτω
2992 4838 3432 4911 ἐξήμαρτειΚαὶ
3456 4839 3782 4907 σύγκλητον

2188 4936 2246 4989 δὲ
2273 4934 2500 5003 θέμενος
2524 4931 2736 5003 ἀνδρῶν
2769 4933 3011 5001 λογάδων
3035 4933 3294 4986 ἁπάντων
3325 4928 3436 4982 τῶν
3474 4930 3574 4982 τοῦ
3609 4933 3778 4998 μσγὶ-

2193 5041 2321 5077 στου
2349 5024 2563 5090 γένους,
2587 5023 2734 5077 κατά
2759 5039 2884 5077 τινα
2907 5025 3144 5094 ἡμέραν.
3175 5021 3248 5092 ἢν
3281 5021 3376 5073 καὶ
3413 5019 3777 5090 ἐγγράψηταί

2190 5132 2278 5178 τις
2317 5115 2382 5167 ἂν
2431 5116 2513 5176 εις
2567 5114 2861 5184 ἀποφράδα
2889 5113 3089 5184 δεινὴν,
3120 5111 3494 5182 συλλαμϐάνει
3523 5113 3779 5177 ἐκείνους

2189 5207 2327 5260 ὡσεὶ
2358 5208 2450 5260 καὶ
2479 5205 2666 5276 ἰχθύας
2704 5206 2860 5269 τινὰς
2880 5207 2940 5259 ἐν
2963 5206 3193 5275 ἀφύκτῳ
3232 5203 3523 5272 πανάγρῳ,
3553 5204 3684 5273 δίχα
3711 5221 3778 5272 γε

2191 5297 2303 5351 τῶν
2323 5297 2504 5350 καλῶν
2537 5297 2806 5365 ἀγγέλων,
2835 5298 2885 5351 οἳ
2908 5297 3004 5352 καὶ
3031 5293 3120 5350 οἷα
3156 5294 3562 5366 πτερυξεηιενοι
3590 5295 3649 5356 ἐς
3676 5313 3782 5363 φυ-

2193 5387 2318 5457 γὴν,
2353 5385 2819 5457 ἐσκορπίσθησαν.
2849 5389 2954 5442 Καὶ
2973 5387 3272 5442 διατίθεται
3302 5386 3536 5449 πάντας,
3563 5379 3780 5450 ώςόύκ

2195 5478 2261 5531 ἂν
2281 5476 2566 5546 εύλογήσοι
2599 5495 2706 5542 τις,
2738 5479 2906 5543 λαϐὰς
2938 5479 3218 5532 ἐπικαλῶν
3249 5478 3502 5539 ἑκάστοις
3530 5476 3594 5529 τὸ
3630 5484 3782 5531 κατὰ

2197 5566 2463 5638 βασιλέως
2514 5569 2868 5638 ἐνδομυχεϊν,
2923 5571 3136 5624 ἐκείνου
3190 5569 3502 5636 (εὐστόχως
3555 5569 3778 5634 εἰπεῖν)

2197 5656 2498 5726 ἁλιτήριος.
2545 5658 2658 5710 Καὶ
2687 5659 2906 5727 ὀλίγους
2963 5659 3063 5729 μέν
3113 5673 3261 5718 τινας
3302 5655 3625 5709 ἐδικαίωσεν
3694 5659 3781 5719 εἰς

2195 5747 2441 5816 εἱρκτήν.
2492 5743 2673 5801 Ἦσαν
2721 5749 2777 5802 δέ
2833 5751 2885 5804 οἳ
2936 5752 3030 5804 καὶ
3077 5749 3137 5813 ἐξ
3185 5749 3453 5818 ὀμμάτων
3491 5747 3778 5816 ἐγένοντο,
