3906 6566
407 361 476 425 43
1119 369 1546 432 EUSTATIIII
1582 361 2032 435 TIIESSALON
2047 375 2346 444 [CENSIS
2377 387 2938 453 METROPOLITE
3621 399 3688 458 44.

407 479 672 537 facientes
708 480 773 536 ad
815 483 917 537 hoc
949 494 1336 552 pervenerunt,
1371 494 1430 540 ut
1469 485 1521 540 in
1561 486 1738 542 lucem
1773 488 1985 544 adduce

2119 501 2342 565 ρανοῦσι
2365 504 2425 556 τὸ
2455 505 2707 572 ἔκτοπον,
2737 508 2830 561 καὶ
2857 505 3116 578 ὀκνητέον
3138 505 3194 562 δὲ
3216 506 3414 570 εἰπεῖν,
3442 511 3536 565 καὶ
3561 513 3677 568 ἆτος

405 583 528 628 rent
563 589 686 643 quae
715 575 957 630 tenebris
989 584 1118 630 sunt
1147 576 1332 647 digna,
1371 579 1830 649 multitudinique
1872 595 1999 650 pcr-

403 666 698 722 suaderent
738 669 882 738 quod
922 669 1116 724 civitas
1169 669 1388 726 ruinam
1437 687 1547 728 non
1591 670 1834 742 effugiet,
1889 673 1995 729 nisi

407 775 534 813 cum
566 775 738 830 parvo
767 770 823 815 et
857 762 1151 833 inexperto
1186 763 1378 820 Alexio
1411 765 1467 820 in
1500 764 1718 834 imperii
1767 779 2000 821 consor-

403 853 542 907 tium
582 853 967 911 admitteretur
1002 857 1370 925 Andronicus,
1422 857 1643 928 optima:
1678 857 1908 921 indolis,
1943 868 1998 913 et

403 945 756 1018 inregnandi
790 957 910 1004 arte
938 949 1073 1004 adeo
1101 960 1380 1015 versatus,
1412 961 1473 1006 ut
1504 967 1628 1006 cum
1663 950 1760 1004 illo
1785 947 1996 1020 imperii

401 1036 771 1107 gubernacula
806 1039 942 1093 bene
974 1049 1224 1095 recturus
1262 1040 1405 1096 foret
1433 1058 1450 1108 ;
1477 1056 1581 1096 non
1613 1042 1684 1095 ita
1712 1051 1771 1096 ut
1798 1041 2000 1096 avelle-

401 1136 578 1196 retur,
636 1130 731 1186 sed
785 1141 842 1185 nt
883 1132 1285 1202 produceretur
1337 1133 1578 1187 maxime
1608 1133 1998 1204 magnificare-

399 1228 603 1289 turque
648 1221 897 1290 parvitas
931 1223 1088 1294 ejus;
1133 1225 1538 1279 communitate
1573 1223 1793 1293 quidem
1827 1225 1994 1278 unius

399 1308 716 1381 dignitatis,
745 1315 1031 1368 consortio
1084 1330 1211 1370 vero
1233 1315 1476 1370 laborum
1505 1329 1994 1384 :erumnarutnque

400 1403 603 1474 quibus
668 1407 797 1475 plus
851 1407 987 1462 satis
1045 1409 1394 1465 assuefactus
1441 1417 1562 1463 erat
1613 1409 1991 1472 Andronicus,

400 1497 728 1554 multimoda
755 1501 1094 1570 experientia
1121 1502 1479 1557 exercitatus.
1510 1502 1627 1558 Non
1645 1502 1835 1572 paucis
1872 1517 1994 1571 per-

399 1601 696 1645 suaserunt
727 1593 1078 1648 utbenevolis
1103 1595 1331 1650 auribus
1361 1595 1614 1648 audirent
1636 1609 1700 1649 ac
1724 1594 1993 1649 incalesc-

401 1689 526 1732 rent
556 1679 622 1734 ad
652 1684 1186 1738 consummationem
1216 1687 1529 1741 communis
1563 1686 1781 1756 imperii
1811 1685 1992 1740 Alcxii

399 1780 452 1824 et
486 1769 806 1829 Andronici.
836 1775 896 1829 ln
937 1777 1210 1848 principio
1245 1779 1467 1848 quidem
1487 1778 1556 1834 de
1587 1779 1993 1834 machinatione

399 1865 831 1933 mussitabatur,
890 1880 1077 1938 postea
1133 1887 1315 1926 sermo
1373 1872 1570 1936 ﬂebat,
1633 1873 1800 1942 paulo
1861 1883 1989 1942 post

399 1959 579 2029 palam
632 1962 798 2016 etiam
857 1964 1225 2021 clamabatur.
1289 1965 1560 2022 Creterum
1623 1966 1850 2037 publice
1916 1966 1986 2021 ad

399 2051 766 2122 principatum
804 2055 1122 2112 invitandus
1160 2066 1281 2112 erat
1324 2057 1713 2126 Andronicus;
1743 2059 1839 2130 qui
1877 2058 1988 2115 nisi

397 2144 677 2208 cbediret,
705 2147 950 2217 jamjam.
982 2149 1258 2219 rogandus
1286 2159 1469 2218 esset;
1505 2152 1550 2206 si
1589 2167 1720 2206 vero
1771 2167 1873 2208 nec
1914 2152 1990 2208 ita

395 2238 709 2304 exaudiret,
745 2240 1067 2300 inflexibilis
1117 2259 1472 2314 permanens,
1539 2246 1625 2302 vis
1675 2246 1988 2303 adhibenda

398 2328 561 2387 foret.
610 2331 807 2388 Dicunt
834 2346 887 2390 et
945 2335 1052 2393 hoc
1088 2352 1212 2394 esse
1243 2339 1467 2404 melius,
1499 2339 1652 2394 illum
1693 2340 1804 2411 pati
1841 2338 1990 2411 quod

335 2487 337 2490 ς
399 2441 508 2481 non
537 2427 674 2492 vult,
705 2429 920 2486 scilicet
952 2446 1206 2502 regnare,
1251 2448 1416 2502 quam
1466 2434 1730 2489 mundum
1771 2436 1986 2489 ruinam

398 2520 531 2585 pati.
563 2519 702 2575 fluic
738 2525 1048 2580 asscntiunt
1085 2527 1238 2581 multi
1273 2541 1336 2582 ex
1375 2527 1550 2596 plebe.
1581 2528 1639 2583 lu
1679 2529 1826 2584 hunc
1855 2544 1987 2585 vero

391 2617 702 2669 torrentem
736 2616 855 2671 fluit
887 2618 1131 2688 quaedam
1161 2619 1428 2676 colluvies
1458 2637 1524 2677 ex
1555 2625 1988 2694 congregatione

398 2705 658 2774 aliorum,
689 2723 797 2764 non
826 2711 1115 2766 abundans
1133 2711 1376 2782 quidem,
1401 2715 1494 2770 sed
1516 2730 1720 2771 nocens
1751 2716 1986 2786 ideoque

398 2809 428 2850 α
456 2797 616 2855 nobis
649 2799 1084 2856 abhorrendum.
1116 2801 1234 2857 Non
1287 2805 1433 2860 enim
1459 2805 1781 2876 simpliciter
1835 2807 1987 2863 dcte-

397 2892 656 2947 stabatur
701 2903 915 2950 aetatem
954 2897 1221 2967 puerilem
1269 2897 1446 2952 Alexii
1480 2899 1837 2970 imperatoris
1869 2904 1982 2953 An-

397 2987 610 3042 dronici
642 2991 837 3057 gratia,
877 2991 971 3045 sed
1020 2989 1206 3046 furore
1237 3007 1338 3046 suo
1375 3007 1461 3048 res
1507 2994 1774 3061 turbavit,
1813 3004 1985 3065 utque

398 3083 755 3140 Andronicus
781 3083 991 3142 fureret
1025 3084 1135 3140 fuit
1172 3099 1365 3143 causa.

459 3363 555 3417 '59.
591 3362 736 3419 Inter
767 3363 892 3420 illos
919 3371 1082 3418 erunt
1109 3365 1355 3422 celebres
1391 3365 1426 3422 ii
1481 3365 1574 3438 qui
1617 3365 1836 3424 fuerunt
1867 3375 1981 3422 tum

396 3457 611 3525 fideles,
651 3458 1061 3517 Constantinus
1113 3459 1420 3522 Pati-enus.
1484 3461 1661 3532 imago
1720 3471 1978 3518 accurata

399 3550 762 3620 adulationis,
794 3561 851 3607 et
879 3553 1086 3608 imbelli
1135 3569 1299 3609 manu
1335 3553 1585 3620 Michael,
1619 3555 1703 3609 vir
1733 3554 1984 3612 difficilis

399 3641 734 3712 gnbcrnatu,
791 3645 968 3702 facilis
998 3661 1129 3701 vero
1179 3646 1247 3701 ad
1281 3649 1630 3718 pravitatem.
1683 3648 1814 3704 Erat
1854 3666 1986 3706 vero

397 3735 454 3789 in
488 3735 596 3792 illis
623 3738 703 3791 vir
733 3736 970 3806 insignis
993 3739 1152 3810 quasi
1178 3737 1362 3794 ferens
1387 3741 1605 3810 signum
1637 3741 1812 3796 ruina:
1839 3743 1986 3812 (erat

393 3828 541 3884 forte
574 3836 706 3885 tunc
753 3830 807 3886 in
855 3831 1033 3886 media
1071 3831 1254 3902 :etate)
1308 3841 1470 3887 natus
1515 3848 1581 3888 ex
1615 3845 1770 3902 patre
1805 3835 1986 3904 perito

397 3921 466 3976 de
501 3937 557 3976 rc
579 3922 793 3992 publica
818 3922 1108 3992 judicandl
1129 3939 1300 3996 seque
1334 3925 1386 3980 in
1435 3925 1726 3982 latrocinia
1761 3927 1980 3983 immer-

399 4013 560 4084 geudi
619 4031 633 4067 :
677 4013 988 4084 Stephanus
1025 4017 1242 4087 quidem
1300 4017 1520 4074 nomine
1573 4020 1898 4090 appellatus,
1931 4029 1986 4076 et

397 4109 675 4179 superillo
699 4108 1356 4182 l-Iagiochristophoritcs,
1393 4114 1485 4183 qui
1517 4123 1855 4179 tnulatus,ex
1874 4131 1986 4186 quo

397 4206 665 4262 adversus
722 4205 889 4262 Deum
935 4217 1234 4275 operatur,
1274 4209 1854 4280 antichristophorites
1895 4227 1988 4267 eo-

399 4301 755 4369 gnominatur
781 4300 850 4356 ab
874 4301 941 4358 iis
972 4301 1068 4375 qui
1096 4309 1244 4359 recte
1260 4302 1524 4359 sentiunt.
1547 4303 1684 4359 Huic
1705 4305 1815 4376 jam
1852 4314 1990 4360 tem-

398 4410 505 4466 pus
559 4403 797 4453 stat-nam
839 4397 954 4452 vitii
991 4409 1263 4454 erexerat.
1296 4397 1434 4454 Cum
1472 4401 1618 4454 enim
1658 4398 1984 4455 affinitatem

399 4506 511 4546 non
551 4491 824 4562 junxisset
873 4507 1000 4548 cum
1055 4493 1378 4562 semetipso,
1427 4492 1522 4549 sed
1568 4493 1801 4563 nequius
1841 4494 1984 4562 egis-

397 4597 480 4642 set
500 4601 664 4657 quam
689 4600 788 4656 pro
819 4585 1094 4642 connubio
1119 4587 1312 4650 nobili,
1339 4586 1490 4643 dedit
1523 4589 1687 4643 etiam
1712 4588 1980 4658 insignem

399 4679 719 4735 vindictam.
770 4679 942 4736 Nares
982 4679 1127 4735 enim
1194 4679 1314 4750 ejus
1353 4681 1553 4736 dilissae
1592 4690 1740 4746 sunt,
1791 4683 1860 4736 ita
1929 4691 1982 4736 ut

397 4788 510 4828 non
539 4773 677 4828 bene
699 4774 1021 4843 respiraret,
1047 4773 1259 4829 scilicet
1280 4789 1345 4828 ex
1375 4791 1480 4843 qua
1503 4793 1609 4831 non
1633 4778 1887 4842 decebat,
1913 4780 1988 4834 Io-

400 4881 572 4937 raque
593 4865 918 4936 castigantia
957 4882 1122 4937 super
1155 4868 1380 4923 dorsum
1407 4867 1528 4938 ejus
1552 4887 1659 4925 non
1688 4887 1858 4940 pauca
1901 4889 1986 4928 ce-

399 4962 675 5017 ciderunt.
697 4959 876 5032 Eque
892 4971 1072 5017 autem
1093 4963 1524 5029 inverecundus.
1552 4966 1700 5020 omni
1723 4965 1932 5035 pudore
1956 4983 1986 5023 e

400 5055 583 5109 fronte
605 5053 878 5124 deposito,
905 5070 1016 5109 non
1067 5056 1338 5111 abstinuit
1368 5055 1424 5110 in
1461 5057 1684 5124 publico
1719 5073 1986 5128 apparere

402 5157 464 5204 ut
493 5150 546 5204 iu
590 5147 834 5205 derisum
866 5157 1198 5214 verteretur,
1232 5150 1325 5206 sed
1357 5151 1512 5220 quasi
1539 5153 1740 5206 malum
1775 5154 1983 5208 nullum

404 5243 632 5306 ft‘cisset
677 5243 1082 5307 deambulabat,
1133 5243 1278 5298 sicut
1311 5253 1494 5308 antea,
1531 5245 1758 5301 audacia
1795 5261 1988 5316 super-

401 5341 539 5406 bus,
565 5336 975 5404 ostendensque
1002 5351 1110 5390 non
1142 5349 1200 5391 se
1225 5333 1451 5404 pudere,
1485 5346 1540 5392 et
1565 5337 1646 5392 sic
1677 5337 1728 5393 vi
1755 5353 1984 5406 persua-

402 5433 542 5489 dens
570 5431 777 5486 malum
817 5427 957 5483 nihil
992 5443 1140 5495 esse,
1173 5428 1290 5486 sive
1322 5429 1487 5486 faciat
1520 5431 1640 5487 sive
1684 5432 1982 5487 sustineat.

361 5549 366 5555 -
403 5523 544 5578 Cum
582 5519 773 5588 itaque
805 5518 876 5574 ab
912 5521 1172 5576 omnibus
1210 5520 1619 5592 despiceretur,
1653 5533 1708 5579 et
1749 5523 1985 5581 illustris

404 5610 745 5668 matrimonii
816 5625 913 5684 spe
975 5607 1308 5677 frustratus,
1348 5615 1611 5684 nullaque
1685 5616 1789 5670 alia
1860 5633 1988 5686 spes

407 5705 782 5776 promotiouis
829 5703 1072 5772 adesset,
1105 5705 1201 5760 sed
1235 5705 1438 5759 frustra
1484 5705 1674 5760 limina
1737 5708 1982 5778 impera.

407 5799 550 5853 toria
585 5806 810 5864 tereret,
837 5798 1070 5868 quadam
1106 5796 1197 5854 die
1223 5795 1364 5853 forte
1388 5797 1560 5854 edidit
1594 5800 1823 5855 verbum
1849 5801 1987 5858 alias

406 5888 638 5973 quidem
647 5887 910 5974 effectum
923 5891 1144 5976 malum
1155 5891 1514 5977 sortiturum,
1531 5891 1678 5965 quod
1720 5891 1824 5966 ipsi
1855 5910 1986 5953 vero

2105 611 2206 648 πον
2230 611 2244 624 ·
2286 597 2382 650 καὶ
2421 602 2925 671 μυστηριασθέντες
2961 602 3022 656 τὸ
3076 601 3148 672 μὴ
3179 601 3329 656 ὅσιον
3354 643 3368 668 ,
3410 606 3682 662 ἐτελοῦντο

2105 693 2242 758 πρὸς
2268 690 2466 756 ἐκεῖνο,
2506 694 2599 746 καὶ
2629 693 2950 764 ἐδᾳδούχουν
2985 696 3066 758 είς
3094 696 3336 766 ἐμφανὲς
3365 696 3433 750 τὰ
3464 699 3688 765 σκότους

2101 783 2248 848 ἀξια,
2295 785 2390 838 καὶ
2414 786 2812 852 ἀναπείσαντες
2837 791 2962 852 τοὺς
2985 789 3178 860 δχλους
3205 789 3280 861 μὴ
3319 790 3386 846 ἂν
3427 791 3716 874 ἐκφυγεῖνι

2101 876 2200 945 τὴν
2224 877 2380 929 πόλιν
2417 878 2478 930 τὸ
2518 879 2862 947 ἀπολεῖσθαι,
2916 883 2964 934 εί
2997 881 3070 952 μὴ
3103 883 3181 952 τῷ
3218 881 3400 952 μικρῷ
3426 883 3522 936 καὶ
3551 884 3683 952 ἀγυ-

2106 969 2330 1040 μνάστῳ
2367 970 2594 1042 Ἀλεξίῳ
2633 973 2700 1026 τὰ
2759 973 2837 1036 είς
2877 974 3158 1043 βασιλείαν
3201 976 3294 1028 τὸν
3345 976 3696 1054 Ἀνδρονικόῖξ

2103 1059 2518 1124 συνδυάσουσιν,
2553 1058 2610 1115 εὖ
2652 1063 2796 1133 μάλα
2829 1063 3181 1131 δεδασμένον.
3224 1065 3414 1119 καὶτὰ
3452 1065 3533 1128 είς
3571 1083 3683 1118 τυι-

2100 1152 2274 1217 αύτας
2293 1154 2487 1224 τέχνας
2525 1151 2638 1208 οἷόν
2668 1173 2726 1208 τε
2777 1154 2909 1210 ὄντα
2944 1157 3328 1226 συνδιαφέρειν
3364 1156 3566 1226 ἐκείνῳ
3596 1156 3684 1208 τὸν

2101 1244 2380 1314 βασίλειον
2435 1246 2598 1314 ζυγόν
2622 1262 2635 1277 ·
2685 1247 2784 1316 οὐχ
2821 1248 2964 1300 ὥστε
3000 1247 3107 1317 μὴν
3136 1248 3232 1304 καὶ
3263 1248 3680 1317 καταρῤιπτεϊν,

2099 1337 2235 1390 ἀλλά
2267 1339 2362 1391 καὶ
2397 1339 2636 1406 μάλιστα
2667 1340 2982 1410 ὐπανέχειν,
3013 1341 3105 1394 καὶ
3129 1340 3232 1410 τὴν
3271 1340 3484 1393 ἐκείνου
3519 1357 3685 1408 μεγα-

2097 1424 2280 1478 λύνειν
2313 1427 2657 1496 σμικρότητα
2682 1445 2697 1461 ⁸
2739 1431 3000 1500 κοινωνία
3025 1433 3123 1497 μὲν
3159 1431 3318 1497 ἀξίας
3344 1432 3494 1500 μιᾶς,
3516 1431 3686 1500 ὑπερ-

2097 1521 2198 1589 οχῇ
2239 1519 2295 1571 δὲ
2333 1521 2520 1573 κόπων
2546 1522 2642 1574 καλ⁸
2667 1522 2870 1584 πόνων,
2925 1519 3006 1585 οἷς
3037 1523 3064 1575 ό
3093 1523 3437 1593 Ἀνδρόνικος
3481 1522 3684 1576 εἴθιστο

2097 1609 2282 1678 ᾶδόην,
2316 1613 2683 1679 πολυπλάνοις
2711 1617 2943 1681 πλάναις
2978 1617 3118 1671 κατά
3145 1617 3237 1670 τὸν
3269 1618 3493 1670 εἰπόντα
3522 1634 3686 1687 γεγυ-

2102 1705 2442 1775 μνασμένοςο
2475 1707 2713 1778 ἤγειραν
2743 1708 2842 1762 οὐκ
2881 1710 3098 1776 ὀλίγους
3123 1709 3556 1778 ἀναπεισθῆναι,
3597 1709 3685 1779 όρ-

2101 1799 2210 1862 θῶς
2249 1799 2472 1854 ἀκούειν
2502 1802 2596 1855 καὶ
2651 1801 3122 1872 διαθερμανθῆναι
3154 1805 3236 1868 είς
3283 1802 3539 1867 ὲξάνυσιν
3589 1800 3684 1855 τοῦ

2099 1893 2392 1964 συνάρχειν
2415 1893 2713 1964 βασιλικῶς
2736 1895 2828 1949 τόν
2860 1912 2920 1948 τε
2949 1894 3211 1961 Ἀλέξιον,
3243 1896 3336 1949 τόν
3371 1913 3430 1950 τε
3470 1895 3685 1967 Ἀνδρό-

2097 2001 2272 2039 νικον.
2311 1986 2422 2040 Kal.
2450 1990 2548 2057 τὴν
2579 1987 2755 2058 ἀρχὴν
2784 1989 2882 2058 μὲν
2920 1988 3349 2060 ὕπεψιθυρίζετο
3381 1990 3571 2060 ἠρέμα
3626 1988 3685 2042 τὸ

2097 2077 2341 2149 σόφισμα
2363 2094 2376 2106 ο
2417 2079 2558 2149 μετά
2577 2079 2634 2132 δὲ
2666 2079 2932 2144 ὲλαλεῖτο,
2967 2081 3164 2151 μικρὸν
3187 2081 3244 2136 δὲ
3279 2082 3406 2135 ὅσον
3443 2079 3543 2135 καὶ
3571 2080 3685 2144 ἑξε-

2095 2169 2258 2225 6οάτο
2309 2173 2708 2241 τρανέσειιερον⁵
2739 2174 2834 2228 καὶ
2883 2173 2989 2227 ἔδει
3015 2173 3204 2228 λοιπὸν
3242 2173 3507 2246 ἐμφανῶς
3555 2151 3686 2244 προ-

2093 2262 2367 2334 κληθῆναι
2408 2265 2489 2330 είς
2515 2265 2614 2336 τὴν
2636 2265 2814 2339 ἀρχὴν
2841 2265 2934 2320 τὸν
2967 2267 3310 2338 Ἀνδρόνικον
3332 2283 3346 2298 ·
3374 2267 3469 2320 καὶ
3528 2267 3578 2319 εί
3607 2265 3684 2336 μὴ

2094 2357 2354 2422 πείθοιτο,
2386 2357 2521 2412 ἀλλά
2542 2359 2663 2414 τότε
2689 2359 3118 2432 δυσωπηθῆναν
3167 2361 3216 2413 εί
3263 2361 3320 2414 δὲ
3366 2359 3502 2431 μηδὲ
3541 2357 3684 2413 οὕτω

2094 2449 2498 2518 κατακλίνοιτο,
2555 2452 2764 2515 ἀτενῶς
2823 2451 2990 2522 ἔχων,
3052 2452 3385 2522 πειραθῆναι
3413 2453 3506 2505 καὶ
3537 2452 3679 2523 βίας.

2093 2543 2201 2596 Καὶ
2228 2543 2448 2597 κάλλιόν
2484 2561 2652 2613 φασιν
2675 2543 2736 2598 ὃν
2765 2545 2960 2598 παθεῖν
2981 2546 3211 2608 ἐκεῖνον,
3235 2544 3264 2598 δ
3293 2544 3368 2614 μὴ
3400 2545 3680 2614 βούλεται,

2091 2635 2151 2687 τὸ
2183 2635 2503 2705 βασιλεῦσαι
2528 2636 2754 2708 δηλαδὴ,
2786 2637 2930 2708 ἤπερ
2969 2636 3254 2704 ἐξολέσθαι
3299 2638 3368 2690 τὰ
3409 2639 3678 2707 κοσμικά.

2091 2728 2202 2780 Καὶ
2229 2727 2600 2800 ἑταιρίζονται
2635 2731 2734 2800 μὲν
2757 2730 2838 2794 είς
2862 2731 3022 2784 τοῦτο
3048 2729 3236 2784 πολλοὶ
3265 2729 3374 2784 τῶν
3399 2730 3498 2784 τοῦ
3519 2727 3678 2784 λαοῦ’

2093 2824 2445 2895 συνεπιρῤέει
2469 2823 2526 2876 δὲ
2555 2823 2635 2892 τῷ
2661 2823 2894 2878 κλύδωνι
2919 2823 3098 2896 τούτῳ
3130 2823 3226 2877 καὶ
3268 2823 3548 2896 ἀπόρροιά
3595 2840 3681 2887 τις

2088 2914 2196 2969 τῶν
2223 2915 2319 2984 τῆς
2345 2915 2678 2986 συγκλήτου,
2711 2917 2771 2970 ού
2800 2916 2968 2988 πολλὴ
2993 2918 3112 2986 μὲν,
3140 2917 3440 2986 ὲπίρῤητος
3467 2915 3550 2978 δὲ,
3585 2915 3680 2968 καὶ

2087 3009 2249 3063 τοῦτό
2283 3026 2348 3078 γε
2376 3010 2509 3080 ἡμῖν
2537 3010 2876 3082 ἀπόρρητος.
2913 3008 2990 3064 Οὐ
3015 3009 3124 3079 γὰρ
3146 3008 3334 3072 ἁπλῶς
3365 3005 3680 3077 ἀφωσιοῦτο

2087 3101 2227 3172 αῦτη
2263 3101 2364 3174 τὴν
2397 3101 2541 3156 κατά
2585 3103 2682 3156 τοῦ
2731 3102 2999 3173 βασιλέως
3061 3100 3305 3166 Ἀλεξίου
3356 3099 3680 3169 νεωτέρισιν

2008 3195 2054 3256 C
2089 3195 2229 3249 κατά
2282 3197 2445 3266 χάριν
2518 3195 3197 3266 ’Δνδρονίκου,ἀλλ’ώσεὶ
3249 3195 3344 3249 καὶ
3393 3193 3679 3266 μεμηνυῖα

2089 3289 2353 3360 βυσσόθεν
2382 3290 2643 3357 ἐκυκᾶτο,
2675 3290 2766 3344 καὶ
2793 3290 2883 3345 τὸν
2917 3288 3258 3360 ’Δνδρόνικον
3292 3287 3676 3358 συνεξέμαινε.

2156 3381 2258 3437 λθ’.
2301 3383 2411 3436 Καὶ
2433 3382 2649 3437 ἔσονται
2671 3383 2907 3454 ἀοίδιμοι
2936 3384 2992 3436 ἐν
3021 3381 3238 3444 τούτοις
3266 3382 3315 3435 oi
3337 3380 3436 3449 τῆς
3455 3379 3678 3450 ἡμέρας

2088 3477 2289 3530 ἐκεῖνοι
2334 3477 2540 3543 πιστοὶ,
2596 3475 3010 3538 Κωνπαντῖνος
3062 3475 3091 3526 ό
3125 3473 3432 3545 Πατρηνδς,
3481 3472 3546 3526 τὸ
3575 3472 3675 3541 τῆς

2088 3568 2384 3631 κολακείας
2436 3567 2822 3638 ἠκριϐωμένον
2848 3568 3156 3636 ἀφίδρυμα,
3189 3568 3286 3620 καλ⁵
3310 3569 3338 3621 ό
3364 3565 3676 3636 ἀπλούχειρ

2087 3660 2328 3732 Μιχαὴλ,
2365 3661 2505 3730 ἀνὴρ
2545 3660 2726 3729 γλοιὸς
2763 3659 2864 3728 μὶν
2914 3658 3362 3720 πολιτεύσασθαι.
3398 3657 3678 3729 στρυφνὸς

2087 3752 2144 3806 δὴ
2176 3752 2648 3822 πονηρεύσασθαι.
2709 3747 2818 3806 Ἦν
2845 3753 2902 3806 δὲ
2930 3753 3023 3806 καί
3052 3769 3136 3816 τις
3187 3751 3328 3822 ἀνὴρ
3351 3750 3592 3822 λάμπων
3617 3752 3678 3804 ἑν

2087 3847 2202 3907 τοῖς
2233 3845 2499 3909 τοιούτοις
2523 3845 2657 3898 ώσεί
2685 3863 2786 3900 που
2817 3846 2912 3898 καὶ
2944 3845 3186 3916 φρυκτὸς
3213 3842 3678 3914 όλέθριος(μὲσος

2086 3931 2155 4009 ἦν
2185 3938 2276 3991 ὅτε
2309 3938 2410 4008 τὴν
2435 3937 2652 4008 τύχην),
2686 3940 2892 4006 πατρὸς
2925 3937 3098 4006 ὲκφὺς
3128 3935 3305 4003 δεξιοῦ
3353 3935 3678 4004 λογίζεσθαι

2087 4031 2156 4084 τὰ
2185 4029 2442 4100 δημόσια,
2475 4031 2570 4084 καὶ
2603 4029 2939 4101 ἐμϐαθύνειν
2984 4028 3304 4098 κλέμμασιν
3325 4043 3342 4060 ο
3398 4028 3678 4096 Στέφανος

2093 4124 2194 4194 μὲν
2215 4123 2274 4177 τὸ
2302 4123 2512 4193 κύριον,
2545 4123 2606 4176 τὸ
2654 4123 2710 4176 δὲ
2742 4123 2828 4176 ἐπ’
2869 4122 3019 4191 αὐτῷ
3060 4121 3677 4194 ’Δγιοχριςτοφορίτηςο

2090 4220 2148 4282 ὃς
2176 4218 2570 4289 μεταθέμενος,
2603 4217 2662 4283 ἐξ
2687 4211 2763 4271 ὧν
2787 4219 2814 4270 ὁ
2846 4217 2989 4270 κατά
3029 4217 3163 4269 Θεὸν
3194 4216 3489 4282 διάκειται,
3556 4217 3681 4269 Ἀν-

2091 4314 2568 4385 τιχριστοφορίτης
2597 4313 2982 4384 παρωνυμεῖτο
3011 4315 3125 4368 τοῖς
3146 4311 3283 4379 ὀρθὰ
3313 4310 3516 4365 νοοῦσι.
3541 4311 3682 4364 Τοῦ-

2090 4423 2181 4459 τον
2204 4409 2229 4458 ὁ
2263 4406 2360 4476 μὲν
2388 4405 2599 4474 φθάσας
2628 4404 2820 4476 χρόνος
2843 4405 3282 4474 παρεσημήνατο
3313 4405 3394 4468 είς
3418 4403 3680 4475 ἀνδριάν-

2092 4514 2158 4550 τα
2192 4497 2549 4566 φαυλότητος.
2589 4497 2877 4566 Κηδεύσας
2912 4498 3020 4567 γὰρ
3045 4495 3104 4548 οὐ
3139 4494 3264 4548 καθ’
3295 4493 3509 4550 ἑαυτὸν.
3534 4493 3679 4548 ἀλλὰ

2096 4591 2652 4660 πανουργευσὰμενος
2677 4589 2816 4658 ὑπὲρ
2845 4589 3005 4655 ἀξίαν
3031 4588 3208 4658 γάμον
3227 4588 3450 4659 εὐγενῆ,
3470 4588 3678 4642 δέδωκε

2089 4682 2364 4753 τιμωρξαν
2399 4683 2498 4736 οὐκ
2522 4685 2748 4754 ἀγεννῆ.
2776 4682 2888 4745 Τὰς
2921 4682 3074 4753 ῥῖνάς
3096 4699 3158 4733 τε
3189 4681 3298 4751 γὰρ
3338 4681 3675 4751 ἀπεσχίσθηο

2091 4776 2125 4831 ἆ
2157 4793 2214 4828 τε
2248 4776 2324 4847 μὴ
2357 4776 2534 4839 καλῶς
2556 4775 2994 4846 φριμαξάμενος,
3029 4773 3151 4826 καθ’
3177 4768 3246 4846 ἧς
3273 4775 3374 4827 οὐκ
3423 4775 3636 4845 ἔπρεπε
3658 4790 3673 4804 ·

2090 4871 2185 4925 καὶ
2215 4870 2324 4923 τῶν
2363 4867 2528 4922 αὐτοῦ
2578 4868 2764 4922 νώτων
2796 4867 3242 4940 σωφρονιστῆρες
3289 4867 3512 4933 ἱμάντες
3541 4885 3680 4922 κατ-

2090 4965 2410 5033 εχόρευσαν.
2452 4963 2557 5015 Καὶ
2599 4963 2751 5034 ὅμως
2791 4961 2981 5032 ίταμδς
3012 4959 3110 5025 ὢν,
3146 4961 3244 5012 καὶ
3271 4962 3369 5030 τὴν
3403 4960 3676 5031 αἰσχύνην

2089 5060 2198 5113 ἀπὸ
2243 5055 2540 5127 προσώπου
2581 5055 2828 5124 θέμενος,
2887 5054 2986 5106 οὐκ
3019 5053 3308 5124 ἀπήγαγεν
3348 5053 3545 5107 ἑαυτὸν
3574 5054 3675 5107 τοῦ

2090 5149 2512 5222 προφαίνεσθαι,
2583 5149 2658 5220 μὴ
2711 5151 2806 5201 καὶ
2839 5146 3086 5216 γελῷτοο
3137 5145 3252 5199 ἀλλ’
3277 5140 3365 5200 οἷα
3423 5147 3588 5218 μηδὲν
3618 5164 3674 5200 τι

2090 5245 2260 5299 κακὸν
2297 5241 2597 5314 δεδρακὼς,
2626 5241 2982 5312 περιήρχετο,
3013 5237 3144 5292 ἔνθα
3171 5240 3267 5292 καὶ
3302 5238 3514 5309 πρώην,
3550 5239 3676 5307 φιλ.

2088 5337 2377 5391 ενδεικτῶν
2431 5334 2492 5388 τὸ
2546 5334 2766 5406 θράσος,
2810 5335 2903 5386 καὶ
2955 5331 3410 5401 ἐπιδεικνύμενος
3471 5333 3532 5385 τὸ
3599 5332 3676 5402 μὴ

2089 5431 2380 5497 αἰδεῖσθαι,
2419 5431 2514 5483 καὶ
2559 5429 2703 5483 οὕτω
2743 5427 3065 5498 βιαζόμενος
3087 5427 3148 5480 τὸ
3183 5425 3353 5496 μηδέν
3376 5443 3426 5478 τι
3466 5423 3679 5493 φαῦλον

2091 5526 2121 5594 ἣ
2161 5527 2405 5592 ποιῆσαι,
2442 5522 2475 5593 ἢ
2511 5522 2722 5573 παθεῖν.
2763 5520 2850 5580 Ὧς
2883 5519 2940 5571 δὲ
2983 5518 3325 5587 περιεωρᾶτο
3360 5516 3496 5586 πρὸς
3531 5517 3680 5570 πάν-

2089 5636 2222 5684 των,
2264 5615 2358 5672 καὶ
2396 5615 2490 5669 τοῦ
2547 5615 2723 5684 γάμου
2781 5629 2840 5665 τε
2872 5611 2968 5665 τοῦ
3004 5610 3211 5680 ὑψηλοῦ
3242 5605 3311 5681 ἦν
3359 5609 3672 5674 ἕκπτωτος,

2091 5712 2184 5766 καὶ
2211 5710 2333 5763 οὑδὲ
2371 5727 2493 5763 τινα
2526 5703 2670 5778 εἶχεν
2709 5705 2880 5778 ἄλλην
2925 5703 3212 5766 ἀνάϐασιν,
3249 5703 3368 5757 ἀλλ’
3401 5705 3458 5756 ὲν
3491 5706 3672 5769 κενοῖς

2090 5803 2191 5865 τὰς
2219 5800 2524 5872 βασιλείους
2555 5799 2726 5868 θύρας
2752 5797 3016 5870 ὲξέτριϐε,
3041 5798 3302 5867 λαγχάνει
3337 5795 3467 5849 ποτὲ
3495 5813 3674 5866 προηο

2093 5897 2334 5966 κάμενος
2367 5896 2518 5965 ἔπος,
2559 5893 2735 5958 ἄλλως
2778 5892 2876 5964 μὲν
2909 5891 3200 5963 σφαλερὸν,
3236 5890 3416 5964 ἑαυτῷ
3447 5890 3502 5946 δὲ
3535 5894 3674 5952 ἀνα..
