3968 6552
272 363 340 425 45
1050 357 1148 417 DE
1185 351 1757 416 THESSALONICA
1799 348 2010 410 URBE
2061 348 2103 405 A
2147 345 2461 407 LATINIS
2495 343 2751 406 CAPTA.
3460 334 3530 399 46

275 479 560 546 στάσιμον.
610 473 698 537 Ὠς
737 473 846 545 γάρ
902 475 928 528 ό
962 475 1348 546 Μαυροζώμης
1397 473 1696 542 Θεόδωρος,
1732 473 1759 522 ό
1788 472 1840 523 ἑκ

1950 468 2112 522 vitam
2149 465 2417 522 restituit.
2447 463 2549 520 Ubi
2588 462 2732 517 enim
2769 456 3142 512 Maurozomes
3177 451 3527 514 Theodorus.

272 569 705 637 Πελοποννῆσου,
735 568 1022 637 ἅνθρωπος
1055 566 1440 636 πολυμεμφὴς,
1467 565 1551 630 ἐφ’
1583 558 1662 625 οἷς
1702 562 1841 631 ὑπὲρ

269 659 328 710 τὸ
353 659 472 712 δέον
530 659 683 727 ἕδρα,
730 658 867 730 μετᾶ
907 658 1139 710 θάνατον
1198 656 1294 710 τοῦ
1361 653 1842 724 ’Λγιοθεοδωρὶτου

271 755 516 824 Μιχαὴλ,
571 754 668 808 τοῦ
717 757 776 806 έν
833 752 1216 824 ύπογραφεῦσι
1253 752 1549 822 βασιλικοῖς
1584 748 1842 820 μεγάλου,

268 843 502 912 ἔγγιστα
533 846 610 915 τῷ
646 845 858 916 βασιλεῖ
902 843 1142 912 γεγονὼς
1193 841 1618 912 ὑπερεφαίνετο,
1661 841 1708 892 οἱ
1745 838 1844 908 μὲν

267 936 421 988 ἄλλοι
478 937 899 1006 ὲχεφρονοῦντες
963 934 1209 1000 ἔπεττον,
1271 934 1327 986 εἴ
1350 933 1402 985 τί
1433 950 1536 985 που
1566 931 1722 1002 χόλου
1751 929 1844 981 καὶ

267 1022 437 1095 εἶχον,
467 1027 554 1097 ἐφ’
584 1025 666 1090 οἷς
702 1029 778 1096 μὴ
801 1027 1088 1080 ἀνέϐαινον
1111 1043 1124 1055 °
1163 1029 1191 1080 ό
1220 1026 1275 1078 δὲ
1310 1025 1416 1096 πρὸ
1444 1024 1544 1092 τῆς
1559 1011 1843 1092 ’βασιλείου

269 1119 480 1190 σκηνῆς
505 1120 833 1191 καθήμενος,
860 1118 1148 1190 ἐξεϐόησεν
1173 1119 1252 1180 είς
1276 1117 1485 1170 πολλῶν
1510 1115 1676 1176 ἀκοὰς
1700 1114 1844 1183 λόγῳ

268 1212 640 1282 σχετλιασμοῦ
671 1212 834 1266 ἄδικα
866 1211 1120 1281 πάσχειν,
1159 1211 1320 1280 εἴπερ
1364 1210 1392 1262 ό
1423 1208 1572 1261 δεῖνα
1622 1207 1721 1276 μὲν
1751 1207 1845 1259 καὶ

264 1303 489 1369 δδεῖνα,
533 1304 632 1356 οὐκ
686 1303 767 1366 είς
809 1302 1064 1356 τοσοῦτον
1123 1302 1284 1355 κακοὶ
1331 1300 1674 1372 πεφηνότες.
1726 1295 1846 1351 εἶτα

265 1395 555 1463 ὕῷοὖνται,
588 1394 751 1458 αύτδς
780 1395 835 1449 δὲ
887 1394 1336 1464 φαυλεπίφαυλος
1372 1393 1470 1455 ὢν,
1523 1393 1638 1458 καὶ,
1665 1391 1738 1453 ὡς
1779 1389 1844 1445 ἄν

261 1504 348 1546 τις
391 1486 840 1554 κωμικευόμενος
896 1485 1065 1549 εἴποι,
1120 1486 1338 1555 μιαρὸς,
1375 1485 1471 1538 καὶ
1496 1483 1841 1554 παμμίαρος,

263 1578 362 1630 καὶ
414 1577 784 1647 μιαρώτατος,
841 1577 936 1630 καὶ
969 1577 1127 1640 ἄνθος
1175 1576 1397 1639 κακίας,
1439 1576 1534 1628 καὶ¹
1578 1575 1843 1644 πονηρίας

261 1668 528 1731 ἄϐυσσος,
568 1670 661 1722 καὶ
695 1663 807 1732 οἷος
829 1669 1136 1736 διορᾶσθαι,
1164 1669 1262 1721 ὅσα
1306 1669 1397 1720 καὶ
1423 1667 1652 1737 δαίμων,
1684 1663 1835 1734 ἀφίει

260 1777 352 1813 ται
380 1759 482 1831 ζῇν
507 1761 654 1828 εικῆ,
681 1761 775 1812 καὶ
798 1761 894 1813 οὐκ
919 1762 998 1823 εἰς
1029 1761 1192 1829 μέσον
1215 1759 1550 1827 παράγεται,
1577 1757 1644 1810 τὰ
1664 1759 1841 1809 οἰκεῖα

261 1851 688 1920 ἐπιδειξόμενος,
719 1853 812 1904 καὶ
843 1851 1057 1920 ἀρέσων
1091 1852 1170 1914 είς
1202 1847 1840 1918 πλουτοποιίαν.⁹ῐῐπῆγε

258 1941 316 1995 δὲ
346 1943 529 2013 ἐαυτῷ
556 1944 648 1997 καὶ
674 1944 834 2013 ὅρκον
865 1943 1142 2012 μέγιστον,
1175 1942 1248 2014 μὴ
1273 1943 1338 1996 ἂν
1370 1943 1702 2011 εὑρήσεσθαι
1749 1940 1841 1994 τὶν

261 2035 355 2086 ἐπὶ
385 2037 556 2106 κακίᾳ
592 2034 723 2090 ἴσον.
779 2036 924 2104 Ἔφη
953 2033 1130 2087 ταῦτα
1187 2034 1586 2102 στηλογραφῶν
1625 2031 1838 2097 ἑαυτὸν,

259 2127 357 2180 καὶ
378 2125 846 2196 περιαυτολογῶν,
877 2125 951 2188 ὡς
990 2123 1139 2194 αὐτῷ
1173 2123 1403 2194 ἔπρεπε,
1437 2122 1529 2175 καὶ
1552 2123 1644 2175 ἐπὶ
1675 2122 1841 2174 πᾶσιν

260 2217 550 2282 ἐστέναξεν
578 2217 654 2280 ὡς
686 2216 1068 2288 βαρυπενθῶν,
1105 2216 1202 2270 καὶ
1242 2214 1563 2286 ἐξεπυρώθη
1613 2214 1752 2285 χόλῳ
1781 2212 1842 2267 τδ

260 2311 579 2379 πρόσωπον.
612 2307 723 2362 Καὶ
745 2309 796 2360 οἱ
832 2309 931 2378 μὲν
954 2308 1106 2362 ἄλλοι
1140 2308 1527 2379 ἐταράχθησαν
1569 2305 1707 2376 πρὸς
1751 2306 1842 2360 τον

259 2401 441 2470 λόγον,
494 2401 592 2456 καὶ
644 2400 1012 2471 ἐκαραδόκουν
1064 2400 1233 2462 κακὰ,
1271 2397 1637 2469 λογιζόμενοι,
1668 2396 1742 2460 ὡς
1780 2396 1841 2450 ού

263 2493 425 2564 μόνον
454 2493 620 2557 αὐτὸς
649 2493 799 2547 δεινά
830 2493 1084 2545 πείσεται
1140 2489 1361 2558 αὐτίκα,
1391 2492 1490 2560 τῆς
1529 2489 1659 2560 βοῆς
1692 2490 1842 2553 ὲντδς

259 2585 650 2654 ἀκουσθείσης,
698 2586 795 2638 καὶ⁵
840 2585 921 2649 είς
946 2583 1103 2654 ὓϐριν
1125 2584 1204 2654 τῷ
1235 2583 1448 2655 βασιλεῖ
1468 2581 1837 2651 λογισθείσης,

261 2677 401 2733 ἀλλὰ
421 2680 517 2732 καὶ
540 2677 696 2731 αὐτοὶ
725 2678 863 2747 πρὸς
890 2676 1153 2748 μέμψεως
1181 2676 1417 2738 ἔσονται,
1447 2676 1530 2728 ὅτι
1569 2675 1642 2744 μὴ
1671 2673 1842 2743 θυμὸν

261 2771 409 2825 κατά
445 2771 694 2824 τοιούτου
722 2769 914 2841 ἀνδρὸς
942 2769 1227 2822 ἀνέλαϐον.
1290 2770 1398 2823 Καὶ
1430 2768 1582 2820 αὐτοὶ
1619 2766 1717 2836 μὲν
1748 2766 1840 2819 οὖ-

260 2880 391 2929 τως.
419 2864 532 2918 τοῦ
555 2864 614 2917 δὲ
643 2863 767 2917 καθ’
795 2864 944 2932 ἡμᾶς
972 2863 1090 2932 βίου
1119 2862 1184 2914 τὸ
1210 2858 1388 2932 χρεὼν
1410 2857 1489 2923 οἷς
1521 2858 1841 2928 ἡμάρτομεν

259 2956 383 3009 τότε
420 2957 519 3026 μὲν
543 2955 720 3010 ἀθῶον
748 2955 927 3025 ἀφῆκε
962 2957 1146 3024 μεῖναι
1181 2952 1274 3005 τὸν
1304 2952 1472 3024 ἄνδρα
1494 2991 1509 3017 ,
1551 2951 1690 3019 μέγα
1747 2951 1842 3002 καὶ

261 3047 425 3103 τοῦτο
461 3047 656 3101 δοκοῦν
710 3042 872 3101 εἶναι.
926 3047 1003 3100 Οὐ
1047 3045 1254 3117 μακρὸς
1293 3044 1350 3097 δὲ
1389 3044 1566 3114 διέσχε
1626 3043 1840 3112 χρόνος,

262 3141 360 3194 κιύ⁸
390 3140 602 3211 ἦρξατο
637 3137 1020 3212 παρυψοῦσθαι
1049 3139 1076 3190 ό
1109 3137 1398 3207 ἄνθρωπος
1418 3151 1432 3168 ο
1471 3138 1565 3190 καλ⁵
1595 3134 1842 3206 κηρύξας

264 3233 461 3286 ἑαυτὸν
526 3234 943 3304 πονηρότατον,
999 3229 1238 3300 εὕρηκεν
1299 3229 1392 3282 ἐπὶ
1445 3229 1613 3300 πείρᾳ
1674 3228 1845 3299 γέρας

263 3325 471 3392 ὅμοιον,
503 3325 638 3378 ὡσεὶ
663 3325 757 3378 καὶ
779 3324 954 3387 δεινός
976 3341 1060 3386 τις
1093 3322 1352 3376 κλέπτειν
1392 3318 1530 3375 εἶναι
1559 3320 1845 3393 ἀνακηρύ-

267 3416 382 3484 ξας,
415 3418 792 3489 προσληφθείη
824 3419 1011 3472 ποθέν.
1039 3419 1148 3471 Καὶ
1172 3417 1386 3471 ἐκεῖθεν
1412 3415 1720 3486 ἀρξάμενος
1745 3415 1841 3469 τοῦ

267 3511 410 3563 κατά
444 3508 559 3580 βίον
583 3508 776 3579 ὕψους,
797 3509 1013 3578 γίνεται
1043 3512 1135 3562 ἐπὶ
1165 3507 1259 3562 τοῦ
1290 3507 1546 3579 στρατοῦ,
1578 3508 1668 3559 καὶ
1687 3508 1845 3578 εὑρε-

267 3600 382 3664 θεὶς
414 3601 507 3653 ἐπὶ
532 3601 628 3654 τοῦ
675 3601 1020 3671 Ἀνδρονίκου
1045 3598 1308 3665 τοιοῦτος,
1336 3596 1839 3669 προσλαμϐάνει-αι.

265 3692 377 3745 Καὶ
401 3694 435 3762 ἡ
467 3693 596 3747 καθ’
641 3695 800 3764 ἡμῶν
828 3694 1173 3764 πτερωθεῖσα
1225 3691 1481 3763 συμφορὰ
1509 3691 1651 3761 αἴρει
1681 3691 1844 3744 αὑτὸν

267 3784 358 3834 ἐπὶ
384 3784 550 3837 πλέον
577 3785 742 3854 ὑψοῦ,
771 3785 867 3838 καὶ
906 3788 986 3850 είς
1035 3785 1216 3856 ψυχὴν
1254 3785 1473 3854 ὲντήκει
1511 3783 1707 3852 φιλίως
1763 3782 1843 3853 τῷ

278 3873 621 3945 Ἀνδρονίκῳ,
653 3876 741 3930 ῐνα
783 3878 962 3946 πάγχυ
1017 3877 1186 3938 κακὸς
1217 3879 1388 3930 κακὸν
1416 3876 1694 3948 ἡγηλάξη,
1749 3876 1843 3928 καὶ

270 3971 434 4040 μητά
467 3971 613 4025 καλὰ
646 3972 760 4035 τοῖς
809 3974 1003 4034 κακοῖς
1041 3969 1421 4042 συμφύρηται,
1456 3970 1625 4042 καὶό
1657 3971 1843 4039 ὅμοιος

265 4063 343 4124 είς
395 4063 491 4116 τὸν
543 4064 732 4133 ὅμοιον
758 4063 981 4130 ἄγηται.
1024 4063 1135 4116 Καὶ
1192 4063 1336 4116 οὕτω
1377 4063 1842 4134 φρονηματισθεὶς

267 4155 348 4214 είς
376 4154 563 4220 πλέον,
583 4155 679 4207 καὶ
706 4156 807 4208 οὐκ
837 4155 1234 4224 ἀνασχόμενος,
1259 4157 1307 4207 εί
1335 4154 1525 4226 καιρὸν
1547 4154 1673 4224 ἄρτι
1694 4155 1846 4221 ἔξευ-

268 4245 379 4315 ρὼν
411 4246 476 4299 ού
515 4245 867 4314 πτερύξεται,
925 4247 1069 4301 καθά
1115 4263 1169 4300 τι
1219 4246 1494 4315 δαιμόνιον
1527 4245 1839 4314 πρόσωπον,

265 4337 525 4406 πειρᾶται
567 4336 899 4404 ὑπερπαίειν
926 4336 1090 4399 αὐτὸς
1131 4337 1208 4398 είς
1237 4337 1299 4390 τὸ
1335 4335 1505 4389 κακὸν
1537 4335 1745 4398 πάντας
1780 4351 1840 4388 τε

261 4427 389 4489 τοὺς
416 4427 495 4490 ὡς
525 4428 726 4499 ιρρέθη
758 4428 853 4482 τοῦ
883 4428 1060 4498 δήμου
1094 4428 1464 4499 προάγοντας,
1527 4430 1620 4483 καὶ
1649 4427 1713 4497 δὴ
1745 4429 1840 4480 καὶ

1945 573 2009 612 ex
2069 556 2446 628 Peloponneso
2480 595 2494 619 ,
2543 554 2706 609 homo
2771 549 2917 605 omni
2982 545 3386 616 vituperatione
3445 544 3532 598 ili-

1946 665 2104 721 gnus,
2134 651 2314 705 omnis
2405 645 2693 718 pravitatis
2759 649 3038 704 sectator,
3099 647 3316 692 mortuo
3368 637 3532 706 Agin-

1945 740 2256 794 theodorito
2337 736 2638 796 Michaele,
2693 733 2839 786 inter
2889 728 3104 784 scribas
3174 723 3525 795 imperatoris

1947 832 2167 903 insigni,
2227 831 2318 902 qui
2378 828 2654 884 secundus
2681 826 2748 880 ab
2781 827 3115 894 imperatore
3147 827 3291 878 erat.
3336 814 3526 870 caeteri

1945 925 2330 996 prudentiores
2376 922 2443 976 ad
2507 919 2664 974 illum
2721 913 3139 983 confugiebant,
3194 907 3239 963 si
3287 906 3528 975 aliquam

1946 1015 2250 1069 molest‘am
2283 1011 2664 1082 experirentur
2692 1007 2839 1077 quod
2895 1019 3004 1058 non
3049 1005 3530 1072 promoverentur.

1947 1105 2042 1160 llle
2078 1120 2210 1160 vero
2253 1115 2383 1159 ante
2434 1100 2786 1171 imperatoris
2843 1093 3262 1150 tabernaculum
3309 1088 3530 1152 sedens,

1946 1199 1999 1254 in
2047 1198 2293 1254 omnium
2346 1211 2508 1250 aures
2550 1208 2684 1248 voce
2745 1187 3090 1245 lamentabili
3145 1181 3420 1239 clamabat
3473 1194 3535 1234 se

1947 1290 2137 1360 iniqua
2175 1289 2310 1358 pati,
2345 1303 2468 1341 cum
2503 1287 2591 1340 hic
2613 1291 2666 1342 et
2689 1283 2801 1349 hic,
2823 1281 2916 1352 qui
2948 1295 3055 1334 non
3079 1277 3134 1331 in
3177 1283 3389 1330 tantum
3429 1271 3535 1326 cri-

1946 1381 2154 1434 minum
2200 1377 2576 1449 profecerant,
2613 1380 3057 1445 promoveantur,
3105 1367 3222 1437 ipse
3255 1377 3406 1425 vero,
3439 1361 3532 1432 qui

1945 1479 2031 1525 est
2061 1470 2358 1540 pessimus,
2387 1477 2573 1537 atque,
2609 1476 2669 1521 ut
2700 1463 2836 1535 stylo
2863 1461 3077 1518 comico
3104 1458 3337 1517 dixeris,
3364 1453 3534 1507 vitio-

1946 1560 2218 1625 sus,omni
2237 1559 2367 1614 vitio
2393 1559 2625 1612 vitiosus
2643 1571 2705 1610 ac
2722 1551 3136 1610 vitiosissimus,
3155 1541 3535 1620 perversitatis

1947 1655 2068 1721 tios,
2089 1653 2370 1725 pravitatis
2389 1653 2641 1723 abyssus,
2671 1646 2896 1704 scientia
2919 1643 3044 1698 mali
3063 1656 3165 1696 nec
3225 1655 3253 1694 a
3289 1638 3536 1693 daemone

1873 1736 1915 1796 Β
1945 1745 2144 1809 victus,
2176 1745 2268 1815 qui
2323 1745 2510 1799 vivere
2547 1743 2847 1801 sineretur,
2878 1745 3043 1806 atque
3087 1736 3142 1789 in
3185 1731 3407 1804 publico
3428 1741 3537 1782 non

1948 1843 2256 1905 appareret,
2302 1849 2427 1888 cum
2481 1834 2701 1904 preprio
2755 1837 3019 1899 apparatu
3087 1835 3142 1881 et
3221 1821 3538 1877 divitiarum

1943 1928 2254 1998 iactatione.
2285 1926 2602 1982 Juramento
2648 1926 2873 1989 insuper
2927 1929 3120 1990 sponte
3167 1911 3536 1973 conﬁrmavit,

1950 2032 2053 2072 non
2111 2017 2374 2085 aequalem
2439 2015 2545 2070 sibi
2568 2015 2771 2069 malitia
2809 2024 3048 2081 unquam
3091 2003 3323 2061 inveniri
3357 2013 3540 2072 pose.

1949 2109 2076 2164 Haec
2104 2109 2322 2164 dicebat
2347 2107 2628 2162 infamiam
2669 2106 2775 2160 sibi
2805 2104 3032 2159 inurens
3071 2115 3135 2154 ac
3161 2096 3456 2153 detrahens
3480 2105 3539 2148 ut

1949 2202 2126 2273 ipsum
2160 2200 2412 2264 decebat,
2464 2199 2532 2253 de
2577 2198 2834 2252 omnibus
2883 2195 3133 2266 gemebat
3184 2201 3245 2244 ttt
3299 2198 3535 2242 maerore

1948 2296 2232 2350 confectus
2259 2293 2673 2366 ,ittdignatione
2705 2299 2888 2344 autem
2945 2283 3307 2342 erubescebat
3333 2282 3538 2334 vultus.

1949 2388 2064 2442 Hoc
2123 2401 2253 2440 vero
2305 2399 2557 2440 sermone
2593 2382 2772 2437 caeteri
2809 2378 3123 2435 conturbati
3183 2381 3332 2438 sunt,
3378 2370 3541 2426 anxie

1948 2480 2088 2535 mala
2120 2487 2502 2549 exspectantes
2532 2491 2596 2532 ac
2624 2477 2868 2531 dicentes
2893 2489 3002 2528 non
3026 2471 3202 2525 solum
3249 2466 3391 2520 mala
3411 2478 3536 2518 eum

1949 2572 2132 2627 statim
2163 2585 2554 2641 perpessurum
2581 2583 2728 2634 esse,
2772 2567 2978 2621 auditis
3026 2565 3174 2617 intus
3209 2559 3294 2614 his
3337 2556 3541 2611 clamo-

1949 2665 2102 2721 ribus
2127 2673 2292 2735 atque
2333 2663 2383 2716 in
2413 2662 2770 2733 opprobrium
2810 2656 3161 2728 imperatoris
3215 2651 3416 2715 versis,
3442 2647 3534 2704 sed

1947 2759 2109 2814 etiam
2129 2759 2272 2828 ipsos
2289 2756 2493 2827 pariter
2512 2756 2637 2810 esse
2660 2750 3073 2822 vituperandos,
3101 2745 3248 2818 quod
3293 2759 3401 2800 non
3430 2743 3542 2797 ira-

1949 2859 2174 2908 scantur
2199 2847 2578 2920 hujuscemodi
2633 2845 2862 2902 homini.
2911 2843 3002 2898 Sic
3044 2842 3144 2900 illi.
3176 2839 3385 2894 Nostrae
3417 2839 3541 2889 vita:

1951 2953 2148 2999 auctor
2176 2942 2248 2998 ob
2278 2951 2501 3013 peccata
2534 2947 2723 2995 nostra
2777 2937 3109 3007 impunitum
3162 2933 3324 2986 talem
3360 2919 3537 2983 virum

1948 3035 2174 3091 dimittit
2215 3042 2274 3088 et
2309 3040 2608 3096 servatum,
2633 3028 2777 3101 quod
2808 3029 2984 3097 ipsum
3025 3039 3280 3096 magnum
3302 3021 3537 3076 videtur.

1870 3099 1915 3160 Ο
1948 3128 2068 3183 Non
2118 3129 2289 3182 multo
2341 3136 2490 3194 post,
2549 3099 2874 3178 virrnoster
2926 3116 3241 3190 promoveri
3295 3111 3537 3182 incepit;

1943 3234 2184 3290 cumque
2221 3217 2605 3273 denuntiasset
2661 3228 2721 3270 se
2774 3226 2898 3268 esse
2963 3212 3287 3281 pessimum,
3318 3205 3374 3258 in
3415 3211 3534 3257 ten-

1947 3319 2188 3368 tamento
2234 3310 2436 3381 reperit
2487 3307 2718 3365 similem
2765 3303 3073 3360 mercedem
3117 3343 3131 3367 ,
3179 3296 3538 3370 quemadmo-

1944 3407 2073 3462 dum
2114 3421 2234 3459 cum
2278 3403 2475 3472 aliquis
2501 3417 2559 3456 se
2601 3401 2833 3470 peritunt
2866 3395 3080 3451 furandi
3122 3391 3530 3451 denuntiasset,

1945 3499 2145 3555 alicubi
2181 3494 2680 3566 comprehenditur.
2728 3491 3022 3561 Postquam
3067 3487 3146 3542 sic
3191 3484 3259 3540 ad
3300 3483 3540 3537 honores

1943 3591 2252 3663 promoveri
2285 3587 2604 3657 ittcepisset,
2633 3585 2896 3640 exercitui
2933 3577 3256 3652 praeﬁcitur,
3290 3575 3534 3642 talisque

1942 3685 2196 3740 inventus
2247 3681 2316 3734 ab
2381 3675 2716 3740 Andronico‘,
2783 3681 3132 3744 aggregatur.
3189 3668 3537 3742 Fatutu’no-

1943 3787 2122 3832 strum
2161 3773 2442 3828 velocibus
2478 3770 2582 3824 alis
2620 3770 2674 3822 in
2707 3766 2972 3836 majorem
3001 3761 3349 3818 altitudinem
3380 3758 3534 3810 illum

1947 3867 2180 3930 extollit,
2227 3875 2279 3920 et
2323 3879 2421 3935 pro
2455 3864 2634 3916 amico
2664 3877 2788 3917 sese
2842 3860 3086 3913 insinuat
3142 3856 3196 3908 in
3233 3849 3534 3906 Andronici

1947 3960 2208 4023 animam,
2245 3959 2315 4010 ita
2364 3965 2423 4010 ut
2453 3955 2628 4011 malus
2667 3954 2870 4007 malum
2919 3951 3144 4005 omnino
3190 3952 3374 4016 posset
3408 3958 3536 4011 age-

1943 4070 2027 4119 re,
2056 4068 2233 4123 neque
2258 4052 2402 4107 bona
2425 4065 2546 4105 cum
2582 4050 2742 4103 malis
2767 4047 3154 4108 miscerentur,
3182 4056 3323 4112 eque
3341 4045 3534 4093 contra

1945 4145 2126 4200 simile
2171 4142 2340 4198 simili
2371 4143 2719 4212 jungeretur.
2772 4139 2830 4192 lu
2865 4139 2965 4192 hac
3003 4133 3295 4190 altitudine
3328 4128 3536 4198 majore

1943 4237 2122 4293 adhuc
2159 4233 2576 4304 cupidissimus,
2610 4248 2710 4287 nec
2761 4238 3070 4293 contentus,
3107 4227 3154 4281 si
3189 4224 3533 4280 occasionem

1943 4340 2136 4386 nactus
2165 4344 2270 4384 non
2297 4327 2655 4387 advolaverit,
2674 4322 3133 4396 quemadmodum
3157 4317 3348 4388 genius
3368 4315 3537 4369 infers

1945 4423 2107 4485 nalis,
2135 4421 2252 4490 ipse
2286 4421 2553 4492 pravitate
2587 4435 2777 4474 omnes
2804 4417 3154 4486 supradictos
3177 4409 3365 4484 populi
3395 4424 3536 4478 prm-

263 4519 479 4574 ἐαυτόν.
515 4520 624 4573 Καὶ
656 4519 1079 4590 συλλαϐόμενος,
1109 4521 1223 4574 ὅσοι
1246 4519 1348 4589 τῆς
1385 4519 1558 4589 καλῆς
1596 4520 1835 4590 συγκλή-

1946 4514 2090 4571 sides
2140 4515 2356 4570 vincere
2386 4524 2636 4576 conatur,
2683 4512 2960 4578 etiamque
3013 4507 3279 4577 seipsum.
3316 4503 3398 4557 Ab
3439 4501 3534 4556 illo

261 4627 358 4664 του
387 4610 585 4681 βουλῆς
614 4612 1107 4682 παραπτυσθέντες
1134 4611 1548 4682 ὲξεϐράσθησαν
1597 4612 1718 4664 κατ’
1742 4613 1843 4665 αύι-

261 4703 374 4768 τὸν,
408 4701 655 4771 κύμασιν
693 4701 1065 4772 ἐλαυνόμενοι⁹
1097 4704 1134 4758 ἃ
1167 4701 1388 4774 πνεῦμα
1421 4704 1662 4776 πονηρὸν
1690 4705 1844 4776 ἦγει-

263 4809 358 4861 ριν
381 4788 487 4864 (ἦν
513 4793 623 4864 γὰρ
645 4794 742 4846 καί
769 4811 855 4858 τις
888 4795 1352 4865 δαιμονοφόρητος
1380 4794 1548 4867 λέσχη
1597 4795 1840 4867 σύγκλη-

259 4901 372 4949 τος,
416 4884 497 4949 ὠς
556 4885 934 4956 προέκκειται,
971 4886 1190 4954 εὐφυῶς
1230 4887 1430 4958 ἔχουσα
1459 4888 1582 4942 κατ’
1631 4890 1840 4946 ἐκεῖνον

260 4975 636 5048 ἀλλοφρονεῐν)
669 4981 731 5030 οὐ
775 4977 882 5048 μὴν
917 4978 974 5030 δὲ
1007 4977 1142 5030 ἀλλὰ
1166 4980 1259 5032 καὶ
1289 4978 1388 5043 τὰς
1417 4979 1629 5048 φαύλας
1663 4999 1839 5051 κεφα-

259 5067 358 5130 λάς
381 5067 476 5120 τοῦ
515 5067 579 5138 δή
590 5085 713 5136 μου,
751 5068 888 5139 πρὸς
916 5069 973 5122 δὲ
993 5070 1091 5124 καὶ
1111 5071 1202 5123 τὸν
1228 5069 1533 5140 τηνικαῦτα
1565 5090 1838 5145 πατριάρ-

258 5159 478 5228 χοῦντα,
509 5162 601 5214 τδν
626 5161 965 5232 Καματηρδν
987 5161 1288 5225 Βασίλειον,
1313 5162 1484 5231 ἄνδρα
1507 5162 1712 5233 θερμὸν
1743 5167 1837 5217 καὶ

257 5244 370 5304 οἷον
401 5250 721 5320 καθομιλεῖν
751 5251 876 5313 τοὺς
903 5251 1150 5321 καιροὺς,
1182 5251 1259 5313 ὡς
1293 5249 1354 5303 τὸ
1381 5250 1514 5321 παρ’
1540 5251 1689 5320 αὐτῷ
1717 5251 1839 5322 βου-

261 5341 485 5410 λόμενον
509 5340 724 5411 ἔκρινεν
759 5341 854 5413 (ὃς
883 5340 979 5394 τοῦ
1016 5341 1254 5411 μεγάλου
1285 5341 1590 5409 Θεοδοσίου,
1623 5343 1723 5413 τῆς
1751 5343 1837 5412 φί-

260 5431 361 5501 λης
413 5433 842 5503 καθαρειότητος
877 5435 1209 5502 γενομένου,
1257 5435 1636 5503 ἀντεισῆκται,
1700 5435 1760 5488 ὃν
1807 5437 1836 5490 ὁ

272 5524 613 5595 Ἀνδράὶκος
640 5523 823 5596 ἤθελε,
875 5527 970 5580 καὶ
1011 5527 1335 5597 ἀνακάμψαι
1383 5527 1483 5598 τὴν
1517 5530 1740 5599 φράσιν,
1777 5529 1834 5591 ες

258 5617 346 5670 τὸν
411 5617 754 5685 Ἀνδρόνικον
809 5617 1036 5689 ἤθελεν·
1075 5618 1133 5671 ἓν
1166 5621 1325 5689 μένος
1375 5614 1523 5674 οὗτοι
1556 5620 1828 5688 πνέοντες,

261 5712 352 5763 aut
382 5705 497 5764 οἷον
527 5710 597 5764 δι’
647 5709 894 5780 ἀλλήλων
923 5712 1155 5782 ἥκοντες
1208 5713 1348 5768 κατά
1399 5730 1520 5767 τινα
1576 5713 1830 5783 σύντηξιν

265 5805 444 5876 ηθους,
481 5803 577 5856 καὶ
631 5802 1008 5870 ταυτιζόμενοι
1053 5805 1174 5866 ταῖς
1210 5796 1285 5859 ὧν
1317 5803 1582 5876 ἔπραττον
1613 5805 1829 5876 αἱρέσε-

1940 5623 2153 5679 volebat
2211 5632 2284 5687 ct,
2350 5633 2409 5677 ut
2463 5624 2783 5680 emendetur
2839 5621 3081 5693 phrasis,

1936 5717 2349 5782 Andronicum;
2377 5716 2594 5770 fortiter
2630 5717 2972 5786 navigantes,
3009 5721 3067 5764 ut
3123 5710 3226 5763 sibi
3275 5709 3513 5761 invicem

1953 4607 2333 4675 comprehensi
2363 4621 2553 4660 omnes
2605 4604 2700 4674 qui
2751 4603 2807 4657 in
2859 4603 2963 4656 hoc
2997 4599 3227 4670 pulchro
3257 4601 3532 4652 conventu

1952 4696 2214 4752 ﬂuctibus
2249 4698 2543 4766 compulsi,
2583 4695 2850 4750 adversus
2907 4693 3085 4762 ipsum
3140 4674 3540 4749 eﬂ‘crbuerant,

1949 4802 2073 4855 quae
2104 4789 2332 4858 spiritus
2362 4787 2535 4842 maius
2561 4784 2866 4855 inspirabat
2896 4783 3007 4854 (hic
3037 4781 3182 4837 enim
3225 4787 3532 4835 conventus

1945 4889 2063 4936 erat
2105 4881 2260 4950 quasi
2311 4895 2341 4934 a
2375 4878 2648 4934 daemonio
2682 4892 2995 4948 possessus,
3022 4873 3168 4930 sicut
3215 4873 3529 4943 expositum

1945 4984 2029 5028 est
2082 4973 2373 5042 superius,
2431 4972 2666 5026 feliciter
2731 4984 3038 5040 propensus
3090 4968 3158 5022 ad
3208 4963 3529 5021 certandum

1945 5065 2210 5121 adversus
2257 5065 2456 5134 illum),
2499 5063 2591 5117 alii
2620 5079 2745 5118 vero
2770 5064 2932 5116 etiam
2958 5061 3212 5115 homines
3242 5058 3531 5114 seditiosos

1949 5157 2159 5228 populi.
2198 5169 2464 5226 prmterea
2507 5156 2600 5225 qui
2635 5166 2765 5210 tunc
2812 5155 3034 5226 gerebat
3067 5151 3522 5222 patriarchatum,

1944 5249 2288 5305 Catnaterum
2317 5249 2598 5317 Basilium,
2623 5249 2800 5304 virum
2827 5248 3155 5309 studiosum,
3186 5245 3386 5314 quique
3403 5257 3525 5298 cum

1945 5358 2006 5399 se
2033 5344 2188 5397 daret
2212 5345 2432 5400 occasio
2465 5345 2702 5414 colloqui
2736 5351 2952 5413 poterat
2980 5341 3138 5411 juxta
3170 5339 3315 5410 quod
3361 5336 3428 5389 ab
3461 5349 3526 5388 co

1944 5438 2265 5507 exigebatur
2333 5438 2444 5508 (qui
2494 5454 2694 5510 magno
2735 5436 3072 5499 Theodosio,
3109 5434 3162 5488 in
3205 5441 3393 5489 sancta
3445 5430 3527 5481 in-

1943 5531 2199 5601 tegritate
2252 5531 2470 5595 relicto,
2537 5538 2906 5593 successerat,
2949 5543 3114 5599 quem
3173 5523 3521 5577 Andronicus

3163 5617 3254 5687 qui
3305 5614 3522 5668 volebat

1945 5810 2256 5867 consimiles
2296 5809 2455 5881 juxta
2488 5808 2905 5879 dispositionem
2944 5817 3156 5860 morum
3182 5811 3347 5871 utque
3379 5813 3511 5855 con-
