3968 6630
321 403 391 465 47
1003 402 1432 463 EUSTxlTl-Iil-
1463 403 1756 464 TIIESSA
1769 404 1914 464 Ι.οΝ

2026 405 2224 465 ΞΝΞΙΞ
2265 405 2824 466 ΜΕΤΙῙΟΡΟΙᾸΤᾸζ
3503 397 3574 464 48

325 521 624 578 sentientes
653 520 985 575 unanimiter
1019 522 1071 575 in
1117 521 1201 577 his
1232 539 1352 592 qua:
1383 523 1738 592 peragebant)
1771 541 1785 587 ;
1820 524 1890 578 ita

2026 530 2110 576 ἰν”
2135 527 2176 590 )·
2231 523 2375 577 οὕτω
2407 525 2469 594 δὴ
2503 521 2596 578 οὖν
2629 521 3010 594 προσειληφὼς
3064 520 3158 576 καὶ
3189 519 3379 575 τοῦτον
3403 522 3432 574 ὁ
3465 522 3580 574 τῶν

325 630 452 670 vero
481 614 579 670 iate
610 615 899 682 adjunctus
917 630 1132 682 quoque
1157 617 1285 670 hinc
1314 633 1602 685 pravorum
1629 629 1788 671 acuto
1819 618 1897 672 lo-

323 707 556 778 gothetae
585 706 899 776 (damnatus
947 707 1092 760 enim
1144 708 1210 761 ad
1246 709 1504 764 mulctarn
1565 709 1740 765 fuerat
1788 713 1895 764 Au-

321 805 518 868 gustus
544 795 747 856 vocari.
787 810 894 850 non
927 797 1106 864 reipsa
1158 795 1476 864 hujusmodi
1511 798 1576 854 ad
1616 801 1896 868 negotium

323 893 504 961 aptus)
555 891 824 946 accedunt
861 907 984 946 cum
1036 908 1100 946 eo
1160 893 1225 946 ad
1256 893 1660 958 Andronicum,
1708 905 1900 966 tyran-

325 987 507 1038 nidem
558 984 948 1047 celebrantes,
1019 984 1170 1038 illum
1231 986 1494 1040 terribilia
1553 999 1746 1054 parare
1795 1001 1899 1039 una

325 1076 642 1130 dictitantes
681 1075 734 1130 in
763 1077 985 1130 modum
1014 1077 1550 1142 communicationis,
1578 1078 1624 1132 si
1652 1093 1773 1132 cum
1808 1076 1901 1132 Dei

326 1169 532 1224 auxilio
565 1171 656 1238 qui
711 1169 810 1240 ipsi
848 1170 1190 1225 conﬁdentes
1243 1171 1515 1240 perierint
1573 1171 1901 1241 neglexerit,

327 1277 434 1314 non
486 1261 665 1314 solum
712 1263 1007 1315 rnaximam
1052 1261 1194 1318 hanc
1237 1261 1545 1327 civitatem,
1573 1260 1668 1316 sed
1708 1276 1902 1316 omnes

327 1353 580 1420 regiones
612 1369 748 1424 quas
777 1355 958 1419 habet,
987 1354 1102 1409 sive
1129 1354 1194 1406 ad
1224 1354 1518 1418 orientem,
1544 1354 1658 1409 sive
1707 1353 1776 1408 ad
1807 1367 1903 1407 oc-

325 1445 623 1510 cidentem,
652 1461 953 1514 omnesque
996 1457 1245 1502 exteras.
1306 1446 1540 1500 Parvum
1596 1456 1775 1501 autem
1819 1462 1907 1502 re-

329 1555 449 1610 gem
483 1538 890 1594 venerabantur
924 1538 994 1594 ob
1053 1540 1227 1594 bonas
1275 1547 1488 1594 naturae
1519 1538 1695 1593 dotes.
1749 1537 1904 1604 Quod

328 1649 457 1687 vero
474 1631 539 1686 ad
570 1647 809 1702 praesens
842 1631 978 1686 nihil
1007 1632 1158 1686 illum
1196 1647 1320 1689 esse
1353 1641 1600 1686 sanctum
1627 1632 1905 1697 dicebant,

328 1723 749 1793 orphanumque
802 1721 1220 1794 despiciebant;
1265 1724 1332 1779 ad
1391 1724 1556 1795 pedes
1605 1724 1727 1796 ejus
1782 1741 1910 1796 pro—

328 1814 654 1870 sternebant
673 1829 734 1870 se
753 1815 990 1870 maxime
1016 1814 1428 1872 adulationibus
1447 1816 1814 1889 indulgentes,
1839 1819 1903 1874 ad

334 1905 655 1961 ﬁdelitatem
694 1921 852 1962 suam
895 1907 1217 1976 imperatori
1270 1907 1675 1963 testiﬁcandam
1741 1919 1906 1979 atque

336 1997 403 2054 ad
437 1997 678 2055 habenas
709 1997 932 2068 imperii
981 1999 1147 2055 simul
1182 2014 1309 2055 cum
1352 2000 1448 2057 illo
1495 2001 1786 2070 tenendas,
1841 2017 1910 2059 ne

337 2083 445 2145 non
515 2091 670 2162 juxta
733 2089 976 2147 fabulam
1045 2091 1270 2164 juvenis
1330 2092 1733 2163 Phaethontis,
1816 2095 1910 2166 qui

336 2197 460 2238 cum
488 2181 699 2239 inscius
752 2199 920 2242 curru
972 2192 1202 2256 paterno
1259 2185 1338 2241 uti
1379 2186 1667 2254 voluerat,
1722 2189 1910 2244 omnia

335 2271 538 2332 misere
567 2275 887 2345 perdiderit.
939 2274 1075 2333 Cum
1111 2294 1241 2334 vero
1277 2293 1307 2333 a
1339 2278 1571 2350 pedibus
1603 2279 1910 2338 Andronici

334 2366 878 2449 rediissenl_erecti,
921 2385 1116 2425 manus
1157 2371 1455 2426 extendere
1507 2384 1794 2443 coeperunt
1844 2372 1912 2427 ad

338 2457 544 2526 Deum,
605 2469 660 2514 et
722 2462 910 2516 eadem
961 2471 1317 2532 rogaverunt.
1352 2461 1445 2517 ille
1504 2478 1633 2519 vero
1679 2464 1764 2519 his
1800 2464 1911 2536 jam

337 2549 730 2618 visiserectis,
798 2552 932 2621 quid
991 2553 1140 2608 intus
1189 2561 1494 2624 pateretur,
1534 2558 1916 2625 quamqnein-

337 2639 651 2695 credihilter
703 2643 988 2712 gauderet,
1011 2644 1136 2714 quis
1168 2660 1276 2699 non
1301 2647 1724 2715 suspicaretur?
1752 2647 1917 2704 Foris

338 2734 517 2786 autem
556 2733 695 2788 alias
741 2733 960 2788 fucabat
1023 2736 1294 2806 seipsunt,
1347 2737 1760 2807 videbaturque
1815 2754 1919 2795 nec

337 2822 519 2878 valere
546 2837 647 2877 nec
684 2839 841 2893 posse
876 2826 1060 2896 vivere
1079 2825 1125 2882 si
1146 2829 1276 2882 talia
1313 2830 1553 2894 audiret,
1583 2829 1745 2899 quasi
1781 2831 1920 2884 utﬁ—

339 2915 555 2969 duciam
579 2915 894 2973 destrueret
920 2919 1248 2975 laborasset.
1266 2920 1404 2987 Quis
1425 2937 1546 2976 sum
1571 2936 1693 2993 ego,
1714 2923 1916 2990 aiebat,

340 3017 396 3061 et
422 3009 697 3076 quomodo
738 3008 849 3080 jam
900 3013 1468 3084 possentiquomodo
1527 3015 1752 3086 fugiam,
1783 3031 1920 3085 quo-

343 3101 504 3155 modo
528 3103 750 3158 mutabo
780 3104 996 3160 vivendi
1018 3107 1285 3161 rationem
1312 3107 1413 3163 nisi
1435 3108 1922 3164 recessero‘lTunc

2000 615 2218 683 φαύλων
2248 615 2535 686 ῥινηλάτης
2562 614 2848 684 λογοθέτης
2878 614 3069 685 (τοῦτό
3097 631 3154 666 τε
3185 613 3295 683 γὰρ
3315 613 3578 685 ἐτιμήθη,

2002 708 2096 760 καὶ
2119 707 2179 760 τὸ
2217 708 2478 769 σεϐαστὸς
2510 707 2797 778 κληθῆναι,
2828 707 2890 759 ού
2913 706 3085 777 δήπου
3113 707 3208 759 καὶ
3237 706 3312 759 ῶν
3334 708 3581 769 τοιοῦτος

2002 798 2135 868 πρὸς
2181 800 2417 866 πρᾶγμα
2441 801 2482 865 ),
2537 798 2731 868 ἥκουσι
2769 798 2916 868 παρὰ
2960 797 3052 850 τὸν
3087 797 3449 868 Ἀνδρόνικον,
3479 797 3583 866 τὴν

2001 890 2290 961 τυραννίδα
2320 889 2815 961 χοροεατήσαντες,
2847 890 2997 944 δεινὰ
3028 891 3202 943 ποιεῖν
3258 889 3468 941 ἐκεῖνον
3495 888 3585 940 λο-

2002 982 2348 1051 γοποιοῦντες
2381 985 2530 1052 κοινῇ
2568 982 2644 1046 ὡς
2686 983 2742 1036 ὲν
2777 981 3150 1051 ὲπικλήματος
3185 981 3352 1050 λόγῳ,
3383 982 3433 1034 εἱ
3455 980 3584 1042 τοὺς

2003 1073 2153 1144 αύτῷ
2200 1075 2585 1138 πιστευθέντας
2634 1075 2782 1144 παρά
2842 1074 2978 1127 Θεοῦ
3035 1073 3355 1143 περιόψεται
3395 1069 3588 1141 ὀλομέ-

2005 1182 2162 1231 νουςο
2191 1169 2289 1221 xal
2309 1167 2368 1220 οὐ
2405 1170 2566 1237 μόνον
2599 1167 2755 1220 πόλιν
2786 1166 2994 1238 ταύτην
3021 1166 3311 1236 μεγίστην,
3333 1164 3472 1218 ἀλλά
3494 1164 3589 1217 καὶ

2004 1258 2146 1312 ὅσων
2188 1259 2374 1329 μερῶν
2402 1259 2538 1329 αὐτὴ
2570 1259 2751 1328 ἔχεται
2807 1259 2944 1330 πρός
2999 1275 3058 1311 τε
3090 1259 3243 1329 ἥλιον
3274 1257 3587 1327 ἀνίσχοντα,

2007 1358 2099 1411 καὶ
2129 1357 2262 1430 πρὸς
2284 1357 2514 1427 δυσμὰς,
2549 1359 2642 1411 καὶ
2666 1357 2766 1410 ὅσα
2802 1356 2986 1412 λοιπά.
3033 1355 3142 1408 Kal
3160 1352 3457 1422 ὲσέμνυνον
3489 1352 3592 1422 μὲν

2007 1449 2098 1502 τὸν
2128 1450 2322 1521 μικρὸν
2377 1449 2602 1519 βασιλέα
2643 1451 2785 1504 κατά
2835 1466 2897 1518 γε
2933 1449 2992 1502 τὸ
3022 1447 3184 1516 φύσει
3209 1445 3412 1500 καλὸνο
3453 1447 3592 1516 πρδς

2005 1542 2064 1595 δέ
2090 1559 2152 1610 γε
2181 1541 2246 1594 τδ
2276 1543 2447 1614 παρὸν
2473 1541 2625 1596 οὐδὲν
2666 1541 2811 1614 ἱερὸν
2837 1541 3000 1596 αὐτὸν
3024 1543 3266 1610 ἔφασκον
3292 1535 3454 1608 εἶναι,
3495 1539 3594 1594 καὶ

2007 1633 2414 1704 ἀπεδοκίμαζον
2471 1634 2853 1704 μονούμενον·
2913 1635 3004 1689 καὶ
3067 1634 3412 1708 προέπιπτον
3439 1632 3598 1702 αὐτῷ

2007 1724 2120 1779 τῶν
2145 1725 2322 1778 ποδῶν
2351 1727 2401 1779 οἱ
2431 1728 2532 1797 τήν
2566 1726 2856 1779 κολακείαν
2888 1727 3266 1799 περιττότεροι
3302 1725 3598 1795 πεισθῆναι

2017 1815 2097 1878 εἰς
2129 1813 2430 1885 βασιλείαν,
2491 1812 2588 1867 καὶ
2639 1813 2748 1867 τῶν
2791 1813 2964 1883 αὐτῆς
3009 1815 3175 1883 ήνὶων
3207 1809 3600 1881 συνεπιδρᾶξαο

2018 1905 2164 1968 σθαι,
2197 1905 2273 1990 μή
2311 1907 2407 1960 καὶ
2437 1905 2579 1960 κατὰ
2631 1905 2800 1978 μῦθον
2848 1907 2876 1960 ὁ
2906 1907 3125 1970 νεανίας
3169 1901 3327 1969 οὗτος
3351 1906 3597 1968 Φαέθων,

2009 1997 2250 2068 ἀτέχνως
2277 1998 2338 2051 τὸ
2369 1998 2522 2070 ἀρμα
2559 1999 2662 2068 τῆς
2691 1999 2870 2069 ἀρχῆς
2893 1997 3294 2070 χειριζόμενος,
3325 1997 3514 2059 κακῶς
3535 1996 3603 2050 τὸ

2011 2087 2119 2141 πᾶν
2165 2087 2506 2158 διαϐήσεται.
2564 2089 2698 2143 Ὅτε
2731 2090 2788 2142 δὲ
2821 2089 2917 2143 καὶ
2963 2089 3075 2142 τῶν
3107 2088 3284 2143 ποδῶν
3347 2087 3602 2144 ἀπαλλα-

2012 2181 2159 2248 γεῖεν
2183 2180 2277 2235 τοῦ
2323 2181 2664 2253 Ἀνδρονίκου
2706 2181 3054 2253 ὀρθούμενοι,
3107 2183 3163 2236 αἱ
3193 2183 3375 2253 χεῖρες
3410 2183 3600 2244 αὐτοῖς

2012 2272 2089 2334 ῶς
2113 2273 2191 2334 εἰς
2221 2271 2354 2326 Θεὸν
2401 2272 2740 2327 ἀνετείνοντο
2762 2289 2776 2304 ο
2831 2274 2926 2326 καὶ
2982 2272 3338 2328 ὲθεοκλύτουν
3364 2275 3454 2329 ἐπὶ
3484 2275 3602 2337 τοῖς

2014 2363 2224 2426 αὐτοῖς.
2270 2365 2331 2416 Ὀ
2365 2363 2422 2416 δὲ
2453 2364 2891 2436 κατορθούμενον
2921 2366 3020 2437 ἤδη
3048 2366 3262 2436 βλέπων
3291 2367 3352 2423 τὸ
3383 2366 3598 2436 ἐφετὸν,

2015 2459 2164 2513 ἔνδον
2190 2459 2290 2528 μὲν
2316 2454 2403 2513 οἷα
2429 2458 2668 2530 ἔπασχεν
2697 2459 2787 2522 ἂν,
2837 2463 2929 2516 καὶ
2957 2464 3032 2526 ὡς
3066 2462 3288 2533 ἔχαιρεν
3314 2463 3602 2534 ἀμύθητα,

2015 2550 2098 2613 τίς
2125 2551 2224 2604 οὐκ
2255 2551 2320 2606 ἃν
2345 2545 2684 2622 τεκμήραιτο
2705 2570 2721 2617 ;
2745 2555 2812 2606 τὰ
2843 2555 3027 2623 μέντοι
3051 2555 3210 2619 ἐκτὸς
3231 2555 3405 2618 ἄλλως
3429 2555 3604 2627 ἔχρω-

2017 2641 2108 2705 ζεν
2139 2642 2355 2706 ἑαυτὸν,
2407 2641 2501 2695 καὶ
2526 2642 2703 2695 ἐδόκει
2737 2643 2814 2714 μὴ
2856 2644 2923 2697 ἂν
2975 2645 3168 2715 φέρειν
3210 2645 3346 2715 μηδὲ
3377 2645 3500 2717 ζῇν,
3551 2647 3604 2700 εἰ

2017 2733 2248 2788 τοιαῦτα
2285 2732 2497 2799 ἀκούοι,
2544 2733 2638 2788 καὶ
2676 2735 2753 2796 ὡς
2787 2737 2867 2798 εἰς
2916 2735 3179 2791 ἀπιστίαν
3234 2737 3601 2808 γυμνάζοιτο.

2020 2827 2128 2881 Καὶ
2155 2827 2239 2892 τίς
2271 2827 2403 2897 ἐγὼ,
2449 2829 2630 2898 ἔλεγε,
2662 2832 2757 2883 καὶ
2791 2831 2910 2895 πῶς
2968 2832 3034 2886 ἂν
3066 2831 3372 2904 δυναίμην;
3404 2835 3499 2888 καὶ
3528 2834 3606 2898 ὡς

2023 2920 2348 2992 φευξοῦμαι,
2403 2923 2498 2978 καὶ
2530 2923 2605 2986 ὡς
2653 2926 2980 2996 μεταστήσω
3015 2925 3110 2980 τοῦ
3143 2924 3293 2997 βιοῦν
3339 2927 3604 2996 ἐμαυτὸν,

2022 3016 2070 3066 εἰ
2101 3015 2175 3084 μὴ
2205 3015 2458 3084 ἀφίεμαι.
2494 3017 2604 3070 Kal
2629 3017 2932 3088 ὲρῤάπιζεν
2960 3019 3178 3084 ἑαυτὸν,
3208 3019 3303 3076 καὶ
3325 3023 3447 3084 ταῖς
3487 3020 3634 3090 θρι-.

2025 3107 2107 3172 εἴν
2133 3109 2409 3178 ὲνύόριζε,
2462 3112 2556 3164 καὶ
2589 3110 2865 3181 πολλαχοῦ
2901 3112 3122 3180 εἰλεῖτο,
3156 3113 3329 3168 δοκῶν
3363 3114 3465 3185 μὲν
3489 3114 3610 3168 ἑθέ-

342 3208 464 3250 sese
529 3198 910 3265 pert-utiebat,
951 3199 1209 3255 saeviebat
1255 3200 1310 3255 in
1366 3201 1572 3266 crines,
1604 3217 1668 3258 ac
1720 3203 1920 3272 ubique

2027 3199 2138 3252 λειν
2188 3201 2460 3253 διέκδυσιν
2486 3201 2562 3265 ὡς
2594 3204 2674 3264 εἰς
2701 3202 2904 3275 φυγὴν,
2944 3202 3119 3268 διδοὺς
3157 3203 3212 3258 δὲ
3239 3205 3412 3266 ἄλλως
3443 3205 3608 3258 τόπον

344 3288 668 3354 accedebat,
715 3291 868 3346 visus
917 3292 1122 3363 eligere
1174 3304 1387 3348 secreta
1445 3294 1564 3349 loca
1630 3308 1730 3364 pro
1773 3293 1920 3364 fuga,

344 3395 404 3434 se
436 3381 657 3435 tradens
697 3382 834 3439 alias
868 3385 1008 3439 clam
1045 3384 1248 3440 laetitiae
1273 3393 1327 3441 et
1369 3385 1680 3451 cachinnis,
1709 3393 1922 3441 mutata

345 3473 487 3530 facie
545 3475 634 3530 hic
682 3485 736 3532 et
776 3475 909 3544 illic,
950 3478 1129 3546 qualis
1185 3477 1298 3542 ille,
1346 3478 1607 3549 pessima.

413 3567 506 3622 40.
536 3569 673 3624 Cum
711 3585 837 3624 vero
864 3570 1209 3626 commodius
1234 3571 1531 3625 tentorium
1557 3573 1721 3642 ﬁgere
1755 3584 1926 3625 cona-

349 3667 435 3716 tus
472 3660 689 3724 fuisset,
733 3662 1108 3732 ita’disposuit
1136 3663 1270 3717 illud
1299 3671 1360 3718 ut
1399 3677 1564 3731 supra
1597 3662 1779 3718 cubile
1809 3671 1926 3717 sta-

351 3761 455 3817 ret,
489 3761 550 3807 ut
593 3753 731 3810 forte
765 3754 847 3808 sic
880 3755 1068 3810 multis
1097 3769 1418 3826 persuasum
1455 3755 1608 3810 ﬁeret
1653 3755 1832 3825 ipsum
1869 3754 1924 3809 in

352 3855 700 3902 antecessum
737 3847 1094 3904 constituisse
1143 3849 1335 3902 horam
1371 3856 1496 3920 post
1523 3863 1686 3918 quam
1713 3847 1928 3918 fugeret

353 3940 680 4010 turbamque
711 3958 820 3996 non
845 3942 1130 4008 excitaret,
1180 3943 1494 3999 adulatores
1528 3943 1764 4014 ineptias
1799 3959 1927 3999 snas

351 4033 772 4098 concinnantes,
805 4044 885 4090 tot
909 4035 1066 4089 multi
1098 4044 1284 4090 utnon
1311 4037 1536 4102 fuerint,
1572 4051 1738 4092 voces
1773 4043 1931 4091 extu-

353 4126 552 4191 lerant,
607 4129 888 4183 custodias
959 4130 1354 4184 ordinaverant
1396 4130 1928 4199 observationcsque

351 4219 565 4273 viarum
612 4235 734 4290 quae
799 4221 922 4275 illuc
967 4220 1247 4276 ducebant
1277 4222 1752 4294 exquirebantque
1800 4222 1930 4292 quid

351 4319 681 4365 eventurum
742 4323 910 4367 esset.
941 4311 1097 4367 Tunc
1145 4315 1459 4384 patriarcha
1495 4314 1617 4370 illos
1652 4313 1930 4369 extricans

357 4404 519 4458 modo
561 4420 670 4474 quo
718 4422 816 4461 nos
872 4406 1054 4462 audito
1091 4407 1312 4462 risimus
1374 4423 1632 4477 nttncque
1700 4407 1934 4462 maxime

354 4497 620 4566 ridemus,
679 4497 823 4553 inter
888 4513 988 4552 nos
1054 4507 1367 4567 repetentes
1403 4491 1533 4550 hoc
1595 4493 1930 4567 scurrilius:

2025 3293 2170 3363 χαρᾷ
2203 3293 2296 3345 καὶ
2317 3293 2516 3360 γέλωτι
2546 3293 2851 3363 λεληθότως
2897 3297 2955 3348 ὲν
2987 3294 3064 3364 τῷ
3093 3297 3347 3368 στρέφειν
3375 3288 3480 3352 ὧδε
3510 3298 3608 3350 καὶ

2026 3383 2145 3437 ἐκεῖ
2167 3383 2228 3437 τὸ
2265 3386 2586 3455 πρόσωπον,
2625 3387 2806 3451 ὁποῖος
2843 3387 3072 3453 ἐκεῖνος,
3103 3389 3165 3442 τὸ
3211 3389 3606 3461 περιπόνηρον.

2099 3564 2173 3638 μ’.
2209 3568 2297 3630 Ὦς
2324 3567 2381 3621 δὲ
2406 3567 2503 3638 τήν
2535 3566 2741 3638 σκηνὴν
2761 3566 2965 3636 ταύτην
3001 3567 3387 3640 συμπήξεσθαι
3417 3585 3612 3640 τεχνα-

2030 3659 2267 3730 σάμενος
2314 3659 2743 3731 ἀσφαλέστερον,
2787 3664 3232 3733 προσεποιήσατο
3261 3660 3613 3731 πλασάμενος

2029 3753 2123 3805 καὶ
2153 3753 2248 3806 τοῦ
2292 3746 2544 3823 ὑπερῴου
2588 3751 2866 3821 γενέσθαι,
2914 3754 2969 3806 εἴ
3005 3769 3123 3816 πως
3166 3751 3311 3807 οὕτω
3342 3752 3612 3822 φαντάσει

2028 3844 2155 3908 τοὺς
2199 3844 2470 3908 πολλοὺς,
2522 3843 2599 3908 ὡς
2665 3845 3040 3916 ὑπερθέμενος
3099 3845 3198 3917 τὴν
3256 3845 3615 3916 ἐνεστηκυῖαν

2030 3938 2203 4010 ῶραν,
2236 3937 2518 4007 φευξεῖται
2551 3937 2670 4008 μετ’
2698 3937 2891 4007 αὐτὴν,
2925 3939 3020 3993 καὶ
3042 3937 3492 4009 ἀπαλλαγήσεται
3517 3938 3614 3991 τοῦ

2031 4030 2473 4100 ὀχλοκοπεῖσθαι,
2516 4031 2565 4084 οἱ
2604 4031 2835 4096 κόλακες
2868 4031 3240 4101 ὲντεινάμενοι
3296 4031 3396 4102 τήν
3438 4031 3616 4102 ἁρμο-

2033 4121 2153 4175 νίαν
2186 4121 2282 4175 τοῦ
2335 4123 2525 4191 λήρου,
2569 4124 2650 4185 εἰς
2680 4124 2806 4176 ὅσον
2850 4123 3011 4176 πλέον
3065 4123 3165 4178 οὐκ
3216 4119 3304 4193 ἦν,
3340 4122 3528 4192 φωνάς
3557 4139 3618 4175 τε

2033 4208 2200 4285 ἦραν,
2234 4217 2329 4267 καὶ
2378 4215 2627 4284 φυλακὰς
2669 4216 2968 4270 ὲπέταττον
2998 4218 3092 4268 καὶ
3121 4215 3481 4286 συντηρήσεις
3508 4216 3619 4268 τῶν

2035 4306 2150 4359 ἐκεῖ
2193 4306 2465 4373 διεξόδων,
2510 4309 2605 4360 καὶ
2651 4307 3030 4378 διηποροῦντο,
3069 4308 3122 4362 τί
3153 4308 3219 4362 ἂν
3248 4309 3343 4362 καὶ
3380 4309 3617 4375 γένοιτο.

2035 4399 2146 4453 Kal
2183 4399 2210 4453 ὁ
2245 4401 2591 4471 πατριάρχης
2628 4401 2988 4471 ὲπιλυόμενος
3039 4401 3230 4466 αὐτοῖς
3277 4401 3340 4454 τὸ
3385 4401 3618 4472 ἄπορον,

2037 4491 2113 4557 ὡς
2143 4495 2306 4564 ἡμεῖς
2345 4497 2440 4548 καὶ
2478 4498 2598 4550 τότε
2636 4494 3002 4566 μανθάνοντες
3043 4495 3344 4565 ὲγελῶμεν,
3381 4497 3475 4549 καὶ
3521 4495 3622 4554 νῦν

363 4562 615 4654 «Ικιιύθξ
645 4591 773 4645 lude
823 4589 890 4645 de
942 4562 1457 4653 malis—eventibus,
1489 4607 1507 4638 ι
1573 4564 1665 4640 ille
1714 4585 1920 4641 dicehal

2043 4589 2100 4642 δὲ
2287 4589 2560 4659 γελῶμεν,
2608 4562 2986 4659 παμρδοῦντες
3017 4562 3248 4650 ἕκαστος
3295 4588 3473 4656 ἑαυτῷ
3502 4605 3620 4642 κωο

358 4682 676 4751 compedes,
728 4681 971 4736 manicas
1019 4681 1355 4750 collariaque
1398 4678 1683 4735 Comneno
1725 4670 1930 4748 parari,

358 4773 562 4843 quibus
607 4774 960 4827 retineretur.
996 4771 1119 4826 llmc
1171 4771 1263 4826 ille.
1305 4769 1548 4840 quidem.
1586 4769 1737 4825 Multi
1787 4770 1933 4839 aspi-

358 4868 575 4920 ciebant
625 4867 690 4919 ad
753 4865 1124 4919 inventionem
1177 4864 1471 4932 cujusdam
1510 4863 1645 4918 aenei
1697 4865 1932 4934 operis:

360 4959 502 5024 Quid
537 4959 668 5013 ﬂent
698 4958 851 5014 ista?
891 4959 1128 5012 aiebant.
1169 4957 1262 5011 Ille
1299 4971 1428 5012 vero
1459 4956 1678 5025 oblique
1718 4964 1936 5011 vertens

363 5059 737 5119 trgumentum
777 5051 972 5119 capitis
1001 5049 1362 5120 dextramque
1384 5049 1436 5103 in
1458 5048 1623 5102 altqu
1647 5048 1863 5115 erigens
1883 5048 1936 5102 in

363 5142 580 5213 signum
630 5139 835 5209 crucis,
869 5143 1113 5202 vincula,
1144 5141 1496 5213 alligantibns
1528 5141 1935 5212 applaudehat;

363 5247 478 5290 tum
532 5236 720 5291 habitu
760 5236 1278 5307 archipresbyterali
1319 5234 1699 5290 Andronicum
1736 5234 1939 5288 retine-

365 5333 486 5395 bat,
541 5332 720 5386 locum
767 5327 1208 5400 designans,nbi
1262 5338 1571 5383 manentem
1615 5329 1938 5390 invenerat;

364 5427 767 5495 insistebatque
823 5438 892 5478 ne
943 5423 1282 5491 relinqueret
1328 5422 1610 5476 civitatem
1661 5435 1831 5490 seque
1874 5418 1941 5472 ad

367 5505 529 5572 aliam
581 5524 946 5570 converteret.
1000 5513 1100 5570 llic
1141 5530 1270 5570 vero
1316 5514 1529 5570 scilicet
1583 5513 1791 5567 invitus
1845 5527 1941 5580 pa-

369 5610 538 5671 tiens,
571 5609 834 5662 adversus
868 5609 1236 5676 patriarcha“!
1269 5607 1566 5668 exclamat,
1590 5621 1656 5664 eo
1689 5604 1831 5672 quod
1867 5603 1945 5657 sic

371 5701 548 5769 ipsum
603 5701 669 5754 ad
728 5699 907 5767 fugam
958 5710 1208 5769 paratum
1264 5698 1591 5768 alligaverit.
1650 5695 1802 5748 lleu!
1855 5695 1942 5748 iu-

370 5798 511 5864 quit,
547 5794 678 5863 quid
709 5795 847 5865 agis,
890 5794 1159 5863 despota?
1188 5795 1263 5847 Ac
1302 5800 1595 5861 postquam
1652 5791 1755 5842 hoc
1792 5803 1936 5854 saepe

376 5888 703 5957 tepetiisset,
740 5886 939 5943 desinit
975 5889 1083 5942 alta
1143 5902 1273 5942 voce
1319 5883 1610 5940 lamentari
1673 5881 1830 5952 quasi
1881 5879 1948 5935 ob

2044 4682 2352 4753 μικώτερον
2386 4681 2481 4736 τό”
2519 4700 2537 4733 ι
2576 4683 2748 4744 Παίζε
2775 4719 2790 4744 ,
2842 4679 2995 4743 παῖζ’
3053 4681 3148 4732 ἐπὶ
3209 4684 3545 4750 συμφοραῖς,
3595 4701 3616 4735 ι

2041 4774 2205 4838 αὐτὸς
2264 4773 2369 4843 ἔφη
2426 4774 2521 4826 καὶ
2571 4771 2881 4840 ποδοκάκήν
2911 4811 2926 4835 ,
2978 4770 3074 4825 καὶ
3127 4771 3474 4840 χειροπέδας,
3523 4776 3622 4826 καὶ
3715 4815 3720 4820 .

2043 4863 2224 4916 κλοιὸν
2249 4861 2697 4932 περιτραχήλιον,
2720 4860 2816 4914 καὶ
2846 4861 2950 4913 ὅσα
2978 4860 3157 4914 τοιάδε
3190 4862 3621 4930 μηχανήσασθαι

2043 4958 2118 5028 τῷ
2154 4939 2458 5027 Κομνηνῷ,
2481 4955 2548 5009 δι’
2604 4947 2679 5009 ὧν
2733 4954 3020 5022 κατέχοιτο
3058 4954 3145 5008 ἀν.
3196 4951 3364 5006 Εἶπεν
3411 4955 3624 5017 ἐκεῖνος

2043 5050 2237 5103 ταῦτα.
2278 5051 2389 5104 Ka‘t
2416 5050 2465 5102 οἱ
2502 5048 2687 5102 πολλοὶ
2716 5047 2984 5117 ἀφεώρων
3013 5047 3149 5115 πρὸς
3197 5046 3443 5100 ἐπίνοιάν
3476 5065 3625 5110 τινος

2048 5141 2424 5213 χαλκεύματος
2445 5155 2458 5171 ⁸
2481 5141 2594 5204 καὶ,
2620 5139 2760 5201 Πῶς
2809 5138 2961 5190 ἔσται
2991 5137 3166 5190 ταῦτα
3191 5156 3205 5202 ;
3236 5138 3444 5207 ἔλεγον.
3485 5139 3544 5193 ’0
3578 5139 3624 5194 δ’

2047 5235 2208 5298 εὐθὺς
2242 5234 2554 5300 πλαγιάσας
2599 5230 2659 5283 τὸ
2709 5230 2810 5294 τῆς
2872 5230 3120 5298 κεφαλῆς
3157 5230 3427 5300 κάλυμμα
3455 5269 3470 5292 ,
3527 5231 3625 5283 καὶ

2048 5327 2146 5397 τὴν
2169 5325 2346 5392 δεξιάν
2375 5324 2661 5384 εὐθετίσας
2694 5322 2774 5384 εἰς
2801 5323 2986 5389 ἀέριον
3013 5322 3304 5390 σταυρικὸν
3332 5321 3622 5390 χάραγμα,

2050 5420 2378 5490 κατακροτεῖ
2402 5416 2635 5485 δεσμοὺς
2655 5414 2798 5476 τοὺς
2819 5415 3145 5482 ἀρέσαντας·
3175 5413 3272 5466 καὶ
3297 5412 3537 5481 ἁμφιὸαλ
3549 5414 3628 5468 ὼν

2055 5512 2384 5584 ἱεραρχικῶς
2422 5511 2610 5579 ὲπὲχτι
2650 5508 2738 5561 τὸν
2792 5506 3160 5574 Ἀνδρόνικον,
3210 5505 3303 5556 καὶ
3347 5505 3624 5574 ἀφορίζει,

2052 5607 2176 5660 ὅποι
2207 5597 2332 5672 εὗρε
2365 5602 2619 5671 μένοντα’
2654 5601 2748 5652 καὶ
2776 5599 3154 5666 κατασκήπτει
3201 5595 3278 5666 μὴ
3311 5597 3378 5650 ἂν
3407 5597 3627 5664 ἀφεῖναι

2055 5697 2154 5762 τὴν
2197 5696 2374 5759 πόλιν,
2401 5693 2496 5745 καὶ
2525 5693 2694 5761 ἀλλην
2733 5691 3031 5759 τραπῆναι.
3074 5688 3134 5741 ’0
3161 5688 3215 5739 δὲ
3241 5688 3314 5749 ὡς
3348 5687 3630 5756 ἀϐούλητα

2056 5789 2215 5854 δῆθεν
2280 5785 2490 5848 παθὼν,
2554 5781 2892 5836 καταϐοᾶται
2951 5779 3042 5831 τοῦ
3106 5779 3479 5847 πατριάρχουῆ
3539 5772 3628 5828 οἷα

2059 5878 2199 5931 οὕτω
2224 5877 2628 5945 καταδήσαντος
2653 5873 2743 5925 τὸν
2775 5871 2990 5941 τρέχειν
3017 5870 3255 5939 ἕτοιμον·
3294 5869 3407 5934 καὶ,
3436 5868 3627 5937 Ὤμοι,
