3968 6546
329 390 393 454 Η
1089 395 1187 457 DE
1215 398 1782 464 THESSALONlC/t
1833 406 2040 470 URBE
2080 411 2123 469 A
2167 411 2474 474 LATlNlS
2513 394 2766 482 CAPTA.
3501 428 3570 492 50

329 503 484 572 φησι,
523 503 577 556 τι
607 503 802 568 ποιεῖς,
829 505 1103 574 δέσποτας
1153 511 1264 564 Καὶ
1323 513 1493 583 συχνὰ
1542 513 1701 568 τοῦτο
1749 516 1894 582 λογο-

2009 523 2208 578 malum
2261 539 2539 597 magnum.
2581 528 2717 584 Tum
2770 531 3082 601 patriarcha
3133 537 3293 594 verba
3343 541 3569 612 probata

331 596 612 662 κοπήτας,
642 593 852 648 ἄνεισιν
896 595 1033 666 ὑψοῦ
1082 599 1380 666 στενάζων,
1421 600 1498 666 ὼς
1547 605 1642 658 ἐπὶ
1675 607 1900 678 μεγάλῳ

269 684 280 706 ‘
330 684 509 753 κακῷ.
551 686 662 738 Καὶ
709 687 738 739 ὁ
789 687 1140 760 πατριάρχης
1192 690 1441 748 ὑπειπὼν
1492 695 1561 750 τὰ
1612 696 1897 765 δοκοῦντα,

328 776 592 846 ἡσύχαζε.

398 899 512 959 μα’.
555 893 666 946 Καὶ
703 893 799 947 τοῦ
856 894 1049 951 λοιποῦ
1083 898 1195 964 (ῐνα
1231 900 1307 971 μὴ
1355 901 1456 974 τὴν
1491 907 1766 979 κοσμικὴν
1796 909 1900 978 ἀη-

327 985 448 1036 δίαν
470 985 771 1056 ἀδολεσχῶ)
811 987 1022 1056 γίνεται
1068 991 1180 1044 τῶν
1224 995 1412 1048 κακῶν
1457 998 1658 1069 δρόμος
1696 1004 1777 1064 είς
1807 1003 1901 1055 τὸν

326 1075 610 1143 περίδοξον
638 1078 765 1131 ναὸν
819 1078 920 1132 τοῦ
971 1081 1222 1151 Σωτῆρος
1265 1086 1526 1155 Χριστοῦ,
1565 1089 1656 1143 τοῦ
1695 1092 1900 1146 Χαλκί-

323 1167 444 1229 τοῦ,
480 1171 576 1222 καὶ
607 1170 854 1253 εὐφημία
881 1172 975 1224 τοῦ
1015 1175 1358 1245 Ἀνδρονίκου
1388 1180 1610 1246 ἄκοντος
1667 1184 1751 1247 εἰς
1803 1183 1900 1253 βα-

329 1259 507 1326 σιλέα,
530 1261 604 1324 ὡς
631 1259 698 1315 ἂν
725 1249 822 1315 καὶ
849 1264 1003 1317 αὐτοὶ
1027 1265 1122 1318 καὶ
1151 1269 1358 1332 ἐκεῖνος
1392 1272 1619 1325 εἴποιεν·
1653 1269 1771 1328 εἷτα
1805 1277 1900 1330 καὶ¹

332 1353 425 1423 βία
448 1354 531 1417 εἰς
553 1356 782 1418 ἐκεῖνον,
803 1355 879 1420 ὡς
902 1357 1012 1409 Καὶ
1037 1358 1110 1428 μὴ
1129 1358 1329 1424 ἐθέλων
1359 1363 1602 1432 ἀρχηγὸς
1619 1366 1778 1436 ἡμῶν
1807 1385 1900 1437 γε·

322 1444 440 1497 νοῦ·
466 1445 560 1500 καὶ
577 1447 859 1516 περίθεσις
891 1450 1241 1521 παρασήμων
1262 1455 1326 1525 τῇ
1361 1454 1611 1529 βασιλείᾳ
1641 1459 1894 1524 πεδίλων,

325 1538 541 1592 ἐκείνου
576 1539 651 1609 μὴ
699 1539 1068 1606 καθιστῶντος
1097 1543 1224 1608 τοὺς
1277 1545 1466 1612 πόδας,
1492 1551 1588 1603 καὶ
1613 1551 1895 1622 περίδυσις

322 1628 657 1700 διαδήματος
683 1644 700 1660 °
737 1633 830 1684 καὶ
859 1631 1012 1701 ’ρίψις
1063 1634 1163 1702 μὶν
1223 1639 1495 1692 καπνικοῦ
1539 1638 1897 1711 καλύμματος

327 1720 425 1774 τοῦ
461 1723 594 1792 περὶ
619 1723 886 1792 κεφαλὴν,
923 1724 1062 1795 ὅπερ
1080 1725 1325 1791 Λαζόθεν
1357 1725 1473 1799 εἶχε
1495 1731 1597 1801 τὴν
1639 1733 1895 1805 ἀφορμὴν

324 1815 407 1875 είς
447 1813 749 1883 σύμϐολον,
784 1810 861 1869 ὧν
890 1815 1088 1886 ἔμελλε
1123 1819 1318 1891 καπνῷ
1348 1820 1540 1892 φῦραι,
1571 1828 1895 1896 κατεμπρή-

325 1925 430 1970 σας
465 1908 527 1960 τὸ
577 1911 707 1970 πᾶν,
741 1907 1100 1980 ἁντιφόρησις
1135 1910 1192 1964 δὲ
1221 1912 1480 1983 ἐρυθροῦ,
1521 1916 1894 1987 αἰνιττομένη,

321 2000 470 2053 ὅσων
505 1999 760 2068 κεφαλῶν
794 2001 1265 2072 καταψηφιεῖσθαι
1295 2005 1482 2073 μέλλει
1516 2008 1748 2076 αἵματα.
1782 2011 1894 2064 Καὶ

317 2090 670 2162 ωγκάθηται
698 2092 761 2146 τδ
777 2093 1029 2147 ἐντεῦθεν
1051 2095 1127 2165 τῷ
1155 2095 1370 2164 βασιλεῖ
1393 2096 1637 2170 Ἀλεξίῳ,
1659 2105 1753 2155 καὶ
1770 2119 1901 2172 προ-

322 2181 588 2249 κάθηται.
629 2181 988 2253 ’Υπερέκειτο
1014 2185 1126 2255 γὰρ
1164 2186 1413 2257 αὑθωρδν
1454 2189 1670 2244 ἐκείνου
1698 2190 1759 2245 τὸ
1789 2192 1898 2246 ἀπὸ

313 2275 501 2340 τοῦδε,
532 2275 628 2330 καὶ
682 2279 941 2348 συντιμᾷ,
981 2277 1076 2341 οὓς
1101 2279 1266 2344 αὐτὸς
1319 2281 1597 2352 ὲπέκρινε·
1636 2284 1731 2338 καὶ¹
1768 2302 1900 2354 προ-

315 2367 586 2423 σάλλεται
624 2370 824 2440 ἀρχὰς,
875 2370 934 2437 ἐξ
980 2372 1162 2425 αὐτῶν
1216 2371 1484 2443 βαλϐίδων
1518 2375 1578 2429 τὸ
1624 2376 1725 2447 τῆς
1773 2375 1897 2431 κατ’

316 2459 486 2513 αὑτὸν
512 2460 791 2530 βασιλείας
819 2463 979 2533 ἅρμα
1023 2463 1258 2534 πρόσθεν
1291 2465 1491 2535 βαλών.
1526 2467 1638 2522 Καὶ
1661 2467 1724 2522 τὸ
1753 2468 1898 2539 μέγα

314 2550 494 2604 κακὸν
521 2549 601 2620 τῷ
633 2550 818 2622 μικρῷ
853 2551 1005 2623 καλῷ
1035 2555 1417 2625 συγκίρναται.

395 2662 509 2733 μβθ.
540 2663 762 2733 Βραχὺς
791 2666 820 2718 δ
859 2667 919 2718 ὲν
963 2663 1116 2734 μέσῳ
1155 2665 1369 2736 χρόνος,
1408 2666 1502 2720 καὶ
1529 2668 1895 2738 περιγίνεται·

311 2759 414 2811 καὶ
440 2756 520 2820 ὡς
549 2757 618 2810 ἂν
658 2756 735 2827 μὴ
764 2756 966 2827 θρήνου
1000 2757 1240 2826 μεγάλου
1267 2757 1493 2829 ἔξαρχος
1527 2760 1897 2833 καθισταίμην

309 2850 434 2912 τοῖς
475 2847 807 2918 φιλαλεξίοις
832 2888 848 2914 ,
901 2848 999 2903 εἴτ’
1036 2848 1132 2903 οὖν
1177 2849 1610 2919 φιλοδασιλεῦσι,
1647 2853 1899 2907 λεπτοτο-

318 2941 443 3010 μῶν
474 2942 715 3010 παχεῖαν
754 2940 1199 3010 σκυθρωπότητι).
1241 2943 1304 2995 lx
1355 2944 1532 2998 ποδῶν
1567 2945 1778 3015 ἀπάγει
1805 2948 1896 3001 τὸν

312 3031 684 3109 συμϐασιλέα.
725 3032 835 3086 Καὶ
862 3033 958 3086 τοῦ
989 3032 1160 3100 ζυγοῦ
1185 3033 1276 3087 τδν
1311 3034 1549 3102 Ἀλέξιον
1578 3039 1893 3105 ὲκτινάξας,

311 3125 429 3176 εἴτε
468 3125 696 3193 πνιγμῷ
739 3123 821 3194 τῷ
867 3123 935 3177 δι’
987 3124 1246 3196 ἀγχόνης,
1279 3126 1355 3189 ὡς
1400 3127 1645 3199 διαρρέει
1679 3130 1835 3200 λόγος
1867 3134 1895 3184 ό

2005 611 2242 680 dicente,
2269 616 2559 672 conticuit.

2074 887 2163 940 41.
2213 889 2480 945 Caeterum
2541 895 2653 962 (ne
2705 911 2830 951 cum
2900 899 3064 956 tzedio
3123 904 3390 975 omnium
3445 921 3575 978 gar-

2003 980 2164 1048 riam)
2208 983 2476 1038 malorum
2527 1001 2828 1046 concursus
2876 990 2934 1044 lit
2985 993 3038 1046 in
3094 995 3559 1064 gloriosissimum

2001 1074 2260 1142 templum
2301 1077 2606 1135 Salvatoris
2650 1081 2881 1148 Christi,
2911 1086 3197 1153 Chalcitis,
3219 1092 3442 1162 jamque
3479 1108 3575 1162 pa-

2000 1163 2106 1218 lam
2139 1165 2479 1225 Andronicus
2532 1172 2817 1242 imperium
2867 1190 3103 1234 renuere
3167 1179 3442 1237 ferebatur
3477 1198 3576 1238 an-

2001 1257 2152 1326 cipiti
2189 1257 2364 1325 fama;
2399 1259 2457 1314 ﬁt
2505 1261 2700 1316 deinde
2735 1263 2816 1319 vis
2858 1265 2912 1319 in
2947 1266 3140 1323 illum:
3185 1269 3302 1324 Dux
3341 1273 3426 1327 vel
3475 1276 3573 1328 in-

2001 1349 2146 1417 vitus
2175 1361 2356 1408 noster
2383 1363 2526 1408 esto.
2566 1355 2768 1412 Deinde
2789 1360 3043 1415 cothurni
3069 1362 3406 1433 imperatorii
3433 1405 3448 1432 ,
3481 1366 3576 1421 illo

2000 1443 2166 1513 pedes
2217 1459 2324 1500 non
2372 1447 2667 1515 praebente,
2701 1464 2764 1505 ac
2791 1450 3037 1507 diadema
3075 1455 3428 1524 all‘eruntur;
3472 1472 3565 1513 ca-

1998 1534 2128 1602 pitis
2184 1536 2360 1590 velum
2418 1537 2616 1593 fumosi
2683 1539 2886 1597 coloris
2939 1557 3175 1608 amovet,
3223 1548 3368 1616 quod
3424 1546 3570 1603 Lazo

1997 1633 2160 1681 tenus
2200 1628 2524 1692 quibusdam
2563 1631 2901 1702 temporibus
2949 1639 3204 1706 portabat
3249 1639 3304 1693 in
3355 1640 3572 1710 signum

1997 1732 2186 1774 eorum
2219 1735 2340 1790 qua}
2379 1723 2530 1779 fumo
2569 1726 2848 1781 miscenda
2881 1736 3078 1794 erant;
3117 1744 3354 1801 cumque
3392 1729 3576 1787 omnia

1999 1811 2360 1880 incendisset,
2398 1816 2625 1870 rubrum
2673 1828 2866 1874 contra
2918 1821 3075 1890 jubet
3114 1822 3323 1888 aﬂ‘erri,
3358 1825 3575 1895 signiﬁ-

1999 1916 2130 1956 cans
2158 1913 2491 1972 quantorum
2526 1909 2765 1977 capitum
2796 1914 3020 1980 sanguis
3041 1915 3384 1970 damnandus
3407 1924 3575 1972 esset.

1999 1991 2137 2048 Dein
2184 2009 2309 2051 cum
2361 1997 2690 2064 imperatore
2744 2001 2944 2058 Alexio
2997 2007 3150 2059 sedet
3195 2020 3258 2060 ac
3290 2007 3563 2076 praesidet.

2000 2083 2208 2139 Exinde
2231 2085 2374 2140 enim
2399 2102 2562 2158 supra
2584 2089 2737 2144 illum
2773 2091 3020 2159 sedebat,
3039 2104 3092 2148 et
3112 2109 3249 2164 quos
3280 2096 3577 2166 condigna

1993 2175 2279 2247 judicabat
2330 2181 2708 2236 cohonestavi.
2743 2182 2974 2238 Dimittit
3002 2185 3375 2254 magistratus,
3412 2195 3578 2256 atque

1999 2283 2027 2320 a
2078 2270 2352 2339 repagulis
2413 2285 2636 2326 currum
2700 2259 3119 2345 imperatorium
3177 2279 3428 2350 projecit.
3485 2277 3580 2334 Sic

1999 2374 2164 2429 parvo
2197 2359 2342 2418 bono
2371 2365 2573 2419 malum
2612 2381 2866 2436 magnum
2899 2368 3185 2425 miscetur.

2065 2676 2155 2732 42.
2183 2675 2278 2733 llis
2309 2679 2472 2734 rebus
2507 2680 2670 2735 breve
2711 2682 2974 2752 temporis
3027 2683 3367 2738 intervallum
3410 2683 3580 2738 inler~

1996 2771 2142 2826 cedit
2172 2781 2223 2826 et
2264 2780 2444 2828 tamen
2484 2773 2841 2844 superﬂuum,
2866 2790 2930 2831 ac
2986 2777 3142 2846 quasi
3182 2775 3359 2847 magni
3399 2776 3579 2832 luctus

1996 2868 2325 2922 constitutus
2351 2882 2526 2923 essent
2555 2868 2664 2922 dux
2693 2869 3006 2938 philalexiis
3035 2880 3088 2925 et
3119 2871 3578 2942 philimperatort-

1997 2956 2122 3023 bus,
2180 2958 2323 3014 idem
2375 2967 2611 3029 tempus,
2667 2961 2953 3015 humorem
3010 2967 3242 3017 densum
3301 2963 3574 3017 nitestitizc

1999 3052 2286 3118 minuens,
2331 3053 2784 3123 coitnperatorem
2850 3055 3039 3126 abigit.
3091 3053 3166 3108 Ex
3229 3056 3362 3126 jugo
3431 3066 3578 3125 post-

1997 3159 2159 3212 quam
2214 3145 2465 3200 Alexium
2511 3149 2908 3217 praecipitasset
2965 3149 3082 3204 sive
3133 3149 3570 3218 strangulatione

309 3216 544 3283 πλείων,
601 3215 711 3268 εἴτε
771 3215 869 3268 καὶ
924 3215 1101 3273 ἄλλως
1127 3255 1141 3280 ,
1180 3217 1258 3281 ὡς
1309 3220 1516 3280 ἐκεῖνος
1553 3217 1661 3273 οἶδε
1700 3224 1795 3276 καὶ
1839 3225 1890 3276 οί

2000 3253 2120 3291 cum
2147 3238 2293 3299 lune.
2319 3248 2377 3293 ut
2409 3238 2577 3295 refert
2609 3240 2747 3294 fama
2787 3242 2957 3312 magis
2981 3242 3214 3308 credita,
3249 3257 3362 3297 Stve
3389 3243 3572 3304 aliter,

311 3305 759 3376 συγκακοῦργοι,
807 3307 1174 3375 ἁντεμὸάλλει
1205 3308 1296 3360 τὸν
1331 3311 1448 3362 υἱὸν
1491 3311 1768 3382 Ἰωάννην,
1800 3313 1894 3366 τὸν

311 3399 416 3452 τοῦ
464 3398 746 3467 Μανουὴλ,
793 3397 1044 3468 ὕστερον,
1096 3399 1194 3470 οὐχ
1239 3400 1322 3453 ὅτι
1373 3401 1608 3456 καλλίων
1639 3399 1730 3473 ἦν,
1779 3404 1894 3457 ἀλλ’

310 3493 400 3546 ὅτι
441 3492 472 3544 ὁ
511 3489 612 3559 μὲν
655 3490 912 3560 Μανουὴλ
952 3491 1252 3560 ἀπεστύγει
1295 3493 1365 3546 τὰ
1414 3492 1508 3546 τοῦ
1541 3494 1897 3564 πατρὸς,.καί

312 3593 435 3638 πως
477 3576 712 3629 ἔϐλεπεν
746 3579 826 3641 είς
855 3577 918 3630 τὸ
969 3577 1186 3648 μέλλον,
1214 3580 1309 3633 καὶ
1345 3581 1436 3635 τὸν
1467 3581 1604 3635 Θεὸν
1639 3583 1897 3655 ἐπίστρο-

311 3686 418 3736 φον
473 3665 620 3724 εῖναι
671 3669 784 3724 τῶν
837 3672 1140 3741 γινομένων
1190 3675 1380 3729 κακῶν
1437 3675 1719 3730 ὑπελάλει·
1759 3681 1787 3731 ὁ
1835 3677 1895 3732 δὲ

323 3760 584 3830 Ἰωάννης
612 3761 861 3833 ἔστεργε,
891 3764 988 3817 καὶ
1015 3764 1126 3828 τοίς
1161 3766 1680 3838 πλημμελουμένοις
1708 3769 1894 3842 ἔχαιρε

313 3853 832 3925 συνεφαπτόμενος.

393 3965 486 4038 ιη’
550 3971 623 4026 ’Δ
670 3971 730 4024 δὲ
772 3969 834 4025 τδ
899 3974 1154 4029 ἐντεῦθεν
1193 3975 1222 4029 δ
1279 3977 1618 4048 Ἀνδρόνικος
1649 3980 1710 4032 οὐ
1750 3981 1895 4049 λέγω

312 4062 588 4132 ἥμαρτενν
637 4063 672 4130 ἦ
707 4064 1138 4138 ἐπλημμέλησεν
1171 4066 1372 4132 (ἄλλως
1399 4070 1508 4139 γὰρ
1549 4072 1598 4123 οί
1634 4070 1895 4141 θερμότε.

323 4166 409 4218 ροι
455 4151 788 4221 ὁνομάσαιεν
818 4153 929 4222 ἂν),
958 4153 1212 4225 γλώττης
1257 4158 1428 4212 δεῖται
1460 4161 1720 4230 νεανικῆς
1748 4162 1893 4232 φρά-

314 4242 456 4307 ζειν,
489 4243 588 4296 καὶ
621 4241 730 4313 πρὸ
776 4246 952 4315 αὐτῆς
984 4239 1252 4318 λογισμοῦ
1285 4247 1482 4319 βαθέος
1525 4254 1618 4305 καὶ
1648 4253 1766 4307 οἴου
1798 4254 1895 4308 εὕ-

312 4349 482 4401 στοχα
525 4333 784 4402 βάλλειν,
821 4338 944 4390 καθ’
977 4331 1053 4392 ὧν
1100 4337 1168 4392 ἂν
1211 4340 1502 4395 ὲπιδαλεῐο
1552 4341 1696 4413 ἂπερ
1729 4345 1894 4415 ἡμεῖς

309 4423 726 4489 ἀπολωλεκότες
758 4426 836 4496 τῷ
869 4429 1038 4499 γήρᾳ,
1069 4431 1332 4486 τοσοῦτόν
1363 4447 1546 4503 φαμεν
1569 4435 1895 4505 ἐπιτέμνον-

1997 3342 2069 3384 re‘
2133 3334 2346 3400 cognita
2423 3331 2514 3385 ille
2580 3343 2632 3386 et
2705 3345 2990 3389 consortes
3052 3333 3211 3402 ejus,
3286 3333 3575 3388 substituit

1993 3421 2295 3486 Joannem,
2361 3423 2529 3478 lilium
2587 3425 2856 3481 Manuelis
2911 3427 3203 3489 ultimum,
3253 3441 3361 3481 non
3427 3429 3578 3497 quod

1994 3516 2346 3582 eratmelior,
2383 3516 2476 3572 sed
2506 3519 2650 3590 quod
2697 3519 2911 3575 Manuel
2936 3528 3144 3592 patrem
3179 3519 3576 3584 detestabatur,

1993 3623 2058 3660 eo
2086 3608 2229 3677 quod
2259 3612 2423 3664 etiam
2470 3610 2713 3666 futurum
2767 3613 3110 3682 providebat,
3159 3613 3436 3684 Deumque
3469 3613 3580 3667 cito

1995 3701 2079 3755 vel
2124 3703 2332 3758 tardius
2374 3703 2644 3759 vindicem
2705 3720 2831 3761 esse
2874 3706 3141 3760 malorum
3186 3719 3415 3773 operum
3452 3718 3579 3758 sen-

1995 3791 2183 3848 tiebat.
2210 3792 2454 3851 Joannes
2487 3811 2619 3851 vero
2650 3796 2950 3852 dissolutos
2995 3796 3233 3864 amabat,
3275 3810 3580 3866 eorumque

1891 3928 1909 3941 .
1993 3886 2320 3941 commercio
2351 3887 2745 3944 delectabatur.

2065 3979 2156 4034 45.
2197 3978 2330 4046 Quae
2353 3979 2551 4036 deinde
2579 3979 2928 4037 Andronicus
2996 3998 3103 4037 non
3149 3981 3274 4038 dico
3323 3981 3573 4053 peccavit

1994 4075 2179 4146 (aliter
2207 4076 2354 4131 enim
2404 4077 2720 4134 severiores
2760 4095 2884 4134 eum
2921 4078 3307 4148 recenseb'unt)
3345 4095 3406 4134 ea
3450 4094 3580 4132 nar-

1992 4170 2404 4238 rarejuniorem
2441 4169 2683 4242 linguam
2706 4173 2875 4243 exigit
2896 4180 2950 4226 et
2972 4188 3094 4242 qua:
3117 4173 3456 4228 examinabit
3486 4187 3575 4227 res

1992 4273 2284 4334 antequam
2317 4279 2411 4320 eas
2454 4265 2509 4319 in
2538 4265 2776 4320 medium
2809 4263 3070 4336 proferet.
3093 4265 3367 4332 Quantum
3398 4266 3578 4334 perdi—

1992 4359 2175 4414 dimus
2208 4357 2262 4411 in
2295 4364 2574 4412 senectute
2597 4366 2804 4413 tantum
2825 4358 3396 4428 repetimus,scilicet,
3435 4357 3580 4412 sicut

1995 4447 2166 4504 David
2209 4447 2462 4504 meminit
2497 4448 2564 4504 de
2597 4447 2726 4503 Uria
2759 4456 2811 4503 ct
2854 4464 3024 4503 uxore
3062 4464 3344 4518 peccasse,
3397 4449 3576 4504 virum

312 4531 428 4581 τες,
460 4516 568 4579 ὅτι,
619 4517 780 4570 ὁποῖά
827 4537 910 4582 τις
956 4519 1118 4574 Δαυῒδ
1155 4524 1546 4595 μεμελετηκὼς
1571 4527 1881 4597 ἀπεκϐῆναι

2000 4543 2405 4612 imperatorem,
2453 4542 2702 4597 Alexium
2750 4541 3162 4612 praecipitasse,
3211 4541 3334 4596 vita}
3383 4543 3578 4596 termi-

313 4607 372 4658 ἐν
411 4625 480 4675 γε
522 4609 602 4678 τῷ
651 4611 799 4664 κατὰ
855 4613 946 4665 τὸν
978 4616 1186 4685 Οὐρίαν
1229 4616 1323 4668 καὶ
1355 4611 1455 4687 τὴν
1493 4619 1765 4690 γαμετὴν,
1799 4621 1892 4676 τὸν

2000 4649 2121 4686 num
2157 4633 2410 4705 posuisse
2440 4634 2747 4703 deindcque
2775 4635 2973 4704 abysso
3004 4633 3174 4688 maris
3207 4631 3577 4700 commisisse,

318 4699 418 4765 μὲν
466 4699 640 4770 ἄνδρα
681 4702 930 4770 βασιλέα,
978 4705 1071 4757 τὸν
1110 4706 1369 4770 Ἀλέξων,
1407 4711 1701 4779 προῖόωττει
1739 4713 1892 4766 κάτω

313 4792 691 4858 παραστειλας
723 4793 818 4846 τοῦ
853 4797 975 4865 ζῇν,
1019 4793 1140 4850 εἷτα
1171 4800 1265 4850 καὶ
1295 4799 1445 4869 βυθῷ
1492 4801 1771 4873 θαλάσσης
1803 4821 1892 4856 πι-

316 4881 571 4946 στεύσας,
606 4885 752 4938 καθά
777 4887 924 4950 τινές
955 4904 1142 4956 φασιν,
1179 4891 1254 4953 ὼς
1281 4893 1381 4944 οὐκ
1423 4892 1490 4945 ἂν
1522 4893 1635 4961 ἐγὼ
1663 4896 1892 4966 ἀνακρί-

317 4989 494 5044 ναιμι,
551 4977 808 5046 καθάπαξ
852 4981 1262 5052 ἁπεστυγηκὼς
1311 4986 1412 5054 τὴν
1439 4987 1655 5058 φαύλην
1684 4991 1890 5061 ταύτην

316 5069 662 5136 περίστασιν.
699 5072 812 5124 Καὶ
839 5073 1050 5136 ἐκεῖνος
1075 5076 1177 5146 μὲν
1205 5075 1348 5130 οὕτω
1388 5078 1481 5130 τὸν
1523 5081 1694 5134 παῖδα
1735 5083 1886 5152 βασι-

311 5154 408 5210 λέα
437 5160 813 5228 συνέστειλεν,
866 5165 916 5216 εί
950 5168 1044 5220 καὶ
1090 5167 1240 5235 λόγοι
1285 5169 1434 5232 τινὲς
1483 5169 1710 5241 ὕστερον
1741 5172 1889 5244 ζωὴν

310 5247 518 5301 ἐκείνου
561 5253 994 5322 κατεψεύσαντο·
1044 5259 1126 5320 είς
1170 5258 1198 5311 ὃ
1231 5259 1444 5324 παίζων
1477 5262 1506 5313 ὁ
1547 5262 1889 5334 Ἀνδρόνικος

311 5337 604 5412 ὲξελάλησέ
635 5358 688 5395 τι
720 5344 910 5414 δριμῦο
943 5346 1002 5411 ὃς
1038 5348 1278 5411 ἀκούσας
1311 5355 1439 5420 περί
1475 5368 1578 5404 που
1627 5353 1696 5406 τὰ
1736 5356 1884 5410 κατὰ

313 5429 566 5484 Σικελίαν
598 5436 962 5503 τημελείσθαι
1007 5440 1100 5493 τον
1145 5439 1380 5505 Ἀλέξιον
1433 5442 1753 5512 βασιλικῶς,
1785 5447 1884 5516 ἡδὺ

309 5521 566 5586 γελάσας,
593 5519 672 5577 Ἦ
710 5526 797 5598 δὴ,
819 5556 832 5570 ο
853 5528 958 5600 ἔφη
985 5567 999 5593 ,
1035 5531 1260 5602 ἄριστος
1309 5533 1688 5608 κολυμϐητὴς,
1723 5539 1885 5610 εῐπερ

308 5613 362 5664 ιν
397 5615 975 5675 Κωνσταντινουπόλει
1009 5625 1499 5698 κατακυόιστήσας
1534 5630 1617 5692 είς
1657 5629 1885 5700 βαθεῖαν

310 5703 604 5796 θάλασσαν,
639 5713 907 5769 ἀπνευστὶ
949 5715 1155 5782 διεξέδυ
1192 5719 1322 5790 περὶ
1377 5719 1470 5775 τὸν
1509 5722 1688 5776 ἐκεῖσε
1746 5740 1885 5796 πορ-

309 5795 465 5869 θμόν.
1177 5813 1183 5819 ’

1988 4725 2144 4795 juxta
2197 4728 2499 4799 quosdam,
2545 4729 2687 4783 sicut
2725 4744 2822 4782 nos
2867 4743 2972 4781 non
3003 4726 3580 4795 judicabimus,hanc

1992 4820 2240 4877 odiosam
2285 4822 2763 4877 circumstantiam
2803 4822 2856 4880 in
2899 4827 3227 4892 perpetuum
3262 4830 3578 4878 horrentes.

1992 4913 2258 4985 llancque
2285 4917 2376 4970 ille
2410 4932 2577 4985 puero
2607 4917 2925 4986 imperatori
2953 4919 3294 4986 sepulturam
3327 4915 3578 4979 donavit,

1990 5007 2094 5063 etsi
2129 5019 2312 5078 postea
2347 5008 2498 5062 illum
2529 5009 2711 5063 vivere
2754 5008 2894 5063 falso
2935 5009 3168 5081 quidam
3201 5010 3468 5066 dixerint.
3517 5007 3578 5063 lu

1990 5117 2100 5169 quo
2139 5103 2404 5156 cavillans
2433 5102 2782 5159 Andronicus
2830 5104 3050 5158 crudele
3099 5103 3304 5174 aliquid
3377 5115 3581 5158 temere

1991 5194 2152 5250 dixit.
2200 5196 2334 5250 Cum
2391 5197 2664 5254 audiissct
2719 5199 2771 5252 in
2825 5197 3061 5268 quodam
3116 5199 3236 5254 loco
3281 5199 3336 5252 in
3387 5193 3577 5253 Sicilia

1991 5287 2349 5356 imperatorio
2383 5289 2594 5345 honore
2625 5299 2905 5360 receptum
2936 5290 3109 5346 fuisse
3142 5292 3418 5358 Alexium,
3456 5291 3578 5344 laete

1991 5383 2156 5436 risit:
2209 5379 2505 5450 Equidem,
2556 5383 2661 5447 ait,
2707 5387 2958 5438 urinator
3008 5385 3254 5455 Optimus
3300 5392 3406 5447 est,
3448 5399 3574 5437 cum
3639 5407 3650 5415 ι

1989 5473 2467 5547 Constantinopoli
2521 5477 2575 5530 in
2635 5477 2967 5547 profundum
3021 5492 3172 5534 mare
3221 5493 3465 5562 mersus,
3517 5475 3574 5531 in

1990 5567 2136 5626 hunc
2169 5577 2390 5646 portum
2419 5585 2526 5626 uno
2557 5580 2744 5628 tenore
2777 5572 3102 5642 pernatavit.
