3906 6566
413 429 475 495 511
1089 427 1513 492 EUSTATHII
1552 425 2316 492 THESSALONICENSIS
2359 433 2416 493 Μ
2427 431 2928 492 ΕΤΠΟΡΟΠΤΑΞ
3601 434 3674 496 52

480 542 572 598 M.
627 538 761 596 Viro
815 540 1007 596 Alexio
1056 541 1138 595 sic
1177 544 1434 609 expulso,
1481 541 1626 614 apud
1681 556 1742 597 se
1785 538 1992 608 recepit

2169 539 2272 610 μδ¹.
2332 541 2654 604 Ἀποικίσας
2713 542 2771 594 δὲ
2832 541 2976 595 οὕτω
3024 540 3118 595 τὸν
3166 541 3337 614 ἄνδρα
3407 541 3675 610 Ἀλέξιον.

407 651 664 702 uxorem,
694 635 832 689 heu!
863 634 1219 703 etiam'hujus
1250 635 1374 688 mali
1407 643 1648 689 teneram
1675 634 1862 697 ﬁliam,
1889 631 1993 686 hoc

408 729 819 788 matrimonium
876 729 1020 797 regis
1067 725 1310 781 Franci-ae
1365 727 1780 792 horrentem,ut
1821 724 1995 779 refer-

411 829 519 876 tur.
584 817 703 874 iam
751 818 896 871 enim
961 817 1214 885 superbia
1251 825 1488 880 tumens,
1537 815 1785 882 aliasque
1823 827 1992 880 expe-

410 912 508 968 tita
557 910 625 964 ab
658 909 866 963 amasio
896 907 1136 961 maxime
1177 905 1368 974 polito,
1415 903 1575 958 istius
1619 903 1763 957 feros
1806 915 1991 955 mores

407 1001 809 1060 detestabatur.
860 996 1172 1067 Aliquando
1223 995 1278 1049 in
1323 997 1530 1049 somnis
1558 993 1855 1063 dejuvene
1903 1005 1993 1044 so-

406 1094 649 1150 mniasse
672 1107 789 1146 eam
816 1090 1083 1154 referunt,
1108 1096 1182 1153 et,
1203 1087 1248 1144 Ο
1275 1087 1452 1152 Alexi,
1483 1087 1841 1149 exclamasse;
1869 1098 1991 1154 quae

405 1201 570 1258 passa
610 1184 797 1252 fuerit,
833 1185 954 1253 ipsa
985 1182 1160 1237 novit.

476 1364 566 1420 45.
620 1364 703 1419 Ad
763 1363 952 1419 vitium
1013 1361 1225 1417 modice
1292 1374 1544 1430 pronus,
1610 1359 1986 1428 operabatur,

405 1455 679 1525 siquidem
738 1470 864 1511 cum
899 1454 980 1509 ad-
1016 1454 1188 1509 istum
1228 1451 1460 1523 gradum
1517 1451 1834 1522 iniquitatis
1867 1466 1992 1521 per-

404 1549 666 1615 venisset,
697 1547 1002 1602 cessaverit
1033 1553 1090 1600 et
1115 1559 1418 1598 conversus
1451 1543 1524 1597 sit
1551 1543 1605 1597 in
1641 1556 1833 1598 verum
1889 1541 1992 1599 ho-

403 1639 644 1705 minem,
691 1648 746 1695 et
794 1637 1018 1708 regnum
1057 1651 1353 1708 aggressus
1395 1636 1502 1692 sibi
1558 1649 1815 1705 magnam
1867 1648 1992 1688 mo-

404 1730 621 1787 lestiam
668 1727 980 1784 attraxerit.
1019 1728 1116 1783 llle
1161 1739 1341 1783 autem
1376 1728 1429 1781 in
1465 1741 1684 1781 morum
1713 1724 1988 1780 feritatem

405 1826 677 1896 relapsus,
701 1833 968 1879 terrorem
1033 1823 1291 1877 omnibus
1338 1821 1652 1874 meditatur.
1680 1819 1842 1874 Pater
1870 1819 1992 1887 ejus

294 1906 300 1913 ’
403 1917 500 1988 qui
547 1917 696 1972 mitis
760 1925 901 1983 erat,
927 1916 982 1970 in
1029 1916 1270 1970 furorem
1337 1915 1738 1970 intolerabilem
1774 1913 1987 1970 incidit.

407 2007 501 2065 Sic
530 2016 712 2065 autem
761 2024 929 2079 parva
969 2009 1112 2062 mala
1157 2008 1511 2078 operabatur,
1553 2007 1772 2077 quando
1813 2006 1990 2061 Alexii

407 2099 762 2170 imperatoris
796 2099 1030 2156 salutem
1082 2099 1440 2168 praetexebat,
1485 2113 1583 2168 pro
1619 2099 1736 2154 suis
1781 2112 1991 2167 proque

404 2206 593 2260 puero
618 2189 828 2246 Joanne
873 2190 1110 2261 satagit;
1167 2200 1328 2260 atque
1379 2191 1434 2244 in
1492 2198 1605 2244 tam
1657 2190 1823 2244 altam
1891 2203 1991 2246 co-

403 2283 652 2338 lumnam
697 2283 874 2338 erexit
923 2283 1200 2350 furorem,
1252 2292 1309 2336 ut
1347 2282 1587 2337 Joannes
1643 2283 1759 2352 ipse
1809 2284 1993 2353 suspi-

404 2373 562 2430 ciens
597 2375 869 2445 vertigine
907 2375 997 2431 die
1032 2375 1271 2446 quadam
1325 2374 1490 2429 fuerit
1521 2383 1832 2446 correptus.
1881 2373 1992 2430 Re-

403 2467 610 2524 velavit
657 2483 793 2540 ergo
832 2469 926 2522 ille
971 2469 1091 2537 ipse
1137 2468 1375 2538 quadam
1427 2469 1516 2523 die
1552 2467 1693 2537 patri
1742 2468 1989 2522 dolorem

406 2561 610 2616 mentis
651 2576 805 2625 sure,
852 2560 1264 2630 declaravitque
1297 2575 1358 2615 se
1407 2575 1504 2628 pro
1545 2559 1728 2615 futuro
1772 2561 1992 2626 timere,

405 2653 475 2708 de
497 2653 701 2724 quibus
719 2668 867 2708 nunc
895 2654 952 2708 in
1015 2667 1211 2724 magna
1242 2651 1440 2708 fiducia
1466 2661 1783 2707 versaretur
1805 2661 1990 2722 pater;

407 2745 670 2814 l'ugetque
715 2745 977 2811 mollius,
1021 2757 1124 2798 nec
1166 2755 1330 2800 vexat
1369 2753 1580 2814 patrem
1634 2753 1692 2798 ut
1738 2743 1792 2796 in
1837 2741 1993 2797 malis

404 2835 643 2889 viriliter
659 2843 783 2906 agat
807 2834 1190 2905 terribiliaque
1212 2834 1440 2890 consilia
1463 2848 1648 2890 secum
1676 2831 1990 2888 meditetur.

405 2926 653 2998 ideoque
707 2941 842 2982 voce
895 2927 1219 2999 prophetica
1284 2925 1391 2982 hoc
1453 2926 1746 2997 pulchrum
1805 2925 1991 2981 consi-

407 3017 548 3078 lium
598 3019 876 3090 aperiens,
912 3019 1174 3076 mulieres
1219 3034 1284 3074 ac
1337 3017 1480 3074 filios
1523 3018 1838 3088 coiiipellat,
1874 3032 1991 3071 am-

405 3111 651 3182 plectens
678 3126 903 3182 quoque
931 3113 1111 3182 ipsum
1142 3112 1481 3176 Manuelem,
1511 3111 1710 3166 deinde
1742 3127 1865 3166 cum
1893 3112 1993 3164 im-

2095 631 2449 697 είσοικίζεται
2500 634 2601 704 τὴν
2649 634 2798 704 αὐτῷ
2845 635 3112 703 μνηστὴν,
3143 634 3189 687 ὣ
3217 636 3310 688 καὶ
3341 635 3554 689 ἐκείνου
3581 654 3678 690 κα-

2095 725 2192 778 κοῦ
2222 726 2441 780 νεάνιδα.
2497 725 2798 796 θυγατέρα,
2858 725 2953 778 τοῦ
3008 729 3109 792 τῆς
3146 726 3430 796 Φραγγίας
3477 727 3674 798 ρηγδς,

2091 817 2360 871 όκνούσαν
2393 819 2517 888 μὲν,
2561 820 2636 882 ὡς
2696 819 3042 890 περιάδεται,
3081 819 3182 890 τὴν
3219 823 3488 890 συναφὴν.
3530 820 3672 888 Ἤδη

2091 909 2203 977 γάρ
2235 911 2330 962 xal
2370 910 2587 980 φρενῶν
2619 910 3037 980 ὑπεπίμπλατοο
3071 911 3168 964 καὶ
3197 911 3584 980 πεπειραμένη
3616 910 3673 964 δὲ

2093 1000 2272 1064 ἄλλως
2322 1001 2602 1072 λειότητος
2657 1002 2891 1074 ἐραστοῦ
2945 1003 3034 1056 τὸν
3087 1003 3294 1071 τραχὺν
3339 1003 3672 1070 ἀπέστεργε.

2093 1093 2202 1146 Καί
2243 1110 2396 1159 ποτε,
2426 1096 2582 1162 φασὶ,
2615 1095 2740 1151 καθ’
2770 1095 2972 1158 ὕπνους
3004 1095 3392 1164 φαντασαμένη
3431 1095 3523 1147 τὸν
3550 1113 3677 1147 νεα-

2093 1183 2234 1247 νίαν,
2267 1184 2386 1250 καὶ,
2417 1180 2489 1238 Ὦ
2533 1185 2770 1252 Ἀλέξιε,
2797 1187 3184 1257 ἀνακράξασα,
3211 1180 3300 1241 οἶα
3330 1184 3557 1251 ἐπαθεν,
3588 1180 3672 1238 οϊ-

2092 1273 2183 1327 δεν
2214 1277 2381 1344 αὐτή.

2169 1377 2275 1440 με’.
2321 1371 2430 1423 Kal
2455 1365 2526 1441 ἦν
2563 1370 2662 1441 μὲν
2693 1371 2826 1434 ἴσως
2869 1373 3090 1442 μέτριος
3126 1371 3227 1442 τὴν
3252 1371 3477 1437 κακίαν,
3511 1371 3674 1440 εἴπερ

2093 1462 2331 1517 ἐνταῦθα
2357 1462 2532 1517 ἐλθὼν
2561 1463 2922 1533 ἀδικήματος,
2949 1465 3109 1534 ἔληξε
3138 1465 3231 1518 καὶ
3255 1465 3500 1536 ἐστράφη
3533 1466 3674 1536 πρὸς

2091 1555 2185 1610 τδν
2217 1557 2438 1626 άληθῶς
2473 1555 2788 1627 ἄνθρωπον,
2822 1558 3096 1627 ἀδικήσας
3126 1559 3208 1621 είς
3241 1558 3544 1627 βασιλείαν,
3577 1560 3675 1612 καὶ

2095 1648 2338 1718 μεγάλου
2388 1649 2570 1720 τυχὼν
2602 1650 2950 1720 πράγματος·
2989 1652 3016 1704 6
3043 1652 3088 1704 δ’
3138 1651 3277 1706 ἀλλὰ
3306 1652 3444 1724 πρὸς
3473 1649 3672 1715 δεινὸν,

2097 1741 2242 1812 μέγα
2281 1743 2689 1809 μεταπλασθεὶς
2739 1745 2805 1814 τῇ
2853 1743 3140 1816 θηριωδίᾳ,
3170 1744 3232 1797 rb
3270 1745 3416 1799 κατά
3450 1747 3676 1798 πάντων

2093 1833 2330 1902 «ροσερδν
2385 1835 2864 1903 πραγματεύεται.
2919 1835 3032 1888 Καὶ
3087 1836 3282 1906 ἀφίησι
3327 1835 3426 1906 μὲν
3480 1835 3670 1908 πατὴρ

2092 1927 2170 1991 ὣς
2221 1929 2384 1998 ἤπιος
2424 1923 2604 1992 εἶναι,
2663 1928 3008 1997 ἀνθαιρεῖται
3059 1928 3119 1982 δέ
3161 1929 3446 1998 μαίνεσθαι
3493 1928 3676 1985 oi-xér’

2093 2019 2363 2083 ἀνεκτῶς.
2411 2019 2522 2073 Kal
2578 2020 2655 2080 ὡς
2711 2021 2870 2089 εἴπερ
2907 2020 3082 2090 μικρὰ
3143 2020 3321 2074 ἐποίει
3369 2019 3543 2088 κακὰ,
3587 2020 3676 2074 ὅτε

2093 2110 2368 2180 πρόφασιν
2401 2107 2515 2179 εἶχε
2549 2109 2647 2180 τὴν
2671 2109 2766 2164 τοῦ
2802 2109 3070 2180 βασιλέως
3111 2110 3348 2164 Ἀλεξίου
3381 2112 3680 2184 περιποίη-

2098 2219 2207 2269 σιν,
2247 2201 2715 2267 πολλαπλασιάζει
2753 2202 2822 2256 τά
2855 2203 2996 2274 ὑπὲρ
3031 2204 3226 2258 ἑαυτοῦ
3264 2205 3362 2258 καὶ
3406 2203 3505 2258 τοῦ
3546 2221 3679 2259 παι-

2092 2294 2180 2358 δὸς
2222 2295 2495 2348 Ἰωάννου’
2526 2297 2622 2350 καὶ
2655 2296 2735 2357 είς
2767 2296 2942 2359 οὕτως
2969 2296 3218 2351 ἄποπτον
3241 2299 3551 2369 ἐκκορυφοῖ
3583 2299 3678 2352 τδν

2092 2391 2193 2460 τῆς
2240 2391 2439 2461 μανίας
2469 2391 2727 2457 κολωνὸν,
2771 2392 2848 2458 ὡς
2891 2394 2986 2448 καὶ
3026 2394 3120 2448 τὸν
3156 2395 3412 2466 Ἰωάννην
3442 2395 3680 2451 ἀναϐλέ-

2093 2481 2274 2550 ψαντά
2307 2499 2440 2535 ποτε
2479 2483 2674 2536 παθεῖν
2704 2483 2935 2552 ἴλιγγον.
2975 2485 3083 2538 Kal
3115 2484 3296 2538 τοίνυν
3327 2484 3422 2539 καὶ
3472 2485 3679 2562 ἀνεκάτ

2093 2574 2228 2644 λυψέ
2261 2593 2391 2628 ποτε
2432 2574 2510 2644 τῷ
2563 2577 2735 2646 πατρὶ
2795 2577 2891 2631 καὶ
2945 2579 3157 2641 ἐκείνος
3203 2577 3265 2631 τὸ
3315 2578 3458 2633 κατὰ
3487 2579 3675 2648 ψυχὴν

2096 2667 2294 2730 πάθος,
2337 2667 2434 2721 καὶ
2457 2666 2630 2733 ἔδειξε
2660 2669 2823 2734 φόϐον
2849 2669 2995 2739 ἔχειν
3023 2672 3103 2734 είς
3134 2670 3196 2724 τὸ
3231 2671 3448 2741 μέλλον,
3473 2673 3566 2740 ἐφ’
3595 2667 3679 2733 οἷς

2102 2761 2130 2814 ό
2161 2762 2348 2830 πατὴρ
2381 2759 2510 2830 ἄρτι
2548 2759 2902 2826 θρασύνεται.
2941 2763 3053 2816 Kal
3079 2761 3371 2816 ὑποκλαίει
3405 2764 3504 2833 μὲν
3542 2763 3679 2834 μαλ-

2095 2851 2410 2922 θακώτερον
2437 2891 2452 2914 ,
2499 2853 2600 2907 οὑκ
2651 2854 2942 2907 ἀποκναίει
2981 2855 3038 2908 δέ
3085 2855 3178 2909 τὸν
3217 2856 3432 2928 πατέρα
3467 2855 3566 2910 τοῦ
3618 2859 3678 2910 ἐν

2093 2947 2287 3008 κακοῖς
2336 2944 2689 3016 ἀνδρίζεσθαι
2735 2946 2828 2998 καὶ
2865 2946 3014 3000 δεινά
3058 2946 3372 3017 βούλεσθαι.
3431 2948 3526 3002 Διὸ
3584 2948 3677 3001 καὶ

2096 3039 2507 3108 προαναφωνῶν
2536 3040 2596 3092 τὸ
2628 3038 2796 3092 καλὸν
2821 3040 3033 3103 ἐκεῖνος
3068 3039 3367 3110 βούλευμα,
3401 3023 3673 3108 γυναῖκάς

2093 3147 2150 3181 τε
2181 3132 2309 3192 τοὺς
2343 3132 2495 3195 uici);
2536 3132 2811 3202 προσέφη.
2844 3131 3147 3198 ἐπιπλέξας
3187 3131 3428 3186 ἐνταῦθα
3455 3133 3556 3186 καὶ
3586 3134 3676 3185 τὶν

408 3205 724 3276 precatione
765 3206 1055 3275 promittit,
1091 3219 1161 3259 ne
1203 3213 1394 3274 postea
1433 3205 1586 3261 locus
1627 3205 1789 3260 detur
1819 3204 1992 3258 ambi-

2099 3221 2376 3292 Μανουήλ·
2415 3224 2508 3277 καὶ
2561 3225 2837 3293 ἐπαρᾶται
2875 3225 2948 3296 μὴ
2972 3223 3038 3278 ἂν
3073 3227 3154 3289 είς
3190 3225 3341 3291 ἄξιον
3370 3225 3549 3278 ἐλθεῖν
3581 3224 3674 3277 τοῦ

410 3297 543 3353 tioni
576 3314 591 3363 ;
625 3297 750 3352 illos
795 3297 945 3353 solos
1017 3297 1233 3353 futuros
1294 3313 1418 3354 esse
1469 3313 1724 3368 magnos,
1774 3305 1992 3352 mortuo

413 3399 608 3456 patre;
674 3388 1159 3460 pastinatoresqne
1209 3389 1316 3461 (ut
1377 3390 1519 3445 sicut
1544 3391 1662 3460 ipse
1725 3387 1987 3461 loquar),

408 3481 691 3551 pistores,
758 3483 1153 3554 unguentarios
1228 3492 1394 3554 atque
1455 3483 1769 3553 hujusmodi
1827 3497 1996 3550 gene-

408 3575 488 3631 ris
509 3575 868 3630 dimissurum
901 3590 960 3631 se
988 3589 1111 3631 esse
1151 3575 1478 3646 iactitabat,
1505 3591 1646 3646 quos
1689 3575 1794 3646 ipsi
1841 3575 1994 3630 dein-

409 3687 544 3742 ceps
579 3672 922 3743 imperaturi,
957 3687 1106 3727 nunc
1141 3671 1279 3726 forte
1315 3672 1543 3739 timent;
1579 3673 1735 3727 valde
1765 3672 1994 3726 extolle-

411 3766 504 3820 bat
533 3762 661 3820 flliis
702 3761 1022 3832 dignitatem
1059 3763 1430 3834 imperatoris,
1459 3773 1514 3816 ut
1548 3762 1809 3829 libentius
1842 3760 1993 3832 parvi

410 3859 771 3927 imperatores
789 3856 1004 3922 fierent,
1033 3857 1190 3928 quasi
1223 3856 1501 3926 gigantum
1529 3870 1694 3926 regno
1722 3855 1991 3923 spolians,

409 3950 687 4006 consolari
753 3950 1040 4018 voluisset,
1102 3949 1398 4022 imperium
1455 3950 1833 4022 Pygmworum
1879 3947 1990 4000 illis

411 4046 764 4116 promittens.

478 4231 571 4290 46.
595 4231 683 4289 Fit
713 4245 844 4305 ergo
875 4231 1044 4286 homo
1063 4229 1184 4300 plus
1217 4242 1382 4298 quam
1406 4225 1766 4290 inhumanus,
1791 4238 1856 4280 ex
1883 4237 1993 4293 quo

412 4325 588 4383 feram
651 4325 849 4381 induit.
920 4323 1234 4380 Conventus
1282 4321 1372 4392 qui
1431 4319 1585 4374 illum
1652 4308 1992 4392 ndnhjuva-

410 4422 545 4476 bant
604 4418 670 4474 ad
721 4415 1048 4473 ﬁrmandum
1096 4414 1415 4486 imperium,
1457 4411 1546 4466 ubi
1595 4418 1675 4465 tot
1748 4418 1803 4465 et
1854 4409 1990 4464 tales

411 4512 635 4586 quidem
689 4511 997 4567 adducebat
1035 4525 1239 4579 eosque
1273 4508 1570 4580 plurimos,
1599 4505 1740 4562 alios
1781 4519 1913 4560 vero
1961 4520 1992 4560 e

415 4607 592 4663 medio
632 4605 743 4662 alio
793 4603 1201 4668 transferebat,
1251 4603 1689 4671 innumerosque
1725 4599 1866 4654 alios
1911 4597 1992 4655 sic

414 4697 765 4768 proﬁciebat,
797 4695 1098 4750 ordinatim
1157 4690 1706 4764 comprehendendo,
1768 4687 1879 4746 non
1925 4689 1996 4743 ob

407 4796 579 4846 talem
623 4805 877 4854 causam,
911 4788 1006 4845 sed
1087 4797 1374 4859 prepterea
1408 4786 1552 4856 quod
1589 4785 1664 4840 illi
1701 4785 1998 4856 placuisset

415 4885 566 4954 ipsos
626 4884 833 4951 vivere,
878 4884 996 4952 ipse
1037 4881 1195 4938 solus
1246 4881 1413 4935 homo
1463 4881 1737 4936 exsistere
1783 4881 2001 4938 deside-

416 4992 565 5043 rans,
586 4987 810 5049 propter
830 4976 1172 5046 suspiciones
1204 4974 1376 5030 malas
1413 4986 1625 5030 natura;
1652 4975 1758 5031 alte
1781 4975 1997 5042 insitas,

413 5070 616 5140 quibus
653 5068 876 5124 dolosus
910 5083 1122 5137 semper
1176 5067 1356 5122 fuerat
1415 5070 1470 5122 in
1524 5069 1645 5126 illos
1704 5070 1796 5140 qui
1834 5084 2001 5139 supra

416 5177 477 5216 se
509 5170 706 5227 erant;
753 5161 896 5215 unde
925 5175 1117 5214 omnes
1155 5161 1518 5230 imperatores
1551 5176 1738 5218 secum
1772 5177 2000 5232 compa-

419 5251 593 5309 rando
614 5251 918 5321 judicabat.
951 5249 1061 5306 Nec
1083 5250 1210 5305 dico
1240 5251 1645 5306 multitudinem
1676 5267 1869 5307 eorum
1905 5251 2000 5320 qui

419 5343 569 5416 passi
602 5351 752 5409 sunt;
787 5359 893 5398 non
930 5342 996 5397 de
1022 5342 1250 5414 singulis
1271 5343 1466 5410 refero;
1493 5361 1598 5400 non
1632 5360 1846 5416 expono
1865 5359 2004 5415 quas

422 5443 612 5488 contra
643 5433 769 5488 illos
801 5433 1238 5490 machinationes
1261 5445 1626 5505 conceperat;
1677 5452 1779 5492 nec.
1814 5437 2005 5491 modos

423 5537 527 5581 nec
558 5525 676 5580 loca
723 5525 904 5580 refero
948 5525 1106 5595 juxta
1149 5543 1270 5597 qua:
1321 5544 1383 5583 ac
1416 5529 1692 5597 quomodo
1731 5537 2000 5583 tentatum

428 5619 592 5672 fuerit
644 5619 872 5684 malum,
917 5620 1051 5674 nihil
1099 5621 1416 5690 huiusmodi
1450 5623 1711 5692 amplius,
1747 5638 1816 5677 ne
1844 5623 2006 5677 taedio

431 5711 726 5767 fastidiam.
751 5711 882 5767 Illud
939 5729 1108 5766 unum
1153 5715 1299 5778 dico,
1335 5731 1461 5769 eum
1521 5715 1852 5770 exeelluisse
1911 5731 2004 5770 ve-

433 5819 555 5859 rum
605 5803 840 5859 dicendo
893 5805 962 5860 de
1000 5805 1466 5875 promissionibus
1517 5806 1643 5862 ﬁliis
1671 5803 1837 5862 datis.
1887 5804 2005 5861 Non

436 5897 582 5955 enim
614 5898 794 5973 multo
810 5909 931 5970 post
973 5914 1166 5970 parum
1199 5899 1374 5956 abfuit
1413 5901 1550 5971 quin
1592 5901 1871 5972 praeclaris
1905 5900 2006 5955 ho-

2095 3315 2269 3384 ησυχῆ
2305 3314 2518 3386 ζήσειν,
2572 3318 2900 3386 μεγαλείους
2955 3317 3152 3388 μόνους
3197 3318 3440 3381 ἐκείνους
3483 3317 3677 3386 ἐσομέ-

2095 3425 2243 3472 νους,
2282 3409 2421 3463 ἐπὰν
2459 3411 2486 3463 ό
2519 3411 2704 3481 πατὴρ
2743 3411 2918 3466 θάνοι.
2959 3411 3069 3464 Καὶ
3111 3410 3416 3480 κομπάζει,
3459 3410 3674 3480 μακελ-

2095 3499 2320 3569 λαρίους
2361 3502 2560 3570 (είπείν
2622 3503 2762 3556 κατ’
2798 3503 3029 3574 ἐκεῖνον)
3079 3504 3177 3557 καὶ
3236 3503 3520 3574 μάγγιπας
3579 3503 3674 3557 καὶ

2099 3599 2288 3666 μύρων
2346 3596 2556 3666 ἐψητάς
2618 3597 2839 3664 μέλλειν
2898 3597 3133 3666 ἀφήσειν
3199 3601 3512 3668 περιεῖναι,
3577 3599 3675 3652 καὶ

2094 3688 2336 3742 τοιούσδε
2369 3690 2559 3752 τινάς,
2597 3685 2673 3743 ὧν
2727 3690 2884 3742 αὐτοὶ
2949 3689 3212 3760 ἄρξοντες
3265 3689 3513 3759 ὕστερον,
3549 3690 3673 3759 εἰκῆ

2095 3781 2221 3851 ἄρτι
2255 3779 2608 3834 δειλαίνονται
2636 3793 2651 3809 °
2710 3779 2923 3850 μεγάλα
2981 3780 3262 3850 σεμνύνων
3303 3783 3512 3843 ἐκεῖνος
3565 3781 3668 3848 τὴν

2097 3871 2376 3941 βασιλείαν
2408 3875 2524 3935 τοῖς
2558 3873 2776 3940 παισὶν,
2807 3874 2856 3927 ει
2901 3873 3045 3927 οὕτω
3075 3873 3492 3943 μικροόασιλεῐς
3531 3873 3673 3927 ἀπο-

2096 3965 2382 4034 δήσονται,
2427 3967 2618 4036 ὅμοιον
2669 3967 2746 4031 ὡς
2788 3967 2837 4021 εἰ
2889 3966 2984 4020 καὶ
3016 3965 3292 4035 γιγάντων
3341 3965 3673 4034 ἀποστερῶν

2094 4056 2270 4112 ἐθέλοι
2305 4057 2779 4129 παραμυθεῖσθαι,
2813 4052 2895 4124 οἷς
2930 4059 3232 4130 Πυγμαίων
3258 4058 3448 4129 ἄρξειν
3471 4058 3674 4123 αὐτοὺς

2093 4150 2404 4220 ὑπόσχοιτο.

2141 4239 2291 4325 κμςκ
2329 4241 2544 4296 Γίνεται
2568 4242 2663 4296 οὖν
2696 4243 2725 4296 6
2753 4241 3043 4314 ἄνθρωπος
3067 4242 3160 4296 ἐπὶ
3189 4242 3353 4298 πλέον
3377 4243 3673 4314 ἀπάνθρω-

2099 4350 2221 4398 πος,
2247 4332 2338 4387 τὸν
2366 4333 2510 4404 θῆρα
2549 4333 3038 4404 μετενδυσάμενος.
3079 4336 3189 4390 Kal
3229 4330 3318 4389 οἷα
3359 4334 3435 4406 μὴ
3467 4334 3675 4406 ἀρκοῦν

2098 4425 2247 4495 αὐτῷ
2284 4426 2590 4496 στερεῶσαι
2631 4424 2936 4496 βασιλείαν,
2964 4427 3013 4480 εί
3047 4426 3340 4491 τοσούτους
3363 4427 3458 4482 καὶ
3495 4427 3672 4480 ’τοιού⁸

2025 4551 2070 4608 D
2097 4533 2223 4580 τους
2260 4516 2516 4586 λογάδας,
2549 4517 2677 4582 τοὺς
2712 4517 2811 4588 μὲν
2832 4518 3122 4588 ἀπήγαγεν
3150 4520 3228 4582 είς
3247 4520 3375 4583 τοὺς
3397 4517 3672 4584 πλείονας,

2100 4611 2226 4674 τοὺς
2261 4611 2307 4664 δ’
2335 4610 2512 4673 ἄλλως
2542 4611 2608 4664 ἐκ
2639 4611 2810 4680 μέσου
2839 4611 3059 4682 ἔστησε,
3092 4610 3676 4682 προσεπικατασάλλει

2099 4703 2193 4756 καὶ
2219 4701 2415 4764 ἄλλους
2445 4699 2672 4772 μυρίους
2701 4700 2882 4764 ὅσους,
2919 4701 3186 4771 μάρπτων
3217 4698 3420 4770 ἑξείης,
3449 4699 3510 4753 οὗ
3532 4698 3677 4752 κατὰ

2100 4794 2283 4849 αἰτίαν
2317 4792 2507 4860 οὖσαν,
2561 4792 2680 4846 ἀλλ’
2715 4793 2907 4854 ὁποίας
2968 4792 3224 4848 πλάσαιτ¹
3267 4793 3336 4848 ἂν
3369 4793 3510 4847 κατά
3541 4792 3678 4854 ζών-

2101 4903 2232 4951 των,
2282 4883 2570 4952 ἄνθρωπος
2600 4882 2760 4946 αὐτὸς
2819 4883 2980 4954 μόνος
3035 4884 3321 4954 ἐφιέμενος
3357 4883 3459 4954 ζῇν
3503 4884 3594 4938 διά
3617 4883 3679 4936 τὺ

2103 4977 2265 5046 φύσει
2297 4973 2672 5045 καχύποπτον,
2704 4974 2734 5028 ὃ
2774 4976 2990 5043 παγίως
3023 4975 3172 5045 αὐτῷ
3216 4974 3563 5046 ἐνερῥίζωτο.
3597 4969 3679 5036 οἷς

2097 5067 2243 5137 ἀὗτὴ
2299 5068 2386 5122 ἀεὶ
2419 5065 2624 5120 ἐδολίου
2674 5067 2814 5120 κατά
2865 5066 2972 5121 τῶν
3011 5066 3119 5138 πρὸ
3152 5066 3346 5121 αὑτοῦ·
3389 5067 3514 5120 ὅθεν
3543 5066 3681 5137 ᾣετο

2106 5163 2316 5225 πάντας
2346 5158 2590 5230 βασιλεῖς
2625 5159 2749 5211 κατ’
2781 5157 2970 5213 αὐτόν.
3002 5159 3113 5212 Kal
3161 5159 3222 5212 οὗ
3257 5159 3406 5227 λέγω
3453 5157 3516 5212 τδ
3543 5158 3682 5228 πλῆο

2106 5253 2196 5317 θος
2228 5252 2335 5306 τῶν
2386 5251 2760 5304 πεπονθότων
2801 5250 2864 5303 ού
2900 5251 3291 5322 προσάπτομαι
3339 5253 3440 5320 τῆς
3468 5251 3683 5318 ποιότη-

2106 5361 2219 5408 τοςο
2261 5343 2362 5397 οὐκ
2404 5342 2694 5412 ἐκτίθεμαι
2730 5341 2797 5395 τὰ
2825 5342 2948 5395 κατ’
2988 5341 3214 5396 ἐκείνων
3242 5343 3678 5412 συμπλάσματα⁶

2107 5440 2170 5492 οὑ
2215 5437 2590 5508 περιηγοῦμαι
2646 5437 2886 5508 τρόπους
2921 5438 2954 5508 ἢ
2988 5439 3210 5502 τόπους,
3268 5438 3394 5492 καθ’
3439 5436 3533 5500 οὓς
3589 5436 3683 5490 καὶ

2109 5527 2258 5590 ὅπως
2295 5527 2598 5597 περανθείη
2625 5527 2688 5580 τὸ
2723 5527 2913 5585 κακόν·
2941 5527 3041 5580 οὐκ
3068 5527 3196 5581 ἄλλο
3224 5527 3466 5581 τοιοῦτον
3500 5527 3674 5581 οὐδέν·

2113 5619 2188 5690 μὴ
2222 5619 2318 5673 καὶ
2362 5617 2557 5690 ἀηδίας
2595 5619 2920 5688 ἀναταράξω
2952 5619 3237 5690 βόρϐορον.
3283 5619 3492 5672 Ἐκεῖνο
3519 5620 3681 5687 μόνον

2109 5711 2274 5780 λέγω,
2323 5710 2398 5773 ὡς
2446 5709 2736 5780 ἠρίστευεν
2797 5709 3080 5780 ἀληθεύων
3123 5712 3218 5765 ἐπὶ
3268 5715 3334 5781 τῇ
3367 5712 3504 5781 πρὸς
3554 5714 3681 5770 τοὺς

2112 5806 2260 5867 υἱοὺς
2302 5803 2612 5873 ὑποσχέσει.
2647 5804 2721 5856 Ού
2781 5801 2979 5854 πολλοῦ
3011 5803 3122 5872 γάρ
3171 5803 3388 5856 ἐνέλιπε
3443 5801 3672 5871 ψιλῶσαη

2115 5897 2421 5969 ἀνθρώπων
2457 5894 2721 5975 ἐπιδόξων
2774 5895 2873 5967 τὴν
2904 5894 3325 5964 νΜεγαλόπολιν.
3385 5896 3497 5950 Kal
3539 5894 3677 5948 οὕτω
