  <div class='ocr_page' id='page_1' title='image "/cluster/home/n/w/nwhite01/storage/ocr_20150623/136/hvd.32044019208305/034.png"; bbox 0 0 3968 6556; ppageno 0'>
   <div class='ocr_carea' id='block_1_1' title="bbox 322 348 3591 452">
    <p class='ocr_par' dir='ltr' id='par_1_1' title="bbox 322 348 3591 452">
     <span class='ocr_line' id='line_1_1' title="bbox 322 348 3591 452; baseline -0.01 8"><span class='ocrx_word' id='word_1_1' title='bbox 322 387 394 450; x_wconf 80' lang='lat'><strong>5&#39;3</strong></span> <span class='ocrx_word' id='word_1_2' title='bbox 1103 389 1201 452; x_wconf 83' lang='lat' dir='ltr'><strong>DE</strong></span> <span class='ocrx_word' id='word_1_3' title='bbox 1233 382 1808 450; x_wconf 73' lang='lat' dir='ltr'><strong>TllESSALONlCA</strong></span> <span class='ocrx_word' id='word_1_4' title='bbox 1849 375 2056 442; x_wconf 78' lang='lat' dir='ltr'><strong>URBE</strong></span> <span class='ocrx_word' id='word_1_5' title='bbox 2096 373 2143 432; x_wconf 79' lang='grc' dir='ltr'>Α</span> <span class='ocrx_word' id='word_1_6' title='bbox 2174 371 2402 434; x_wconf 82' lang='lat' dir='ltr'><strong>LATIN</strong></span> <span class='ocrx_word' id='word_1_7' title='bbox 2413 372 2483 433; x_wconf 86' lang='lat' dir='ltr'><strong>IS</strong></span> <span class='ocrx_word' id='word_1_8' title='bbox 2537 348 2831 433; x_wconf 39' lang='lat' dir='ltr'><strong>CAPTA:</strong></span> <span class='ocrx_word' id='word_1_9' title='bbox 3511 366 3591 430; x_wconf 66' lang='grc' dir='ltr'><strong>ει</strong></span> 
     </span>
    </p>
   </div>
   <div class='ocr_carea' id='block_1_2' title="bbox 326 482 1906 575">
    <p class='ocr_par' dir='ltr' id='par_1_2' title="bbox 326 499 1903 575">
     <span class='ocr_line' id='line_1_2' title="bbox 326 499 1903 575; baseline -0.002 -21"><span class='ocrx_word' id='word_1_10' title='bbox 326 505 428 573; x_wconf 79' lang='grc' dir='ltr'>μὲν</span> <span class='ocrx_word' id='word_1_11' title='bbox 465 505 606 556; x_wconf 73' lang='grc' dir='ltr'>κατὰ</span> <span class='ocrx_word' id='word_1_12' title='bbox 668 505 886 558; x_wconf 74' lang='grc' dir='ltr'>πάντων</span> <span class='ocrx_word' id='word_1_13' title='bbox 942 503 1105 565; x_wconf 85' lang='grc' dir='ltr'>αὐτός</span> <span class='ocrx_word' id='word_1_14' title='bbox 1127 521 1140 534; x_wconf 63' lang='grc' dir='ltr'>θ</span> <span class='ocrx_word' id='word_1_15' title='bbox 1173 500 1316 575; x_wconf 76' lang='grc' dir='ltr'>ἦσαν</span> <span class='ocrx_word' id='word_1_16' title='bbox 1373 503 1430 556; x_wconf 83' lang='grc' dir='ltr'>δὲ</span> <span class='ocrx_word' id='word_1_17' title='bbox 1480 502 1588 556; x_wconf 81' lang='grc' dir='ltr'>οὐδ’</span> <span class='ocrx_word' id='word_1_18' title='bbox 1621 501 1670 555; x_wconf 82' lang='grc' dir='ltr'>οἱ</span> <span class='ocrx_word' id='word_1_19' title='bbox 1702 499 1903 562; x_wconf 87' lang='grc' dir='ltr'>πάντες</span> 
     </span>
    </p>
   </div>
   <div class='ocr_carea' id='block_1_3' title="bbox 2011 482 3582 575">
    <p class='ocr_par' dir='ltr' id='par_1_3' title="bbox 2011 482 3582 558">
     <span class='ocr_line' id='line_1_3' title="bbox 2011 482 3582 558; baseline -0.005 -14"><span class='ocrx_word' id='word_1_20' title='bbox 2011 489 2250 545; x_wconf 80' lang='lat' dir='ltr'><strong>minibus</strong></span> <span class='ocrx_word' id='word_1_21' title='bbox 2301 487 2834 558; x_wconf 84' lang='lat' dir='ltr'><strong>Constantinopolim</strong></span> <span class='ocrx_word' id='word_1_22' title='bbox 2885 483 3197 541; x_wconf 79' lang='lat' dir='ltr'><strong>denudarit.</strong></span> <span class='ocrx_word' id='word_1_23' title='bbox 3249 482 3392 539; x_wconf 83' lang='lat' dir='ltr'><strong>Sal-is</strong></span> <span class='ocrx_word' id='word_1_24' title='bbox 3448 499 3582 553; x_wconf 78' lang='lat' dir='ltr'><strong>ergo</strong></span> 
     </span>
    </p>
   </div>
   <div class='ocr_carea' id='block_1_4' title="bbox 326 589 1900 665">
    <p class='ocr_par' dir='ltr' id='par_1_4' title="bbox 326 589 1900 665">
     <span class='ocr_line' id='line_1_4' title="bbox 326 589 1900 665; baseline -0.003 -18"><span class='ocrx_word' id='word_1_25' title='bbox 326 594 656 655; x_wconf 82' lang='grc' dir='ltr'>ἁπεοικότες</span> <span class='ocrx_word' id='word_1_26' title='bbox 692 595 906 648; x_wconf 83' lang='grc' dir='ltr'>ἐκείνου</span> <span class='ocrx_word' id='word_1_27' title='bbox 957 594 1092 663; x_wconf 79' lang='grc' dir='ltr'>πρός</span> <span class='ocrx_word' id='word_1_28' title='bbox 1141 611 1204 663; x_wconf 86' lang='grc' dir='ltr'>γε</span> <span class='ocrx_word' id='word_1_29' title='bbox 1253 594 1312 647; x_wconf 83' lang='grc' dir='ltr'><strong>τὸ</strong></span> <span class='ocrx_word' id='word_1_30' title='bbox 1355 597 1532 665; x_wconf 75' lang='grc' dir='ltr'>μῖσος.</span> <span class='ocrx_word' id='word_1_31' title='bbox 1562 589 1900 658; x_wconf 84' lang='grc' dir='ltr'>Μισούμενοι</span> 
     </span>
    </p>
   </div>
   <div class='ocr_carea' id='block_1_5' title="bbox 332 684 1898 758">
    <p class='ocr_par' dir='ltr' id='par_1_5' title="bbox 332 684 1898 758">
     <span class='ocr_line' id='line_1_5' title="bbox 332 684 1898 758; baseline -0.004 -18"><span class='ocrx_word' id='word_1_32' title='bbox 332 689 441 757; x_wconf 72' lang='grc' dir='ltr'><strong>γὰρ</strong></span> <span class='ocrx_word' id='word_1_33' title='bbox 462 688 886 758; x_wconf 74' lang='grc' dir='ltr'><strong>ἐφιλοτιμοῦντο</strong></span> <span class='ocrx_word' id='word_1_34' title='bbox 905 689 1347 758; x_wconf 84' lang='grc' dir='ltr'>άντιμισεῖν,ὀύκ</span> <span class='ocrx_word' id='word_1_35' title='bbox 1375 684 1750 755; x_wconf 73' lang='grc' dir='ltr'>εύαγγελικῶς</span> <span class='ocrx_word' id='word_1_36' title='bbox 1779 684 1898 754; x_wconf 83' lang='grc' dir='ltr'>μὲν,</span> 
     </span>
    </p>
   </div>
   <div class='ocr_carea' id='block_1_6' title="bbox 327 779 1897 852">
    <p class='ocr_par' dir='ltr' id='par_1_6' title="bbox 327 779 1897 852">
     <span class='ocr_line' id='line_1_6' title="bbox 327 779 1897 852; baseline -0.002 -18"><span class='ocrx_word' id='word_1_37' title='bbox 327 781 470 834; x_wconf 77' lang='grc' dir='ltr'>κατᾶ</span> <span class='ocrx_word' id='word_1_38' title='bbox 511 780 788 850; x_wconf 81' lang='grc' dir='ltr'>βασιλικὸν</span> <span class='ocrx_word' id='word_1_39' title='bbox 828 782 884 834; x_wconf 84' lang='grc' dir='ltr'>δὲ</span> <span class='ocrx_word' id='word_1_40' title='bbox 917 783 1096 834; x_wconf 81' lang='grc' dir='ltr'>ἐκεῖνο</span> <span class='ocrx_word' id='word_1_41' title='bbox 1134 782 1508 852; x_wconf 87' lang='grc' dir='ltr'>παράδειγμα.</span> <span class='ocrx_word' id='word_1_42' title='bbox 1561 781 1668 834; x_wconf 73' lang='grc' dir='ltr'>Καὶ</span> <span class='ocrx_word' id='word_1_43' title='bbox 1702 779 1897 845; x_wconf 78' lang='grc' dir='ltr'>συλλε-</span> 
     </span>
    </p>
   </div>
   <div class='ocr_carea' id='block_1_7' title="bbox 325 870 1900 944">
    <p class='ocr_par' dir='ltr' id='par_1_7' title="bbox 325 870 1900 944">
     <span class='ocr_line' id='line_1_7' title="bbox 325 870 1900 944; baseline 0.001 -22"><span class='ocrx_word' id='word_1_44' title='bbox 325 871 514 938; x_wconf 82' lang='grc' dir='ltr'>γέντες</span> <span class='ocrx_word' id='word_1_45' title='bbox 545 873 614 942; x_wconf 80' lang='grc' dir='ltr'><strong>τῇ</strong></span> <span class='ocrx_word' id='word_1_46' title='bbox 646 872 830 944; x_wconf 75' lang='grc' dir='ltr'>ἀμύνῃ</span> <span class='ocrx_word' id='word_1_47' title='bbox 865 872 1000 938; x_wconf 80' lang='grc' dir='ltr'>πρός</span> <span class='ocrx_word' id='word_1_48' title='bbox 1029 889 1084 924; x_wconf 90' lang='grc' dir='ltr'>τι</span> <span class='ocrx_word' id='word_1_49' title='bbox 1115 871 1194 937; x_wconf 87' lang='grc' dir='ltr'>ἓν,</span> <span class='ocrx_word' id='word_1_50' title='bbox 1239 872 1373 942; x_wconf 79' lang='grc' dir='ltr'>δρᾷν</span> <span class='ocrx_word' id='word_1_51' title='bbox 1398 871 1594 943; x_wconf 72' lang='grc' dir='ltr'>ηοελον</span> <span class='ocrx_word' id='word_1_52' title='bbox 1625 870 1723 924; x_wconf 81' lang='grc' dir='ltr'>καὶ</span> <span class='ocrx_word' id='word_1_53' title='bbox 1749 871 1900 924; x_wconf 82' lang='grc' dir='ltr'>ἀντι-</span> 
     </span>
    </p>
   </div>
   <div class='ocr_carea' id='block_1_8' title="bbox 324 955 1902 1036">
    <p class='ocr_par' dir='ltr' id='par_1_8' title="bbox 324 955 1902 1036">
     <span class='ocr_line' id='line_1_8' title="bbox 324 955 1902 1036; baseline 0 -20"><span class='ocrx_word' id='word_1_54' title='bbox 324 964 519 1016; x_wconf 80' lang='grc' dir='ltr'>λυπεῖν</span> <span class='ocrx_word' id='word_1_55' title='bbox 558 964 651 1017; x_wconf 80' lang='grc' dir='ltr'>τὸν</span> <span class='ocrx_word' id='word_1_56' title='bbox 703 965 1074 1036; x_wconf 80' lang='grc' dir='ltr'>κατάρξαντα.</span> <span class='ocrx_word' id='word_1_57' title='bbox 1125 960 1310 1018; x_wconf 83' lang='grc' dir='ltr'><strong>Ἦσαν</strong></span> <span class='ocrx_word' id='word_1_58' title='bbox 1349 964 1406 1018; x_wconf 81' lang='grc' dir='ltr'>δὲ</span> <span class='ocrx_word' id='word_1_59' title='bbox 1464 965 1522 1017; x_wconf 85' lang='grc' dir='ltr'><strong>ἐν</strong></span> <span class='ocrx_word' id='word_1_60' title='bbox 1568 965 1679 1028; x_wconf 89' lang='grc' dir='ltr'>τοῖς</span> <span class='ocrx_word' id='word_1_61' title='bbox 1733 955 1902 1033; x_wconf 85' lang='grc' dir='ltr'>δρῶσι</span> 
     </span>
    </p>
   </div>
   <div class='ocr_carea' id='block_1_9' title="bbox 326 1053 1902 1125">
    <p class='ocr_par' dir='ltr' id='par_1_9' title="bbox 326 1053 1902 1125">
     <span class='ocr_line' id='line_1_9' title="bbox 326 1053 1902 1125; baseline 0.001 -19"><span class='ocrx_word' id='word_1_62' title='bbox 326 1054 468 1124; x_wconf 73' lang='grc' dir='ltr'>πρὸς</span> <span class='ocrx_word' id='word_1_63' title='bbox 517 1054 760 1122; x_wconf 80' lang='grc' dir='ltr'>ἄμυναν,</span> <span class='ocrx_word' id='word_1_64' title='bbox 805 1056 890 1109; x_wconf 85' lang='grc' dir='ltr'>ὅτι</span> <span class='ocrx_word' id='word_1_65' title='bbox 938 1057 1028 1110; x_wconf 78' lang='grc' dir='ltr'>καὶ</span> <span class='ocrx_word' id='word_1_66' title='bbox 1059 1058 1118 1110; x_wconf 84' lang='grc' dir='ltr'><strong>ἐν</strong></span> <span class='ocrx_word' id='word_1_67' title='bbox 1151 1058 1264 1120; x_wconf 79' lang='grc' dir='ltr'>τοῖς</span> <span class='ocrx_word' id='word_1_68' title='bbox 1295 1053 1554 1120; x_wconf 81' lang='grc' dir='ltr'>παθοῦσι,</span> <span class='ocrx_word' id='word_1_69' title='bbox 1583 1057 1678 1110; x_wconf 77' lang='grc' dir='ltr'>καὶ</span> <span class='ocrx_word' id='word_1_70' title='bbox 1725 1056 1774 1108; x_wconf 87' lang='grc' dir='ltr'><strong>οί</strong></span> <span class='ocrx_word' id='word_1_71' title='bbox 1804 1057 1902 1125; x_wconf 85' lang='grc' dir='ltr'><strong>τῆς</strong></span> 
     </span>
    </p>
   </div>
   <div class='ocr_carea' id='block_1_10' title="bbox 329 1143 1904 1216">
    <p class='ocr_par' dir='ltr' id='par_1_10' title="bbox 329 1143 1904 1216">
     <span class='ocr_line' id='line_1_10' title="bbox 329 1143 1904 1216; baseline 0.003 -21"><span class='ocrx_word' id='word_1_72' title='bbox 329 1143 537 1214; x_wconf 81' lang='grc' dir='ltr'>Ἀγαρ.</span> <span class='ocrx_word' id='word_1_73' title='bbox 587 1143 669 1198; x_wconf 81' lang='grc' dir='ltr'><strong>Τὰ</strong></span> <span class='ocrx_word' id='word_1_74' title='bbox 699 1144 811 1216; x_wconf 80' lang='grc' dir='ltr'>γὰρ</span> <span class='ocrx_word' id='word_1_75' title='bbox 852 1146 994 1198; x_wconf 82' lang='grc' dir='ltr'>κατὰ</span> <span class='ocrx_word' id='word_1_76' title='bbox 1047 1146 1304 1200; x_wconf 80' lang='grc' dir='ltr'><strong>Νικαέων</strong></span> <span class='ocrx_word' id='word_1_77' title='bbox 1351 1145 1521 1216; x_wconf 84' lang='grc' dir='ltr'>πάθη,</span> <span class='ocrx_word' id='word_1_78' title='bbox 1567 1146 1659 1200; x_wconf 76' lang='grc' dir='ltr'>καὶ</span> <span class='ocrx_word' id='word_1_79' title='bbox 1705 1146 1803 1199; x_wconf 80' lang='grc' dir='ltr'>ὅσα</span> <span class='ocrx_word' id='word_1_80' title='bbox 1853 1147 1904 1199; x_wconf 75' lang='lat' dir='ltr'><strong>oi</strong></span> 
     </span>
    </p>
   </div>
   <div class='ocr_carea' id='block_1_11' title="bbox 325 1238 1906 1309">
    <p class='ocr_par' dir='ltr' id='par_1_11' title="bbox 325 1238 1906 1309">
     <span class='ocr_line' id='line_1_11' title="bbox 325 1238 1906 1309; baseline 0.001 -17"><span class='ocrx_word' id='word_1_81' title='bbox 325 1238 638 1306; x_wconf 77' lang='grc' dir='ltr'><strong>Προυσαεῖς</strong></span> <span class='ocrx_word' id='word_1_82' title='bbox 680 1238 952 1308; x_wconf 81' lang='grc' dir='ltr'><strong>ἔτλησαν,</strong></span> <span class='ocrx_word' id='word_1_83' title='bbox 997 1239 1207 1309; x_wconf 71' lang='grc' dir='ltr'>ἥψαντο</span> <span class='ocrx_word' id='word_1_84' title='bbox 1265 1240 1357 1294; x_wconf 73' lang='grc' dir='ltr'>καὶ</span> <span class='ocrx_word' id='word_1_85' title='bbox 1385 1241 1624 1308; x_wconf 95' lang='grc' dir='ltr'>ἐκείνης,</span> <span class='ocrx_word' id='word_1_86' title='bbox 1673 1241 1768 1293; x_wconf 79' lang='grc' dir='ltr'>καὶ</span> <span class='ocrx_word' id='word_1_87' title='bbox 1824 1240 1906 1304; x_wconf 87' lang='grc' dir='ltr'><strong>είς</strong></span> 
     </span>
    </p>
   </div>
   <div class='ocr_carea' id='block_1_12' title="bbox 325 1328 1905 1403">
    <p class='ocr_par' dir='ltr' id='par_1_12' title="bbox 325 1328 1905 1403">
     <span class='ocr_line' id='line_1_12' title="bbox 325 1328 1905 1403; baseline 0.001 -22"><span class='ocrx_word' id='word_1_88' title='bbox 325 1328 463 1382; x_wconf 84' lang='grc' dir='ltr'>πολὺ</span> <span class='ocrx_word' id='word_1_89' title='bbox 523 1329 780 1401; x_wconf 82' lang='grc' dir='ltr'>ἐχθίστην</span> <span class='ocrx_word' id='word_1_90' title='bbox 835 1333 968 1401; x_wconf 79' lang='grc' dir='ltr'>ἡμῖν</span> <span class='ocrx_word' id='word_1_91' title='bbox 1017 1330 1345 1403; x_wconf 81' lang='grc' dir='ltr'>ἐνέγραψαν.</span> <span class='ocrx_word' id='word_1_92' title='bbox 1406 1331 1640 1395; x_wconf 78' lang='grc' dir='ltr'>Πολλοὺς</span> <span class='ocrx_word' id='word_1_93' title='bbox 1670 1332 1777 1402; x_wconf 83' lang='grc' dir='ltr'>γὰρ</span> <span class='ocrx_word' id='word_1_94' title='bbox 1811 1333 1905 1385; x_wconf 75' lang='grc' dir='ltr'>καὶ</span> 
     </span>
    </p>
   </div>
   <div class='ocr_carea' id='block_1_13' title="bbox 323 1417 1908 1493">
    <p class='ocr_par' dir='ltr' id='par_1_13' title="bbox 323 1417 1908 1493">
     <span class='ocr_line' id='line_1_13' title="bbox 323 1417 1908 1493; baseline 0.004 -23"><span class='ocrx_word' id='word_1_95' title='bbox 323 1417 437 1470; x_wconf 82' lang='grc' dir='ltr'>τῶν</span> <span class='ocrx_word' id='word_1_96' title='bbox 471 1419 646 1491; x_wconf 73' lang='grc' dir='ltr'>αὐτῇς</span> <span class='ocrx_word' id='word_1_97' title='bbox 679 1419 972 1492; x_wconf 84' lang='grc' dir='ltr'>ἐπιλέγδην</span> <span class='ocrx_word' id='word_1_98' title='bbox 1011 1420 1295 1493; x_wconf 82' lang='grc' dir='ltr'>ήΝίκαια,</span> <span class='ocrx_word' id='word_1_99' title='bbox 1320 1422 1410 1475; x_wconf 74' lang='grc' dir='ltr'>ναὶ</span> <span class='ocrx_word' id='word_1_100' title='bbox 1454 1422 1512 1474; x_wconf 75' lang='grc' dir='ltr'>δὲ</span> <span class='ocrx_word' id='word_1_101' title='bbox 1545 1421 1641 1476; x_wconf 79' lang='grc' dir='ltr'>καὶ</span> <span class='ocrx_word' id='word_1_102' title='bbox 1673 1421 1908 1492; x_wconf 81' lang='grc' dir='ltr'><strong>ήΠροῦ-</strong></span> 
     </span>
    </p>
   </div>
   <div class='ocr_carea' id='block_1_14' title="bbox 327 1511 1902 1586">
    <p class='ocr_par' dir='ltr' id='par_1_14' title="bbox 327 1511 1902 1586">
     <span class='ocr_line' id='line_1_14' title="bbox 327 1511 1902 1586; baseline 0.004 -25"><span class='ocrx_word' id='word_1_103' title='bbox 327 1526 395 1562; x_wconf 90' lang='grc' dir='ltr'><strong>σα</strong></span> <span class='ocrx_word' id='word_1_104' title='bbox 456 1513 601 1581; x_wconf 75' lang='grc' dir='ltr'>μετὰ</span> <span class='ocrx_word' id='word_1_105' title='bbox 631 1512 938 1567; x_wconf 78' lang='grc' dir='ltr'><strong>πολύπονον</strong></span> <span class='ocrx_word' id='word_1_106' title='bbox 983 1513 1188 1568; x_wconf 73' lang='grc' dir='ltr'>ἅλωσιν</span> <span class='ocrx_word' id='word_1_107' title='bbox 1229 1515 1694 1586; x_wconf 75' lang='grc' dir='ltr'><strong>μετεωρισθέντας</strong></span> <span class='ocrx_word' id='word_1_108' title='bbox 1741 1511 1902 1580; x_wconf 75' lang='grc' dir='ltr'>εἶδον,</span> 
     </span>
    </p>
   </div>
   <div class='ocr_carea' id='block_1_15' title="bbox 323 1601 1904 1678">
    <p class='ocr_par' dir='ltr' id='par_1_15' title="bbox 323 1601 1904 1678">
     <span class='ocr_line' id='line_1_15' title="bbox 323 1601 1904 1678; baseline 0.003 -22"><span class='ocrx_word' id='word_1_109' title='bbox 323 1601 446 1656; x_wconf 83' lang='grc' dir='ltr'>ὅθεν</span> <span class='ocrx_word' id='word_1_110' title='bbox 476 1603 594 1658; x_wconf 80' lang='grc' dir='ltr'>ἔστι</span> <span class='ocrx_word' id='word_1_111' title='bbox 621 1604 928 1675; x_wconf 79' lang='grc' dir='ltr'>καταϐῆναι</span> <span class='ocrx_word' id='word_1_112' title='bbox 959 1606 1040 1671; x_wconf 81' lang='grc' dir='ltr'><strong>είς</strong></span> <span class='ocrx_word' id='word_1_113' title='bbox 1060 1605 1194 1678; x_wconf 73' lang='grc' dir='ltr'>ᾷδην</span> <span class='ocrx_word' id='word_1_114' title='bbox 1215 1609 1310 1663; x_wconf 78' lang='grc' dir='ltr'>καὶ</span> <span class='ocrx_word' id='word_1_115' title='bbox 1336 1606 1472 1678; x_wconf 78' lang='grc' dir='ltr'>ταχὺ</span> <span class='ocrx_word' id='word_1_116' title='bbox 1507 1607 1599 1660; x_wconf 71' lang='grc' dir='ltr'>καὶ</span> <span class='ocrx_word' id='word_1_117' title='bbox 1630 1605 1904 1661; x_wconf 75' lang='grc' dir='ltr'>οἴκτιστα.</span> 
     </span>
    </p>
   </div>
   <div class='ocr_carea' id='block_1_16' title="bbox 2003 573 3581 650">
    <p class='ocr_par' dir='ltr' id='par_1_16' title="bbox 2003 573 3581 650">
     <span class='ocr_line' id='line_1_16' title="bbox 2003 573 3581 650; baseline -0.005 -16"><span class='ocrx_word' id='word_1_118' title='bbox 2003 580 2094 634; x_wconf 90' lang='lat' dir='ltr'><strong>ille</strong></span> <span class='ocrx_word' id='word_1_119' title='bbox 2135 594 2263 650; x_wconf 86' lang='lat' dir='ltr'><strong>erga</strong></span> <span class='ocrx_word' id='word_1_120' title='bbox 2314 591 2506 634; x_wconf 88' lang='lat' dir='ltr'><strong>omnes</strong></span> <span class='ocrx_word' id='word_1_121' title='bbox 2561 588 2849 644; x_wconf 86' lang='lat' dir='ltr'><strong>erat;non</strong></span> <span class='ocrx_word' id='word_1_122' title='bbox 2876 590 3007 648; x_wconf 83' lang='lat' dir='ltr'><strong>vero</strong></span> <span class='ocrx_word' id='word_1_123' title='bbox 3057 588 3247 629; x_wconf 88' lang='lat' dir='ltr'><strong>omnes</strong></span> <span class='ocrx_word' id='word_1_124' title='bbox 3302 583 3456 630; x_wconf 91' lang='lat' dir='ltr'><strong>erant</strong></span> <span class='ocrx_word' id='word_1_125' title='bbox 3505 573 3581 628; x_wconf 91' lang='lat' dir='ltr'><strong>illi</strong></span> 
     </span>
    </p>
   </div>
   <div class='ocr_carea' id='block_1_17' title="bbox 2001 665 3586 735">
    <p class='ocr_par' dir='ltr' id='par_1_17' title="bbox 2001 665 3586 735">
     <span class='ocr_line' id='line_1_17' title="bbox 2001 665 3586 735; baseline -0.004 -9"><span class='ocrx_word' id='word_1_126' title='bbox 2001 670 2304 726; x_wconf 85' lang='lat' dir='ltr'><strong>dissimiles</strong></span> <span class='ocrx_word' id='word_1_127' title='bbox 2339 670 2489 724; x_wconf 89' lang='lat' dir='ltr'><strong>odio.</strong></span> <span class='ocrx_word' id='word_1_128' title='bbox 2531 667 2729 725; x_wconf 84' lang='lat' dir='ltr'><strong>Odium</strong></span> <span class='ocrx_word' id='word_1_129' title='bbox 2775 667 2922 724; x_wconf 87' lang='lat' dir='ltr'><strong>enim</strong></span> <span class='ocrx_word' id='word_1_130' title='bbox 2957 665 3085 720; x_wconf 89' lang='lat' dir='ltr'><strong>odio</strong></span> <span class='ocrx_word' id='word_1_131' title='bbox 3134 665 3426 721; x_wconf 89' lang='lat' dir='ltr'><strong>reddentes</strong></span> <span class='ocrx_word' id='word_1_132' title='bbox 3467 665 3586 735; x_wconf 85' lang='lat' dir='ltr'><strong>glo-</strong></span> 
     </span>
    </p>
   </div>
   <div class='ocr_carea' id='block_1_18' title="bbox 2005 755 3582 833">
    <p class='ocr_par' dir='ltr' id='par_1_18' title="bbox 2005 755 3582 833">
     <span class='ocr_line' id='line_1_18' title="bbox 2005 755 3582 833; baseline -0.003 -16"><span class='ocrx_word' id='word_1_133' title='bbox 2005 762 2316 828; x_wconf 85' lang='lat' dir='ltr'><strong>riabantur,</strong></span> <span class='ocrx_word' id='word_1_134' title='bbox 2347 779 2455 816; x_wconf 93' lang='lat' dir='ltr'><strong>non</strong></span> <span class='ocrx_word' id='word_1_135' title='bbox 2508 763 2731 833; x_wconf 81' lang='lat' dir='ltr'><strong>quidem</strong></span> <span class='ocrx_word' id='word_1_136' title='bbox 2783 760 2940 830; x_wconf 76' lang='lat' dir='ltr'><strong>juxta</strong></span> <span class='ocrx_word' id='word_1_137' title='bbox 2975 758 3328 828; x_wconf 84' lang='lat' dir='ltr'><strong>Evangelium</strong></span> <span class='ocrx_word' id='word_1_138' title='bbox 3362 759 3465 812; x_wconf 85' lang='lat' dir='ltr'><strong>hoc</strong></span> <span class='ocrx_word' id='word_1_139' title='bbox 3497 755 3582 812; x_wconf 80' lang='lat' dir='ltr'><strong>fa-</strong></span> 
     </span>
    </p>
   </div>
   <div class='ocr_carea' id='block_1_19' title="bbox 2001 855 3582 934">
    <p class='ocr_par' dir='ltr' id='par_1_19' title="bbox 2001 855 3582 934">
     <span class='ocr_line' id='line_1_19' title="bbox 2001 855 3582 934; baseline -0.006 -14"><span class='ocrx_word' id='word_1_140' title='bbox 2001 865 2236 929; x_wconf 87' lang='lat' dir='ltr'><strong>cientes,</strong></span> <span class='ocrx_word' id='word_1_141' title='bbox 2263 863 2357 919; x_wconf 83' lang='lat' dir='ltr'><strong>sed</strong></span> <span class='ocrx_word' id='word_1_142' title='bbox 2396 862 2548 934; x_wconf 89' lang='lat' dir='ltr'><strong>juxta</strong></span> <span class='ocrx_word' id='word_1_143' title='bbox 2573 859 2988 932; x_wconf 86' lang='lat' dir='ltr'><strong>imperatorium</strong></span> <span class='ocrx_word' id='word_1_144' title='bbox 3012 859 3343 928; x_wconf 81' lang='lat' dir='ltr'><strong>exemplum.</strong></span> <span class='ocrx_word' id='word_1_145' title='bbox 3361 855 3582 912; x_wconf 70' lang='lat' dir='ltr'><strong>Coadu~</strong></span> 
     </span>
    </p>
   </div>
   <div class='ocr_carea' id='block_1_20' title="bbox 2003 947 3582 1017">
    <p class='ocr_par' dir='ltr' id='par_1_20' title="bbox 2003 947 3582 1017">
     <span class='ocr_line' id='line_1_20' title="bbox 2003 947 3582 1017; baseline -0.003 -8"><span class='ocrx_word' id='word_1_146' title='bbox 2003 961 2202 1010; x_wconf 86' lang='lat' dir='ltr'><strong>nantes</strong></span> <span class='ocrx_word' id='word_1_147' title='bbox 2233 969 2292 1009; x_wconf 87' lang='lat' dir='ltr'><strong>se</strong></span> <span class='ocrx_word' id='word_1_148' title='bbox 2335 953 2402 1008; x_wconf 88' lang='lat' dir='ltr'><strong>ad</strong></span> <span class='ocrx_word' id='word_1_149' title='bbox 2440 951 2742 1006; x_wconf 85' lang='lat' dir='ltr'><strong>vindictam</strong></span> <span class='ocrx_word' id='word_1_150' title='bbox 2793 957 2989 1005; x_wconf 87' lang='lat' dir='ltr'><strong>contra</strong></span> <span class='ocrx_word' id='word_1_151' title='bbox 3019 965 3188 1004; x_wconf 91' lang='lat' dir='ltr'><strong>unum</strong></span> <span class='ocrx_word' id='word_1_152' title='bbox 3223 962 3390 1017; x_wconf 87' lang='lat' dir='ltr'><strong>agere</strong></span> <span class='ocrx_word' id='word_1_153' title='bbox 3435 947 3582 1004; x_wconf 81' lang='lat' dir='ltr'><strong>vole-</strong></span> 
     </span>
    </p>
   </div>
   <div class='ocr_carea' id='block_1_21' title="bbox 2003 1041 3585 1116">
    <p class='ocr_par' dir='ltr' id='par_1_21' title="bbox 2003 1041 3585 1116">
     <span class='ocr_line' id='line_1_21' title="bbox 2003 1041 3585 1116; baseline -0.004 -13"><span class='ocrx_word' id='word_1_154' title='bbox 2003 1047 2158 1113; x_wconf 91' lang='lat' dir='ltr'><strong>bant,</strong></span> <span class='ocrx_word' id='word_1_155' title='bbox 2179 1045 2531 1116; x_wconf 83' lang='lat' dir='ltr'><strong>vicissimque</strong></span> <span class='ocrx_word' id='word_1_156' title='bbox 2555 1043 2842 1098; x_wconf 75' lang='lat' dir='ltr'><strong>molestare</strong></span> <span class='ocrx_word' id='word_1_157' title='bbox 2866 1057 2992 1098; x_wconf 90' lang='lat' dir='ltr'><strong>eum</strong></span> <span class='ocrx_word' id='word_1_158' title='bbox 3019 1042 3112 1113; x_wconf 85' lang='lat' dir='ltr'><strong>qui</strong></span> <span class='ocrx_word' id='word_1_159' title='bbox 3131 1041 3387 1111; x_wconf 88' lang='lat' dir='ltr'><strong>imperat.</strong></span> <span class='ocrx_word' id='word_1_160' title='bbox 3413 1041 3585 1096; x_wconf 80' lang='lat' dir='ltr'><strong>Eran‘.</strong></span> 
     </span>
    </p>
   </div>
   <div class='ocr_carea' id='block_1_22' title="bbox 2011 1133 3583 1209">
    <p class='ocr_par' dir='ltr' id='par_1_22' title="bbox 2011 1133 3583 1209">
     <span class='ocr_line' id='line_1_22' title="bbox 2011 1133 3583 1209; baseline -0.004 -15"><span class='ocrx_word' id='word_1_161' title='bbox 2011 1155 2145 1196; x_wconf 89' lang='lat' dir='ltr'><strong>vero</strong></span> <span class='ocrx_word' id='word_1_162' title='bbox 2179 1139 2276 1209; x_wconf 89' lang='lat' dir='ltr'><strong>qui</strong></span> <span class='ocrx_word' id='word_1_163' title='bbox 2319 1139 2622 1194; x_wconf 83' lang='lat' dir='ltr'><strong>vindictam</strong></span> <span class='ocrx_word' id='word_1_164' title='bbox 2671 1136 3080 1200; x_wconf 78' lang='lat' dir='ltr'><strong>desiderabant,</strong></span> <span class='ocrx_word' id='word_1_165' title='bbox 3109 1133 3240 1206; x_wconf 83' lang='lat' dir='ltr'><strong>quia</strong></span> <span class='ocrx_word' id='word_1_166' title='bbox 3277 1145 3440 1190; x_wconf 89' lang='lat' dir='ltr'><strong>erant</strong></span> <span class='ocrx_word' id='word_1_167' title='bbox 3485 1134 3583 1204; x_wconf 89' lang='lat' dir='ltr'><strong>qui</strong></span> 
     </span>
    </p>
   </div>
   <div class='ocr_carea' id='block_1_23' title="bbox 2005 1225 3585 1302">
    <p class='ocr_par' dir='ltr' id='par_1_23' title="bbox 2005 1225 3585 1302">
     <span class='ocr_line' id='line_1_23' title="bbox 2005 1225 3585 1302; baseline -0.004 -16"><span class='ocrx_word' id='word_1_168' title='bbox 2005 1230 2224 1289; x_wconf 80' lang='lat' dir='ltr'><strong>fuerant</strong></span> <span class='ocrx_word' id='word_1_169' title='bbox 2254 1231 2425 1302; x_wconf 83' lang='lat' dir='ltr'><strong>passi,</strong></span> <span class='ocrx_word' id='word_1_170' title='bbox 2469 1239 2524 1285; x_wconf 90' lang='lat' dir='ltr'><strong>et</strong></span> <span class='ocrx_word' id='word_1_171' title='bbox 2559 1230 2704 1299; x_wconf 81' lang='lat' dir='ltr'><strong>Agar</strong></span> <span class='ocrx_word' id='word_1_172' title='bbox 2750 1227 2870 1281; x_wconf 84' lang='lat' dir='ltr'><strong>lilii.</strong></span> <span class='ocrx_word' id='word_1_173' title='bbox 2913 1226 3046 1292; x_wconf 71' lang='lat' dir='ltr'><strong>Quae</strong></span> <span class='ocrx_word' id='word_1_174' title='bbox 3091 1227 3238 1281; x_wconf 85' lang='lat' dir='ltr'><strong>enim</strong></span> <span class='ocrx_word' id='word_1_175' title='bbox 3275 1225 3585 1282; x_wconf 84' lang='lat' dir='ltr'><strong>Nicaeenses</strong></span> 
     </span>
    </p>
   </div>
   <div class='ocr_carea' id='block_1_24' title="bbox 2005 1317 3579 1392">
    <p class='ocr_par' dir='ltr' id='par_1_24' title="bbox 2005 1317 3579 1392">
     <span class='ocr_line' id='line_1_24' title="bbox 2005 1317 3579 1392; baseline -0.004 -16"><span class='ocrx_word' id='word_1_176' title='bbox 2005 1330 2168 1392; x_wconf 86' lang='lat' dir='ltr'><strong>atque</strong></span> <span class='ocrx_word' id='word_1_177' title='bbox 2214 1321 2517 1376; x_wconf 79' lang='lat' dir='ltr'><strong>Prusenses</strong></span> <span class='ocrx_word' id='word_1_178' title='bbox 2574 1318 2994 1384; x_wconf 82' lang='lat' dir='ltr'><strong>sustinuerunt,</strong></span> <span class='ocrx_word' id='word_1_179' title='bbox 3043 1317 3412 1373; x_wconf 86' lang='lat' dir='ltr'><strong>accenderunt</strong></span> <span class='ocrx_word' id='word_1_180' title='bbox 3459 1331 3579 1372; x_wconf 90' lang='lat' dir='ltr'><strong>eam</strong></span> 
     </span>
    </p>
   </div>
   <div class='ocr_carea' id='block_1_25' title="bbox 2007 1409 3577 1482">
    <p class='ocr_par' dir='ltr' id='par_1_25' title="bbox 2007 1409 3577 1482">
     <span class='ocr_line' id='line_1_25' title="bbox 2007 1409 3577 1482; baseline -0.004 -13"><span class='ocrx_word' id='word_1_181' title='bbox 2007 1414 2555 1482; x_wconf 80' lang='lat' dir='ltr'><strong>funestissimamque</strong></span> <span class='ocrx_word' id='word_1_182' title='bbox 2589 1410 2748 1467; x_wconf 90' lang='lat' dir='ltr'><strong>nobis</strong></span> <span class='ocrx_word' id='word_1_183' title='bbox 2777 1409 3152 1465; x_wconf 88' lang='lat' dir='ltr'><strong>reddiderunt.</strong></span> <span class='ocrx_word' id='word_1_184' title='bbox 3199 1412 3379 1464; x_wconf 67' lang='lat' dir='ltr'><strong>Nicma</strong></span> <span class='ocrx_word' id='word_1_185' title='bbox 3430 1410 3577 1465; x_wconf 88' lang='lat' dir='ltr'><strong>enim</strong></span> 
     </span>
    </p>
   </div>
   <div class='ocr_carea' id='block_1_26' title="bbox 2006 1501 3578 1575">
    <p class='ocr_par' dir='ltr' id='par_1_26' title="bbox 2006 1501 3578 1575">
     <span class='ocr_line' id='line_1_26' title="bbox 2006 1501 3578 1575; baseline -0.004 -14"><span class='ocrx_word' id='word_1_186' title='bbox 2006 1505 2250 1575; x_wconf 87' lang='lat' dir='ltr'><strong>itemque</strong></span> <span class='ocrx_word' id='word_1_187' title='bbox 2312 1503 2486 1560; x_wconf 82' lang='lat' dir='ltr'><strong>Prusa</strong></span> <span class='ocrx_word' id='word_1_188' title='bbox 2537 1511 2662 1574; x_wconf 90' lang='lat' dir='ltr'><strong>post</strong></span> <span class='ocrx_word' id='word_1_189' title='bbox 2708 1502 3062 1558; x_wconf 85' lang='lat' dir='ltr'><strong>durissimam</strong></span> <span class='ocrx_word' id='word_1_190' title='bbox 3115 1501 3578 1571; x_wconf 73' lang='lat' dir='ltr'><strong>expugnationem</strong></span> 
     </span>
    </p>
   </div>
   <div class='ocr_carea' id='block_1_27' title="bbox 2007 1593 3584 1666">
    <p class='ocr_par' dir='ltr' id='par_1_27' title="bbox 2007 1593 3584 1666">
     <span class='ocr_line' id='line_1_27' title="bbox 2007 1593 3584 1666; baseline -0.003 -15"><span class='ocrx_word' id='word_1_191' title='bbox 2007 1597 2215 1651; x_wconf 91' lang='lat' dir='ltr'><strong>multos</strong></span> <span class='ocrx_word' id='word_1_192' title='bbox 2249 1595 2454 1652; x_wconf 87' lang='lat' dir='ltr'><strong>electos</strong></span> <span class='ocrx_word' id='word_1_193' title='bbox 2491 1595 2806 1666; x_wconf 86' lang='lat' dir='ltr'><strong>bujusmodi</strong></span> <span class='ocrx_word' id='word_1_194' title='bbox 2845 1594 3097 1650; x_wconf 86' lang='lat' dir='ltr'><strong>homines</strong></span> <span class='ocrx_word' id='word_1_195' title='bbox 3127 1593 3185 1648; x_wconf 87' lang='lat' dir='ltr'><strong>in</strong></span> <span class='ocrx_word' id='word_1_196' title='bbox 3219 1608 3348 1649; x_wconf 88' lang='lat' dir='ltr'><strong>aere</strong></span> <span class='ocrx_word' id='word_1_197' title='bbox 3394 1594 3584 1649; x_wconf 86' lang='lat' dir='ltr'><strong>subla-</strong></span> 
     </span>
    </p>
   </div>
   <div class='ocr_carea' id='block_1_28' title="bbox 2010 1686 3586 1758">
    <p class='ocr_par' dir='ltr' id='par_1_28' title="bbox 2010 1686 3586 1758">
     <span class='ocr_line' id='line_1_28' title="bbox 2010 1686 3586 1758; baseline 0 -15"><span class='ocrx_word' id='word_1_198' title='bbox 2010 1699 2096 1746; x_wconf 93' lang='lat' dir='ltr'><strong>tos</strong></span> <span class='ocrx_word' id='word_1_199' title='bbox 2131 1690 2407 1754; x_wconf 88' lang='lat' dir='ltr'><strong>viderunt,</strong></span> <span class='ocrx_word' id='word_1_200' title='bbox 2439 1688 2585 1743; x_wconf 88' lang='lat' dir='ltr'><strong>unde</strong></span> <span class='ocrx_word' id='word_1_201' title='bbox 2634 1689 2691 1742; x_wconf 90' lang='lat' dir='ltr'><strong>in</strong></span> <span class='ocrx_word' id='word_1_202' title='bbox 2741 1686 3016 1743; x_wconf 76' lang='lat' dir='ltr'><strong>infernum</strong></span> <span class='ocrx_word' id='word_1_203' title='bbox 3079 1687 3302 1758; x_wconf 84' lang='lat' dir='ltr'><strong>rapidus</strong></span> <span class='ocrx_word' id='word_1_204' title='bbox 3330 1694 3386 1744; x_wconf 90' lang='lat' dir='ltr'><strong>et</strong></span> <span class='ocrx_word' id='word_1_205' title='bbox 3419 1687 3586 1743; x_wconf 81' lang='lat' dir='ltr'><strong>mise-</strong></span> 
     </span>
    </p>
   </div>
   <div class='ocr_carea' id='block_1_29' title="bbox 2007 1782 2688 1840">
    <p class='ocr_par' dir='ltr' id='par_1_29' title="bbox 2007 1782 2688 1840">
     <span class='ocr_line' id='line_1_29' title="bbox 2007 1782 2688 1840; baseline -0.003 -1"><span class='ocrx_word' id='word_1_206' title='bbox 2007 1782 2213 1840; x_wconf 89' lang='lat' dir='ltr'><strong>randus</strong></span> <span class='ocrx_word' id='word_1_207' title='bbox 2238 1791 2330 1838; x_wconf 90' lang='lat' dir='ltr'><strong>est</strong></span> <span class='ocrx_word' id='word_1_208' title='bbox 2364 1782 2688 1839; x_wconf 87' lang='lat' dir='ltr'><strong>descensus.</strong></span> 
     </span>
    </p>
   </div>
   <div class='ocr_carea' id='block_1_30' title="bbox 398 1843 1906 1948">
    <p class='ocr_par' dir='ltr' id='par_1_30' title="bbox 398 1871 1901 1948">
     <span class='ocr_line' id='line_1_30' title="bbox 398 1871 1901 1948; baseline 0 -16"><span class='ocrx_word' id='word_1_209' title='bbox 398 1875 509 1946; x_wconf 66' lang='grc' dir='ltr'>μζ.</span> <span class='ocrx_word' id='word_1_210' title='bbox 544 1877 658 1932; x_wconf 78' lang='grc' dir='ltr'><strong>Καὶ</strong></span> <span class='ocrx_word' id='word_1_211' title='bbox 682 1871 773 1932; x_wconf 72' lang='grc' dir='ltr'><strong>οἷα</strong></span> <span class='ocrx_word' id='word_1_212' title='bbox 807 1877 906 1948; x_wconf 81' lang='grc' dir='ltr'>μὲν</span> <span class='ocrx_word' id='word_1_213' title='bbox 940 1877 1190 1934; x_wconf 80' lang='grc' dir='ltr'>ἐντεῦθεν</span> <span class='ocrx_word' id='word_1_214' title='bbox 1215 1877 1266 1931; x_wconf 75' lang='lat' dir='ltr'><strong>oi</strong></span> <span class='ocrx_word' id='word_1_215' title='bbox 1289 1877 1629 1934; x_wconf 70' lang='grc' dir='ltr'>’Λνατολικοὶ</span> <span class='ocrx_word' id='word_1_216' title='bbox 1675 1878 1901 1948; x_wconf 75' lang='grc' dir='ltr'>ἔπαθον,</span> 
     </span>
    </p>
   </div>
   <div class='ocr_carea' id='block_1_31' title="bbox 2011 1843 3587 1948">
    <p class='ocr_par' dir='ltr' id='par_1_31' title="bbox 2078 1853 3587 1947">
     <span class='ocr_line' id='line_1_31' title="bbox 2078 1853 3587 1947; baseline 0 -17"><span class='ocrx_word' id='word_1_217' title='bbox 2078 1876 2168 1933; x_wconf 68' lang='grc'>47.</span> <span class='ocrx_word' id='word_1_218' title='bbox 2226 1875 2421 1942; x_wconf 85' lang='lat' dir='ltr'><strong>Qualia</strong></span> <span class='ocrx_word' id='word_1_219' title='bbox 2475 1875 2676 1932; x_wconf 88' lang='lat' dir='ltr'><strong>deinde</strong></span> <span class='ocrx_word' id='word_1_220' title='bbox 2721 1873 3030 1932; x_wconf 85' lang='lat' dir='ltr'><strong>Orientales</strong></span> <span class='ocrx_word' id='word_1_221' title='bbox 3083 1853 3291 1931; x_wconf 77' lang='lat' dir='ltr'><strong>fuerint</strong></span> <span class='ocrx_word' id='word_1_222' title='bbox 3322 1875 3494 1947; x_wconf 81' lang='lat' dir='ltr'><strong>passi,</strong></span> <span class='ocrx_word' id='word_1_223' title='bbox 3532 1875 3587 1930; x_wconf 83' lang='lat' dir='ltr'><strong>in</strong></span> 
     </span>
    </p>
   </div>
   <div class='ocr_carea' id='block_1_32' title="bbox 327 1970 1904 2044">
    <p class='ocr_par' dir='ltr' id='par_1_32' title="bbox 327 1970 1904 2044">
     <span class='ocr_line' id='line_1_32' title="bbox 327 1970 1904 2044; baseline 0.002 -21"><span class='ocrx_word' id='word_1_224' title='bbox 327 1972 408 2035; x_wconf 85' lang='grc' dir='ltr'><strong>είς</strong></span> <span class='ocrx_word' id='word_1_225' title='bbox 432 1974 676 2042; x_wconf 78' lang='grc' dir='ltr'>μνήμην,</span> <span class='ocrx_word' id='word_1_226' title='bbox 708 1973 758 2024; x_wconf 86' lang='grc' dir='ltr'><strong>εί</strong></span> <span class='ocrx_word' id='word_1_227' title='bbox 783 1972 879 2026; x_wconf 80' lang='grc' dir='ltr'>καὶ</span> <span class='ocrx_word' id='word_1_228' title='bbox 911 1972 988 2042; x_wconf 78' lang='grc' dir='ltr'>μὴ</span> <span class='ocrx_word' id='word_1_229' title='bbox 1019 1970 1136 2043; x_wconf 85' lang='grc' dir='ltr'>μετ’</span> <span class='ocrx_word' id='word_1_230' title='bbox 1168 1971 1462 2042; x_wconf 86' lang='grc' dir='ltr'>ἐγκωμίων</span> <span class='ocrx_word' id='word_1_231' title='bbox 1499 1971 1591 2026; x_wconf 80' lang='grc' dir='ltr'><strong>τοῦ</strong></span> <span class='ocrx_word' id='word_1_232' title='bbox 1631 1971 1904 2044; x_wconf 82' lang='grc' dir='ltr'>Ἀνδρονί-</span> 
     </span>
    </p>
   </div>
   <div class='ocr_carea' id='block_1_33' title="bbox 327 2061 1905 2133">
    <p class='ocr_par' dir='ltr' id='par_1_33' title="bbox 327 2061 1905 2133">
     <span class='ocr_line' id='line_1_33' title="bbox 327 2061 1905 2133; baseline 0.003 -22"><span class='ocrx_word' id='word_1_233' title='bbox 327 2076 446 2126; x_wconf 91' lang='grc' dir='ltr'>κου,</span> <span class='ocrx_word' id='word_1_234' title='bbox 481 2061 890 2133; x_wconf 76' lang='grc' dir='ltr'>συγγραφέσϐω</span> <span class='ocrx_word' id='word_1_235' title='bbox 918 2063 1132 2133; x_wconf 75' lang='grc' dir='ltr'>ἔτερος,</span> <span class='ocrx_word' id='word_1_236' title='bbox 1163 2061 1474 2133; x_wconf 77' lang='grc' dir='ltr'>ἐκεχειρίαν</span> <span class='ocrx_word' id='word_1_237' title='bbox 1517 2080 1576 2116; x_wconf 91' lang='grc' dir='ltr'>τε</span> <span class='ocrx_word' id='word_1_238' title='bbox 1603 2062 1753 2132; x_wconf 77' lang='grc' dir='ltr'>ἄγων</span> <span class='ocrx_word' id='word_1_239' title='bbox 1789 2065 1905 2116; x_wconf 86' lang='grc' dir='ltr'>ίκα-</span> 
     </span>
    </p>
   </div>
   <div class='ocr_carea' id='block_1_34' title="bbox 327 2152 1904 2227">
    <p class='ocr_par' dir='ltr' id='par_1_34' title="bbox 327 2152 1904 2227">
     <span class='ocr_line' id='line_1_34' title="bbox 327 2152 1904 2227; baseline 0.003 -23"><span class='ocrx_word' id='word_1_240' title='bbox 327 2152 446 2222; x_wconf 73' lang='grc' dir='ltr'>νὴν,</span> <span class='ocrx_word' id='word_1_241' title='bbox 477 2152 617 2206; x_wconf 82' lang='grc' dir='ltr'>ἀλλὰ</span> <span class='ocrx_word' id='word_1_242' title='bbox 649 2154 743 2207; x_wconf 84' lang='grc' dir='ltr'><strong>καὶ</strong></span> <span class='ocrx_word' id='word_1_243' title='bbox 772 2153 1032 2225; x_wconf 82' lang='grc' dir='ltr'>δακρύοις</span> <span class='ocrx_word' id='word_1_244' title='bbox 1067 2155 1321 2209; x_wconf 82' lang='grc' dir='ltr'>πλουτῶν</span> <span class='ocrx_word' id='word_1_245' title='bbox 1344 2172 1356 2187; x_wconf 89' lang='grc'><strong>·</strong></span> <span class='ocrx_word' id='word_1_246' title='bbox 1396 2156 1542 2227; x_wconf 85' lang='grc' dir='ltr'>ήμᾶς</span> <span class='ocrx_word' id='word_1_247' title='bbox 1583 2156 1692 2226; x_wconf 84' lang='grc' dir='ltr'><strong>γάρ</strong></span> <span class='ocrx_word' id='word_1_248' title='bbox 1718 2155 1904 2209; x_wconf 81' lang='grc' dir='ltr'>ἐπέλι-</span> 
     </span>
    </p>
   </div>
   <div class='ocr_carea' id='block_1_35' title="bbox 327 2243 1905 2318">
    <p class='ocr_par' dir='ltr' id='par_1_35' title="bbox 327 2243 1905 2318">
     <span class='ocr_line' id='line_1_35' title="bbox 327 2243 1905 2318; baseline 0.003 -22"><span class='ocrx_word' id='word_1_249' title='bbox 327 2261 426 2296; x_wconf 92' lang='grc' dir='ltr'><strong>πον</strong></span> <span class='ocrx_word' id='word_1_250' title='bbox 450 2245 548 2298; x_wconf 64' lang='grc' dir='ltr'><strong>καλ⁹</strong></span> <span class='ocrx_word' id='word_1_251' title='bbox 577 2245 742 2301; x_wconf 86' lang='grc' dir='ltr'>αὑτά.</span> <span class='ocrx_word' id='word_1_252' title='bbox 792 2247 956 2318; x_wconf 83' lang='grc' dir='ltr'>Ἡμῖν</span> <span class='ocrx_word' id='word_1_253' title='bbox 995 2248 1051 2301; x_wconf 86' lang='grc' dir='ltr'>δὲ</span> <span class='ocrx_word' id='word_1_254' title='bbox 1079 2243 1166 2301; x_wconf 71' lang='grc' dir='ltr'><strong>οἷα</strong></span> <span class='ocrx_word' id='word_1_255' title='bbox 1198 2248 1411 2303; x_wconf 85' lang='grc' dir='ltr'>ἐκεῖθεν</span> <span class='ocrx_word' id='word_1_256' title='bbox 1452 2249 1773 2314; x_wconf 80' lang='grc' dir='ltr'>συνέπεσον,</span> <span class='ocrx_word' id='word_1_257' title='bbox 1812 2247 1905 2303; x_wconf 71' lang='grc' dir='ltr'>καὶ</span> 
     </span>
    </p>
   </div>
   <div class='ocr_carea' id='block_1_36' title="bbox 325 2333 1907 2411">
    <p class='ocr_par' dir='ltr' id='par_1_36' title="bbox 325 2333 1907 2411">
     <span class='ocr_line' id='line_1_36' title="bbox 325 2333 1907 2411; baseline 0.004 -23"><span class='ocrx_word' id='word_1_258' title='bbox 325 2333 398 2398; x_wconf 80' lang='grc' dir='ltr'>ὥς</span> <span class='ocrx_word' id='word_1_259' title='bbox 430 2337 466 2407; x_wconf 76' lang='grc' dir='ltr'><strong>ή</strong></span> <span class='ocrx_word' id='word_1_260' title='bbox 495 2337 592 2390; x_wconf 82' lang='grc' dir='ltr'>τοῦ</span> <span class='ocrx_word' id='word_1_261' title='bbox 631 2337 1004 2409; x_wconf 82' lang='grc' dir='ltr'>’Δνδρονίκου,</span> <span class='ocrx_word' id='word_1_262' title='bbox 1040 2340 1262 2410; x_wconf 80' lang='grc' dir='ltr'>ὁμαλῶς</span> <span class='ocrx_word' id='word_1_263' title='bbox 1299 2340 1470 2408; x_wconf 79' lang='grc' dir='ltr'>λέξαι,</span> <span class='ocrx_word' id='word_1_264' title='bbox 1497 2340 1558 2393; x_wconf 85' lang='grc' dir='ltr'><strong>ού</strong></span> <span class='ocrx_word' id='word_1_265' title='bbox 1606 2341 1907 2411; x_wconf 77' lang='grc' dir='ltr'>προσήνεια</span> 
     </span>
    </p>
   </div>
   <div class='ocr_carea' id='block_1_37' title="bbox 327 2428 1903 2505">
    <p class='ocr_par' dir='ltr' id='par_1_37' title="bbox 327 2428 1903 2505">
     <span class='ocr_line' id='line_1_37' title="bbox 327 2428 1903 2505; baseline 0.002 -23"><span class='ocrx_word' id='word_1_266' title='bbox 327 2428 588 2484; x_wconf 73' lang='grc' dir='ltr'>καθίκετο</span> <span class='ocrx_word' id='word_1_267' title='bbox 642 2432 739 2486; x_wconf 77' lang='grc' dir='ltr'><strong>καὶ</strong></span> <span class='ocrx_word' id='word_1_268' title='bbox 773 2432 932 2502; x_wconf 73' lang='grc' dir='ltr'>ἡμῶν</span> <span class='ocrx_word' id='word_1_269' title='bbox 979 2432 1220 2504; x_wconf 83' lang='grc' dir='ltr'>ὀλεθρία,</span> <span class='ocrx_word' id='word_1_270' title='bbox 1263 2434 1488 2504; x_wconf 83' lang='grc' dir='ltr'>φράσων</span> <span class='ocrx_word' id='word_1_271' title='bbox 1534 2433 1795 2505; x_wconf 78' lang='grc' dir='ltr'>ἔρχομαι,</span> <span class='ocrx_word' id='word_1_272' title='bbox 1842 2433 1903 2486; x_wconf 82' lang='grc' dir='ltr'>οὐ</span> 
     </span>
    </p>
   </div>
   <div class='ocr_carea' id='block_1_38' title="bbox 327 2523 1908 2596">
    <p class='ocr_par' dir='ltr' id='par_1_38' title="bbox 327 2523 1908 2596">
     <span class='ocr_line' id='line_1_38' title="bbox 327 2523 1908 2596; baseline 0.004 -23"><span class='ocrx_word' id='word_1_273' title='bbox 327 2523 463 2592; x_wconf 79' lang='grc' dir='ltr'>πρὸς</span> <span class='ocrx_word' id='word_1_274' title='bbox 498 2523 828 2594; x_wconf 84' lang='grc' dir='ltr'>εὐρυλογίαν</span> <span class='ocrx_word' id='word_1_275' title='bbox 858 2525 970 2578; x_wconf 77' lang='grc' dir='ltr'>οὐδ’</span> <span class='ocrx_word' id='word_1_276' title='bbox 999 2524 1162 2591; x_wconf 80' lang='grc' dir='ltr'>αὐτὰ,</span> <span class='ocrx_word' id='word_1_277' title='bbox 1198 2525 1275 2596; x_wconf 81' lang='grc' dir='ltr'>μὴ</span> <span class='ocrx_word' id='word_1_278' title='bbox 1301 2527 1394 2578; x_wconf 79' lang='grc' dir='ltr'>καὶ</span> <span class='ocrx_word' id='word_1_279' title='bbox 1426 2523 1601 2578; x_wconf 80' lang='grc' dir='ltr'>πλατὺ</span> <span class='ocrx_word' id='word_1_280' title='bbox 1638 2525 1786 2594; x_wconf 87' lang='grc' dir='ltr'>μάλα</span> <span class='ocrx_word' id='word_1_281' title='bbox 1827 2524 1908 2594; x_wconf 81' lang='grc' dir='ltr'>βι-</span> 
     </span>
    </p>
   </div>
   <div class='ocr_carea' id='block_1_39' title="bbox 330 2611 1907 2685">
    <p class='ocr_par' dir='ltr' id='par_1_39' title="bbox 330 2611 1907 2685">
     <span class='ocr_line' id='line_1_39' title="bbox 330 2611 1907 2685; baseline 0.004 -24"><span class='ocrx_word' id='word_1_282' title='bbox 330 2611 756 2681; x_wconf 77' lang='grc' dir='ltr'>ϐλιογραφήοειν</span> <span class='ocrx_word' id='word_1_283' title='bbox 785 2614 1033 2685; x_wconf 80' lang='grc' dir='ltr'>ἀνάγκην</span> <span class='ocrx_word' id='word_1_284' title='bbox 1055 2614 1297 2685; x_wconf 82' lang='grc' dir='ltr'>εὑρήσω,</span> <span class='ocrx_word' id='word_1_285' title='bbox 1318 2613 1436 2668; x_wconf 81' lang='grc' dir='ltr'>ἀλλ’</span> <span class='ocrx_word' id='word_1_286' title='bbox 1461 2613 1535 2676; x_wconf 83' lang='grc' dir='ltr'>ὡς</span> <span class='ocrx_word' id='word_1_287' title='bbox 1562 2614 1698 2683; x_wconf 80' lang='grc' dir='ltr'>πρὸς</span> <span class='ocrx_word' id='word_1_288' title='bbox 1721 2615 1907 2668; x_wconf 83' lang='grc' dir='ltr'>ἐσκια-</span> 
     </span>
    </p>
   </div>
   <div class='ocr_carea' id='block_1_40' title="bbox 329 2701 1610 2776">
    <p class='ocr_par' dir='ltr' id='par_1_40' title="bbox 329 2701 1610 2776">
     <span class='ocr_line' id='line_1_40' title="bbox 329 2701 1610 2776; baseline 0.005 -22"><span class='ocrx_word' id='word_1_289' title='bbox 329 2701 696 2772; x_wconf 78' lang='grc' dir='ltr'>γραφημένην</span> <span class='ocrx_word' id='word_1_290' title='bbox 725 2702 836 2758; x_wconf 80' lang='grc' dir='ltr'><strong>τῶν</strong></span> <span class='ocrx_word' id='word_1_291' title='bbox 869 2705 1279 2776; x_wconf 77' lang='grc' dir='ltr'>πεπραγμένων</span> <span class='ocrx_word' id='word_1_292' title='bbox 1314 2704 1610 2772; x_wconf 79' lang='grc' dir='ltr'>ὑπόδειξιν.</span> 
     </span>
    </p>
   </div>
   <div class='ocr_carea' id='block_1_41' title="bbox 403 2878 1903 2957">
    <p class='ocr_par' dir='ltr' id='par_1_41' title="bbox 403 2878 1903 2957">
     <span class='ocr_line' id='line_1_41' title="bbox 403 2878 1903 2957; baseline 0.004 -21"><span class='ocrx_word' id='word_1_293' title='bbox 403 2878 523 2951; x_wconf 87' lang='grc' dir='ltr'>μη’.</span> <span class='ocrx_word' id='word_1_294' title='bbox 546 2881 610 2935; x_wconf 80' lang='lat' dir='ltr'><strong>Ol</strong></span> <span class='ocrx_word' id='word_1_295' title='bbox 637 2881 927 2953; x_wconf 80' lang='grc' dir='ltr'>βλαϐέντες</span> <span class='ocrx_word' id='word_1_296' title='bbox 957 2883 1179 2952; x_wconf 79' lang='grc' dir='ltr'>ἐκεῖνοι,</span> <span class='ocrx_word' id='word_1_297' title='bbox 1215 2885 1262 2939; x_wconf 85' lang='grc' dir='ltr'><strong>οί</strong></span> <span class='ocrx_word' id='word_1_298' title='bbox 1315 2885 1523 2953; x_wconf 78' lang='grc' dir='ltr'>πολλοὶ,</span> <span class='ocrx_word' id='word_1_299' title='bbox 1554 2887 1603 2940; x_wconf 89' lang='grc' dir='ltr'><strong>οί</strong></span> <span class='ocrx_word' id='word_1_300' title='bbox 1647 2887 1903 2957; x_wconf 79' lang='grc' dir='ltr'>ποικίλοι,</span> 
     </span>
    </p>
   </div>
   <div class='ocr_carea' id='block_1_42' title="bbox 332 2974 1905 3048">
    <p class='ocr_par' dir='ltr' id='par_1_42' title="bbox 332 2974 1905 3048">
     <span class='ocr_line' id='line_1_42' title="bbox 332 2974 1905 3048; baseline 0.004 -20"><span class='ocrx_word' id='word_1_301' title='bbox 332 2975 382 3028; x_wconf 86' lang='grc' dir='ltr'><strong>οί</strong></span> <span class='ocrx_word' id='word_1_302' title='bbox 421 2974 822 3043; x_wconf 88' lang='grc' dir='ltr'>πολύγλωσσοι,</span> <span class='ocrx_word' id='word_1_303' title='bbox 853 2975 1248 3048; x_wconf 81' lang='grc' dir='ltr'>διασπαρέντες</span> <span class='ocrx_word' id='word_1_304' title='bbox 1281 2977 1433 3033; x_wconf 81' lang='grc' dir='ltr'>ἄλλοι</span> <span class='ocrx_word' id='word_1_305' title='bbox 1464 2979 1707 3047; x_wconf 77' lang='grc' dir='ltr'>ἄλλοθεν,</span> <span class='ocrx_word' id='word_1_306' title='bbox 1741 2981 1794 3034; x_wconf 79' lang='grc' dir='ltr'><strong>εί</strong></span> <span class='ocrx_word' id='word_1_307' title='bbox 1821 2998 1905 3045; x_wconf 89' lang='grc' dir='ltr'><strong>τις</strong></span> 
     </span>
    </p>
   </div>
   <div class='ocr_carea' id='block_1_43' title="bbox 331 3065 1906 3142">
    <p class='ocr_par' dir='ltr' id='par_1_43' title="bbox 331 3065 1906 3142">
     <span class='ocr_line' id='line_1_43' title="bbox 331 3065 1906 3142; baseline 0.006 -26"><span class='ocrx_word' id='word_1_308' title='bbox 331 3067 549 3135; x_wconf 76' lang='grc' dir='ltr'>φρήτρη</span> <span class='ocrx_word' id='word_1_309' title='bbox 604 3067 668 3118; x_wconf 89' lang='grc' dir='ltr'><strong>ἐκ</strong></span> <span class='ocrx_word' id='word_1_310' title='bbox 713 3065 909 3137; x_wconf 82' lang='grc' dir='ltr'>Πίσης,</span> <span class='ocrx_word' id='word_1_311' title='bbox 964 3069 1018 3122; x_wconf 80' lang='grc' dir='ltr'><strong>εἴ</strong></span> <span class='ocrx_word' id='word_1_312' title='bbox 1079 3084 1167 3132; x_wconf 91' lang='grc' dir='ltr'><strong>τις</strong></span> <span class='ocrx_word' id='word_1_313' title='bbox 1217 3069 1325 3122; x_wconf 85' lang='grc' dir='ltr'>άπὸ</span> <span class='ocrx_word' id='word_1_314' title='bbox 1387 3070 1657 3142; x_wconf 85' lang='grc' dir='ltr'>Γενούης·</span> <span class='ocrx_word' id='word_1_315' title='bbox 1697 3073 1757 3126; x_wconf 83' lang='grc' dir='ltr'><strong>τὸ</strong></span> <span class='ocrx_word' id='word_1_316' title='bbox 1798 3073 1906 3127; x_wconf 83' lang='grc' dir='ltr'>τῶν</span> 
     </span>
    </p>
   </div>
   <div class='ocr_carea' id='block_1_44' title="bbox 2005 1967 3589 2035">
    <p class='ocr_par' dir='ltr' id='par_1_44' title="bbox 2005 1967 3589 2035">
     <span class='ocr_line' id='line_1_44' title="bbox 2005 1967 3589 2035; baseline -0.001 -13"><span class='ocrx_word' id='word_1_317' title='bbox 2005 1971 2356 2032; x_wconf 88' lang='lat' dir='ltr'><strong>memoriam,</strong></span> <span class='ocrx_word' id='word_1_318' title='bbox 2403 1968 2509 2024; x_wconf 83' lang='lat' dir='ltr'><strong>etsi</strong></span> <span class='ocrx_word' id='word_1_319' title='bbox 2546 1983 2658 2022; x_wconf 87' lang='lat' dir='ltr'><strong>non</strong></span> <span class='ocrx_word' id='word_1_320' title='bbox 2694 1967 2750 2023; x_wconf 89' lang='lat' dir='ltr'><strong>in</strong></span> <span class='ocrx_word' id='word_1_321' title='bbox 2801 1968 3020 2023; x_wconf 87' lang='lat' dir='ltr'><strong>laudem</strong></span> <span class='ocrx_word' id='word_1_322' title='bbox 3073 1969 3398 2035; x_wconf 80' lang='lat' dir='ltr'><strong>Andronici,</strong></span> <span class='ocrx_word' id='word_1_323' title='bbox 3446 1969 3589 2022; x_wconf 83' lang='lat' dir='ltr'><strong>alter</strong></span> 
     </span>
    </p>
   </div>
   <div class='ocr_carea' id='block_1_45' title="bbox 2006 2060 3584 2132">
    <p class='ocr_par' dir='ltr' id='par_1_45' title="bbox 2006 2060 3584 2132">
     <span class='ocr_line' id='line_1_45' title="bbox 2006 2060 3584 2132; baseline -0.003 -15"><span class='ocrx_word' id='word_1_324' title='bbox 2006 2061 2357 2127; x_wconf 80' lang='lat' dir='ltr'><strong>conscribat,</strong></span> <span class='ocrx_word' id='word_1_325' title='bbox 2406 2061 2661 2117; x_wconf 88' lang='lat' dir='ltr'><strong>inducias</strong></span> <span class='ocrx_word' id='word_1_326' title='bbox 2700 2060 2883 2132; x_wconf 81' lang='lat' dir='ltr'><strong>justas</strong></span> <span class='ocrx_word' id='word_1_327' title='bbox 2922 2076 3128 2132; x_wconf 84' lang='lat' dir='ltr'><strong>agens,</strong></span> <span class='ocrx_word' id='word_1_328' title='bbox 3173 2060 3274 2117; x_wconf 87' lang='lat' dir='ltr'><strong>sed</strong></span> <span class='ocrx_word' id='word_1_329' title='bbox 3321 2063 3469 2116; x_wconf 91' lang='lat' dir='ltr'><strong>rivos</strong></span> <span class='ocrx_word' id='word_1_330' title='bbox 3511 2061 3584 2114; x_wconf 85' lang='lat' dir='ltr'><strong>la-</strong></span> 
     </span>
    </p>
   </div>
   <div class='ocr_carea' id='block_1_46' title="bbox 2011 2151 3650 2222">
    <p class='ocr_par' dir='ltr' id='par_1_46' title="bbox 2011 2151 3650 2222">
     <span class='ocr_line' id='line_1_46' title="bbox 2011 2151 3650 2222; baseline -0.001 -15"><span class='ocrx_word' id='word_1_331' title='bbox 2011 2166 2328 2222; x_wconf 84' lang='lat' dir='ltr'><strong>crymarum</strong></span> <span class='ocrx_word' id='word_1_332' title='bbox 2395 2167 2658 2218; x_wconf 87' lang='lat' dir='ltr'><strong>movens;</strong></span> <span class='ocrx_word' id='word_1_333' title='bbox 2717 2151 2800 2207; x_wconf 66' lang='lat' dir='ltr'><strong>hae</strong></span> <span class='ocrx_word' id='word_1_334' title='bbox 2861 2152 3071 2208; x_wconf 87' lang='lat' dir='ltr'><strong>scilicet</strong></span> <span class='ocrx_word' id='word_1_335' title='bbox 3122 2153 3352 2208; x_wconf 83' lang='lat' dir='ltr'><strong>deerant</strong></span> <span class='ocrx_word' id='word_1_336' title='bbox 3405 2152 3584 2208; x_wconf 89' lang='lat' dir='ltr'><strong>nobis.</strong></span> <span class='ocrx_word' id='word_1_337' title='bbox 3645 2153 3650 2156; x_wconf 85' lang='grc'><em>’</em></span> 
     </span>
    </p>
   </div>
   <div class='ocr_carea' id='block_1_47' title="bbox 2006 2242 3588 2314">
    <p class='ocr_par' dir='ltr' id='par_1_47' title="bbox 2006 2242 3588 2314">
     <span class='ocr_line' id='line_1_47' title="bbox 2006 2242 3588 2314; baseline 0.001 -19"><span class='ocrx_word' id='word_1_338' title='bbox 2006 2243 2204 2310; x_wconf 84' lang='lat' dir='ltr'><strong>Qualia</strong></span> <span class='ocrx_word' id='word_1_339' title='bbox 2230 2257 2357 2300; x_wconf 77' lang='lat' dir='ltr'><strong>vero</strong></span> <span class='ocrx_word' id='word_1_340' title='bbox 2378 2242 2508 2298; x_wconf 93' lang='lat' dir='ltr'><strong>inde</strong></span> <span class='ocrx_word' id='word_1_341' title='bbox 2533 2242 2694 2299; x_wconf 88' lang='lat' dir='ltr'><strong>nobis</strong></span> <span class='ocrx_word' id='word_1_342' title='bbox 2733 2245 3042 2312; x_wconf 84' lang='lat' dir='ltr'><strong>evenerint,</strong></span> <span class='ocrx_word' id='word_1_343' title='bbox 3086 2251 3142 2299; x_wconf 88' lang='lat' dir='ltr'><strong>et</strong></span> <span class='ocrx_word' id='word_1_344' title='bbox 3173 2243 3447 2314; x_wconf 87' lang='lat' dir='ltr'><strong>quomodo</strong></span> <span class='ocrx_word' id='word_1_345' title='bbox 3474 2243 3588 2297; x_wconf 78' lang='lat' dir='ltr'><strong>An-</strong></span> 
     </span>
    </p>
   </div>
   <div class='ocr_carea' id='block_1_48' title="bbox 2005 2334 3585 2403">
    <p class='ocr_par' dir='ltr' id='par_1_48' title="bbox 2005 2334 3585 2403">
     <span class='ocr_line' id='line_1_48' title="bbox 2005 2334 3585 2403; baseline -0.001 -13"><span class='ocrx_word' id='word_1_346' title='bbox 2005 2334 2243 2403; x_wconf 88' lang='lat' dir='ltr'><strong>dronici,</strong></span> <span class='ocrx_word' id='word_1_347' title='bbox 2298 2345 2360 2392; x_wconf 90' lang='lat' dir='ltr'><strong>ut</strong></span> <span class='ocrx_word' id='word_1_348' title='bbox 2419 2334 2613 2392; x_wconf 91' lang='lat' dir='ltr'><strong>eadem</strong></span> <span class='ocrx_word' id='word_1_349' title='bbox 2675 2335 2983 2392; x_wconf 88' lang='lat' dir='ltr'><strong>intentione</strong></span> <span class='ocrx_word' id='word_1_350' title='bbox 3032 2336 3153 2392; x_wconf 87' lang='lat' dir='ltr'><strong>soni</strong></span> <span class='ocrx_word' id='word_1_351' title='bbox 3214 2336 3428 2400; x_wconf 90' lang='lat' dir='ltr'><strong>dicam,</strong></span> <span class='ocrx_word' id='word_1_352' title='bbox 3473 2349 3585 2390; x_wconf 88' lang='lat' dir='ltr'><strong>non</strong></span> 
     </span>
    </p>
   </div>
   <div class='ocr_carea' id='block_1_49' title="bbox 2004 2427 3585 2498">
    <p class='ocr_par' dir='ltr' id='par_1_49' title="bbox 2004 2427 3585 2498">
     <span class='ocr_line' id='line_1_49' title="bbox 2004 2427 3585 2498; baseline -0.003 -14"><span class='ocrx_word' id='word_1_353' title='bbox 2004 2427 2318 2497; x_wconf 76' lang='lat' dir='ltr'><strong>benignitas</strong></span> <span class='ocrx_word' id='word_1_354' title='bbox 2369 2427 2612 2498; x_wconf 76' lang='lat' dir='ltr'><strong>tetigerit</strong></span> <span class='ocrx_word' id='word_1_355' title='bbox 2647 2442 2868 2498; x_wconf 83' lang='lat' dir='ltr'><strong>quoque</strong></span> <span class='ocrx_word' id='word_1_356' title='bbox 2921 2443 3022 2483; x_wconf 86' lang='lat' dir='ltr'><strong>nos</strong></span> <span class='ocrx_word' id='word_1_357' title='bbox 3077 2427 3412 2491; x_wconf 88' lang='lat' dir='ltr'><strong>mortaliter,</strong></span> <span class='ocrx_word' id='word_1_358' title='bbox 3454 2442 3585 2480; x_wconf 90' lang='lat' dir='ltr'><strong>nar-</strong></span> 
     </span>
    </p>
   </div>
   <div class='ocr_carea' id='block_1_50' title="bbox 2005 2518 3588 2591">
    <p class='ocr_par' dir='ltr' id='par_1_50' title="bbox 2005 2518 3588 2591">
     <span class='ocr_line' id='line_1_50' title="bbox 2005 2518 3588 2591; baseline -0.001 -17"><span class='ocrx_word' id='word_1_359' title='bbox 2005 2518 2182 2574; x_wconf 87' lang='lat' dir='ltr'><strong>raturi</strong></span> <span class='ocrx_word' id='word_1_360' title='bbox 2215 2518 2330 2589; x_wconf 89' lang='lat' dir='ltr'><strong>jam</strong></span> <span class='ocrx_word' id='word_1_361' title='bbox 2361 2533 2575 2582; x_wconf 87' lang='lat' dir='ltr'><strong>sumus.</strong></span> <span class='ocrx_word' id='word_1_362' title='bbox 2612 2519 2788 2574; x_wconf 88' lang='lat' dir='ltr'><strong>nebic</strong></span> <span class='ocrx_word' id='word_1_363' title='bbox 2819 2518 3038 2588; x_wconf 81' lang='lat' dir='ltr'><strong>longius</strong></span> <span class='ocrx_word' id='word_1_364' title='bbox 3073 2534 3239 2591; x_wconf 90' lang='lat' dir='ltr'><strong>quam</strong></span> <span class='ocrx_word' id='word_1_365' title='bbox 3281 2519 3411 2574; x_wconf 82' lang='lat' dir='ltr'><strong>alibi</strong></span> <span class='ocrx_word' id='word_1_366' title='bbox 3464 2533 3588 2574; x_wconf 76' lang='lat' dir='ltr'><strong>aer-</strong></span> 
     </span>
    </p>
   </div>
   <div class='ocr_carea' id='block_1_51' title="bbox 2005 2607 3587 2679">
    <p class='ocr_par' dir='ltr' id='par_1_51' title="bbox 2005 2607 3587 2679">
     <span class='ocr_line' id='line_1_51' title="bbox 2005 2607 3587 2679; baseline -0.001 -17"><span class='ocrx_word' id='word_1_367' title='bbox 2005 2621 2224 2662; x_wconf 90' lang='lat' dir='ltr'><strong>monem</strong></span> <span class='ocrx_word' id='word_1_368' title='bbox 2271 2607 2701 2677; x_wconf 87' lang='lat' dir='ltr'><strong>protrabamus;</strong></span> <span class='ocrx_word' id='word_1_369' title='bbox 2733 2624 2840 2663; x_wconf 92' lang='lat' dir='ltr'><strong>non</strong></span> <span class='ocrx_word' id='word_1_370' title='bbox 2874 2608 3022 2663; x_wconf 88' lang='lat' dir='ltr'><strong>enim</strong></span> <span class='ocrx_word' id='word_1_371' title='bbox 3077 2623 3337 2679; x_wconf 91' lang='lat' dir='ltr'><strong>magnum</strong></span> <span class='ocrx_word' id='word_1_372' title='bbox 3392 2607 3587 2662; x_wconf 86' lang='lat' dir='ltr'><strong>librum</strong></span> 
     </span>
    </p>
   </div>
   <div class='ocr_carea' id='block_1_52' title="bbox 2004 2701 3592 2769">
    <p class='ocr_par' dir='ltr' id='par_1_52' title="bbox 2004 2701 3592 2769">
     <span class='ocr_line' id='line_1_52' title="bbox 2004 2701 3592 2769; baseline 0.001 -13"><span class='ocrx_word' id='word_1_373' title='bbox 2004 2701 2286 2757; x_wconf 85' lang='lat' dir='ltr'><strong>scribendi</strong></span> <span class='ocrx_word' id='word_1_374' title='bbox 2329 2703 2634 2758; x_wconf 74' lang='lat' dir='ltr'><strong>necessitas</strong></span> <span class='ocrx_word' id='word_1_375' title='bbox 2695 2701 2970 2757; x_wconf 91' lang='lat' dir='ltr'><strong>incumbit</strong></span> <span class='ocrx_word' id='word_1_376' title='bbox 3004 2701 3188 2769; x_wconf 87' lang='lat' dir='ltr'><strong>nobis,</strong></span> <span class='ocrx_word' id='word_1_377' title='bbox 3243 2702 3338 2758; x_wconf 88' lang='lat' dir='ltr'><strong>sed</strong></span> <span class='ocrx_word' id='word_1_378' title='bbox 3395 2701 3592 2758; x_wconf 86' lang='lat' dir='ltr'><strong>adum-</strong></span> 
     </span>
    </p>
   </div>
   <div class='ocr_carea' id='block_1_53' title="bbox 2006 2791 2865 2850">
    <p class='ocr_par' dir='ltr' id='par_1_53' title="bbox 2006 2791 2865 2850">
     <span class='ocr_line' id='line_1_53' title="bbox 2006 2791 2865 2850; baseline -0.001 -1"><span class='ocrx_word' id='word_1_379' title='bbox 2006 2793 2208 2850; x_wconf 88' lang='lat' dir='ltr'><strong>bratim</strong></span> <span class='ocrx_word' id='word_1_380' title='bbox 2237 2791 2381 2847; x_wconf 81' lang='lat' dir='ltr'><strong>facta</strong></span> <span class='ocrx_word' id='word_1_381' title='bbox 2422 2792 2865 2850; x_wconf 85' lang='lat' dir='ltr'><strong>demonstrandi.</strong></span> 
     </span>
    </p>
   </div>
   <div class='ocr_carea' id='block_1_54' title="bbox 2075 2881 3587 2956">
    <p class='ocr_par' dir='ltr' id='par_1_54' title="bbox 2075 2881 3587 2956">
     <span class='ocr_line' id='line_1_54' title="bbox 2075 2881 3587 2956; baseline 0.002 -19"><span class='ocrx_word' id='word_1_382' title='bbox 2075 2883 2168 2938; x_wconf 71' lang='grc' dir='ltr'><strong>ιε.</strong></span> <span class='ocrx_word' id='word_1_383' title='bbox 2225 2881 2332 2950; x_wconf 85' lang='lat' dir='ltr'><strong>Qui</strong></span> <span class='ocrx_word' id='word_1_384' title='bbox 2387 2883 2502 2938; x_wconf 66' lang='lat' dir='ltr'><strong>laesi</strong></span> <span class='ocrx_word' id='word_1_385' title='bbox 2551 2883 2778 2938; x_wconf 76' lang='lat' dir='ltr'><strong>fuerunt</strong></span> <span class='ocrx_word' id='word_1_386' title='bbox 2835 2882 3016 2948; x_wconf 88' lang='lat' dir='ltr'><strong>multi,</strong></span> <span class='ocrx_word' id='word_1_387' title='bbox 3065 2883 3226 2949; x_wconf 87' lang='lat' dir='ltr'><strong>varii,</strong></span> <span class='ocrx_word' id='word_1_388' title='bbox 3274 2883 3587 2956; x_wconf 76' lang='lat' dir='ltr'><strong>linguarum</strong></span> 
     </span>
    </p>
   </div>
   <div class='ocr_carea' id='block_1_55' title="bbox 2009 2975 3592 3046">
    <p class='ocr_par' dir='ltr' id='par_1_55' title="bbox 2009 2975 3592 3046">
     <span class='ocr_line' id='line_1_55' title="bbox 2009 2975 3592 3046; baseline 0.001 -15"><span class='ocrx_word' id='word_1_389' title='bbox 2009 2976 2353 3032; x_wconf 88' lang='lat' dir='ltr'><strong>diversarum</strong></span> <span class='ocrx_word' id='word_1_390' title='bbox 2387 2975 2572 3046; x_wconf 91' lang='lat' dir='ltr'><strong>periti,</strong></span> <span class='ocrx_word' id='word_1_391' title='bbox 2599 2976 2695 3031; x_wconf 90' lang='lat' dir='ltr'><strong>alii</strong></span> <span class='ocrx_word' id='word_1_392' title='bbox 2744 2975 2854 3030; x_wconf 85' lang='lat' dir='ltr'><strong>alio</strong></span> <span class='ocrx_word' id='word_1_393' title='bbox 2893 2977 3162 3046; x_wconf 86' lang='lat' dir='ltr'><strong>dispersi,</strong></span> <span class='ocrx_word' id='word_1_394' title='bbox 3195 2977 3240 3032; x_wconf 87' lang='lat' dir='ltr'><strong>si</strong></span> <span class='ocrx_word' id='word_1_395' title='bbox 3271 2991 3380 3046; x_wconf 91' lang='lat' dir='ltr'><strong>qua</strong></span> <span class='ocrx_word' id='word_1_396' title='bbox 3415 2977 3592 3032; x_wconf 89' lang='lat' dir='ltr'><strong>tribus</strong></span> 
     </span>
    </p>
   </div>
   <div class='ocr_carea' id='block_1_56' title="bbox 2007 3067 3591 3140">
    <p class='ocr_par' dir='ltr' id='par_1_56' title="bbox 2007 3067 3591 3140">
     <span class='ocr_line' id='line_1_56' title="bbox 2007 3067 3591 3140; baseline -0.001 -14"><span class='ocrx_word' id='word_1_397' title='bbox 2007 3084 2076 3126; x_wconf 80' lang='lat' dir='ltr'><strong>ex</strong></span> <span class='ocrx_word' id='word_1_398' title='bbox 2102 3070 2251 3135; x_wconf 81' lang='lat' dir='ltr'><strong>Pisa,</strong></span> <span class='ocrx_word' id='word_1_399' title='bbox 2279 3069 2326 3126; x_wconf 89' lang='lat' dir='ltr'><strong>si</strong></span> <span class='ocrx_word' id='word_1_400' title='bbox 2362 3083 2470 3140; x_wconf 92' lang='lat' dir='ltr'><strong>qua</strong></span> <span class='ocrx_word' id='word_1_401' title='bbox 2518 3067 3070 3134; x_wconf 83' lang='lat' dir='ltr'><strong>Genuensis;tribus</strong></span> <span class='ocrx_word' id='word_1_402' title='bbox 3098 3067 3401 3125; x_wconf 86' lang='lat' dir='ltr'><strong>Tuscorum</strong></span> <span class='ocrx_word' id='word_1_403' title='bbox 3427 3079 3591 3139; x_wconf 77' lang='lat' dir='ltr'><strong>atque</strong></span> 
     </span>
    </p>
   </div>
   <div class='ocr_carea' id='block_1_57' title="bbox 331 3154 1906 3254">
    <p class='ocr_par' dir='ltr' id='par_1_57' title="bbox 331 3154 1906 3232">
     <span class='ocr_line' id='line_1_57' title="bbox 331 3154 1906 3232; baseline 0.003 -21"><span class='ocrx_word' id='word_1_404' title='bbox 331 3154 592 3211; x_wconf 82' lang='grc' dir='ltr'>Τούσκων</span> <span class='ocrx_word' id='word_1_405' title='bbox 628 3155 816 3227; x_wconf 80' lang='grc' dir='ltr'>φῦλον,</span> <span class='ocrx_word' id='word_1_406' title='bbox 870 3159 962 3213; x_wconf 88' lang='grc' dir='ltr'><strong>καί</strong></span> <span class='ocrx_word' id='word_1_407' title='bbox 1010 3177 1062 3214; x_wconf 87' lang='grc' dir='ltr'><strong>τι</strong></span> <span class='ocrx_word' id='word_1_408' title='bbox 1104 3161 1533 3232; x_wconf 81' lang='grc' dir='ltr'>Λαμπαρδικόν·</span> <span class='ocrx_word' id='word_1_409' title='bbox 1565 3163 1665 3217; x_wconf 85' lang='grc' dir='ltr'><strong>ούκ</strong></span> <span class='ocrx_word' id='word_1_410' title='bbox 1720 3164 1906 3218; x_wconf 83' lang='grc' dir='ltr'>ἀπελί-</span> 
     </span>
    </p>
   </div>
   <div class='ocr_carea' id='block_1_58' title="bbox 2011 3154 3594 3254">
    <p class='ocr_par' dir='ltr' id='par_1_58' title="bbox 2011 3160 3594 3232">
     <span class='ocr_line' id='line_1_58' title="bbox 2011 3160 3594 3232; baseline 0 -16"><span class='ocrx_word' id='word_1_411' title='bbox 2011 3161 2476 3227; x_wconf 74' lang='grc' dir='ltr'>Ι.οωι)πιιοτυω;</span> <span class='ocrx_word' id='word_1_412' title='bbox 2502 3175 2609 3216; x_wconf 92' lang='lat' dir='ltr'><strong>non</strong></span> <span class='ocrx_word' id='word_1_413' title='bbox 2639 3163 2788 3217; x_wconf 90' lang='lat' dir='ltr'><strong>enim</strong></span> <span class='ocrx_word' id='word_1_414' title='bbox 2811 3160 2965 3216; x_wconf 87' lang='lat' dir='ltr'><strong>obliti</strong></span> <span class='ocrx_word' id='word_1_415' title='bbox 3008 3177 3204 3218; x_wconf 88' lang='lat' dir='ltr'><strong>sumus</strong></span> <span class='ocrx_word' id='word_1_416' title='bbox 3247 3161 3394 3232; x_wconf 89' lang='lat' dir='ltr'><strong>quod</strong></span> <span class='ocrx_word' id='word_1_417' title='bbox 3445 3161 3594 3232; x_wconf 82' lang='lat' dir='ltr'><strong>passi</strong></span> 
     </span>
    </p>
   </div>
   <div class='ocr_carea' id='block_1_59' title="bbox 333 3249 1906 3325">
    <p class='ocr_par' dir='ltr' id='par_1_59' title="bbox 333 3249 1906 3325">
     <span class='ocr_line' id='line_1_59' title="bbox 333 3249 1906 3325; baseline 0.007 -25"><span class='ocrx_word' id='word_1_418' title='bbox 333 3265 467 3301; x_wconf 82' lang='grc' dir='ltr'>πετο</span> <span class='ocrx_word' id='word_1_419' title='bbox 496 3249 554 3302; x_wconf 83' lang='grc' dir='ltr'><strong>δέ</strong></span> <span class='ocrx_word' id='word_1_420' title='bbox 599 3249 723 3304; x_wconf 70' lang='grc' dir='ltr'>οὐδὲ</span> <span class='ocrx_word' id='word_1_421' title='bbox 751 3251 812 3304; x_wconf 83' lang='grc' dir='ltr'><strong>τὸ</strong></span> <span class='ocrx_word' id='word_1_422' title='bbox 859 3253 925 3304; x_wconf 85' lang='grc' dir='ltr'><strong>ἐκ</strong></span> <span class='ocrx_word' id='word_1_423' title='bbox 955 3253 1346 3324; x_wconf 82' lang='grc' dir='ltr'>Λογγιϐάρδων</span> <span class='ocrx_word' id='word_1_424' title='bbox 1397 3253 1616 3325; x_wconf 78' lang='grc' dir='ltr'>βλαϐὲν,</span> <span class='ocrx_word' id='word_1_425' title='bbox 1667 3255 1773 3309; x_wconf 73' lang='grc' dir='ltr'>οὐδ’</span> <span class='ocrx_word' id='word_1_426' title='bbox 1804 3257 1906 3311; x_wconf 85' lang='grc' dir='ltr'>ὅσα</span> 
     </span>
    </p>
   </div>
   <div class='ocr_carea' id='block_1_60' title="bbox 2011 3249 3587 3325">
    <p class='ocr_par' dir='ltr' id='par_1_60' title="bbox 2011 3253 3587 3324">
     <span class='ocr_line' id='line_1_60' title="bbox 2011 3253 3587 3324; baseline 0 -14"><span class='ocrx_word' id='word_1_427' title='bbox 2011 3269 2204 3312; x_wconf 88' lang='lat' dir='ltr'><strong>sumus</strong></span> <span class='ocrx_word' id='word_1_428' title='bbox 2257 3269 2323 3310; x_wconf 85' lang='lat' dir='ltr'><strong>ex</strong></span> <span class='ocrx_word' id='word_1_429' title='bbox 2365 3253 2761 3324; x_wconf 89' lang='lat' dir='ltr'><strong>Longibardis,</strong></span> <span class='ocrx_word' id='word_1_430' title='bbox 2789 3269 2888 3308; x_wconf 91' lang='lat' dir='ltr'><strong>nec</strong></span> <span class='ocrx_word' id='word_1_431' title='bbox 2921 3255 3031 3310; x_wconf 89' lang='lat' dir='ltr'><strong>alia</strong></span> <span class='ocrx_word' id='word_1_432' title='bbox 3065 3255 3264 3310; x_wconf 87' lang='lat' dir='ltr'><strong>similia</strong></span> <span class='ocrx_word' id='word_1_433' title='bbox 3292 3272 3307 3321; x_wconf 92' lang='lat'><strong>;</strong></span> <span class='ocrx_word' id='word_1_434' title='bbox 3339 3269 3444 3311; x_wconf 88' lang='lat' dir='ltr'><strong>nec</strong></span> <span class='ocrx_word' id='word_1_435' title='bbox 3464 3267 3587 3310; x_wconf 65' lang='lat' dir='ltr'><strong>verr</strong></span> 
     </span>
    </p>
   </div>
   <div class='ocr_carea' id='block_1_61' title="bbox 334 3341 1908 3418">
    <p class='ocr_par' dir='ltr' id='par_1_61' title="bbox 334 3341 1908 3418">
     <span class='ocr_line' id='line_1_61' title="bbox 334 3341 1908 3418; baseline 0.004 -22"><span class='ocrx_word' id='word_1_436' title='bbox 334 3341 470 3396; x_wconf 69' lang='grc' dir='ltr'>ἄλλα</span> <span class='ocrx_word' id='word_1_437' title='bbox 490 3358 506 3375; x_wconf 79' lang='grc' dir='ltr'><strong>ο</strong></span> <span class='ocrx_word' id='word_1_438' title='bbox 539 3343 601 3396; x_wconf 86' lang='grc' dir='ltr'><strong>ού</strong></span> <span class='ocrx_word' id='word_1_439' title='bbox 642 3344 748 3414; x_wconf 77' lang='grc' dir='ltr'>μὴν</span> <span class='ocrx_word' id='word_1_440' title='bbox 775 3344 829 3397; x_wconf 85' lang='grc' dir='ltr'>δὲ</span> <span class='ocrx_word' id='word_1_441' title='bbox 855 3345 990 3400; x_wconf 76' lang='grc' dir='ltr'>ἀλλὰ</span> <span class='ocrx_word' id='word_1_442' title='bbox 1026 3348 1120 3401; x_wconf 81' lang='grc' dir='ltr'>καὶ</span> <span class='ocrx_word' id='word_1_443' title='bbox 1151 3347 1259 3400; x_wconf 81' lang='grc' dir='ltr'><strong>τῶν</strong></span> <span class='ocrx_word' id='word_1_444' title='bbox 1295 3345 1588 3416; x_wconf 77' lang='grc' dir='ltr'>Εὐγενείας</span> <span class='ocrx_word' id='word_1_445' title='bbox 1623 3349 1908 3418; x_wconf 82' lang='grc' dir='ltr'>ἐπιτεταγ-</span> 
     </span>
    </p>
   </div>
   <div class='ocr_carea' id='block_1_62' title="bbox 337 3434 1904 3512">
    <p class='ocr_par' dir='ltr' id='par_1_62' title="bbox 337 3434 1904 3512">
     <span class='ocr_line' id='line_1_62' title="bbox 337 3434 1904 3512; baseline 0.006 -26"><span class='ocrx_word' id='word_1_446' title='bbox 337 3434 538 3503; x_wconf 79' lang='grc' dir='ltr'>μένων.</span> <span class='ocrx_word' id='word_1_447' title='bbox 579 3437 845 3502; x_wconf 79' lang='grc' dir='ltr'>Μαλεῐνος</span> <span class='ocrx_word' id='word_1_448' title='bbox 891 3437 948 3490; x_wconf 83' lang='grc' dir='ltr'>δέ</span> <span class='ocrx_word' id='word_1_449' title='bbox 982 3455 1087 3505; x_wconf 89' lang='grc' dir='ltr'>τις,</span> <span class='ocrx_word' id='word_1_450' title='bbox 1128 3438 1225 3492; x_wconf 82' lang='grc' dir='ltr'>καὶ</span> <span class='ocrx_word' id='word_1_451' title='bbox 1262 3441 1594 3512; x_wconf 87' lang='grc' dir='ltr'>Δαλασηνὸς,</span> <span class='ocrx_word' id='word_1_452' title='bbox 1626 3442 1722 3497; x_wconf 73' lang='grc' dir='ltr'>καὶ</span> <span class='ocrx_word' id='word_1_453' title='bbox 1758 3441 1904 3496; x_wconf 76' lang='grc' dir='ltr'>Κλάο</span> 
     </span>
    </p>
   </div>
   <div class='ocr_carea' id='block_1_63' title="bbox 331 3526 1906 3604">
    <p class='ocr_par' dir='ltr' id='par_1_63' title="bbox 331 3526 1906 3604">
     <span class='ocr_line' id='line_1_63' title="bbox 331 3526 1906 3604; baseline 0.005 -24"><span class='ocrx_word' id='word_1_454' title='bbox 331 3526 458 3593; x_wconf 83' lang='grc' dir='ltr'>δων,</span> <span class='ocrx_word' id='word_1_455' title='bbox 493 3529 589 3581; x_wconf 85' lang='grc' dir='ltr'><strong>καί</strong></span> <span class='ocrx_word' id='word_1_456' title='bbox 636 3546 780 3594; x_wconf 90' lang='grc' dir='ltr'>τινες</span> <span class='ocrx_word' id='word_1_457' title='bbox 831 3531 1062 3586; x_wconf 84' lang='grc' dir='ltr'>τοιοῦτοι</span> <span class='ocrx_word' id='word_1_458' title='bbox 1099 3532 1211 3586; x_wconf 84' lang='grc' dir='ltr'><strong>τῶν</strong></span> <span class='ocrx_word' id='word_1_459' title='bbox 1239 3532 1340 3603; x_wconf 76' lang='grc' dir='ltr'><strong>τῆς</strong></span> <span class='ocrx_word' id='word_1_460' title='bbox 1389 3533 1712 3604; x_wconf 82' lang='grc' dir='ltr'>ύφειμένης,</span> <span class='ocrx_word' id='word_1_461' title='bbox 1768 3534 1906 3604; x_wconf 83' lang='grc' dir='ltr'>πρὸς</span> 
     </span>
    </p>
   </div>
   <div class='ocr_carea' id='block_1_64' title="bbox 330 3617 1906 3698">
    <p class='ocr_par' dir='ltr' id='par_1_64' title="bbox 330 3617 1906 3698">
     <span class='ocr_line' id='line_1_64' title="bbox 330 3617 1906 3698; baseline 0.006 -29"><span class='ocrx_word' id='word_1_462' title='bbox 330 3617 387 3670; x_wconf 77' lang='grc' dir='ltr'>δὲ</span> <span class='ocrx_word' id='word_1_463' title='bbox 445 3619 543 3672; x_wconf 77' lang='grc' dir='ltr'>καὶ</span> <span class='ocrx_word' id='word_1_464' title='bbox 600 3622 936 3691; x_wconf 78' lang='grc' dir='ltr'>θεραπευταὶ</span> <span class='ocrx_word' id='word_1_465' title='bbox 987 3624 1284 3694; x_wconf 82' lang='grc' dir='ltr'>ἀρχόντων,</span> <span class='ocrx_word' id='word_1_466' title='bbox 1341 3624 1435 3690; x_wconf 81' lang='grc' dir='ltr'>οὓς</span> <span class='ocrx_word' id='word_1_467' title='bbox 1483 3627 1511 3678; x_wconf 90' lang='grc' dir='ltr'>ὁ</span> <span class='ocrx_word' id='word_1_468' title='bbox 1569 3626 1906 3698; x_wconf 80' lang='grc' dir='ltr'>Ἀνδρόνικος</span> 
     </span>
    </p>
   </div>
   <div class='ocr_carea' id='block_1_65' title="bbox 335 3706 1908 3789">
    <p class='ocr_par' dir='ltr' id='par_1_65' title="bbox 335 3706 1908 3789">
     <span class='ocr_line' id='line_1_65' title="bbox 335 3706 1908 3789; baseline 0.003 -23"><span class='ocrx_word' id='word_1_469' title='bbox 335 3709 556 3778; x_wconf 72' lang='grc' dir='ltr'>φαύλως</span> <span class='ocrx_word' id='word_1_470' title='bbox 578 3711 784 3766; x_wconf 71' lang='grc' dir='ltr'>δέθετο</span> <span class='ocrx_word' id='word_1_471' title='bbox 803 3730 817 3744; x_wconf 86' lang='grc'><strong>·</strong></span> <span class='ocrx_word' id='word_1_472' title='bbox 843 3706 988 3766; x_wconf 72' lang='grc' dir='ltr'>οὗτοι</span> <span class='ocrx_word' id='word_1_473' title='bbox 1012 3715 1098 3786; x_wconf 82' lang='grc' dir='ltr'>δὴ,</span> <span class='ocrx_word' id='word_1_474' title='bbox 1124 3715 1218 3768; x_wconf 80' lang='grc' dir='ltr'>καὶ</span> <span class='ocrx_word' id='word_1_475' title='bbox 1240 3717 1352 3768; x_wconf 81' lang='grc' dir='ltr'>ὅσοι</span> <span class='ocrx_word' id='word_1_476' title='bbox 1373 3715 1428 3769; x_wconf 79' lang='grc' dir='ltr'>δὲ</span> <span class='ocrx_word' id='word_1_477' title='bbox 1452 3715 1601 3770; x_wconf 78' lang='grc' dir='ltr'>ἄλλοι</span> <span class='ocrx_word' id='word_1_478' title='bbox 1622 3717 1680 3770; x_wconf 88' lang='grc' dir='ltr'><strong>ἐν</strong></span> <span class='ocrx_word' id='word_1_479' title='bbox 1703 3718 1908 3789; x_wconf 77' lang='grc' dir='ltr'>ὁμοίοις</span> 
     </span>
    </p>
   </div>
   <div class='ocr_carea' id='block_1_66' title="bbox 335 3798 1906 3882">
    <p class='ocr_par' dir='ltr' id='par_1_66' title="bbox 335 3798 1906 3882">
     <span class='ocr_line' id='line_1_66' title="bbox 335 3798 1906 3882; baseline 0.007 -28"><span class='ocrx_word' id='word_1_480' title='bbox 335 3803 526 3865; x_wconf 83' lang='grc' dir='ltr'>κακοῖς</span> <span class='ocrx_word' id='word_1_481' title='bbox 573 3798 734 3872; x_wconf 79' lang='grc' dir='ltr'>ἦσαν,</span> <span class='ocrx_word' id='word_1_482' title='bbox 770 3805 1151 3875; x_wconf 79' lang='grc' dir='ltr'>ἐπρέσϐευσαν</span> <span class='ocrx_word' id='word_1_483' title='bbox 1204 3807 1356 3876; x_wconf 80' lang='grc' dir='ltr'>παρὰ</span> <span class='ocrx_word' id='word_1_484' title='bbox 1384 3807 1610 3872; x_wconf 82' lang='grc' dir='ltr'>πολλοὺς</span> <span class='ocrx_word' id='word_1_485' title='bbox 1648 3810 1757 3863; x_wconf 87' lang='grc' dir='ltr'><strong>τῶν</strong></span> <span class='ocrx_word' id='word_1_486' title='bbox 1807 3810 1906 3882; x_wconf 81' lang='grc' dir='ltr'><strong>μέ-</strong></span> 
     </span>
    </p>
   </div>
   <div class='ocr_carea' id='block_1_67' title="bbox 335 3892 1908 3971">
    <p class='ocr_par' dir='ltr' id='par_1_67' title="bbox 335 3892 1908 3971">
     <span class='ocr_line' id='line_1_67' title="bbox 335 3892 1908 3971; baseline 0.007 -28"><span class='ocrx_word' id='word_1_487' title='bbox 335 3908 498 3958; x_wconf 89' lang='grc' dir='ltr'>γιστα</span> <span class='ocrx_word' id='word_1_488' title='bbox 530 3892 868 3964; x_wconf 87' lang='grc' dir='ltr'>δυναμένων,</span> <span class='ocrx_word' id='word_1_489' title='bbox 907 3897 1035 3967; x_wconf 85' lang='grc' dir='ltr'>περί</span> <span class='ocrx_word' id='word_1_490' title='bbox 1063 3914 1119 3950; x_wconf 93' lang='grc' dir='ltr'><strong>τε</strong></span> <span class='ocrx_word' id='word_1_491' title='bbox 1154 3898 1220 3951; x_wconf 71' lang='grc' dir='ltr'>τά</span> <span class='ocrx_word' id='word_1_492' title='bbox 1251 3900 1348 3967; x_wconf 74' lang='grc' dir='ltr'>τῆς</span> <span class='ocrx_word' id='word_1_493' title='bbox 1380 3898 1518 3969; x_wconf 83' lang='grc' dir='ltr'>ἐῲας</span> <span class='ocrx_word' id='word_1_494' title='bbox 1550 3899 1775 3971; x_wconf 80' lang='grc' dir='ltr'>λήξεως,</span> <span class='ocrx_word' id='word_1_495' title='bbox 1814 3903 1908 3956; x_wconf 81' lang='grc' dir='ltr'>καὶ</span> 
     </span>
    </p>
   </div>
   <div class='ocr_carea' id='block_1_68' title="bbox 333 3982 1909 4061">
    <p class='ocr_par' dir='ltr' id='par_1_68' title="bbox 333 3982 1909 4061">
     <span class='ocr_line' id='line_1_68' title="bbox 333 3982 1909 4061; baseline 0.007 -26"><span class='ocrx_word' id='word_1_496' title='bbox 333 3982 404 4035; x_wconf 73' lang='grc' dir='ltr'><strong>τὰ</strong></span> <span class='ocrx_word' id='word_1_497' title='bbox 445 3985 701 4055; x_wconf 73' lang='grc' dir='ltr'>ἑσπέρια.</span> <span class='ocrx_word' id='word_1_498' title='bbox 735 3987 846 4038; x_wconf 77' lang='lat' dir='ltr'><strong>Kal</strong></span> <span class='ocrx_word' id='word_1_499' title='bbox 873 3989 922 4039; x_wconf 88' lang='grc' dir='ltr'><strong>οί</strong></span> <span class='ocrx_word' id='word_1_500' title='bbox 957 3989 1056 4058; x_wconf 81' lang='grc' dir='ltr'>μὲν</span> <span class='ocrx_word' id='word_1_501' title='bbox 1099 3990 1192 4043; x_wconf 75' lang='grc' dir='ltr'>τὸν</span> <span class='ocrx_word' id='word_1_502' title='bbox 1243 3990 1470 4044; x_wconf 70' lang='grc' dir='ltr'>σουλτὰν</span> <span class='ocrx_word' id='word_1_503' title='bbox 1519 3991 1804 4061; x_wconf 74' lang='grc' dir='ltr'>ἠρέθισαν,</span> <span class='ocrx_word' id='word_1_504' title='bbox 1840 3997 1909 4047; x_wconf 73' lang='grc' dir='ltr'><strong>τα</strong></span> 
     </span>
    </p>
   </div>
   <div class='ocr_carea' id='block_1_69' title="bbox 337 4074 1907 4156">
    <p class='ocr_par' dir='ltr' id='par_1_69' title="bbox 337 4074 1907 4156">
     <span class='ocr_line' id='line_1_69' title="bbox 337 4074 1907 4156; baseline 0.008 -30"><span class='ocrx_word' id='word_1_505' title='bbox 337 4074 512 4129; x_wconf 83' lang='grc' dir='ltr'>πλείω</span> <span class='ocrx_word' id='word_1_506' title='bbox 538 4093 615 4146; x_wconf 91' lang='grc' dir='ltr'><strong>πρ</strong></span> <span class='ocrx_word' id='word_1_507' title='bbox 645 4079 924 4148; x_wconf 78' lang='grc' dir='ltr'>ῖσχόμενοι</span> <span class='ocrx_word' id='word_1_508' title='bbox 953 4081 1033 4142; x_wconf 76' lang='grc' dir='ltr'>εἰς</span> <span class='ocrx_word' id='word_1_509' title='bbox 1064 4081 1345 4136; x_wconf 82' lang='grc' dir='ltr'>δυσωπίαν</span> <span class='ocrx_word' id='word_1_510' title='bbox 1372 4084 1464 4138; x_wconf 85' lang='grc' dir='ltr'>τὸν</span> <span class='ocrx_word' id='word_1_511' title='bbox 1490 4083 1583 4137; x_wconf 81' lang='grc' dir='ltr'>τοῦ</span> <span class='ocrx_word' id='word_1_512' title='bbox 1611 4085 1907 4156; x_wconf 80' lang='grc' dir='ltr'>βραχυϐίου</span> 
     </span>
    </p>
   </div>
   <div class='ocr_carea' id='block_1_70' title="bbox 337 4166 1909 4246">
    <p class='ocr_par' dir='ltr' id='par_1_70' title="bbox 337 4166 1909 4246">
     <span class='ocr_line' id='line_1_70' title="bbox 337 4166 1909 4246; baseline 0.008 -25"><span class='ocrx_word' id='word_1_513' title='bbox 337 4166 608 4236; x_wconf 84' lang='grc' dir='ltr'>βασιλέως</span> <span class='ocrx_word' id='word_1_514' title='bbox 649 4170 891 4237; x_wconf 78' lang='grc' dir='ltr'>Ἀλεξίου</span> <span class='ocrx_word' id='word_1_515' title='bbox 925 4172 1177 4238; x_wconf 86' lang='grc' dir='ltr'>θάνατον,</span> <span class='ocrx_word' id='word_1_516' title='bbox 1217 4167 1368 4246; x_wconf 82' lang='grc' dir='ltr'>ᾧπερ</span> <span class='ocrx_word' id='word_1_517' title='bbox 1403 4175 1600 4246; x_wconf 77' lang='grc' dir='ltr'>ὤφειλε</span> <span class='ocrx_word' id='word_1_518' title='bbox 1629 4180 1797 4232; x_wconf 84' lang='grc' dir='ltr'>πιστά</span> <span class='ocrx_word' id='word_1_519' title='bbox 1820 4180 1909 4234; x_wconf 77' lang='grc' dir='ltr'>διὰ</span> 
     </span>
    </p>
   </div>
   <div class='ocr_carea' id='block_1_71' title="bbox 333 4261 1901 4344">
    <p class='ocr_par' dir='ltr' id='par_1_71' title="bbox 333 4261 1901 4344">
     <span class='ocr_line' id='line_1_71' title="bbox 333 4261 1901 4344; baseline 0.01 -33"><span class='ocrx_word' id='word_1_520' title='bbox 333 4261 428 4312; x_wconf 84' lang='grc' dir='ltr'>τὸν</span> <span class='ocrx_word' id='word_1_521' title='bbox 479 4262 694 4332; x_wconf 84' lang='grc' dir='ltr'>πατέρα</span> <span class='ocrx_word' id='word_1_522' title='bbox 737 4265 995 4337; x_wconf 80' lang='grc' dir='ltr'>Μανουὴλ</span> <span class='ocrx_word' id='word_1_523' title='bbox 1029 4266 1057 4317; x_wconf 97' lang='lat'><strong>6</strong></span> <span class='ocrx_word' id='word_1_524' title='bbox 1093 4266 1201 4320; x_wconf 85' lang='grc' dir='ltr'><strong>τῶν</strong></span> <span class='ocrx_word' id='word_1_525' title='bbox 1239 4269 1554 4340; x_wconf 68' lang='grc' dir='ltr'>Ἀγαρῃνῶν</span> <span class='ocrx_word' id='word_1_526' title='bbox 1607 4271 1901 4344; x_wconf 77' lang='grc' dir='ltr'>ἐθναρχοςο</span> 
     </span>
    </p>
   </div>
   <div class='ocr_carea' id='block_1_72' title="bbox 335 4349 1907 4430">
    <p class='ocr_par' dir='ltr' id='par_1_72' title="bbox 335 4349 1907 4430">
     <span class='ocr_line' id='line_1_72' title="bbox 335 4349 1907 4430; baseline 0.009 -28"><span class='ocrx_word' id='word_1_527' title='bbox 335 4349 520 4422; x_wconf 76' lang='grc' dir='ltr'>ἱτεροι</span> <span class='ocrx_word' id='word_1_528' title='bbox 551 4351 606 4406; x_wconf 82' lang='grc' dir='ltr'>δὲ</span> <span class='ocrx_word' id='word_1_529' title='bbox 636 4352 728 4406; x_wconf 82' lang='grc' dir='ltr'>τὸν</span> <span class='ocrx_word' id='word_1_530' title='bbox 785 4355 844 4407; x_wconf 79' lang='grc' dir='ltr'><strong>ἐν</strong></span> <span class='ocrx_word' id='word_1_531' title='bbox 891 4355 1192 4427; x_wconf 77' lang='grc' dir='ltr'>Ἀντιοχείᾳ</span> <span class='ocrx_word' id='word_1_532' title='bbox 1233 4359 1674 4430; x_wconf 80' lang='grc' dir='ltr'>προκαθήμενον,</span> <span class='ocrx_word' id='word_1_533' title='bbox 1717 4363 1809 4415; x_wconf 79' lang='grc' dir='ltr'>τόν</span> <span class='ocrx_word' id='word_1_534' title='bbox 1849 4381 1907 4416; x_wconf 84' lang='grc' dir='ltr'>τε</span> 
     </span>
    </p>
   </div>
   <div class='ocr_carea' id='block_1_73' title="bbox 340 4447 1908 4521">
    <p class='ocr_par' dir='ltr' id='par_1_73' title="bbox 340 4447 1908 4521">
     <span class='ocr_line' id='line_1_73' title="bbox 340 4447 1908 4521; baseline 0.009 -25"><span class='ocrx_word' id='word_1_535' title='bbox 340 4447 485 4497; x_wconf 82' lang='grc' dir='ltr'>κατὰ</span> <span class='ocrx_word' id='word_1_536' title='bbox 517 4447 738 4516; x_wconf 80' lang='grc' dir='ltr'>κόσμον,</span> <span class='ocrx_word' id='word_1_537' title='bbox 770 4447 864 4500; x_wconf 78' lang='grc' dir='ltr'>καὶ</span> <span class='ocrx_word' id='word_1_538' title='bbox 904 4449 995 4501; x_wconf 67' lang='grc' dir='ltr'><strong>τὸν</strong></span> <span class='ocrx_word' id='word_1_539' title='bbox 1021 4450 1488 4521; x_wconf 78' lang='grc' dir='ltr'>ἐκκλησιαστικῶς</span> <span class='ocrx_word' id='word_1_540' title='bbox 1511 4469 1524 4484; x_wconf 69' lang='grc' dir='ltr'><strong>ο</strong></span> <span class='ocrx_word' id='word_1_541' title='bbox 1559 4455 1707 4510; x_wconf 80' lang='grc' dir='ltr'>ἄλλοι</span> <span class='ocrx_word' id='word_1_542' title='bbox 1737 4457 1790 4509; x_wconf 83' lang='grc' dir='ltr'>δὲ</span> <span class='ocrx_word' id='word_1_543' title='bbox 1817 4458 1908 4510; x_wconf 78' lang='grc' dir='ltr'>τὸν</span> 
     </span>
    </p>
   </div>
   <div class='ocr_carea' id='block_1_74' title="bbox 2009 3345 3594 3417">
    <p class='ocr_par' dir='ltr' id='par_1_74' title="bbox 2009 3345 3594 3417">
     <span class='ocr_line' id='line_1_74' title="bbox 2009 3345 3594 3417; baseline -0.001 -16"><span class='ocrx_word' id='word_1_544' title='bbox 2009 3349 2148 3404; x_wconf 84' lang='lat' dir='ltr'><strong>alias</strong></span> <span class='ocrx_word' id='word_1_545' title='bbox 2175 3347 2558 3417; x_wconf 90' lang='lat' dir='ltr'><strong>deputatorum</strong></span> <span class='ocrx_word' id='word_1_546' title='bbox 2594 3346 2880 3401; x_wconf 87' lang='lat' dir='ltr'><strong>nobilium.</strong></span> <span class='ocrx_word' id='word_1_547' title='bbox 2909 3347 3142 3412; x_wconf 82' lang='lat' dir='ltr'><strong>Quidam</strong></span> <span class='ocrx_word' id='word_1_548' title='bbox 3170 3361 3300 3400; x_wconf 86' lang='lat' dir='ltr'><strong>vero</strong></span> <span class='ocrx_word' id='word_1_549' title='bbox 3333 3345 3594 3410; x_wconf 72' lang='lat' dir='ltr'><strong>Maliuus,</strong></span> 
     </span>
    </p>
   </div>
   <div class='ocr_carea' id='block_1_75' title="bbox 2008 3436 3595 3509">
    <p class='ocr_par' dir='ltr' id='par_1_75' title="bbox 2008 3436 3595 3509">
     <span class='ocr_line' id='line_1_75' title="bbox 2008 3436 3595 3509; baseline 0 -15"><span class='ocrx_word' id='word_1_550' title='bbox 2008 3446 2065 3494; x_wconf 89' lang='lat' dir='ltr'><strong>et</strong></span> <span class='ocrx_word' id='word_1_551' title='bbox 2099 3437 2402 3494; x_wconf 85' lang='lat' dir='ltr'><strong>Dalasenus</strong></span> <span class='ocrx_word' id='word_1_552' title='bbox 2452 3445 2508 3494; x_wconf 95' lang='lat' dir='ltr'><strong>et</strong></span> <span class='ocrx_word' id='word_1_553' title='bbox 2537 3439 2730 3505; x_wconf 85' lang='lat' dir='ltr'><strong>Clado,</strong></span> <span class='ocrx_word' id='word_1_554' title='bbox 2779 3453 2844 3494; x_wconf 87' lang='lat' dir='ltr'><strong>ac</strong></span> <span class='ocrx_word' id='word_1_555' title='bbox 2880 3438 3104 3509; x_wconf 89' lang='lat' dir='ltr'><strong>quidam</strong></span> <span class='ocrx_word' id='word_1_556' title='bbox 3139 3436 3460 3508; x_wconf 87' lang='lat' dir='ltr'><strong>bujusmodi</strong></span> <span class='ocrx_word' id='word_1_557' title='bbox 3507 3453 3595 3496; x_wconf 84' lang='lat' dir='ltr'><strong>se-</strong></span> 
     </span>
    </p>
   </div>
   <div class='ocr_carea' id='block_1_76' title="bbox 2009 3530 3596 3602">
    <p class='ocr_par' dir='ltr' id='par_1_76' title="bbox 2009 3530 3596 3602">
     <span class='ocr_line' id='line_1_76' title="bbox 2009 3530 3596 3602; baseline 0.001 -17"><span class='ocrx_word' id='word_1_558' title='bbox 2009 3530 2180 3586; x_wconf 91' lang='lat' dir='ltr'><strong>cundi</strong></span> <span class='ocrx_word' id='word_1_559' title='bbox 2209 3531 2443 3596; x_wconf 86' lang='lat' dir='ltr'><strong>ordinis,</strong></span> <span class='ocrx_word' id='word_1_560' title='bbox 2477 3539 2742 3602; x_wconf 61' lang='lat' dir='ltr'><strong>praeterea</strong></span> <span class='ocrx_word' id='word_1_561' title='bbox 2769 3531 3011 3586; x_wconf 86' lang='lat' dir='ltr'><strong>ministri</strong></span> <span class='ocrx_word' id='word_1_562' title='bbox 3051 3545 3272 3602; x_wconf 89' lang='lat' dir='ltr'><strong>quoque</strong></span> <span class='ocrx_word' id='word_1_563' title='bbox 3303 3530 3596 3601; x_wconf 81' lang='lat' dir='ltr'><strong>magistra-</strong></span> 
     </span>
    </p>
   </div>
   <div class='ocr_carea' id='block_1_77' title="bbox 2011 3622 3596 3694">
    <p class='ocr_par' dir='ltr' id='par_1_77' title="bbox 2011 3622 3596 3694">
     <span class='ocr_line' id='line_1_77' title="bbox 2011 3622 3596 3694; baseline -0.003 -16"><span class='ocrx_word' id='word_1_564' title='bbox 2011 3632 2189 3690; x_wconf 90' lang='lat' dir='ltr'><strong>tuum,</strong></span> <span class='ocrx_word' id='word_1_565' title='bbox 2223 3638 2363 3694; x_wconf 85' lang='lat' dir='ltr'><strong>quos</strong></span> <span class='ocrx_word' id='word_1_566' title='bbox 2407 3623 2756 3678; x_wconf 87' lang='lat' dir='ltr'><strong>Andronicus</strong></span> <span class='ocrx_word' id='word_1_567' title='bbox 2806 3622 2950 3678; x_wconf 90' lang='lat' dir='ltr'><strong>male</strong></span> <span class='ocrx_word' id='word_1_568' title='bbox 3009 3624 3304 3690; x_wconf 85' lang='lat' dir='ltr'><strong>tractavit;</strong></span> <span class='ocrx_word' id='word_1_569' title='bbox 3363 3623 3416 3676; x_wconf 86' lang='lat' dir='ltr'><strong>hi</strong></span> <span class='ocrx_word' id='word_1_570' title='bbox 3467 3622 3596 3692; x_wconf 86' lang='lat' dir='ltr'><strong>qui-</strong></span> 
     </span>
    </p>
   </div>
   <div class='ocr_carea' id='block_1_78' title="bbox 2007 3714 3595 3787">
    <p class='ocr_par' dir='ltr' id='par_1_78' title="bbox 2007 3714 3595 3787">
     <span class='ocr_line' id='line_1_78' title="bbox 2007 3714 3595 3787; baseline -0.001 -15"><span class='ocrx_word' id='word_1_571' title='bbox 2007 3717 2130 3772; x_wconf 90' lang='lat' dir='ltr'><strong>dem</strong></span> <span class='ocrx_word' id='word_1_572' title='bbox 2150 3726 2204 3772; x_wconf 91' lang='lat' dir='ltr'><strong>et</strong></span> <span class='ocrx_word' id='word_1_573' title='bbox 2223 3717 2537 3787; x_wconf 86' lang='lat' dir='ltr'><strong>quicunque</strong></span> <span class='ocrx_word' id='word_1_574' title='bbox 2565 3714 2659 3770; x_wconf 88' lang='lat' dir='ltr'><strong>alii</strong></span> <span class='ocrx_word' id='word_1_575' title='bbox 2689 3715 2746 3770; x_wconf 90' lang='lat' dir='ltr'><strong>in</strong></span> <span class='ocrx_word' id='word_1_576' title='bbox 2783 3715 2941 3770; x_wconf 86' lang='lat' dir='ltr'><strong>malis</strong></span> <span class='ocrx_word' id='word_1_577' title='bbox 2971 3715 3197 3787; x_wconf 87' lang='lat' dir='ltr'><strong>paribus</strong></span> <span class='ocrx_word' id='word_1_578' title='bbox 3225 3725 3408 3777; x_wconf 85' lang='lat' dir='ltr'><strong>erant.</strong></span> <span class='ocrx_word' id='word_1_579' title='bbox 3429 3714 3595 3786; x_wconf 89' lang='lat' dir='ltr'><strong>legati</strong></span> 
     </span>
    </p>
   </div>
   <div class='ocr_carea' id='block_1_79' title="bbox 2013 3807 3592 3879">
    <p class='ocr_par' dir='ltr' id='par_1_79' title="bbox 2013 3807 3592 3879">
     <span class='ocr_line' id='line_1_79' title="bbox 2013 3807 3592 3879; baseline 0.001 -16"><span class='ocrx_word' id='word_1_580' title='bbox 2013 3809 2234 3864; x_wconf 84' lang='lat' dir='ltr'><strong>iverunt</strong></span> <span class='ocrx_word' id='word_1_581' title='bbox 2266 3809 2334 3864; x_wconf 91' lang='lat' dir='ltr'><strong>ad</strong></span> <span class='ocrx_word' id='word_1_582' title='bbox 2369 3809 2574 3864; x_wconf 88' lang='lat' dir='ltr'><strong>multos</strong></span> <span class='ocrx_word' id='word_1_583' title='bbox 2618 3808 3129 3879; x_wconf 87' lang='lat' dir='ltr'><strong>potentlssimorum</strong></span> <span class='ocrx_word' id='word_1_584' title='bbox 3154 3848 3171 3874; x_wconf 94' lang='lat'><strong>,</strong></span> <span class='ocrx_word' id='word_1_585' title='bbox 3229 3807 3316 3863; x_wconf 80' lang='lat' dir='ltr'><strong>ad‘</strong></span> <span class='ocrx_word' id='word_1_586' title='bbox 3348 3807 3592 3864; x_wconf 88' lang='lat' dir='ltr'><strong>Orientis</strong></span> 
     </span>
    </p>
   </div>
   <div class='ocr_carea' id='block_1_80' title="bbox 2009 3899 3592 3972">
    <p class='ocr_par' dir='ltr' id='par_1_80' title="bbox 2009 3899 3592 3972">
     <span class='ocr_line' id='line_1_80' title="bbox 2009 3899 3592 3972; baseline -0.002 -16"><span class='ocrx_word' id='word_1_587' title='bbox 2009 3910 2066 3956; x_wconf 89' lang='lat' dir='ltr'><strong>et</strong></span> <span class='ocrx_word' id='word_1_588' title='bbox 2111 3903 2177 3958; x_wconf 85' lang='lat' dir='ltr'><strong>ad</strong></span> <span class='ocrx_word' id='word_1_589' title='bbox 2213 3899 2527 3956; x_wconf 71' lang='lat' dir='ltr'><strong>Occidentis</strong></span> <span class='ocrx_word' id='word_1_590' title='bbox 2559 3900 2749 3955; x_wconf 80' lang='lat' dir='ltr'><strong>ﬁnium</strong></span> <span class='ocrx_word' id='word_1_591' title='bbox 2797 3901 3066 3972; x_wconf 85' lang='lat' dir='ltr'><strong>regiones.</strong></span> <span class='ocrx_word' id='word_1_592' title='bbox 3111 3899 3362 3970; x_wconf 90' lang='lat' dir='ltr'><strong>Plerique</strong></span> <span class='ocrx_word' id='word_1_593' title='bbox 3408 3901 3592 3954; x_wconf 79' lang='lat' dir='ltr'><strong>irrita—</strong></span> 
     </span>
    </p>
   </div>
   <div class='ocr_carea' id='block_1_81' title="bbox 2008 3992 3594 4063">
    <p class='ocr_par' dir='ltr' id='par_1_81' title="bbox 2008 3992 3594 4063">
     <span class='ocr_line' id='line_1_81' title="bbox 2008 3992 3594 4063; baseline 0 -15"><span class='ocrx_word' id='word_1_594' title='bbox 2008 4002 2206 4049; x_wconf 88' lang='lat' dir='ltr'><strong>verunt</strong></span> <span class='ocrx_word' id='word_1_595' title='bbox 2258 3994 2524 4050; x_wconf 77' lang='lat' dir='ltr'><strong>sultanem</strong></span> <span class='ocrx_word' id='word_1_596' title='bbox 2597 3993 2898 4050; x_wconf 80' lang='lat' dir='ltr'><strong>referentes</strong></span> <span class='ocrx_word' id='word_1_597' title='bbox 2941 3992 3162 4063; x_wconf 86' lang='lat' dir='ltr'><strong>juvenis</strong></span> <span class='ocrx_word' id='word_1_598' title='bbox 3220 3992 3394 4047; x_wconf 84' lang='lat' dir='ltr'><strong>Alexii</strong></span> <span class='ocrx_word' id='word_1_599' title='bbox 3447 4007 3594 4048; x_wconf 82' lang='lat' dir='ltr'><strong>mor-</strong></span> 
     </span>
    </p>
   </div>
   <div class='ocr_carea' id='block_1_82' title="bbox 2013 4082 3596 4156">
    <p class='ocr_par' dir='ltr' id='par_1_82' title="bbox 2013 4082 3596 4156">
     <span class='ocr_line' id='line_1_82' title="bbox 2013 4082 3596 4156; baseline -0.003 -16"><span class='ocrx_word' id='word_1_600' title='bbox 2013 4097 2120 4140; x_wconf 89' lang='lat' dir='ltr'><strong>tem</strong></span> <span class='ocrx_word' id='word_1_601' title='bbox 2175 4095 2560 4156; x_wconf 63' lang='lat' dir='ltr'><strong>praematuram</strong></span> <span class='ocrx_word' id='word_1_602' title='bbox 2609 4083 2979 4154; x_wconf 84' lang='lat' dir='ltr'><strong>imperatoris,</strong></span> <span class='ocrx_word' id='word_1_603' title='bbox 3010 4083 3099 4137; x_wconf 91' lang='lat' dir='ltr'><strong>cui</strong></span> <span class='ocrx_word' id='word_1_604' title='bbox 3151 4083 3311 4137; x_wconf 77' lang='lat' dir='ltr'><strong>[idem</strong></span> <span class='ocrx_word' id='word_1_605' title='bbox 3361 4082 3596 4138; x_wconf 84' lang='lat' dir='ltr'><strong>debebat</strong></span> 
     </span>
    </p>
   </div>
   <div class='ocr_carea' id='block_1_83' title="bbox 2012 4174 3594 4248">
    <p class='ocr_par' dir='ltr' id='par_1_83' title="bbox 2012 4174 3594 4248">
     <span class='ocr_line' id='line_1_83' title="bbox 2012 4174 3594 4248; baseline -0.001 -19"><span class='ocrx_word' id='word_1_606' title='bbox 2012 4184 2236 4248; x_wconf 88' lang='lat' dir='ltr'><strong>propter</strong></span> <span class='ocrx_word' id='word_1_607' title='bbox 2271 4176 2571 4231; x_wconf 79' lang='lat' dir='ltr'><strong>Manuelem</strong></span> <span class='ocrx_word' id='word_1_608' title='bbox 2629 4184 2839 4246; x_wconf 85' lang='lat' dir='ltr'><strong>patrem</strong></span> <span class='ocrx_word' id='word_1_609' title='bbox 2896 4177 3276 4245; x_wconf 86' lang='lat' dir='ltr'><strong>Agarenorum</strong></span> <span class='ocrx_word' id='word_1_610' title='bbox 3324 4189 3449 4240; x_wconf 82' lang='lat' dir='ltr'><strong>rex;</strong></span> <span class='ocrx_word' id='word_1_611' title='bbox 3498 4174 3594 4228; x_wconf 89' lang='lat' dir='ltr'><strong>alii</strong></span> 
     </span>
    </p>
   </div>
   <div class='ocr_carea' id='block_1_84' title="bbox 2011 4268 3591 4340">
    <p class='ocr_par' dir='ltr' id='par_1_84' title="bbox 2011 4268 3591 4340">
     <span class='ocr_line' id='line_1_84' title="bbox 2011 4268 3591 4340; baseline -0.004 -14"><span class='ocrx_word' id='word_1_612' title='bbox 2011 4285 2139 4326; x_wconf 85' lang='lat' dir='ltr'><strong>vero</strong></span> <span class='ocrx_word' id='word_1_613' title='bbox 2166 4285 2290 4324; x_wconf 91' lang='lat' dir='ltr'><strong>eum</strong></span> <span class='ocrx_word' id='word_1_614' title='bbox 2313 4269 2405 4339; x_wconf 89' lang='lat' dir='ltr'><strong>qui</strong></span> <span class='ocrx_word' id='word_1_615' title='bbox 2458 4270 2721 4340; x_wconf 85' lang='lat' dir='ltr'><strong>regnabat</strong></span> <span class='ocrx_word' id='word_1_616' title='bbox 2769 4268 3076 4324; x_wconf 63' lang='lat' dir='ltr'><strong>Antiochiae</strong></span> <span class='ocrx_word' id='word_1_617' title='bbox 3119 4277 3174 4322; x_wconf 91' lang='lat' dir='ltr'><strong>et</strong></span> <span class='ocrx_word' id='word_1_618' title='bbox 3229 4283 3324 4338; x_wconf 91' lang='lat' dir='ltr'><strong>per</strong></span> <span class='ocrx_word' id='word_1_619' title='bbox 3379 4270 3591 4331; x_wconf 77' lang='lat' dir='ltr'><strong>orbem,</strong></span> 
     </span>
    </p>
   </div>
   <div class='ocr_carea' id='block_1_85' title="bbox 2011 4360 3594 4432">
    <p class='ocr_par' dir='ltr' id='par_1_85' title="bbox 2011 4360 3594 4432">
     <span class='ocr_line' id='line_1_85' title="bbox 2011 4360 3594 4432; baseline -0.004 -15"><span class='ocrx_word' id='word_1_620' title='bbox 2011 4364 2276 4432; x_wconf 88' lang='lat' dir='ltr'><strong>illumque</strong></span> <span class='ocrx_word' id='word_1_621' title='bbox 2337 4361 2430 4432; x_wconf 85' lang='lat' dir='ltr'><strong>qui</strong></span> <span class='ocrx_word' id='word_1_622' title='bbox 2490 4370 2720 4431; x_wconf 67' lang='lat' dir='ltr'><strong>praeerat</strong></span> <span class='ocrx_word' id='word_1_623' title='bbox 2768 4361 3064 4427; x_wconf 59' lang='lat' dir='ltr'><strong>Ecclesia;</strong></span> <span class='ocrx_word' id='word_1_624' title='bbox 3098 4360 3192 4418; x_wconf 88' lang='lat' dir='ltr'><strong>alii</strong></span> <span class='ocrx_word' id='word_1_625' title='bbox 3248 4360 3412 4431; x_wconf 82' lang='lat' dir='ltr'><strong>etiam</strong></span> <span class='ocrx_word' id='word_1_626' title='bbox 3470 4374 3594 4414; x_wconf 89' lang='lat' dir='ltr'><strong>eum</strong></span> 
     </span>
    </p>
   </div>
   <div class='ocr_carea' id='block_1_86' title="bbox 2011 4449 3592 4528">
    <p class='ocr_par' dir='ltr' id='par_1_86' title="bbox 2011 4449 3592 4528">
     <span class='ocr_line' id='line_1_86' title="bbox 2011 4449 3592 4528; baseline -0.005 -18"><span class='ocrx_word' id='word_1_627' title='bbox 2011 4457 2104 4528; x_wconf 92' lang='lat' dir='ltr'><strong>qui</strong></span> <span class='ocrx_word' id='word_1_628' title='bbox 2138 4453 2530 4525; x_wconf 83' lang='lat' dir='ltr'><strong>Hierosolymis</strong></span> <span class='ocrx_word' id='word_1_629' title='bbox 2583 4453 2726 4522; x_wconf 87' lang='lat' dir='ltr'><strong>regis</strong></span> <span class='ocrx_word' id='word_1_630' title='bbox 2794 4451 2958 4506; x_wconf 91' lang='lat' dir='ltr'><strong>tltulo</strong></span> <span class='ocrx_word' id='word_1_631' title='bbox 3000 4451 3265 4505; x_wconf 80' lang='lat' dir='ltr'><strong>militabat</strong></span> <span class='ocrx_word' id='word_1_632' title='bbox 3295 4465 3395 4519; x_wconf 88' lang='lat' dir='ltr'><strong>pro</strong></span> <span class='ocrx_word' id='word_1_633' title='bbox 3425 4449 3592 4504; x_wconf 89' lang='lat' dir='ltr'><strong>bono.</strong></span> 
     </span>
    </p>
   </div>
   <div class='ocr_carea' id='block_1_87' title="bbox 342 4535 1906 4619">
    <p class='ocr_par' dir='ltr' id='par_1_87' title="bbox 342 4535 1906 4618">
     <span class='ocr_line' id='line_1_87' title="bbox 342 4535 1906 4618; baseline 0.012 -32"><span class='ocrx_word' id='word_1_634' title='bbox 342 4536 402 4586; x_wconf 80' lang='grc' dir='ltr'><strong>ἐν</strong></span> <span class='ocrx_word' id='word_1_635' title='bbox 442 4535 840 4608; x_wconf 84' lang='grc' dir='ltr'>Ἱεροσολύμοις</span> <span class='ocrx_word' id='word_1_636' title='bbox 886 4540 1153 4612; x_wconf 82' lang='grc' dir='ltr'>ζηλοῦντα</span> <span class='ocrx_word' id='word_1_637' title='bbox 1190 4543 1485 4611; x_wconf 85' lang='grc' dir='ltr'>βασιλικῶς</span> <span class='ocrx_word' id='word_1_638' title='bbox 1521 4545 1661 4618; x_wconf 79' lang='grc' dir='ltr'>ὑπὲρ</span> <span class='ocrx_word' id='word_1_639' title='bbox 1692 4548 1786 4602; x_wconf 80' lang='grc' dir='ltr'>τοῦ</span> <span class='ocrx_word' id='word_1_640' title='bbox 1814 4567 1906 4604; x_wconf 84' lang='grc' dir='ltr'>κα·</span> 
     </span>
    </p>
   </div>
   <div class='ocr_carea' id='block_1_88' title="bbox 2011 4535 3596 4619">
    <p class='ocr_par' dir='ltr' id='par_1_88' title="bbox 2020 4541 3596 4619">
     <span class='ocr_line' id='line_1_88' title="bbox 2020 4541 3596 4619; baseline -0.006 -17"><span class='ocrx_word' id='word_1_641' title='bbox 2020 4547 2088 4602; x_wconf 90' lang='lat' dir='ltr'><strong>lli</strong></span> <span class='ocrx_word' id='word_1_642' title='bbox 2139 4563 2296 4619; x_wconf 89' lang='lat' dir='ltr'><strong>reges</strong></span> <span class='ocrx_word' id='word_1_643' title='bbox 2345 4547 2514 4616; x_wconf 84' lang='lat' dir='ltr'><strong>igitur</strong></span> <span class='ocrx_word' id='word_1_644' title='bbox 2548 4553 2672 4616; x_wconf 87' lang='lat' dir='ltr'><strong>post</strong></span> <span class='ocrx_word' id='word_1_645' title='bbox 2718 4544 3022 4600; x_wconf 77' lang='lat' dir='ltr'><strong>Manuelem</strong></span> <span class='ocrx_word' id='word_1_646' title='bbox 3076 4541 3189 4598; x_wconf 81' lang='lat' dir='ltr'><strong>lilio</strong></span> <span class='ocrx_word' id='word_1_647' title='bbox 3235 4541 3356 4612; x_wconf 86' lang='lat' dir='ltr'><strong>ejus</strong></span> <span class='ocrx_word' id='word_1_648' title='bbox 3400 4541 3596 4595; x_wconf 82' lang='lat' dir='ltr'><strong>Alexio</strong></span> 
     </span>
    </p>
   </div>
   <div class='ocr_carea' id='block_1_89' title="bbox 339 4625 1910 4713">
    <p class='ocr_par' dir='ltr' id='par_1_89' title="bbox 339 4625 1910 4713">
     <span class='ocr_line' id='line_1_89' title="bbox 339 4625 1910 4713; baseline 0.011 -36"><span class='ocrx_word' id='word_1_649' title='bbox 339 4625 457 4681; x_wconf 81' lang='grc' dir='ltr'>λοῦ.</span> <span class='ocrx_word' id='word_1_650' title='bbox 496 4628 811 4702; x_wconf 79' lang='grc' dir='ltr'>Ὠφειλέτην</span> <span class='ocrx_word' id='word_1_651' title='bbox 839 4632 893 4684; x_wconf 75' lang='grc' dir='ltr'>δὲ</span> <span class='ocrx_word' id='word_1_652' title='bbox 926 4633 1036 4703; x_wconf 74' lang='grc' dir='ltr'>ἄρα</span> <span class='ocrx_word' id='word_1_653' title='bbox 1062 4636 1153 4688; x_wconf 78' lang='grc' dir='ltr'>καὶ</span> <span class='ocrx_word' id='word_1_654' title='bbox 1186 4635 1358 4690; x_wconf 88' lang='grc' dir='ltr'>τούτω</span> <span class='ocrx_word' id='word_1_655' title='bbox 1386 4636 1463 4690; x_wconf 88' lang='grc' dir='ltr'><strong>τὼ</strong></span> <span class='ocrx_word' id='word_1_656' title='bbox 1492 4639 1718 4710; x_wconf 79' lang='grc' dir='ltr'>ἄρχοντε</span> <span class='ocrx_word' id='word_1_657' title='bbox 1743 4642 1910 4713; x_wconf 76' lang='grc' dir='ltr'>ὀρθὴν</span> 
     </span>
    </p>
   </div>
   <div class='ocr_carea' id='block_1_90' title="bbox 342 4719 1915 4802">
    <p class='ocr_par' dir='ltr' id='par_1_90' title="bbox 342 4719 1915 4802">
     <span class='ocr_line' id='line_1_90' title="bbox 342 4719 1915 4802; baseline 0.01 -32"><span class='ocrx_word' id='word_1_658' title='bbox 342 4719 566 4789; x_wconf 82' lang='grc' dir='ltr'>ἀγάπην</span> <span class='ocrx_word' id='word_1_659' title='bbox 601 4722 693 4774; x_wconf 76' lang='grc' dir='ltr'>καὶ</span> <span class='ocrx_word' id='word_1_660' title='bbox 735 4724 1059 4795; x_wconf 77' lang='grc' dir='ltr'>ἐπικουρίαν</span> <span class='ocrx_word' id='word_1_661' title='bbox 1096 4727 1235 4796; x_wconf 83' lang='grc' dir='ltr'>μετὰ</span> <span class='ocrx_word' id='word_1_662' title='bbox 1265 4727 1356 4780; x_wconf 76' lang='grc' dir='ltr'>τὸν</span> <span class='ocrx_word' id='word_1_663' title='bbox 1393 4730 1651 4802; x_wconf 81' lang='grc' dir='ltr'>Μανουὴλ</span> <span class='ocrx_word' id='word_1_664' title='bbox 1699 4733 1915 4786; x_wconf 77' lang='grc' dir='ltr'>ἀδικου-</span> 
     </span>
    </p>
   </div>
   <div class='ocr_carea' id='block_1_91' title="bbox 346 4809 1912 4894">
    <p class='ocr_par' dir='ltr' id='par_1_91' title="bbox 346 4809 1912 4894">
     <span class='ocr_line' id='line_1_91' title="bbox 346 4809 1912 4894; baseline 0.009 -31"><span class='ocrx_word' id='word_1_665' title='bbox 346 4809 491 4882; x_wconf 70' lang='grc' dir='ltr'>μένῳ</span> <span class='ocrx_word' id='word_1_666' title='bbox 545 4811 624 4882; x_wconf 85' lang='grc' dir='ltr'>τῷ</span> <span class='ocrx_word' id='word_1_667' title='bbox 675 4813 777 4884; x_wconf 88' lang='grc' dir='ltr'>υίῷ</span> <span class='ocrx_word' id='word_1_668' title='bbox 827 4813 1068 4885; x_wconf 71' lang='grc' dir='ltr'>Ἀλεξίορ.</span> <span class='ocrx_word' id='word_1_669' title='bbox 1122 4819 1189 4870; x_wconf 82' lang='lat' dir='ltr'><strong>Al</strong></span> <span class='ocrx_word' id='word_1_670' title='bbox 1238 4818 1294 4872; x_wconf 82' lang='grc' dir='ltr'>δὲ</span> <span class='ocrx_word' id='word_1_671' title='bbox 1346 4821 1760 4894; x_wconf 86' lang='grc' dir='ltr'>ἐντρεχέστεραι</span> <span class='ocrx_word' id='word_1_672' title='bbox 1804 4826 1912 4878; x_wconf 83' lang='grc' dir='ltr'>τῶν</span> 
     </span>
    </p>
   </div>
   <div class='ocr_carea' id='block_1_92' title="bbox 347 4902 1916 4981">
    <p class='ocr_par' dir='ltr' id='par_1_92' title="bbox 347 4902 1916 4981">
     <span class='ocr_line' id='line_1_92' title="bbox 347 4902 1916 4981; baseline 0.01 -28"><span class='ocrx_word' id='word_1_673' title='bbox 347 4902 660 4972; x_wconf 79' lang='grc' dir='ltr'>πρεσϐειῶν</span> <span class='ocrx_word' id='word_1_674' title='bbox 690 4907 819 4977; x_wconf 81' lang='grc' dir='ltr'>περὶ</span> <span class='ocrx_word' id='word_1_675' title='bbox 867 4909 935 4959; x_wconf 65' lang='grc' dir='ltr'><strong>τά</strong></span> <span class='ocrx_word' id='word_1_676' title='bbox 976 4908 1094 4961; x_wconf 81' lang='grc' dir='ltr'>καθ’</span> <span class='ocrx_word' id='word_1_677' title='bbox 1130 4910 1370 4981; x_wconf 79' lang='grc' dir='ltr'>ἑσπέραν</span> <span class='ocrx_word' id='word_1_678' title='bbox 1410 4913 1772 4977; x_wconf 83' lang='grc' dir='ltr'>ὲξετελοῦντο.</span> <span class='ocrx_word' id='word_1_679' title='bbox 1809 4917 1916 4968; x_wconf 75' lang='grc' dir='ltr'><strong>Καὶ</strong></span> 
     </span>
    </p>
   </div>
   <div class='ocr_carea' id='block_1_93' title="bbox 344 4995 1911 5079">
    <p class='ocr_par' dir='ltr' id='par_1_93' title="bbox 344 4995 1911 5079">
     <span class='ocr_line' id='line_1_93' title="bbox 344 4995 1911 5079; baseline 0.01 -34"><span class='ocrx_word' id='word_1_680' title='bbox 344 4995 620 5060; x_wconf 77' lang='grc' dir='ltr'>ὲλιτάζετο</span> <span class='ocrx_word' id='word_1_681' title='bbox 672 5001 808 5067; x_wconf 81' lang='grc' dir='ltr'>πρὸς</span> <span class='ocrx_word' id='word_1_682' title='bbox 841 5001 940 5070; x_wconf 84' lang='grc' dir='ltr'>μὲν</span> <span class='ocrx_word' id='word_1_683' title='bbox 990 5000 1096 5054; x_wconf 82' lang='grc' dir='ltr'>τῶν</span> <span class='ocrx_word' id='word_1_684' title='bbox 1141 5003 1169 5054; x_wconf 90' lang='lat'><strong>6</strong></span> <span class='ocrx_word' id='word_1_685' title='bbox 1217 5003 1323 5056; x_wconf 82' lang='grc' dir='ltr'>τῶν</span> <span class='ocrx_word' id='word_1_686' title='bbox 1359 5005 1415 5056; x_wconf 89' lang='grc' dir='ltr'><strong>ἐν</strong></span> <span class='ocrx_word' id='word_1_687' title='bbox 1466 5007 1678 5078; x_wconf 80' lang='grc' dir='ltr'>μεγάλῃ</span> <span class='ocrx_word' id='word_1_688' title='bbox 1722 5007 1911 5079; x_wconf 80' lang='grc' dir='ltr'><strong>Ῥώμῃ</strong></span> 
     </span>
    </p>
   </div>
   <div class='ocr_carea' id='block_1_94' title="bbox 346 5090 1914 5171">
    <p class='ocr_par' dir='ltr' id='par_1_94' title="bbox 346 5090 1914 5171">
     <span class='ocr_line' id='line_1_94' title="bbox 346 5090 1914 5171; baseline 0.009 -32"><span class='ocrx_word' id='word_1_689' title='bbox 346 5090 739 5158; x_wconf 80' lang='grc' dir='ltr'>ἁρχιερατικῶς</span> <span class='ocrx_word' id='word_1_690' title='bbox 765 5092 1099 5162; x_wconf 80' lang='grc' dir='ltr'>ὑπερεστὼς,</span> <span class='ocrx_word' id='word_1_691' title='bbox 1130 5095 1221 5146; x_wconf 82' lang='grc' dir='ltr'>καὶ</span> <span class='ocrx_word' id='word_1_692' title='bbox 1248 5095 1403 5158; x_wconf 81' lang='grc' dir='ltr'>εἴτις</span> <span class='ocrx_word' id='word_1_693' title='bbox 1427 5097 1582 5160; x_wconf 83' lang='grc' dir='ltr'>ἄλλος</span> <span class='ocrx_word' id='word_1_694' title='bbox 1609 5099 1740 5169; x_wconf 77' lang='grc' dir='ltr'>παρ’</span> <span class='ocrx_word' id='word_1_695' title='bbox 1767 5101 1914 5171; x_wconf 81' lang='grc' dir='ltr'>αὐτῷ</span> 
     </span>
    </p>
   </div>
   <div class='ocr_carea' id='block_1_95' title="bbox 349 5181 1912 5261">
    <p class='ocr_par' dir='ltr' id='par_1_95' title="bbox 349 5181 1912 5261">
     <span class='ocr_line' id='line_1_95' title="bbox 349 5181 1912 5261; baseline 0.009 -30"><span class='ocrx_word' id='word_1_696' title='bbox 349 5181 442 5233; x_wconf 80' lang='grc' dir='ltr'>καὶ</span> <span class='ocrx_word' id='word_1_697' title='bbox 491 5181 613 5234; x_wconf 84' lang='grc' dir='ltr'>κατ’</span> <span class='ocrx_word' id='word_1_698' title='bbox 645 5182 807 5235; x_wconf 79' lang='grc' dir='ltr'>αὑτὸν</span> <span class='ocrx_word' id='word_1_699' title='bbox 839 5183 1036 5254; x_wconf 82' lang='grc' dir='ltr'>ἰσχύων</span> <span class='ocrx_word' id='word_1_700' title='bbox 1059 5202 1072 5215; x_wconf 78' lang='grc' dir='ltr'><strong><em>ο</em></strong></span> <span class='ocrx_word' id='word_1_701' title='bbox 1107 5186 1242 5256; x_wconf 79' lang='grc' dir='ltr'>πρὸς</span> <span class='ocrx_word' id='word_1_702' title='bbox 1272 5186 1327 5238; x_wconf 83' lang='grc' dir='ltr'>δὲ</span> <span class='ocrx_word' id='word_1_703' title='bbox 1374 5188 1482 5240; x_wconf 82' lang='grc' dir='ltr'><strong>τῶν</strong></span> <span class='ocrx_word' id='word_1_704' title='bbox 1513 5192 1540 5242; x_wconf 89' lang='lat'><strong>6</strong></span> <span class='ocrx_word' id='word_1_705' title='bbox 1574 5190 1912 5261; x_wconf 61' lang='grc' dir='ltr'>Γερμανικὸς</span> 
     </span>
    </p>
   </div>
   <div class='ocr_carea' id='block_1_96' title="bbox 351 5273 1913 5348">
    <p class='ocr_par' dir='ltr' id='par_1_96' title="bbox 351 5273 1913 5348">
     <span class='ocr_line' id='line_1_96' title="bbox 351 5273 1913 5348; baseline 0.008 -24"><span class='ocrx_word' id='word_1_706' title='bbox 351 5273 644 5344; x_wconf 79' lang='grc' dir='ltr'>φύλαρχος,</span> <span class='ocrx_word' id='word_1_707' title='bbox 707 5275 944 5345; x_wconf 83' lang='grc' dir='ltr'>Ὠχλείτο</span> <span class='ocrx_word' id='word_1_708' title='bbox 995 5276 1050 5328; x_wconf 85' lang='grc' dir='ltr'>δὲ</span> <span class='ocrx_word' id='word_1_709' title='bbox 1084 5280 1495 5348; x_wconf 83' lang='grc' dir='ltr'>πρεσϐευτικῶς</span> <span class='ocrx_word' id='word_1_710' title='bbox 1542 5284 1634 5334; x_wconf 79' lang='grc' dir='ltr'>καὶ</span> <span class='ocrx_word' id='word_1_711' title='bbox 1689 5285 1716 5334; x_wconf 89' lang='lat'><strong>6</strong></span> <span class='ocrx_word' id='word_1_712' title='bbox 1749 5287 1913 5348; x_wconf 73' lang='grc' dir='ltr'>πολὺς</span> 
     </span>
    </p>
   </div>
   <div class='ocr_carea' id='block_1_97' title="bbox 351 5361 1915 5446">
    <p class='ocr_par' dir='ltr' id='par_1_97' title="bbox 351 5361 1915 5446">
     <span class='ocr_line' id='line_1_97' title="bbox 351 5361 1915 5446; baseline 0.008 -30"><span class='ocrx_word' id='word_1_713' title='bbox 351 5365 444 5435; x_wconf 78' lang='grc' dir='ltr'>τὴν</span> <span class='ocrx_word' id='word_1_714' title='bbox 500 5361 1118 5438; x_wconf 74' lang='grc' dir='ltr'>ἐξουσίαν”Αλαμανός.</span> <span class='ocrx_word' id='word_1_715' title='bbox 1175 5371 1281 5424; x_wconf 81' lang='grc' dir='ltr'>Καὶ</span> <span class='ocrx_word' id='word_1_716' title='bbox 1340 5373 1458 5425; x_wconf 82' lang='grc' dir='ltr'><strong>ούδέ</strong></span> <span class='ocrx_word' id='word_1_717' title='bbox 1519 5375 1548 5426; x_wconf 93' lang='lat'><strong>6</strong></span> <span class='ocrx_word' id='word_1_718' title='bbox 1603 5377 1915 5446; x_wconf 84' lang='grc' dir='ltr'>Μαρκέσιος</span> 
     </span>
    </p>
   </div>
   <div class='ocr_carea' id='block_1_98' title="bbox 355 5460 1917 5538">
    <p class='ocr_par' dir='ltr' id='par_1_98' title="bbox 355 5460 1917 5538">
     <span class='ocr_line' id='line_1_98' title="bbox 355 5460 1917 5538; baseline 0.006 -29"><span class='ocrx_word' id='word_1_719' title='bbox 355 5460 527 5530; x_wconf 71' lang='grc' dir='ltr'>ἡσυχῆ</span> <span class='ocrx_word' id='word_1_720' title='bbox 560 5462 746 5529; x_wconf 88' lang='grc' dir='ltr'>μένειν</span> <span class='ocrx_word' id='word_1_721' title='bbox 779 5463 992 5531; x_wconf 82' lang='grc' dir='ltr'>ἀφίετο,</span> <span class='ocrx_word' id='word_1_722' title='bbox 1026 5463 1277 5534; x_wconf 80' lang='grc' dir='ltr'>καθάπερ</span> <span class='ocrx_word' id='word_1_723' title='bbox 1309 5466 1428 5518; x_wconf 76' lang='grc' dir='ltr'>οὐδὲ</span> <span class='ocrx_word' id='word_1_724' title='bbox 1455 5469 1482 5519; x_wconf 90' lang='lat'><strong>6</strong></span> <span class='ocrx_word' id='word_1_725' title='bbox 1511 5467 1606 5536; x_wconf 80' lang='grc' dir='ltr'><strong>τῆς</strong></span> <span class='ocrx_word' id='word_1_726' title='bbox 1641 5468 1917 5538; x_wconf 81' lang='grc' dir='ltr'>Ούγγρίας</span> 
     </span>
    </p>
   </div>
   <div class='ocr_carea' id='block_1_99' title="bbox 357 5551 1921 5629">
    <p class='ocr_par' dir='ltr' id='par_1_99' title="bbox 357 5551 1921 5629">
     <span class='ocr_line' id='line_1_99' title="bbox 357 5551 1921 5629; baseline 0.006 -27"><span class='ocrx_word' id='word_1_727' title='bbox 357 5551 594 5622; x_wconf 80' lang='grc' dir='ltr'>κράλης·</span> <span class='ocrx_word' id='word_1_728' title='bbox 647 5556 739 5606; x_wconf 79' lang='grc' dir='ltr'>καὶ</span> <span class='ocrx_word' id='word_1_729' title='bbox 787 5553 844 5616; x_wconf 84' lang='grc' dir='ltr'>ὃς</span> <span class='ocrx_word' id='word_1_730' title='bbox 891 5554 946 5607; x_wconf 83' lang='grc' dir='ltr'>δὲ</span> <span class='ocrx_word' id='word_1_731' title='bbox 995 5556 1154 5618; x_wconf 79' lang='grc' dir='ltr'>ἄλλος</span> <span class='ocrx_word' id='word_1_732' title='bbox 1212 5557 1430 5626; x_wconf 77' lang='grc' dir='ltr'>ἰσχυρὸς</span> <span class='ocrx_word' id='word_1_733' title='bbox 1477 5557 1773 5629; x_wconf 79' lang='grc' dir='ltr'>περίοικος.</span> <span class='ocrx_word' id='word_1_734' title='bbox 1815 5560 1921 5612; x_wconf 81' lang='grc' dir='ltr'><strong>Καὶ</strong></span> 
     </span>
    </p>
   </div>
   <div class='ocr_carea' id='block_1_100' title="bbox 2019 4633 3592 4712">
    <p class='ocr_par' dir='ltr' id='par_1_100' title="bbox 2019 4633 3592 4712">
     <span class='ocr_line' id='line_1_100' title="bbox 2019 4633 3592 4712; baseline -0.003 -17"><span class='ocrx_word' id='word_1_735' title='bbox 2019 4641 2220 4712; x_wconf 85' lang='lat' dir='ltr'><strong>injuste</strong></span> <span class='ocrx_word' id='word_1_736' title='bbox 2255 4639 2440 4693; x_wconf 83' lang='lat' dir='ltr'><strong>habito</strong></span> <span class='ocrx_word' id='word_1_737' title='bbox 2469 4651 2706 4692; x_wconf 88' lang='lat' dir='ltr'><strong>amorem</strong></span> <span class='ocrx_word' id='word_1_738' title='bbox 2747 4645 2803 4692; x_wconf 91' lang='lat' dir='ltr'><strong>et</strong></span> <span class='ocrx_word' id='word_1_739' title='bbox 2846 4651 3034 4692; x_wconf 89' lang='lat' dir='ltr'><strong>curam</strong></span> <span class='ocrx_word' id='word_1_740' title='bbox 3072 4635 3270 4691; x_wconf 87' lang='lat' dir='ltr'><strong>merito</strong></span> <span class='ocrx_word' id='word_1_741' title='bbox 3300 4633 3592 4690; x_wconf 84' lang='lat' dir='ltr'><strong>debebant.</strong></span> 
     </span>
    </p>
   </div>
   <div class='ocr_carea' id='block_1_101' title="bbox 2019 4723 3596 4800">
    <p class='ocr_par' dir='ltr' id='par_1_101' title="bbox 2019 4723 3596 4800">
     <span class='ocr_line' id='line_1_101' title="bbox 2019 4723 3596 4800; baseline -0.003 -14"><span class='ocrx_word' id='word_1_742' title='bbox 2019 4730 2318 4786; x_wconf 86' lang='lat' dir='ltr'><strong>Celeriores</strong></span> <span class='ocrx_word' id='word_1_743' title='bbox 2339 4743 2466 4784; x_wconf 85' lang='lat' dir='ltr'><strong>vero</strong></span> <span class='ocrx_word' id='word_1_744' title='bbox 2485 4729 2778 4800; x_wconf 83' lang='lat' dir='ltr'><strong>legationes</strong></span> <span class='ocrx_word' id='word_1_745' title='bbox 2802 4725 3112 4784; x_wconf 87' lang='lat' dir='ltr'><strong>Occidentis</strong></span> <span class='ocrx_word' id='word_1_746' title='bbox 3130 4735 3314 4796; x_wconf 88' lang='lat' dir='ltr'><strong>partes</strong></span> <span class='ocrx_word' id='word_1_747' title='bbox 3329 4723 3596 4782; x_wconf 78' lang='lat' dir='ltr'><strong>viserunt.</strong></span> 
     </span>
    </p>
   </div>
   <div class='ocr_carea' id='block_1_102' title="bbox 2019 4817 3599 4891">
    <p class='ocr_par' dir='ltr' id='par_1_102' title="bbox 2019 4817 3599 4891">
     <span class='ocr_line' id='line_1_102' title="bbox 2019 4817 3599 4891; baseline -0.003 -15"><span class='ocrx_word' id='word_1_748' title='bbox 2019 4822 2266 4891; x_wconf 84' lang='lat' dir='ltr'><strong>Rogabat</strong></span> <span class='ocrx_word' id='word_1_749' title='bbox 2292 4837 2509 4890; x_wconf 84' lang='lat' dir='ltr'><strong>quoque</strong></span> <span class='ocrx_word' id='word_1_750' title='bbox 2535 4837 2632 4891; x_wconf 89' lang='lat' dir='ltr'><strong>pro</strong></span> <span class='ocrx_word' id='word_1_751' title='bbox 2656 4819 2974 4890; x_wconf 89' lang='lat' dir='ltr'><strong>bujusmodi</strong></span> <span class='ocrx_word' id='word_1_752' title='bbox 3004 4819 3098 4888; x_wconf 92' lang='lat' dir='ltr'><strong>qui</strong></span> <span class='ocrx_word' id='word_1_753' title='bbox 3145 4817 3332 4873; x_wconf 68' lang='lat' dir='ltr'><strong>Romae</strong></span> <span class='ocrx_word' id='word_1_754' title='bbox 3385 4831 3599 4886; x_wconf 66' lang='lat' dir='ltr'><strong>magna:</strong></span> 
     </span>
    </p>
   </div>
   <div class='ocr_carea' id='block_1_103' title="bbox 2021 4909 3596 4988">
    <p class='ocr_par' dir='ltr' id='par_1_103' title="bbox 2021 4909 3596 4988">
     <span class='ocr_line' id='line_1_103' title="bbox 2021 4909 3596 4988; baseline -0.006 -16"><span class='ocrx_word' id='word_1_755' title='bbox 2021 4916 2519 4988; x_wconf 79' lang='lat' dir='ltr'><strong>arcliipresbylerio</strong></span> <span class='ocrx_word' id='word_1_756' title='bbox 2548 4924 2766 4986; x_wconf 83' lang='lat' dir='ltr'><strong>praeest,</strong></span> <span class='ocrx_word' id='word_1_757' title='bbox 2798 4929 2862 4968; x_wconf 90' lang='lat' dir='ltr'><strong>ac</strong></span> <span class='ocrx_word' id='word_1_758' title='bbox 2896 4915 2940 4968; x_wconf 89' lang='lat' dir='ltr'><strong>si</strong></span> <span class='ocrx_word' id='word_1_759' title='bbox 2970 4912 3095 4982; x_wconf 89' lang='lat' dir='ltr'><strong>quis</strong></span> <span class='ocrx_word' id='word_1_760' title='bbox 3130 4920 3215 4966; x_wconf 88' lang='lat' dir='ltr'><strong>est</strong></span> <span class='ocrx_word' id='word_1_761' title='bbox 3244 4925 3415 4981; x_wconf 83' lang='lat' dir='ltr'><strong>prope</strong></span> <span class='ocrx_word' id='word_1_762' title='bbox 3444 4909 3596 4964; x_wconf 90' lang='lat' dir='ltr'><strong>illum</strong></span> 
     </span>
    </p>
   </div>
   <div class='ocr_carea' id='block_1_104' title="bbox 2019 5001 3602 5079">
    <p class='ocr_par' dir='ltr' id='par_1_104' title="bbox 2019 5001 3602 5079">
     <span class='ocr_line' id='line_1_104' title="bbox 2019 5001 3602 5079; baseline -0.004 -17"><span class='ocrx_word' id='word_1_763' title='bbox 2019 5021 2245 5079; x_wconf 88' lang='lat' dir='ltr'><strong>potens;</strong></span> <span class='ocrx_word' id='word_1_764' title='bbox 2325 5025 2422 5078; x_wconf 85' lang='lat' dir='ltr'><strong>pro</strong></span> <span class='ocrx_word' id='word_1_765' title='bbox 2475 5009 2599 5063; x_wconf 91' lang='lat' dir='ltr'><strong>aliis</strong></span> <span class='ocrx_word' id='word_1_766' title='bbox 2674 5006 2782 5061; x_wconf 80' lang='lat' dir='ltr'><strong>dux</strong></span> <span class='ocrx_word' id='word_1_767' title='bbox 2853 5005 3274 5060; x_wconf 84' lang='lat' dir='ltr'><strong>Germanorum.</strong></span> <span class='ocrx_word' id='word_1_768' title='bbox 3342 5001 3602 5057; x_wconf 77' lang='lat' dir='ltr'><strong>Moveba-</strong></span> 
     </span>
    </p>
   </div>
   <div class='ocr_carea' id='block_1_105' title="bbox 2025 5097 3600 5172">
    <p class='ocr_par' dir='ltr' id='par_1_105' title="bbox 2025 5097 3600 5172">
     <span class='ocr_line' id='line_1_105' title="bbox 2025 5097 3600 5172; baseline -0.005 -16"><span class='ocrx_word' id='word_1_769' title='bbox 2025 5111 2116 5156; x_wconf 89' lang='lat' dir='ltr'><strong>tur</strong></span> <span class='ocrx_word' id='word_1_770' title='bbox 2167 5117 2297 5156; x_wconf 78' lang='lat' dir='ltr'><strong>vero</strong></span> <span class='ocrx_word' id='word_1_771' title='bbox 2360 5102 2630 5172; x_wconf 73' lang='lat' dir='ltr'><strong>legatione</strong></span> <span class='ocrx_word' id='word_1_772' title='bbox 2685 5100 2891 5154; x_wconf 90' lang='lat' dir='ltr'><strong>multus</strong></span> <span class='ocrx_word' id='word_1_773' title='bbox 2954 5105 3226 5168; x_wconf 88' lang='lat' dir='ltr'><strong>potestate</strong></span> <span class='ocrx_word' id='word_1_774' title='bbox 3277 5097 3600 5151; x_wconf 83' lang='lat' dir='ltr'><strong>Alemanus.</strong></span> 
     </span>
    </p>
   </div>
   <div class='ocr_carea' id='block_1_106' title="bbox 2017 5191 3602 5261">
    <p class='ocr_par' dir='ltr' id='par_1_106' title="bbox 2017 5191 3602 5261">
     <span class='ocr_line' id='line_1_106' title="bbox 2017 5191 3602 5261; baseline -0.003 -16"><span class='ocrx_word' id='word_1_775' title='bbox 2017 5191 2129 5246; x_wconf 85' lang='lat' dir='ltr'><strong>Nec</strong></span> <span class='ocrx_word' id='word_1_776' title='bbox 2180 5192 2481 5248; x_wconf 81' lang='lat' dir='ltr'><strong>Marcesius</strong></span> <span class='ocrx_word' id='word_1_777' title='bbox 2533 5191 2863 5261; x_wconf 85' lang='lat' dir='ltr'><strong>tranquillus</strong></span> <span class='ocrx_word' id='word_1_778' title='bbox 2917 5199 3132 5260; x_wconf 82' lang='lat' dir='ltr'><strong>poterat</strong></span> <span class='ocrx_word' id='word_1_779' title='bbox 3184 5203 3445 5253; x_wconf 85' lang='lat' dir='ltr'><strong>manere,</strong></span> <span class='ocrx_word' id='word_1_780' title='bbox 3496 5200 3602 5242; x_wconf 73' lang='lat' dir='ltr'><strong>ne:</strong></span> 
     </span>
    </p>
   </div>
   <div class='ocr_carea' id='block_1_107' title="bbox 2020 5279 3601 5355">
    <p class='ocr_par' dir='ltr' id='par_1_107' title="bbox 2020 5279 3601 5355">
     <span class='ocr_line' id='line_1_107' title="bbox 2020 5279 3601 5355; baseline -0.005 -16"><span class='ocrx_word' id='word_1_781' title='bbox 2020 5286 2312 5351; x_wconf 67' lang='lat' dir='ltr'><strong>llungaria:</strong></span> <span class='ocrx_word' id='word_1_782' title='bbox 2335 5285 2467 5352; x_wconf 84' lang='lat' dir='ltr'><strong>dux,</strong></span> <span class='ocrx_word' id='word_1_783' title='bbox 2492 5302 2590 5340; x_wconf 78' lang='lat' dir='ltr'><strong>nec</strong></span> <span class='ocrx_word' id='word_1_784' title='bbox 2621 5285 2951 5355; x_wconf 86' lang='lat' dir='ltr'><strong>quicumque</strong></span> <span class='ocrx_word' id='word_1_785' title='bbox 2981 5283 3193 5338; x_wconf 73' lang='lat' dir='ltr'><strong>vicinia:</strong></span> <span class='ocrx_word' id='word_1_786' title='bbox 3221 5281 3491 5352; x_wconf 87' lang='lat' dir='ltr'><strong>princeps.</strong></span> <span class='ocrx_word' id='word_1_787' title='bbox 3521 5279 3601 5332; x_wconf 79' lang='lat' dir='ltr'><strong>Ac</strong></span> 
     </span>
    </p>
   </div>
   <div class='ocr_carea' id='block_1_108' title="bbox 2021 5369 3598 5447">
    <p class='ocr_par' dir='ltr' id='par_1_108' title="bbox 2021 5369 3598 5447">
     <span class='ocr_line' id='line_1_108' title="bbox 2021 5369 3598 5447; baseline -0.006 -16"><span class='ocrx_word' id='word_1_788' title='bbox 2021 5378 2242 5447; x_wconf 85' lang='lat' dir='ltr'><strong>ubique,</strong></span> <span class='ocrx_word' id='word_1_789' title='bbox 2277 5377 2364 5432; x_wconf 86' lang='lat' dir='ltr'><strong>hic</strong></span> <span class='ocrx_word' id='word_1_790' title='bbox 2409 5378 2714 5447; x_wconf 87' lang='lat' dir='ltr'><strong>descriptio</strong></span> <span class='ocrx_word' id='word_1_791' title='bbox 2761 5377 3070 5447; x_wconf 89' lang='lat' dir='ltr'><strong>principum</strong></span> <span class='ocrx_word' id='word_1_792' title='bbox 3109 5375 3411 5438; x_wconf 91' lang='lat' dir='ltr'><strong>nominum,</strong></span> <span class='ocrx_word' id='word_1_793' title='bbox 3443 5369 3516 5424; x_wconf 89' lang='lat' dir='ltr'><strong>ibi</strong></span> <span class='ocrx_word' id='word_1_794' title='bbox 3551 5369 3598 5422; x_wconf 87' lang='lat' dir='ltr'><strong>si</strong></span> 
     </span>
    </p>
   </div>
   <div class='ocr_carea' id='block_1_109' title="bbox 2024 5460 3598 5540">
    <p class='ocr_par' dir='ltr' id='par_1_109' title="bbox 2024 5460 3598 5540">
     <span class='ocr_line' id='line_1_109' title="bbox 2024 5460 3598 5540; baseline -0.007 -17"><span class='ocrx_word' id='word_1_795' title='bbox 2024 5471 2134 5524; x_wconf 88' lang='lat' dir='ltr'><strong>vita</strong></span> <span class='ocrx_word' id='word_1_796' title='bbox 2167 5471 2352 5525; x_wconf 86' lang='lat' dir='ltr'><strong>deerat</strong></span> <span class='ocrx_word' id='word_1_797' title='bbox 2379 5471 2777 5540; x_wconf 77' lang='lat' dir='ltr'><strong>respiciebatur</strong></span> <span class='ocrx_word' id='word_1_798' title='bbox 2805 5471 2870 5523; x_wconf 88' lang='lat' dir='ltr'><strong>ad</strong></span> <span class='ocrx_word' id='word_1_799' title='bbox 2914 5468 3060 5529; x_wconf 87' lang='lat' dir='ltr'><strong>illos,</strong></span> <span class='ocrx_word' id='word_1_800' title='bbox 3087 5468 3361 5535; x_wconf 87' lang='lat' dir='ltr'><strong>pedesque</strong></span> <span class='ocrx_word' id='word_1_801' title='bbox 3413 5460 3598 5515; x_wconf 89' lang='lat' dir='ltr'><strong>statim</strong></span> 
     </span>
    </p>
   </div>
   <div class='ocr_carea' id='block_1_110' title="bbox 2025 5560 3596 5633">
    <p class='ocr_par' dir='ltr' id='par_1_110' title="bbox 2025 5560 3596 5633">
     <span class='ocr_line' id='line_1_110' title="bbox 2025 5560 3596 5633; baseline -0.006 -16"><span class='ocrx_word' id='word_1_802' title='bbox 2025 5565 2338 5628; x_wconf 85' lang='lat' dir='ltr'><strong>currebant,</strong></span> <span class='ocrx_word' id='word_1_803' title='bbox 2360 5581 2421 5617; x_wconf 88' lang='lat' dir='ltr'><strong>ac</strong></span> <span class='ocrx_word' id='word_1_804' title='bbox 2464 5564 2644 5633; x_wconf 80' lang='lat' dir='ltr'><strong>lingua</strong></span> <span class='ocrx_word' id='word_1_805' title='bbox 2673 5564 2998 5632; x_wconf 79' lang='lat' dir='ltr'><strong>loquebatur</strong></span> <span class='ocrx_word' id='word_1_806' title='bbox 3030 5560 3216 5624; x_wconf 86' lang='lat' dir='ltr'><strong>simul,</strong></span> <span class='ocrx_word' id='word_1_807' title='bbox 3244 5573 3306 5612; x_wconf 90' lang='lat' dir='ltr'><strong>ac</strong></span> <span class='ocrx_word' id='word_1_808' title='bbox 3339 5571 3438 5626; x_wconf 89' lang='lat' dir='ltr'><strong>pro</strong></span> <span class='ocrx_word' id='word_1_809' title='bbox 3470 5569 3596 5625; x_wconf 77' lang='lat' dir='ltr'><strong>per.-</strong></span> 
     </span>
    </p>
   </div>
   <div class='ocr_carea' id='block_1_111' title="bbox 356 5644 1906 5726">
    <p class='ocr_par' dir='ltr' id='par_1_111' title="bbox 356 5644 1906 5720">
     <span class='ocr_line' id='line_1_111' title="bbox 356 5644 1906 5720; baseline 0.006 -26"><span class='ocrx_word' id='word_1_810' title='bbox 356 5644 511 5705; x_wconf 79' lang='grc' dir='ltr'>ὅλως,</span> <span class='ocrx_word' id='word_1_811' title='bbox 561 5645 687 5697; x_wconf 78' lang='grc' dir='ltr'>ἔνθα</span> <span class='ocrx_word' id='word_1_812' title='bbox 745 5649 1074 5718; x_wconf 82' lang='grc' dir='ltr'>περιήγησις</span> <span class='ocrx_word' id='word_1_813' title='bbox 1120 5650 1362 5720; x_wconf 83' lang='grc' dir='ltr'>ἀρχικῶν</span> <span class='ocrx_word' id='word_1_814' title='bbox 1425 5653 1746 5719; x_wconf 77' lang='grc' dir='ltr'>ὀνομάτων,</span> <span class='ocrx_word' id='word_1_815' title='bbox 1810 5652 1906 5703; x_wconf 59' lang='lat' dir='ltr'><strong>ex;</strong></span> 
     </span>
    </p>
   </div>
   <div class='ocr_carea' id='block_1_112' title="bbox 2011 5644 2680 5726">
    <p class='ocr_par' dir='ltr' id='par_1_112' title="bbox 2028 5659 2680 5726">
     <span class='ocr_line' id='line_1_112' title="bbox 2028 5659 2680 5726; baseline 0.005 -15"><span class='ocrx_word' id='word_1_816' title='bbox 2028 5659 2279 5711; x_wconf 83' lang='lat' dir='ltr'><strong>suasione</strong></span> <span class='ocrx_word' id='word_1_817' title='bbox 2325 5659 2680 5726; x_wconf 84' lang='lat' dir='ltr'><strong>operabatur.</strong></span> 
     </span>
    </p>
   </div>
   <div class='ocr_carea' id='block_1_113' title="bbox 359 5737 3597 5820">
    <p class='ocr_par' dir='ltr' id='par_1_113' title="bbox 359 5737 3597 5820">
     <span class='ocr_line' id='line_1_113' title="bbox 359 5737 3597 5820; baseline 0.002 -32"><span class='ocrx_word' id='word_1_818' title='bbox 359 5737 667 5789; x_wconf 81' lang='grc' dir='ltr'>ἀπέϐλεπεν</span> <span class='ocrx_word' id='word_1_819' title='bbox 705 5739 890 5800; x_wconf 78' lang='grc' dir='ltr'>αὐτοῖς</span> <span class='ocrx_word' id='word_1_820' title='bbox 945 5740 1004 5792; x_wconf 73' lang='grc' dir='ltr'>τὸ</span> <span class='ocrx_word' id='word_1_821' title='bbox 1049 5741 1301 5812; x_wconf 77' lang='grc' dir='ltr'>δεόμενον</span> <span class='ocrx_word' id='word_1_822' title='bbox 1354 5743 1448 5812; x_wconf 81' lang='grc' dir='ltr'>τῆς</span> <span class='ocrx_word' id='word_1_823' title='bbox 1479 5745 1691 5814; x_wconf 68' lang='grc' dir='ltr'>ψυχῆς·</span> <span class='ocrx_word' id='word_1_824' title='bbox 1744 5746 1837 5797; x_wconf 68' lang='grc' dir='ltr'>καὶ</span> <span class='ocrx_word' id='word_1_825' title='bbox 1869 5745 1915 5796; x_wconf 79' lang='grc' dir='ltr'>οἱ</span> <span class='ocrx_word' id='word_1_826' title='bbox 1959 5748 2119 5810; x_wconf 73' lang='grc' dir='ltr'>πόδες</span> <span class='ocrx_word' id='word_1_827' title='bbox 2171 5749 2367 5804; x_wconf 65' lang='grc' dir='ltr'>αὐτίκα</span> <span class='ocrx_word' id='word_1_828' title='bbox 2411 5749 2653 5820; x_wconf 75' lang='grc' dir='ltr'>ἔτρεχον,</span> <span class='ocrx_word' id='word_1_829' title='bbox 2704 5749 2799 5802; x_wconf 73' lang='grc' dir='ltr'>καὶ</span> <span class='ocrx_word' id='word_1_830' title='bbox 2872 5749 2906 5817; x_wconf 83' lang='grc' dir='ltr'><strong>ή</strong></span> <span class='ocrx_word' id='word_1_831' title='bbox 2955 5746 3178 5816; x_wconf 81' lang='grc' dir='ltr'>γλῶσσα</span> <span class='ocrx_word' id='word_1_832' title='bbox 3245 5743 3445 5808; x_wconf 78' lang='grc' dir='ltr'>ἐλάλει,</span> <span class='ocrx_word' id='word_1_833' title='bbox 3504 5739 3597 5796; x_wconf 72' lang='grc' dir='ltr'>καὶ</span> 
     </span>
    </p>
   </div>
   <div class='ocr_carea' id='block_1_114' title="bbox 359 5831 978 5904">
    <p class='ocr_par' dir='ltr' id='par_1_114' title="bbox 359 5831 978 5904">
     <span class='ocr_line' id='line_1_114' title="bbox 359 5831 978 5904; baseline 0.011 -22"><span class='ocrx_word' id='word_1_834' title='bbox 359 5831 578 5903; x_wconf 75' lang='grc' dir='ltr'>ἐνήργει</span> <span class='ocrx_word' id='word_1_835' title='bbox 611 5833 744 5904; x_wconf 76' lang='grc' dir='ltr'>πρὸς</span> <span class='ocrx_word' id='word_1_836' title='bbox 786 5834 978 5890; x_wconf 81' lang='grc' dir='ltr'>πειθώ.</span> 
     </span>
    </p>
   </div>
  </div>
