3968 6588
420 421 493 486 59
1085 407 1508 476 EUSTATHII
1553 403 2005 470 THESSALON

2112 400 2318 464 ZNSIS
2364 398 2932 468 METROPOLITA!
3616 402 3643 460 i‘
3649 397 3687 460 0

414 536 552 592 lium
587 529 773 588 Sicilia
805 527 1003 602 probat
1040 528 1156 600 agri
1191 543 1316 584 esse
1347 525 1678 595 alumnum).
1710 521 1995 578 volebant—

2112 513 2308 577 πόλεως
2344 512 2672 583 ἐφιεμιινοςυ
2719 511 2849 566 οίδὲ
2877 511 3084 566 ἐθνικοὶ
3126 510 3372 579 Ἀλεξίου
3421 513 3685 583 βασιλέως

413 644 524 701 que
571 626 916 684 constituere
959 623 1065 678 boc
1091 621 1455 676 simulacrum
1513 617 1568 670 itt
1603 617 1992 686 imperatorem

415 725 683 778 adversus
718 715 1210 788 Megalopolitanos
1243 711 1658 783 superbientes,
1691 709 1990 764 adversum

415 830 516 870 nos
570 811 809 868 audacia
851 824 1046 879 magna
1098 813 1413 861 moventur.
1443 801 1568 856 H:cc
1601 800 1994 870 impedimenta

412 906 740 979 gravissima
769 909 1006 956 erantet
1038 905 1266 969 apparet
1297 911 1362 951 ex
1388 898 1730 964 optimorum
1767 901 1998 947 senten-

412 1001 525 1060 tiis.
568 997 809 1066 episcopi
863 991 1238 1047 Panormitani
1305 990 1360 1044 in
1409 987 1601 1043 Sicilia
1634 985 1997 1056 cpiscopique

411 1089 670 1144 Messina:
704 1095 759 1141 et
792 1086 1053 1147 aliorum,
1085 1083 1182 1154 qui
1214 1096 1408 1136 omnes
1442 1077 1587 1148 quod
1617 1087 1829 1133 rectum
1875 1084 1997 1132 erat

413 1190 626 1235 tantum
651 1180 909 1233 videbant
969 1192 1117 1232 sanae
1155 1174 1354 1228 mentis
1389 1173 1573 1242 regula
1617 1173 1830 1240 seipsos
1852 1169 1994 1224 diri-

411 1285 626 1346 gentes,
661 1273 816 1326 itaut
840 1269 1157 1338 iudicarent
1181 1283 1289 1322 non
1326 1266 1495 1321 licere
1534 1263 1794 1319 comitem
1831 1261 1996 1318 Sicu-

413 1367 527 1421 lum
555 1365 782 1436 agnosci
811 1365 1196 1433 imperatorem
1241 1360 1614 1415 univcrsalcm
1648 1357 1743 1427 qui
1775 1357 1906 1412 olim
1937 1364 1998 1410 ut

411 1459 523 1514 dux
573 1459 831 1514 subditus
892 1465 1013 1512 erat
1063 1454 1578 1523 Constantinopoli,
1656 1463 1996 1518 causamque

414 1551 583 1622 hujus
612 1552 734 1605 belli
787 1565 896 1605 non
934 1550 1138 1619 justam
1179 1562 1325 1602 esse.
1354 1545 1590 1612 Etenim,
1620 1543 1870 1615 quamvis
1900 1540 1995 1611 qui

411 1646 554 1714 regit
583 1641 1116 1711 ConstantinOpolim
1161 1648 1416 1706 peccaret
1468 1639 1551 1693 vel
1598 1639 1766 1703 crede,
1800 1635 1884 1691 vel
1909 1647 1991 1706 ty-

410 1735 663 1799 ranuide,
696 1732 832 1805 quid
887 1748 1072 1788 causa:
1103 1731 1336 1786 daretur
1360 1729 1474 1801 regi
1515 1732 1607 1800 qui
1642 1729 1997 1783 circumscri—

415 1833 566 1888 bitur
598 1833 653 1887 in
687 1830 923 1886 Sicilia?
967 1829 1228 1900 Alioquin
1257 1829 1438 1883 omnis
1471 1827 1837 1897 principatus,
1867 1839 1993 1879 cum

412 1927 555 1982 male
579 1925 847 1982 successit
876 1926 1176 1996 inceptum,
1201 1925 1256 1978 in
1283 1921 1526 1994 periculo
1556 1929 1703 1976 esset
1747 1934 1816 1974 ne
1864 1917 2001 1972 diri-

411 2029 571 2090 gatur
606 2021 676 2074 ab
725 2017 835 2074 alio
884 2017 1196 2088 principatu
1232 2015 1509 2082 auxiliari,
1537 2015 1653 2071 sive
1701 2012 2001 2084 disciplinae

411 2113 527 2168 sive
558 2110 840 2168 servitutis
872 2124 1067 2165 causa.

483 2291 575 2348 52.
641 2291 894 2347 Attamen
928 2290 1124 2345 Alexio
1177 2288 1463 2345 Comneno
1493 2291 1621 2346 totis
1649 2291 1860 2346 viribus
1885 2291 2002 2346 eni«

413 2393 566 2443 tente
618 2395 678 2442 ut
735 2401 901 2456 quam
955 2385 1228 2444 citissime
1278 2382 1815 2454 Constantinopolim
1885 2385 2002 2456 regi

414 2478 617 2534 Siciliae
651 2475 914 2542 traderet,
949 2477 1108 2546 quasi
1131 2476 1386 2545 imperite
1407 2477 1553 2530 inter
1572 2491 1767 2532 manus
1798 2474 2002 2531 retine-

412 2579 522 2634 ret,
561 2569 618 2624 lit
657 2580 842 2624 motus
879 2568 1180 2622 multarum
1225 2569 1477 2637 gentium
1511 2567 1761 2623 Siculum
1791 2569 2002 2638 eligen-

412 2665 551 2720 tium
605 2671 662 2720 et
725 2663 1065 2718 unanimiter
1112 2662 1595 2732 proclamantinm.
1683 2663 2004 2721 Tltesaurns

412 2743 670 2826 publicus
715 2761 848 2808 tunc
906 2752 984 2807 illi
1057 2753 1309 2821 aperitur
1372 2767 1480 2806 non
1550 2750 1848 2808 admodum
1916 2753 2003 2807 di-

415 2848 516 2904 viti
553 2887 568 2913 ,
623 2858 850 2916 tumque
900 2847 1037 2900 mari
1083 2846 1384 2901 committit
1439 2845 1632 2915 longas
1696 2862 1867 2902 naves
1938 2863 2004 2903 ac

414 2949 667 3007 caeteras,
711 2940 848 2996 alias
877 2939 1098 2994 tandem
1139 2939 1263 3009 plus
1315 2953 1483 3007 quam
1534 2939 1800 2994 ducentas
1830 2953 2006 3010 equos

416 3040 698 3088 vecturas.
730 3030 844 3086 Sub
891 3029 1123 3100 pedibus
1146 3028 1392 3098 equitum
1452 3029 1751 3084 electorum
1785 3043 2005 3086 resonat

415 3125 618 3189 tellus,
653 3132 710 3178 et
763 3123 992 3192 insuper
1052 3120 1256 3177 milites
1291 3122 1544 3190 portabat
1605 3122 1848 3193 undique
1900 3123 2005 3180 fte-

2101 603 2321 656 εἶδωλον
2345 602 2451 673 πρὸ
2473 602 2574 672 τῆς
2607 603 2908 672 φαντασίας
2937 604 3200 675 φέροντες
3236 603 3346 674 (τὸν
3378 604 3486 674 γάρ
3511 605 3686 676 δηλω-

2100 694 2260 749 θέντα
2308 695 2474 748 παῖδα
2505 697 2540 766 ή
2570 695 2792 749 Σικελία
2839 695 2953 766 ἔχει
3008 697 3416 768 άπελεγχθέντα
3457 697 3684 768 θρέμμα

2100 781 2240 840 εἶναι
2277 786 2495 857 ἀγροῦ),
2527 788 2623 840 καὶ
2669 788 3080 860 ἐγκαταστῆσαι
3129 789 3232 860 τὴν
3265 791 3568 860 φαντασίαν
3601 793 3682 852 είς

2101 876 2323 948 βασιλέα
2347 881 2457 940 τοῖς
2492 877 2970 946 Μεγαλοπολίταις
3008 881 3435 951 φρυαττόμενοι,
3469 881 3685 933 κιιιοῦνο

2097 987 2189 1023 ται
2232 970 2354 1023 καθ’
2382 968 2540 1042 ήμῶν
2587 969 2779 1041 θάρσει
2817 971 2998 1042 πολλῷ
3025 988 3039 1002 ο
3074 971 3369 1025 καὶταῦτα
3419 970 3684 1041 κωλύμης

2098 1057 2215 1112 οὓτι
2251 1059 2396 1130 μάλα
2437 1059 2512 1129 μὴ
2546 1059 2837 1129 σταθερᾶς,
2867 1061 2940 1124 ὡς
2968 1060 3119 1130 ἐξῆν,
3151 1060 3590 1133 ἀναφαινομένης
3619 1062 3686 1114 ὲκ

2097 1150 2207 1202 τῶν
2239 1148 2569 1220 κρειττόνων
2601 1151 2944 1222 συμϐούλων,
2979 1150 3074 1205 τοῦ
3109 1171 3166 1206 τε
3199 1153 3486 1225 ίεράρχου,
3522 1154 3681 1222 φασὶ,

2097 1242 2196 1297 τοῦ
2233 1244 2374 1296 κατὰ
2429 1243 2681 1296 Σικελίαν
2733 1244 3050 1316 Πανόρμου,
3085 1245 3178 1299 καὶ
3229 1247 3324 1300 τοῦ
3370 1246 3472 1316 τῆς
3501 1247 3684 1299 ἐκεῖσε

2097 1334 2412 1405 Μεσσήνητ,
2441 1336 2538 1389 καὶ
2567 1335 2792 1406 ἐτέρων,
2820 1337 2938 1392 ὅσοι
2966 1337 3025 1390 τὸ
3049 1339 3170 1391 δέον
3192 1337 3504 1408 συνεώρων,
3529 1338 3690 1407 ἀγχι-

2100 1425 2252 1490 νοίας
2284 1443 2342 1479 τε
2371 1427 2589 1498 στάθμῃ
2614 1428 2986 1500 ἁπορθοῦντες
3018 1430 3250 1494 ἑαυτοὺς
3279 1433 3361 1495 είς
3385 1431 3687 1501 προόρασιν

2098 1514 2191 1566 τοῦ
2225 1515 2300 1586 μὴ
2332 1516 2398 1569 ἂν
2440 1516 2642 1581 ἐξεῖναι
2670 1518 2764 1571 τὸν
2795 1519 3021 1574 Σικελὸν
3061 1523 3278 1593 κόμητα
3307 1524 3386 1585 είς
3422 1523 3687 1592 κοσμικὺν

2100 1606 2556 1678 ἐγγραφήσεσθαι
2589 1609 2838 1680 βασιλέα,
2865 1611 2923 1676 ὃς
2953 1629 3083 1665 ποτε
3113 1615 3178 1684 τῇ
3213 1614 3688 1669 Κωνσνταντινου-

2101 1698 2256 1752 πόλει
2294 1699 2420 1765 δοὺξ
2453 1699 2731 1767 ὑπέκειτο,
2755 1704 2849 1756 καὶ
2877 1704 2937 1756 τὸ
2968 1704 3104 1775 μηδὲ
3132 1702 3191 1760 εὖ
3223 1705 3368 1775 ἔχειν
3395 1706 3556 1776 λόγου
3585 1708 3688 1778 τὴν

2099 1787 2200 1857 τῆς
2233 1791 2413 1859 μάχης
2441 1790 2737 1861 πρόφασιν.
2772 1792 2838 1845 Τί
2868 1792 2999 1864 γὰρ,
3027 1793 3187 1865 εἴπερ
3211 1795 3238 1848 ὁ
3261 1795 3362 1866 τήν
3391 1797 3688 1852 Κωνσταν-

2030 1881 2072 1938 Β
2100 1879 2418 1932 τινούπολιν
2454 1882 2656 1936 διέπων
2693 1883 3093 1958 ἐξαμαρτάνοι,
3130 1889 3374 1957 φονεύων
3420 1888 3685 1959 ἢτυραν·

2102 1970 2232 2036 νῶν,
2272 1973 2432 2038 δίκας
2474 1973 2539 2028 ἂν
2572 1975 2740 2046 διδοίη
2771 1977 2850 2049 τῷ
2895 1981 3313 2051 παρεγγράπτῳ
3346 1982 3480 2052 ρηγὶ
3523 1980 3601 2050 τῷ
3629 1982 3689 2032 ὲν

2103 2064 2384 2132 Σικελοῖς;
2437 2068 2486 2120 εί
2525 2067 2600 2138 μὴ
2646 2068 2754 2140 ἄρα
2799 2071 2951 2124 πᾶσα
3008 2070 3283 2141 βασιλεία,
3335 2072 3608 2126 πταίουσά
3635 2089 3690 2125 τι

2101 2157 2244 2210 κατὰ
2285 2156 2422 2228 βίον,
2463 2159 2789 2215 εὐθύνεσθαι
2827 2163 3175 2219 κινδυνευτέα
3217 2163 3353 2236 πρὸς
3379 2163 3474 2218 τοῦ
3503 2165 3685 2238 ὠρεγ-

2105 2247 2293 2318 μένου,
2319 2249 2394 2311 ὡς
2429 2249 2476 2302 εί
2505 2253 2602 2306 καὶ
2631 2252 3069 2322 ἐπαιδαγωγεῖτο
3094 2255 3126 2326 ἦ
3159 2254 3506 2320 ἐδεσπόζετο.

2178 2334 2280 2408 νβ’.
2308 2338 2417 2391 Καὶ
2445 2338 2618 2409 ὅμως,
2652 2341 2749 2395 τοῦ
2787 2344 3078 2415 Κομνηνοῦ
3117 2344 3359 2414 ’Δλεξίου
3395 2349 3693 2418 ἀπισχυρι-

2106 2429 2345 2500 σαμὲνου
2371 2430 2472 2501 τὴν
2501 2433 3078 2490 Κωνσταντινούπολιν
3101 2438 3435 2506 παραδοῦναι
3459 2441 3588 2512 ῥᾷον
3615 2439 3695 2510 τῷ

2107 2521 2241 2592 ῤηὶ
2277 2521 2552 2588 Σικελίας,
2585 2522 2660 2588 ὡς
2700 2527 2752 2579 εί
2789 2528 2883 2580 καὶ
2919 2529 2978 2582 ὲν
3006 2532 3190 2600 χεροῖν
3229 2532 3398 2602 αὐτὴν
3429 2531 3694 2602 ἔσφιγγεν

2104 2613 2132 2663 ὁ
2163 2611 2517 2681 ἀπάλαμνος,
2579 2614 2792 2684 γίνεται
2829 2617 3046 2690 κίνησις
3097 2619 3399 2692 πολυεθνὴς
3435 2623 3692 2693 ἐπιλεγο-

2098 2694 2246 2771 Ῑιένη
2285 2701 2366 2771 τῷ
2391 2702 2622 2773 Σικελῷ,
2657 2707 2752 2759 καὶ
2778 2707 2942 2761 αὐτὸν
2964 2711 3358 2780 προγράφουσα
3383 2715 3696 2783 κεφαλαιω-

2107 2793 2230 2866 τήν.
2270 2795 2382 2849 Καὶ
2425 2797 2780 2852 ὲκκενοῦνται
2816 2799 3085 2872 θησαυροὶ
3119 2802 3195 2875 τῷ
3251 2804 3387 2875 μηδὲ
3448 2808 3696 2878 μεγάλας

2105 2885 2250 2939 οὕτω
2271 2903 2324 2940 τι
2351 2887 2452 2949 τὰς
2486 2888 2783 2957 προσόδους
2819 2889 3017 2962 ἔχοντι.
3057 2895 3165 2947 Καὶ
3194 2898 3259 2965 τῇ
3318 2897 3418 2968 μὲν
3448 2898 3697 2972 Θαλάσσῃ

2106 2977 2398 3033 ἐπίστευσε
2423 2979 2559 3050 νῆας
2593 2984 2815 3054 μακρᾶς
2838 2985 3085 3057 ἑτεροίας
3110 3005 3193 3054 τε,
3214 2991 3310 3042 καὶ
3334 2991 3696 3060 ἱππαγωγοὺς

2109 3069 2254 3140 ὑπὲρ
2287 3071 2385 3136 τὰς
2412 3072 2694 3140 διακοσίας
2713 3093 2727 3108 ·
2766 3076 2865 3148 τῆς
2895 3076 2951 3131 δὲ
2983 3077 3088 3148 γῆς
3117 3081 3506 3152 κατεκρόαινεν
3535 3083 3698 3138 ἱππι-

2109 3161 2207 3216 κὸν
2243 3162 2556 3230 ὲπίλεκτον,
2593 3165 2653 3220 ού
2691 3167 2858 3238 μόνον
2904 3169 2964 3235 ἐξ
2995 3163 3071 3225 ὧν
3100 3176 3476 3243 συνεκροτεῖτο
3505 3175 3692 3240 αὐτὸς,

418 3219 670 3275 deratos.
743 3214 944 3271 Dicunt
1039 3223 1222 3269 autem
1304 3214 1529 3270 circiter
1602 3225 1821 3270 centum
1896 3218 2006 3274 viro

420 3311 761 3336 --...l....-sn-
788 3323 909 3336 ,ιρι-η
933 3316 979 3336 ..ι
1007 3307 1143 3336 ηΙῖΛρ
1166 3307 1337 3336 vnn-lin
1364 3307 1571 3336 ..ιη-ηε..
1596 3322 1657 3336 Λν
1697 3308 1782 3336 ιτς...
1817 3321 1996 3336 nn.-.“

2118 3253 2256 3306 ἀλλὰ
2279 3254 2374 3308 καὶ
2397 3255 2524 3310 ἄλλο
2540 3214 2900 3314 ,παντοδαπὸν
2928 3214 3300 3335 συμμαχικόνῗ
3322 3214 3692 3336 Καιλέγεταζ

417 3311 762 3368 eoadunatos
787 3323 910 3363 esse
932 3316 985 3362 et
1004 3307 1145 3362 alios
1166 3307 1338 3362 multo
1364 3307 1573 3378 plures;
1595 3322 1660 3362 ev
1697 3308 1785 3364 his
1816 3321 1998 3366 autem

416 3413 474 3460 et
510 3403 619 3458 illis
642 3400 910 3473 quosdam
939 3414 1144 3470 paucos
1177 3415 1300 3456 cum
1329 3402 1610 3472 elegisset,
1640 3411 1870 3458 caeteros
1904 3419 2002 3459 ne-

417 3495 610 3565 glexit.
649 3494 824 3549 Erant
855 3506 1077 3563 quoque
1114 3492 1449 3563 illiﬁcquites,
1485 3509 1718 3550 numero
1744 3497 2000 3562 trecenti,

419 3589 510 3659 qui
554 3587 796 3658 possint,
838 3587 1228 3656 unusquisque
1263 3588 1558 3643 restituere
1595 3589 1650 3641 in
1682 3588 1824 3642 bello
1856 3588 2002 3643 nullo

417 3677 583 3734 modo
617 3679 881 3735 Comneni
907 3679 1230 3734 dissimiles.
1270 3677 1366 3734 llic
1394 3679 1546 3736 solus
1577 3684 1681 3736 hoc
1710 3683 2002 3752 imperium

419 3783 481 3825 se
529 3769 681 3825 brevi
712 3779 1112 3839 occupaturum
1154 3769 1272 3825 fore
1317 3772 1572 3838 credidit,
1610 3782 1824 3827 tantum
1854 3775 2006 3843 pedi-

419 3863 525 3920 bus
589 3864 716 3935 equi
787 3863 1032 3920 conlisus
1079 3876 1136 3919 ct
1194 3873 1254 3919 ut
1311 3866 1551 3934 passeris
1627 3867 1816 3922 nidum
1872 3868 2005 3924 illud

421 3969 622 4024 capere
642 3963 971 4022 tentaverat,
995 3957 1165 4011 verbo
1187 3955 1406 4025 quidem
1442 3956 1628 4013 Siculo
1659 3960 1791 4030 regi,
1813 3975 2008 4031 reapse

421 4062 554 4123 vero
610 4047 736 4102 sibi.
801 4047 1099 4104 Videbatur
1150 4050 1296 4104 enim
1347 4051 1650 4120 (nescimus
1685 4054 2006 4125 quomodo),

423 4138 573 4196 sicut
608 4147 771 4192 antea
795 4141 1174 4210 exposuimus,
1222 4143 1387 4197 simul
1433 4144 1636 4214 ubique
1670 4147 2007 4216 pervulgari,

424 4249 617 4290 omnes
649 4233 843 4288 oculos
900 4233 1275 4290 Romanorum
1328 4237 1380 4290 in
1416 4239 1596 4322 ipsum
1651 4240 1796 4295 utin
1838 4243 2006 4298 solem

423 4326 692 4391 converti,
717 4329 875 4396 eique
905 4327 1005 4382 soli
1028 4344 1088 4382 se
1117 4329 1461 4385 submittere.

423 4419 789 4491 ιπεγράφετο,
831 4418 976 4491 ψυχῇ
1033 4419 1090 4473 δὲ
1145 4421 1346 4492 ἐαυτῷ.
1402 4423 1699 4478 ’ἰνδάλλετο
1751 4428 1857 4498 γὰρ
1888 4429 2012 4499 (οὐκ

424 4513 779 4582 ἐκφαίνεσθαί
829 4533 955 4580 που,
1007 4515 1103 4568 καὶ
1156 4517 1364 4582 πάντας
1399 4519 1563 4585 εὐθὺς
1609 4523 1735 4588 τοὺς
1787 4525 2075 4600 Ῥωμαίων
2105 4536 2435 4611 ςὸφθαλμοὺς
2461 4543 2543 4606 είς
2578 4513 2750 4601 αὐτὸν
2791 4548 2865 4614 ὡς

425 4607 591 4661 αὐτοῦ
626 4608 790 4678 μόνου
826 4609 1098 4677 γίνεσθαι.
1199 4648 1204 4653 -

498 4703 592 4757 5'5.
619 4702 790 4758 Terra
819 4704 1012 4759 Latina
1045 4709 1252 4764 sensim
1291 4711 1578 4766 emittebat
1601 4715 2006 4774 multitudinem
2036 4732 2091 4793 1)

2107 3343 2182 3406 ὡς
2212 3344 2408 3399 ἑκατόν
2437 3347 2603 3402 ποθεν
2637 3349 2800 3419 λόγου
2831 3352 2994 3424 χάριν
3035 3355 3407 3428 ἐπιρρεόντων
3429 3359 3510 3423 είς
3550 3375 3694 3429 συμ-

2111 3437 2339 3508 μαχίαν,
2391 3439 2486 3492 καὶ
2533 3439 2599 3494 αὖ
2640 3441 2910 3514 ἑτέρωθεν
2951 3444 3236 3514 πλειόνων,
3290 3448 3322 3519 ἢ
3360 3450 3454 3503 καὶ
3503 3450 3696 3504 τοσούο

2109 3545 2240 3594 των,
2289 3529 2450 3600 ἢκαὶ
2504 3533 2585 3596 είς
2623 3533 2846 3587 ἔλαττον
2899 3538 3406 3610 ύποὸιὸαζομένων,
3470 3542 3696 3614 βραχεῖς

2110 3638 2266 3686 τινας
2313 3623 2525 3679 ἐκεῖθεν
2577 3626 2911 3697 ἀποκρίνων,
2956 3630 3083 3694 τοὺς
3126 3631 3347 3698 λοιποὺς
3383 3634 3692 3708 ὲξηθέριζε.

2113 3709 2385 3784 Καὶῆσαν
2410 3713 2584 3778 οὕτως
2613 3717 2765 3788 αύτῷ
2796 3720 2844 3772 oi
2871 3721 3097 3776 ἱππόται
3120 3719 3220 3778 οἷοι
3245 3725 3693 3796 ἀλαζονεύεσθαι,

2111 3805 2364 3878 κατὰτὴν
2383 3805 2440 3861 ὲν
2467 3807 2651 3871 αὐτοῖς
2685 3809 2848 3876 φύσιν
2878 3816 3208 3882 τριακοσίων
3240 3817 3695 3889 ὰνδρῶνέκαστος

2115 3893 2182 3950 ἂν
2208 3895 2278 3949 τὰ
2329 3898 2475 3951 κατὰ
2523 3899 2762 3969 πόλεμον
2807 3904 3126 3975 στήσεσθαι,
3177 3909 3330 3963 οὐδὲν
3377 3913 3695 3978 ἀπεοικότες

2113 3985 2226 4040 οὐδ’
2257 3988 2413 4042 αὐτοὶ
2452 3989 2544 4044 τοῦ
2579 3993 2870 4066 Κομνηνοῦ
2896 4013 2910 4030 ο
2941 3997 3001 4061 ὃς
3037 3999 3198 4066 μόνος
3227 4001 3448 4069 ἐδόξαζε
3478 4005 3577 4077 τήν
3603 4024 3696 4060 τοο

2114 4077 2323 4150 σαύτην
2353 4081 2636 4152 βασιλείαν
2683 4087 2821 4158 ταχὺ
2864 4090 3296 4162 καταλήψεσθαι,
3335 4094 3514 4168 βραχὺ
3570 4101 3694 4154 κατ’

2114 4169 2293 4240 αὐτῆς
2331 4177 2775 4244 παρακαλπάσας
2819 4181 2910 4234 τὸν
2955 4182 3145 4250 ἵππον,
3207 4186 3301 4240 καὶ
3353 4191 3698 4260 κατακτήσε-

2119 4260 2245 4313 σθαι
2273 4261 2448 4332 αὐτὴν
2475 4267 2876 4337 χειρισάμενος,
2902 4269 3034 4325 ὡσεὶ
3057 4275 3153 4328 καὶ
3179 4278 3437 4348 στρουθοῦ
3463 4280 3693 4349 φωλεόνο

2116 4349 2266 4443 λόγῳ
2319 4352 2420 4422 μὲν
2474 4356 2553 4425 τῷ
2600 4358 2829 4431 Σικελῷ,
2881 4361 2941 4415 ὃν
2997 4365 3093 4417 καὶ
3141 4369 3379 4438 γνησίως
3430 4371 3698 4443 αὐθέντην

2121 4441 2367 4512 οἴδαμεν,
2431 4445 2624 4519 ὅπως),
2686 4452 2830 4506 καθὰ
2857 4455 2953 4509 καὶ
2985 4459 3572 4533 προεξεθέμεθα,ξᾶμα
3635 4441 3695 4519 τε

2189 4729 2289 4822 νγ’.
2331 4731 2614 4804 Ἐξεῖρψεν
2668 4737 2762 4792 οὖν
2806 4743 2838 4812 ή
2886 4743 3090 4816 Δατίνη
3151 4749 3220 4817 γῖι
3280 4751 3487 4822 πλῆθος
3545 4753 3694 4809 οὕτω

430 4801 643 4848 tantam
681 4796 916 4851 militum
948 4814 1070 4867 qua:
1108 4800 1298 4870 utique
1340 4818 1438 4858 nos
1483 4806 1748 4863 terrebat.
1774 4807 2006 4869 Veniunt

431 4901 622 4913 Ληιιηιι-
649 4901 676 4913 Λ
717 4896 860 4913 ιιι-...ι
921 4889 1231 4913 Ill-...:.._-_-_-
1293 4909 1400 4913 ____-
1434 4906 1510 4913 --η
1537 4912 1542 4913 ,
1579 4897 1589 4908 ο
1794 4911 1802 4913 μ
1849 4901 1858 4912 ι

2122 4796 2256 4876 πολῦ
2283 4796 2567 4895 στρατιάς,
2638 4829 2730 4898 ἀφ’
2796 4796 2980 4890 ἱκανοῦ
3039 4796 3186 4910 ἡμᾶς
3236 4796 3524 4913 ἑκφοὲοῦνν.
3586 4796 3698 4900 KV;

429 4901 625 4942 onmes
646 4901 677 4941 e
717 4896 863 4941 terra
921 4889 1259 4960 Illyriorum,
1287 4909 1408 4964 quae
1434 4897 1702 4955 terminus
1726 4911 1809 4956 cst
1847 4901 2016 4974 impe-

430 4977 501 5032 rii
549 4977 923 5034 Romanorum
960 4982 1026 5036 ad
1065 4983 1248 5039 sinum
1303 4987 1684 5058 Adriaticum;
1729 5005 2014 5064 postquam

431 5077 613 5127 autem
645 5071 1166 5142 circumdedissent,
1217 5094 1339 5148 quas
1366 5080 1438 5134 ibi
1463 5082 1565 5136 sita
1601 5091 1707 5149 est,
1743 5098 2018 5158 metropo-

432 5163 553 5229 lim,
591 5162 979 5236 Dyrrachium,
1026 5166 1189 5224 facile
1250 5183 1529 5242 occupant
1556 5190 1700 5242 eam,
1737 5187 1793 5231 ut
1828 5178 1900 5232 ita
1929 5179 2016 5233 di-

431 5270 552 5311 cam
577 5259 727 5312 vocis
768 5274 930 5326 sono,
957 5261 1262 5317 secundum
1292 5263 1690 5334 Andronicum,
1733 5281 1789 5325 ut
1814 5272 1905 5325 alii
1931 5271 2018 5326 di-

431 5355 570 5402 cunt
597 5349 820 5419 ubique,
855 5352 1118 5406 traditum
1176 5356 1282 5424 (sic
1316 5356 1462 5412 enim
1495 5359 1589 5413 ille
1639 5377 1738 5415 sua
1769 5364 2020 5429 curabat,

433 5457 547 5497 non
599 5442 728 5508 sibi,
783 5443 878 5498 sed
941 5446 1069 5501 aliis
1135 5449 1462 5514 destinatis,
1519 5467 1639 5520 quae
1699 5455 1911 5510 scilicet
1955 5472 2022 5510 ex

434 5533 530 5587 illo
565 5540 727 5587 terra:
783 5531 1045 5590 Romanae
1080 5539 1684 5608 contigerunt),revera
1731 5556 1910 5598 autem
1958 5546 2026 5600 ab

436 5625 531 5679 illo
572 5627 691 5696 ipso
737 5628 1020 5682 traditam.
1068 5629 1280 5685 Etenim
1312 5635 1476 5702 paulo
1510 5645 1638 5690 ante
1682 5635 1852 5691 misso
1899 5638 2018 5694 cive

436 5715 686 5772 Romano
711 5761 725 5786 ,
762 5737 923 5791 quem
949 5724 1178 5792 pulcher
1233 5723 1365 5780 Ister
1396 5727 1652 5781 emitteus
1675 5730 1831 5798 quasi
1863 5731 2017 5786 triste

436 5808 712 5866 emuvium
763 5826 956 5870 contra
1020 5814 1577 5888 Constantinopolim,
1614 5835 1711 5889 pro
1768 5821 2019 5876 bistem-

442 5903 680 5973 poribus
734 5916 791 5962 ut
850 5909 1000 5966 illius
1043 5920 1192 5968 esset
1245 5927 1412 5982 gener
1435 5921 1772 5981 servaverat,
1811 5914 2018 5972 incolas

2121 4914 2362 4982 γίνονται
2387 4917 2587 4983 πάντες
2632 4922 2730 4992 τῆς
2771 4924 3046 4998 Ἰλλυριῶν
3103 4933 3479 5004 ἠπειρώτιδας,
3511 4939 3543 5010 ή
3570 4957 3696 5010 τερ-

2127 5009 2439 5079 ματίζειτά
2483 5011 2772 5085 Ῥωμαίων
2821 5021 2900 5083 είς
2947 5025 3038 5079 τὸν
3085 5027 3301 5098 Ἀδρίαν
3341 5009 3569 5086 κόλπον’
3605 5009 3699 5088 καὶ

2125 5099 2480 5194 περισχόντες
2511 5103 2611 5194 τὴν
2649 5105 2758 5160 τῶν
2781 5108 2961 5164 ἐκεῖσε
2995 5117 3354 5187 μητρόπολιν,
3394 5121 3454 5174 τὸ
3481 5124 3696 5194 Δυρῤά-

2126 5206 2266 5258 χιον,
2306 5193 2541 5261 ἁπονητὶ
2575 5195 3016 5270 ἀποχειροῦνται,
3058 5210 3153 5261 καὶ
3193 5209 3269 5273 ὡς
3303 5211 3480 5265 είπεῖν
3531 5193 3698 5268 advo-

2128 5279 2439 5376 ‘60si’3taté
2471 5283 2572 5353 μὲν
2604 5287 2696 5338 τὸν
2739 5290 3082 5362 Ἀνδρόνικον
3105 5301 3270 5368 φάναι
3297 5305 3699 5376 προδεδομένην

2121 5371 2215 5467 ὑπ’
2257 5373 2432 5467 ἄλλων
2461 5377 2540 5439 είς
2569 5378 2629 5429 τὸ
2659 5382 2769 5434 πᾶν
2795 5383 2962 5452 (οὕτω
3005 5392 3113 5459 γὰρ
3142 5371 3351 5458 ἐκεῖνος
3389 5371 3692 5467 ἐθεράπευε

2123 5465 2188 5517 τά
2213 5463 2333 5517 κατ’
2363 5466 2546 5533 αὑτὸν,
2572 5469 2671 5541 οὐχ
2719 5471 2922 5545 ἑαυτῷ,
2954 5477 3072 5530 ἀλλ’
3094 5482 3309 5552 ἑτέροις
3339 5463 3692 5555 ἐπιγράφων,

2124 5556 2160 5648 ό.
2192 5555 2473 5648 ὲδυστύχει
2500 5559 2568 5612 δι’
2598 5563 2760 5616 αὐτὸν
2791 5568 2820 5634 ἡ
2858 5566 3096 5637 Ῥωμαῖς
3137 5575 3254 5642 γῆ),
3290 5576 3423 5647 πρὶς
3454 5579 3510 5630 δὲ
3557 5579 3693 5648 ἀλή-

2123 5645 2275 5701 θειαν
2311 5647 2401 5700 ὑπ’
2440 5650 2605 5703 αὐτοῦ
2640 5653 2852 5708 ἐκείνου
2890 5660 3166 5728 πρόδοτον.
3203 5665 3312 5717 Καὶ
3335 5645 3448 5737 γάρ
3474 5685 3554 5720 τοι
3585 5645 3694 5740 πρὸ

2126 5736 2373 5807 βραχέων
2408 5741 2601 5809 χρόνου
2645 5741 2921 5812 Ῥωμανόν
2953 5767 3072 5801 τινα
3107 5752 3344 5816 στείλας,
3375 5736 3434 5805 ὃν
3467 5756 3493 5806 ὁ
3530 5736 3693 5822 καλδς

2129 5829 2342 5898 Ἴστρος
2398 5830 2612 5901 φαύλην
2672 5835 2976 5906 ἀπόρροιαν
3014 5842 3537 5912 ὲναπερευξάμενος,
3614 5850 3693 5910 είς

2125 5921 2697 5979 Κωνσταντινούπολιν
2731 5928 2980 5998 γαμϐρὸν
3030 5931 3223 6004 ἐκείνῳ
3285 5935 3594 6005 ἐφυλάξατο
3632 5938 3693 5992 ἐν

2896 4551 3050 4622 ἥλιον
3100 4556 3556 4630 ἐπιστρέφεσθαι,
3593 4564 3693 4619 καὶ
3787 4553 3790 4558 λ
