3968 6560
238 405 301 472 (τι
536 398 539 399 ’
1023 403 1124 468 DE
1157 404 1732 465 TusssALoNtcA
1765 362 1975 461 nunc
2012 400 2056 457 A
2097 397 2407 458 LATINIS
2446 376 2748 460 carra.‘

3454 395 3533 459 62

236 521 354 582 τοῖς
406 517 527 573 τότε
546 518 785 590 καιροῖς,
817 517 945 583 τοὺς
983 517 1044 572 ὲν
1078 516 1156 588 τῷ
1185 516 1481 588 Δυρραχίῳ
1527 514 1829 577 ἀνθοῦντας

1946 512 2220 583 Dyrrachii
2271 512 2529 568 florentes
2571 511 2887 567 divitiarum
2944 521 3132 565 amore
3182 523 3529 566 marcescere

237 609 485 681 ἐμάρανε
532 610 768 664 πλούτου
834 610 1022 682 ἔρωτι,
1084 612 1269 673 ὁποῖος
1313 611 1522 673 ἐκεῖνος
1573 608 1824 661 πλούτων

237 701 503 769 ἄντικρύς
528 701 598 755 τά
625 701 853 754 τοιαῦτα
894 701 971 772 μὴ
1032 699 1454 771 κορεννύμενος.
1508 697 1825 754 Κάντεῦθεν

238 796 270 862 ἡ
305 794 463 855 πόλις
488 796 853 858 κακυνθεῖσα,
892 796 983 847 καὶ
1033 795 1108 865 μὴ
1167 796 1339 847 πάνυ
1370 795 1630 861 γενναίως
1676 793 1827 845 ἀντι-

240 886 445 955 σχοῦσα
470 886 634 948 ἑάλω,
669 888 765 939 καὶ
802 885 1063 957 μαλακῶς
1112 884 1315 938 ἔπαθεν
1363 886 1715 955 ἑμπρησμοῖς
1764 900 1825 937 τε

241 976 335 1028 καὶ
361 976 573 1037 λοιποῖς
605 979 819 1043 κακοῖς,
861 976 1038 1030 ὁπόσα
1077 976 1224 1045 φιλεῖ
1272 976 1622 1045 ἀνδρίζεσθαι
1670 976 1830 1031 πόλε-

244 1082 368 1136 μσς,
397 1068 461 1119 οὐ
503 1069 863 1136 στησόμενος,
906 1069 1040 1121 ἀλλὰ
1098 1068 1534 1140 προόησόμενος,
1596 1070 1689 1123 καὶ
1739 1072 1830 1125 ὲκ-

241 1159 463 1226 στήσων
512 1159 683 1229 φόεφ⁸
724 1160 853 1223 τοὺς
894 1159 1116 1229 ἑφεξῆς.
1162 1158 1322 1213 Οὕτω
1383 1160 1439 1213 δὲ
1485 1160 1758 1214 ἑαλωκυῖα
1792 1163 1828 1231 ἡ

239 1251 471 1320 τοιαύτη
505 1253 683 1317 πόλις,
716 1253 949 1323 έθρόησε
983 1254 1081 1321 μὲν
1106 1254 1186 1317 είς
1221 1253 1358 1305 πολὺ
1388 1255 1482 1306 καὶ
1515 1255 1677 1325 ἡμᾶς,
1736 1258 1830 1308 καὶ

240 1341 360 1395 ἔσοι
398 1343 458 1395 δὲ
487 1344 638 1397 ἄλλοι
669 1346 731 1396 τὸ
756 1344 1171 1416 εὐεπιχείρητον
1214 1346 1307 1399 τοῦ
1356 1348 1474 1398 ἐκεῖ
1505 1348 1829 1418 δυσπραγήο

248 1452 418 1503 ματος
442 1434 648 1504 ἔμαθον
676 1454 689 1466 -
718 1434 815 1500 οὒς
854 1436 1049 1489 ἐλύπει
1084 1438 1179 1490 καὶ
1222 1438 1255 1506 ἡ
1279 1436 1375 1489 τοῦ
1411 1439 1619 1504 ἀγαθοῦ
1662 1456 1831 1508 στρα-

244 1526 419 1595 τηγοῦ
458 1527 709 1579 Ἰωάννου
738 1527 835 1581 τοῦ
864 1528 1048 1598 Βρανᾶ
1080 1528 1545 1598 κατάσχεσις.“ος
1574 1530 1636 1582 οὑ
1666 1531 1831 1583 πολὺν

245 1618 641 1689 περικείμενος
665 1621 922 1691 στρατὸν,
950 1622 1045 1673 καὶ
1101 1622 1250 1689 ὅμως
1307 1622 1385 1685 είς
1434 1622 1683 1692 φυλακὴν
1736 1622 1830 1676 τοῦ

243 1713 514 1780 φρουρίου
569 1713 968 1782 παραδυσθεὶς,
1035 1713 1187 1784 φόϐῳ
1225 1713 1321 1766 τοῦ
1383 1715 1649 1783 βασιλέως
1709 1715 1831 1770 Ἀν-

241 1804 525 1873 δρονίκου,
585 1804 662 1875 μὴ
725 1812 820 1861 καὶ
873 1807 1146 1877 προδότης
1206 1808 1546 1877 ἐπικληθεὶς,
1595 1809 1688 1861 καὶ
1749 1810 1831 1873 είς

1932 605 2083 666 fecit.
2105 604 2365 659 sicutille
2390 604 2659 673 praedives
2682 617 2780 658 nec
2805 600 3070 657 satiatus!
3128 600 3333 656 Deinde
3364 601 3535 671 igitur,

1929 697 2124 754 civitas
2159 708 2419 767 corrupta
2468 697 2705 752 molliter
2729 697 2929 752 restitit
2966 697 3216 753 hostibus
3235 704 3291 748 et
3324 696 3403 753 sic
3432 675 3535 751 ca-I

1930 800 2023 862 pta
2074 792 2273 846 misere
2295 804 2457 860 passa
2479 798 2563 845 est
2595 789 2846 845 incendia
2887 800 3193 861 caeteraque
3239 791 3380 843 mala
3410 805 3529 858 qtue

1930 886 2134 941 bellum
2182 886 2533 948 comitantur,
2558 898 2667 938 non
2702 885 3155 949 constituturum,
3187 884 3281 938 sed
3310 899 3529 950 proces-

1934 991 2123 1033 surum
2156 984 2478 1044 terroreque
2517 973 2755 1028 audaces
2791 980 3214 1043 prostraturum.
3247 969 3416 1041 Capta
3447 972 3529 1025 sic

1932 1072 2039 1127 ista
2078 1071 2295 1133 civitas,
2331 1083 2432 1123 nos
2475 1081 2695 1137 quoque
2742 1067 2886 1119 fama
2952 1064 3037 1121 sui
3092 1064 3361 1134 replevit,
3414 1078 3531 1115 om-

1932 1179 2141 1232 nesque
2185 1163 2279 1217 alii
2342 1160 2436 1230 qui
2476 1160 2679 1213 exitum
2746 1159 2959 1214 felicem
3020 1158 3349 1214 calamitatis
3412 1158 3530 1222 ejus

1931 1256 2264 1319 didicerunt,
2322 1253 2615 1307 doluerunt
2673 1252 2739 1307 de
2807 1251 3041 1321 insignis
3088 1251 3245 1305 ducis
3296 1250 3530 1305 Joannis

1932 1346 2126 1403 Brants
2154 1345 2489 1416 captivitate.
2524 1342 2621 1399 llic
2664 1358 2772 1398 non
2804 1345 2976 1399 multo
3009 1346 3256 1399 exercitu
3289 1344 3535 1398 circum-

1932 1442 2093 1498 datus
2125 1455 2191 1495 ac
2226 1448 2408 1493 tamen
2451 1451 2631 1491 arcem
2665 1437 2802 1491 tueri
2830 1436 3042 1507 jussus,
3076 1438 3269 1491 timore
3295 1436 3533 1504 impera-

1935 1533 2074 1587 toris
2118 1529 2444 1592 Andronici,
2474 1544 2542 1584 ne
2588 1528 2841 1600 proditor
2890 1536 3177 1584 vocaretur
3225 1536 3277 1582 et
3326 1526 3419 1582 ubi
3476 1526 3530 1579 iu

1936 1643 2131 1682 manus
2200 1626 2343 1680 illius
2398 1623 2705 1687 incidisset,
2768 1638 2797 1678 e
2846 1624 2960 1677 vita
3016 1622 3342 1686 tolleretur,
3409 1630 3535 1689 post

1936 1726 2299 1791 expugnatam
2349 1715 2625 1773 civitatem
2658 1715 2713 1771 in
2766 1715 3010 1772 Siciliam
3046 1715 3297 1786 captivus
3335 1713 3533 1769 ductus

1939 1821 2043 1867 est.

238 1903 434 1971 χεῖρας
507 1901 708 1972 ἐκείνῳ
782 1901 991 1970 πεσὼν,
1062 1903 1338 1976 ἀπαχοείη
1408 1904 1504 1957 τοῦ
1570 1906 1693 1976 ζῇν,
1744 1907 2002 1980 παρήχθη
2069 1910 2136 1981 τῇ
2216 1910 2317 1981 τῆς
2366 1911 2577 1978 πόλεως
2630 1909 2831 1967 άλώσει
2891 1908 2972 1973 είς
3028 1906 3280 1963 Σικελίαν
3332 1904 3535 1976 αίχμά-

238 1996 436 2059 λωτος.

304 2111 406 2167 νδ.
438 2112 551 2166 Καὶ
575 2111 827 2182 ἐξεφόϐει
860 2114 958 2185 μὲν
985 2113 1128 2169 οὕτω
1166 2117 1291 2177 τοὺς
1321 2114 1481 2189 πέριξ
1532 2118 1694 2191 μέχρι
1736 2118 1832 2173 καὶ

1952 2088 1955 2089 ν
2016 2116 2112 2173 54.
2154 2116 2246 2174 Sic
2308 2119 2473 2175 vicini
2524 2118 2711 2191 populi
2756 2134 2934 2190 usque
2963 2115 3031 2172 ad
3078 2114 3533 2171 Thessalonicam

238 2205 293 2265 ἐς
328 2204 744 2277 Θεσσαλονίκην
771 2207 831 2260 τὸ
856 2206 1000 2261 οὓτω
1037 2210 1175 2279 ταχὺ
1234 2212 1335 2281 τῆς
1384 2210 1638 2277 ἁλώσεως
1682 2215 1828 2268 ὲκεί-

241 2314 362 2365 νης,
406 2298 505 2349 καὶ
526 2298 633 2363 ὅτι,
672 2298 817 2354 καθά
865 2317 947 2363 τις
1010 2300 1078 2355 ἂν
1108 2303 1277 2368 είποι,
1304 2304 1367 2358 τὸ
1404 2308 1566 2377 τάχος
1596 2307 1690 2361 τοῦ
1736 2326 1834 2362 κα-

240 2394 335 2445 κοῦ
360 2393 811 2464 ἐνδεικνύμενος,
846 2394 1061 2467 θατέρῳ
1086 2397 1188 2467 μὲν
1222 2400 1333 2451 τοῖν
1362 2398 1543 2453 ποδοῖν
1601 2400 1833 2465 ἕκαστος

240 2486 345 2538 τὶν
373 2486 660 2556 πολεμίων
686 2485 860 2557 ἐπέϐη
882 2488 980 2557 τῆς
1030 2488 1305 2559 Ἰλλυριῶν
1357 2490 1481 2559 γῆς,
1517 2490 1729 2561 θατέρῳ
1775 2491 1832 2544 δὲ

239 2579 658 2649 κατενεπήδησε
694 2579 789 2651 τῆς
816 2581 1169 2651 ἐχυρωτάτης
1207 2582 1422 2653 ἐκείνης
1455 2582 1684 2645 πόλεως.
1711 2582 1833 2637 Ὀτι

237 2669 290 2722 δὲ
312 2674 414 2724 καὶ
435 2672 735 2724 τὰἐκεῖθεν
783 2670 887 2736 ἕως
910 2674 1004 2726 καὶ
1039 2676 1095 2735 ὲς
1125 2672 1225 2743 τὴν
1275 2674 1396 2727 καθ’
1456 2676 1603 2744 ἡμᾶς
1648 2675 1838 2729 Μακε-

240 2761 465 2831 δονικὴν
490 2762 647 2817 οὐδὲν
671 2766 856 2828 αὐτοῖς
883 2765 1005 2818 ὁδοῦ
1026 2767 1299 2837 προσέστη
1320 2767 1527 2821 σκῶλον
1551 2769 1630 2831 είς
1660 2750 1837 2839 ὲμπόέ

241 2854 376 2921 διον,
402 2855 544 2908 ἀλλά
564 2855 723 2909 τοῦτο
739 2855 837 2920 τὰς
864 2858 1119 2912 ἁπάντων
1146 2858 1325 2930 ψυχὰς
1344 2860 1593 2928 ἑτοίμους
1614 2860 1832 2932 ἔστησε,

242 2948 351 2999 τῶν
390 2946 521 3000 κατ’
549 2949 721 3012 αὑτὰς
751 2949 1200 3005 ἀπαλλάττεσθαι
1255 2954 1549 3022 σωμάτων.
1582 2949 1663 3018 οἷς
1713 2958 1837 3010 ὲτα-

246 3040 562 3113 ράχθησαν.
602 3042 718 3096 Οὐκ
755 3041 999 3114 ἔστιγὰρ
1048 3046 1184 3099 ὃπου
1231 3048 1521 3117 συνήντετο
1563 3065 1615 3101 τι
1675 3048 1839 3118 δεῖμα

245 3136 511 3199 ὲκείνοις,
546 3133 611 3188 οὐ
645 3134 811 3205 μέγα,
842 3135 903 3189 οὐ
937 3139 1156 3207 μικρὸν,
1184 3139 1245 3191 ού
1271 3141 1435 3208 μέσον
1456 3156 1470 3171 ο
1513 3140 1629 3193 ἀλλ’
1652 3140 1726 3203 ὡς
1750 3140 1839 3195 διὰ

245 3224 415 3278 λείων
441 3227 643 3280 πεδίων
672 3229 919 3297 ποταμὸς
951 3228 1191 3300 πλήθων,
1223 3232 1433 3292 ἐκεῖνος
1459 3232 1487 3284 ὁ
1520 3232 1683 3296 πεζὸς
1709 3250 1839 3286 κατ·

248 3320 413 3391 έρρεε
457 3321 712 3389 στρατὸς,
745 3320 850 3385 ἕως
883 3321 1011 3391 ἡμῖν
1054 3322 1342 3391 συνέμιξεν
1371 3322 1653 3387 ἄσκυλτος.
1701 3326 1757 3377 Ὀ
1783 3325 1839 3378 δέ

245 3428 307 3483 γε
339 3414 610 3477 ναυτικὸς
642 3413 738 3484 τὴν
772 3414 982 3468 οἰκείαν
995 3416 1361 3487 τραπόμενος,
1392 3416 1551 3469 ἔπλεε
1584 3418 1835 3469 συνελευ-

249 3504 486 3573 σόμεδος
518 3505 578 3557 ἰν
630 3504 809 3575 καιρῷ
846 3506 1121 3575 μερίταις,
1152 3506 1249 3559 καὶ
1315 3507 1654 3584 κορνφιώσων
1706 3508 1839 3577 ἡμῖν

245 3599 328 3658 εἰς
362 3598 516 3668 μέγα
539 3598 602 3650 τὸ
626 3598 819 3653 κακόν.
849 3598 963 3653 Καὶ
996 3598 1265 3670 ὑστέρησε
1299 3600 1394 3653 τοῦ
1428 3599 1591 3664 πεζοῦ
1625 3600 1842 3671 ⁴ἡμέρας

244 3690 430 3753 τινὰς,
482 3692 564 3754 εἰς
612 3690 859 3757 ἔνδειξιν,
900 3689 1078 3763 οἶμαι,
1114 3694 1237 3747 τινὰ
1264 3695 1363 3764 τῆς
1423 3711 1481 3746 τε
1539 3694 1659 3746 καθ’
1694 3696 1844 3766 ἡμᾶς

244 3783 558 3847 οὐθενείας,
604 3784 703 3853 τῆς
726 3800 787 3836 τε
815 3785 938 3838 κατ’
972 3785 1169 3847 αὐτοὺς
1205 3784 1386 3853 ἰσχύος
1412 3801 1426 3816 ο
1468 3784 1674 3853 ταύτης
1720 3786 1843 3854 μὲν,

247 3876 348 3942 ὡς,
389 3877 556 3947 εἴπερ
575 3875 714 3947 ὁμοῦ
751 3877 987 3946 ἐπῆλθον
1015 3880 1173 3947 ἡμῖν,
1197 3878 1298 3929 οὐκ
1315 3877 1381 3931 ἂν
1409 3877 1530 3930 οὐδὲ
1564 3876 1690 3944 γοῦν
1714 3877 1846 3946 μίαν

250 3968 477 4039 ἡμέραν
518 3968 889 4039 ἅντέσχομενο
929 3969 1145 4040 ἐκείνης
1180 3967 1260 4033 δὲ,
1290 3968 1374 4021 ὅτι
1425 3970 1520 4021 καὶ
1571 3969 1735 4039 μόνον
1786 3967 1847 4021 τὸ

253 4058 428 4122 πεζὸν
456 4056 553 4111 τοῦ
578 4061 813 4127 στρατοῦ
870 4059 1313 4130 περικαθήμενον
1369 4058 1607 4128 ἔχοντες,
1673 4057 1849 4122 οὕτως

252 4148 571 4218 ἁρετῶντες
598 4145 742 4220 ἦμεν
780 4149 859 4221 τῷ
886 4150 1077 4221 φαύλῳ
1111 4150 1424 4221 στρατηγῷ,
1456 4149 1533 4213 ὡς
1576 4149 1850 4220 μηδεμίαν

253 4242 543 4312 ὶκδρομήν
573 4259 696 4295 τινα
750 4241 871 4296 κατ’
900 4243 1063 4295 αὑτὸν
1116 4243 1369 4311 γενέσθαι
1425 4242 1847 4313 στρατιωτικὴν,

256 4334 401 4388 ἀλλὰ
461 4334 833 4403 φυλάττεσθαι
889 4334 967 4405 τῷ
1015 4336 1145 4405 ρηγὶ
1195 4336 1324 4398 τοὺς
1369 4334 1578 4387 ἐκείνου
1630 4334 1712 4397 είς
1760 4333 1853 4389 d5-

252 4442 488 4497 νυι·μιον
550 4428 983 4498 ἁπρονόμευτον,
1037 4426 1134 4481 καὶ
1184 4420 1297 4480 οἷον
1333 4425 1411 4498 μὴ
1460 4425 1656 4479 παθεῖν
1694 4425 1853 4479 κολό.

253 4519 456 4576 θωσιν.

333 4610 435 4667 νε’.
472 4612 583 4667 Καὶ
606 4614 636 4666 ό
661 4612 761 4682 μὲν
790 4612 957 4678 πεζὸς
992 4613 1122 4678 λαὸς
1150 4612 1511 4686 περιεκάθισε
1542 4612 1667 4668 καθ’
1700 4613 1852 4685 ὥραν

260 4706 493 4777 ἀρίστου
518 4705 619 4775 τὴν
647 4705 767 4759 καθ’
790 4707 939 4776 ἡμᾶς
963 4707 1136 4775 πόλιν,
1160 4708 1473 4775 Αὐγούστου
1500 4707 1671 4778 μηνὸς
1698 4708 1858 4777 ἄγον-

1932 2212 2387 2281 perterrebantur
2429 2221 2485 2268 et
2515 2222 2624 2268 tam
2655 2211 2814 2268 celeri
2844 2212 3251 2281 expugnatione
3289 2205 3536 2262 civitatis

1932 2313 1986 2359 et
2014 2305 2182 2375 quod,
2221 2313 2279 2359 ut
2312 2305 2509 2360 dixerit
2541 2305 2774 2387 aliquis,
2793 2303 3046 2359 celeritas
3090 2300 3268 2355 nuntii
3320 2299 3531 2385 traditi,

1936 2414 2047 2453 uno
2076 2400 2308 2469 quisque
2340 2400 2581 2455 hostium
2609 2398 2743 2468 pede
2778 2408 2978 2452 terram
3004 2396 3343 2466 Illyricorum
3382 2394 3536 2467 inva-

1936 2493 2032 2557 sit,
2062 2492 2234 2547 altero
2270 2492 2324 2545 in
2360 2493 2520 2546 istam
2564 2489 2990 2545 munitissimam
3039 2488 3314 2542 civitatem
3342 2485 3532 2539 irruit.

1936 2583 2091 2652 Quod
2141 2598 2272 2640 vero
2320 2583 2391 2641 ab
2432 2584 2525 2638 illo
2556 2590 2803 2651 tempore
2840 2594 3016 2650 usque
3055 2578 3121 2633 ad
3156 2577 3526 2633 Macedoniam

1944 2691 2194 2731 nosnam
2238 2676 2452 2731 nullum
2511 2674 2744 2745 pedibus
2786 2674 3011 2728 illorum
3064 2671 3523 2751 impedimentum

1942 2771 1998 2823 in
2034 2768 2121 2823 via
2156 2767 2344 2834 fuerit,
2378 2766 2473 2823 sed
2507 2768 2641 2822 illud
2680 2768 2895 2821 animas
2925 2772 3263 2819 cunctorum
3302 2770 3529 2833 paratas

1940 2860 2153 2925 fecerit,
2190 2861 2256 2915 ad
2302 2861 2664 2917 deserendum
2718 2874 2923 2929 corpus
2958 2858 3100 2929 quod
3152 2858 3301 2929 ipsas
3352 2856 3537 2910 turba-

1941 2962 2116 3009 verat.
2148 2951 2266 3006 Non
2314 2952 2460 3007 enim
2489 2962 2573 3007 est
2620 2968 2717 3006 cur
2762 2952 2928 3005 timor
2957 2949 3063 3005 illis
3096 2958 3411 3003 occurreret
3443 2957 3541 3001 aut

1942 3060 2195 3117 magnus,
2218 3054 2311 3100 aut
2349 3061 2547 3116 parvus
2572 3087 2585 3109 ,
2619 3055 2710 3099 aut
2742 3044 3055 3099 mediocris.
3098 3042 3203 3097 Sed
3251 3050 3309 3098 ut
3337 3040 3539 3096 ﬂuvius

1942 3154 2166 3207 campos
2196 3138 2388 3208 planos
2422 3151 2742 3209 peragrans,
2775 3138 2848 3192 ita
2878 3137 3152 3191 exercitus
3180 3134 3272 3190 ille
3305 3134 3538 3189 delabe-

1942 3232 2104 3288 batur
2153 3231 2333 3286 donec
2381 3230 2541 3285 nobis
2601 3230 2923 3285 misceretur
2968 3229 3282 3285 incolumis.
3328 3227 3539 3284 Classis

1944 3338 2094 3388 vero,
2152 3338 2250 3393 pro
2302 3337 2400 3377 sua
2440 3329 2614 3391 parte,
2655 3322 3019 3390 adnavigabat
3074 3330 3135 3376 ut
3187 3320 3540 3391 participaret

1867 3448 1911 3506 ο
1944 3428 2256 3486 opportuno
2298 3423 2546 3484 tempore
2576 3429 2641 3469 ac
2676 3425 3086 3471 consummaret
3132 3423 3380 3469 nostram
3413 3429 3535 3468 ma-

1944 3520 2106 3577 gnam
2140 3508 2376 3561 ruinam.
2410 3503 2751 3560 Terrestrem
2781 3507 3081 3561 exercitum
3112 3504 3289 3560 tribus
3340 3504 3536 3558 diebus

1946 3606 2136 3653 secuta
2165 3606 2252 3652 est
2276 3600 2343 3651 ad
2378 3596 2793 3659 ostendendum,
2824 3597 3099 3655 existimo.
3130 3596 3288 3651 nobis
3326 3592 3534 3663 aliquid

1944 3691 2239 3746 debilitatis
2293 3706 2428 3757 suae,
2468 3702 2630 3760 atque
2680 3690 2887 3761 aliquid
2948 3688 3286 3744 fortitudinis
3337 3697 3539 3743 nostrae

1945 3784 2212 3839 adversus
2242 3800 2370 3850 eos;
2408 3785 2570 3854 hujus
2618 3783 2861 3853 quidem,
2889 3797 3038 3847 cum,
3070 3782 3293 3853 quando
3338 3780 3405 3835 ad
3438 3796 3537 3834 nos

1947 3883 2237 3939 venerunt,
2272 3890 2340 3929 ne
2402 3890 2511 3929 una
2561 3875 2779 3944 quidem
2818 3866 2913 3929 'die
2953 3874 3357 3939 restiterimus;
3392 3873 3539 3927 illius

1947 3979 2103 4029 vero,
2142 3981 2267 4020 cum
2314 3982 2479 4021 unum
2524 3974 2733 4019 tantum
2790 3966 3056 4021 habentes
3104 3966 3406 4021 exercitum
3436 3979 3539 4034 pe-

1950 4056 2213 4121 destrem,
2256 4059 2331 4111 ita
2393 4056 2815 4112 formidarentur
2874 4058 2978 4113 sub
3039 4057 3234 4129 ignavo
3283 4057 3539 4121 duce,.ut

1950 4149 2196 4205 ulteriori
2231 4150 2559 4205 excursione
2590 4166 2696 4204 non
2733 4165 2870 4218 opus
2894 4149 3082 4217 fuerit,
3112 4149 3208 4205 sed
3240 4158 3299 4204 ut
3328 4157 3539 4205 tantum

1951 4242 2366 4297 custodirentur
2402 4244 2517 4312 regi
2578 4254 2666 4296 res
2702 4242 2852 4297 illius
2885 4242 2940 4297 in
2984 4243 3248 4314 integram
3274 4240 3541 4314 praedam,

1951 4349 2055 4389 nec
2085 4331 2405 4389 suﬂerretur
2428 4334 2537 4388 ulla
2555 4334 2778 4389 ablatio.

2028 4608 2118 4666 55.
2170 4609 2409 4679 Populus
2469 4616 2651 4664 autem
2715 4610 2989 4680 pedestris
3056 4609 3347 4666 obsidebat
3405 4611 3542 4666 hora

1958 4702 2176 4783 prandii
2241 4702 2432 4757 urbem
2502 4714 2766 4764 nostram,
2827 4703 3031 4759 mensis
3099 4703 3329 4774 Augusti
3388 4716 3544 4759 sexto

262 4816 354 4860 τος
388 4797 559 4865 ἕκτην
589 4797 826 4866 ἡμέραν,
865 4797 985 4849 καθ’
1016 4799 1083 4866 ἢν
1116 4800 1150 4867 ἡ
1206 4798 1415 4862 ἔνδοξος
1451 4798 1710 4868 κοίμησις
1751 4797 1841 4867 τῆς

1961 4795 2072 4860 die,
2106 4811 2218 4864 quo
2238 4796 2498 4851 dormitio
2522 4798 2834 4866 purissimae
2865 4796 2957 4851 Dei
2982 4796 3173 4853 Matris
3210 4798 3542 4853 celebratur.

264 4886 555 4954 πανάγνου
586 4886 930 4959 Θεομήτορος
974 4890 1397 4960 μνημονεύεται.
1440 4891 1552 4943 Καὶ
1607 4890 1729 4943 τότε
1788 4890 1854 4959 δὴ

259 4980 451 5034 οὐκέτι
474 4984 689 5049 φευκτὰ
719 4976 787 5051 ἦν
814 4982 947 5051 ἡμῖν
972 4997 987 5012 ·
1017 4982 1134 5036 ἀλλ’
1153 4983 1856 5054 οίᾶγχινούστεροιπροεωο

266 5073 472 5142 primo,
502 5067 593 5125 οἵα
622 5073 926 5138 πείσονται,
987 5075 1121 5128 ὅπου
1159 5092 1225 5144 γε
1284 5075 1483 5127 οὔκουν
1535 5076 1705 5143 ὀλίγοι
1762 5075 1857 5130 καὶ

270 5166 380 5232 πρὸ
409 5164 624 5218 τούτων
657 5164 945 5236 συνεώρων
974 5166 1032 5219 τὸ
1066 5167 1283 5236 μέλλον,
1342 5167 1676 5238 πολλαχόθεν
1725 5167 1857 5221 αὐτὸ

263 5256 729 5325 τεκμαιρόμενοι.
797 5257 992 5326 Ἡμεῖς
1061 5258 1193 5325 γοῦν
1242 5257 1552 5326 φθάσαντες
1604 5257 1703 5329 τὴν
1748 5260 1857 5313 τῶν

273 5346 557 5414 πολεμίων
580 5346 795 5414 ἔφοδον,
826 5346 954 5410 τοὺς
1010 5348 1125 5401 ὅσοι
1161 5348 1281 5418 μεθ’
1344 5348 1502 5419 ἡμῶν
1558 5350 1657 5419 τῆς
1697 5352 1856 5403 Κων-

272 5440 777 5501 σταντινουπόλεως
797 5437 940 5511 ἦσαν
965 5442 1154 5505 τέκνα,
1192 5442 1580 5511 ἑξεστείλαμεν
1598 5444 1678 5507 είς
1731 5444 1857 5505 τοὺς

269 5533 508 5597 ἑαυτῶν,
527 5534 590 5585 ού
622 5534 788 5603 μόνον
815 5534 1116 5605 ὁδοιπόριον
1144 5535 1681 5606 ἱνδαψιλευσάμενοι,
1720 5536 1879 5591 ἀλλά-

266 5642 319 5678 τι
347 5627 446 5679 καὶ
478 5625 591 5678 τῶν
616 5627 673 5689 ἐς
706 5627 866 5696 χάριν
918 5626 1226 5697 βαθυτέρας
1278 5630 1528 5697 γνώμης,
1577 5629 1655 5691 ὡς
1704 5628 1859 5680 αὐτοὶ

270 5718 488 5787 θανάτῳ
520 5718 908 5787 ἀπολούμενοι.
939 5720 1051 5772 Καὶ
1103 5720 1213 5773 τῶν
1260 5722 1320 5773 ὲν
1371 5721 1740 5790 Θεσσαλονίκῃ
1799 5720 1857 5773 δέ

269 5827 444 5874 τινας,
478 5804 560 5872 οἷς
587 5810 741 5864 οίῖδὲν
775 5805 842 5879 ἦν
874 5809 1059 5880 ἔργου,
1096 5810 1210 5863 ἀλλ’
1238 5811 1271 5879 ἢ
1309 5811 1469 5881 μόνον
1500 5812 1663 5879 φόϐος
1732 5811 1855 5881 βου·

277 5898 377 5970 λην
405 5902 768 5972 αίτήσαυτας,
803 5902 903 5954 οὐκ
956 5901 1337 5973 ὲκρυψάμεθα,
1384 5902 1411 5955 ὃ
1456 5902 1661 5972 δειλιᾷν
1721 5904 1856 5972 ἡμῖν

1956 4887 2105 4943 Nihil
2140 4900 2270 4944 tunc
2304 4899 2423 4944 erat
2458 4891 2619 4946 nobis
2660 4890 3007 4962 fugiendum;
3038 4890 3133 4946 sed
3160 4891 3545 4961 prudentiores

1957 4982 2328 5052 praevidebant
2374 4998 2495 5053 qua:
2540 4986 2755 5053 passuri
2809 4995 3019 5051 essent,
3060 4986 3149 5039 uhi
3186 4985 3342 5057 pauci
3378 4984 3542 5040 etiam

1961 5075 2328 5146 praeviderunt
2370 5076 2515 5145 quod
2562 5085 2682 5131 erat
2727 5078 2990 5144 fu'urum,
3040 5078 3172 5132 illud
3234 5077 3546 5146 uliicuntue

1958 5166 2338 5220 testiﬁcantes.
2372 5164 2480 5221 Nos
2508 5167 2674 5233 igitur
2719 5168 3012 5223 adventum
3065 5170 3301 5223 hostium
3342 5184 3549 5238 praeve-

1960 5259 2198 5323 nientes,
2262 5268 2529 5328 quotquot
2572 5270 2730 5314 erant
2786 5261 3073 5317 nobiscum
3119 5278 3185 5318 ex
3237 5261 3550 5317 Constanti-

1959 5352 2141 5421 nopoli
2198 5352 2514 5407 remisimus
2568 5369 2768 5423 pueros
2832 5355 2899 5409 ad
2942 5371 3094 5421 suos,
3160 5372 3268 5410 non
3331 5364 3543 5409 tantum

1960 5445 2273 5501 necessitati
2322 5447 2535 5500 itineris
2589 5448 2967 5516 providentes,
3004 5450 3099 5504 sed
3154 5450 3313 5502 etiam
3344 5444 3549 5514 aliqud

1960 5536 2155 5591 dantes
2234 5538 2503 5607 gravioris
2570 5553 2768 5594 sensus
2835 5538 3032 5609 gratia,
3093 5539 3251 5608 quasi
3310 5548 3542 5591 mortem

1960 5633 2277 5699 appetituri.
2324 5630 2603 5695 Quosdam
2655 5646 2785 5686 vero
2833 5648 2898 5686 ex
2960 5616 3546 5688 Thessalonicensibus

1961 5722 2162 5790 quibus
2213 5722 2348 5775 nihil
2395 5722 2577 5791 operis
2639 5735 2755 5777 erat
2800 5722 2898 5778 sed
2942 5731 3148 5777 tantum
3188 5723 3370 5788 timor,
3413 5738 3550 5777 con-

1962 5812 2143 5868 silium
2201 5821 2445 5881 petentes
2496 5828 2603 5869 non
2665 5816 2967 5871 celavimus
3032 5815 3175 5883 quod
3242 5816 3545 5871 timendum

1970 5904 2245 5960 acciderat
2296 5902 2726 5977 nobisgcosque
2779 5904 2982 5961 hortati
3017 5919 3209 5964 sumus
3246 5902 3313 5959 ad
3359 5917 3555 5960 caven-
