3906 6564
202 380 268 442 65
1015 374 1113 436 DE
1152 370 1716 433 messuomca
1772 370 1978 430 unus
2013 372 2054 430 A
2091 371 2399 432 LATlNlS
2431 370 2686 433 CAPTA.
3407 371 3478 437 οδ

209 490 1017 562 ἐπιδραμόντεςἐκυκλώσαντο,
1051 489 1266 557 γίνεταί
1285 505 1366 548 τις
1392 487 1507 538 ἐκεῖ
1538 483 1784 552 ἐκδρομὴ

1902 480 2120 548 quidem
2167 481 2346 548 cadit;
2375 481 2576 535 milites
2609 492 2738 533 vero
2777 475 2961 533 Latini
3005 478 3200 549 trepidi
3234 478 3476 550 fugiunt.

203 584 292 636 δύο
319 583 418 651 μὲν
449 581 697 636 Λατίνων
716 581 929 636 ἱππέων
965 583 1027 634 ἐκ
1060 578 1152 632 τοῦ
1181 578 1288 630 τῶν
1328 573 1780 645 Πρεϐεντζούνων

209 678 413 739 ἔθνους,
453 674 570 742 ὃδὴ
611 673 750 728 πολὺ
803 674 897 728 καὶ
923 671 1334 744 τεθαῤῥτιμένον
1391 667 1468 737 τῷ
1520 663 1785 732 Σικελικῷ

215 765 424 834 στρατῴ
452 765 788 834 παρείπετο,
817 763 1080 816 πλειόνων
1114 763 1169 815 δὲ
1217 764 1281 814 ἐκ
1314 761 1422 814 τῶν
1451 758 1744 830 ἡμεδαπῶν
1765 772 1780 789 ’

213 857 350 924 ὑπὲρ
379 856 505 917 τοὺς
541 857 679 909 δέκα
698 856 830 925 γάρ.
867 856 977 908 Καὶ
1001 854 1191 908 πίπτει
1219 855 1318 923 μὲν
1337 853 1532 914 οὐδείς·
1573 847 1785 916 ἐναγώ-

211 964 304 998 νιος
333 946 388 998 δὲ
414 947 465 998 οί
495 948 736 1000 Λατῖνοι
761 947 1148 1016 διεκφεύγουσι
1175 945 1238 998 τὸ
1261 947 1470 998 πεσεῖν.
1494 942 1600 995 Καὶ
1623 941 1786 995 πάλιν

215 1039 458 1106 ἀναφορὰ
487 1040 572 1101 εἰς
626 1039 721 1091 τὸν
770 1038 995 1109 βασιλέα
1049 1037 1232 1108 τρίτη,
1284 1036 1359 1099 ὠς
1404 1038 1470 1106 τῇ
1534 1033 1784 1106 βασιλικῇ

209 1131 336 1198 εὐχῇ
363 1147 422 1180 τε
459 1132 556 1181 καὶ
587 1131 818 1200 εὐτυχία
847 1115 1219 1200 νενικήκαμεν
1279 1130 1374 1183 καὶ
1422 1127 1512 1180 τὸν
1572 1126 1785 1197 πρῶτον

213 1221 468 1288 πόλεμον,
504 1221 612 1272 οὐκ
641 1217 762 1273 οἶδα
785 1221 949 1274 τίνων
993 1220 1417 1291 περιγενόμενοι.
1474 1220 1581 1272 Kal
1626 1218 1786 1290 ἤθελε

217 1311 312 1380 μὲν
342 1313 372 1364 ό
404 1313 722 1382 στρατηγὸς
747 1313 844 1372 τὰς
873 1314 1022 1383 τρεῖς
1047 1314 1252 1374 ταύτας
1279 1311 1444 1364 αὐτοῦ
1496 1310 1652 1374 νίκας
1705 1311 1787 1364 ἐνὶ

211 1401 506 1472 ἐπιστολίῳ
535 1403 881 1472 περιλαϐεῖν,
928 1403 1103 1472 φειδοί
1149 1402 1395 1470 δαπάνης
1441 1401 1536 1454 καὶ
1591 1401 1785 1471 δρομι-

210 1495 314 1547 κῶν
345 1496 562 1550 ἵππων.
610 1495 926 1566 Ἐγκρατὴς
969 1497 1078 1565 γὰρ
1120 1491 1189 1566 ἦν
1250 1497 1451 1566 χειρῶν
1512 1492 1726 1565 ἀληθῶς
1759 1495 1788 1548 ὀ

209 1586 518 1655 ἄνθρωπος.
584 1587 748 1642 Ἀλλὰ
780 1588 1137 1654 προεκαλεῖτο
1186 1586 1278 1639 τὸν
1342 1586 1660 1639 Καλλίνικον
1707 1586 1787 1648 είς

206 1679 264 1730 τὸ
291 1679 610 1746 δαπανῆσαι
631 1679 693 1731 τὸ
719 1678 924 1734 ἐθέλειν
956 1678 1097 1732 κατὰ
1118 1678 1212 1730 τοῦ
1271 1678 1533 1748 βασιλέως
1600 1677 1785 1749 γελᾷν.

209 1769 314 1821 Καὶ
344 1764 488 1838 ἦγεν
526 1768 678 1836 αὑτῷ
729 1769 865 1838 πρὸς
886 1770 1128 1839 ἀνάγκης
1179 1769 1240 1822 τὸ
1299 1771 1552 1839 πρᾶγμα.
1617 1770 1789 1823 Ἐκεῖ-

1895 573 2095 628 lterum
2125 574 2321 628 tertius
2365 571 2614 633 nuntius,
2641 570 2801 641 quasi
2838 571 3094 640 precibus
3122 572 3477 644 imperatoris

1894 678 2194 734 nostraque
2250 664 2391 720 bona
2449 662 2672 717 fortuna
2741 662 3072 719 vieissemus
3132 674 3186 719 et
3242 681 3306 720 ex
3369 668 3474 722 boc

1891 759 2068 825 primo
2099 757 2239 811 bello
2268 756 2595 826 superstites
2626 756 3018 811 evasissemus.
3039 756 3218 811 Voluit
3247 773 3466 829 quoque

1891 853 1999 901 dux
2031 856 2144 903 tres
2169 847 2268 901 bas
2299 848 2476 917 ipsius
2505 847 2764 902 victorias
2792 847 2846 900 in
2878 862 2986 899 uno
3007 847 3214 916 scripto
3247 851 3473 903 εοιιειιιο

1893 945 2039 1001 dere,
2077 955 2135 995 ut
2171 942 2436 1010 impensis
2485 957 2548 996 ex
2602 939 2762 1010 equis
2821 940 3144 995 cursoribus
3197 951 3473 1010 parceret.

1893 1031 2022 1085 Erat
2056 1030 2201 1085 enim
2260 1046 2384 1086 vere
2434 1045 2596 1085 manu
2655 1031 2962 1088 continens.
2998 1029 3094 1085 scd
3145 1030 3472 1084 hortabatur

1891 1122 2211 1178 Callinicum
2289 1131 2346 1176 ut
2399 1122 2494 1177 bas
2558 1121 2837 1189 impensas
2885 1121 3064 1175 facere
3108 1121 3288 1183 vellet,
3325 1122 3470 1192 quod

1893 1214 2030 1267 risui
2079 1213 2178 1267 fuit
2220 1212 2560 1281 imperatori.
2595 1212 2688 1265 Sic
2735 1210 3044 1264 necessario
3087 1211 3210 1264 huic
3245 1213 3475 1264 attraxit

1893 1305 2191 1376 negotium.
2222 1304 2310 1358 ille
2346 1303 2488 1357 enim
2542 1304 2733 1356 oderat
2764 1302 2908 1356 hunc
2958 1301 3103 1356 sicut
3145 1311 3198 1356 et
3246 1313 3480 1357 caeteros

1894 1397 1949 1451 in
1973 1397 2171 1466 quibus
2203 1395 2458 1451 elucebat
2491 1411 2692 1464 genus;
2719 1393 2946 1464 ipseque
2983 1393 3166 1446 odium
3206 1393 3259 1446 in
3291 1395 3472 1462 ipsum

1892 1489 2162 1544 cauvertit
2198 1486 2359 1541 modo
2398 1485 2568 1541 ferme
2618 1485 2810 1539 simili.
2839 1482 3137 1538 Dictitabat
3177 1484 3371 1538 timere
3415 1499 3478 1540 se

1890 1579 2136 1650 quotidie
2187 1594 2252 1631 ne
2299 1579 2426 1647 quis
2489 1577 2553 1630 ad
2601 1577 2780 1646 ipsum
2823 1575 3102 1629 advolaret
3153 1574 3476 1644 Megalopoli

1893 1673 2087 1726 oculos
2119 1679 2398 1724 eruturus.
2447 1667 2808 1736 Nouuttqttam
2850 1666 2988 1721 dixit
3039 1674 3224 1720 natum
3261 1681 3322 1720 se
3355 1682 3482 1720 esse

1895 1777 1924 1816 a
1960 1763 2052 1817 tali
2097 1773 2288 1827 matre,
2337 1762 2500 1816 istum
2549 1759 2814 1813 bonorem
2865 1766 3208 1822 exsecratus,
3241 1759 3285 1811 si
3325 1757 3478 1811 Con-.

207 1861 294 1924 νός
319 1837 381 1914 τε
407 1864 518 1932 γὰρ
558 1862 740 1930 ἐμίσει
774 1837 982 1923 τοῦτον,
1025 1837 1168 1914 καθα
1235 1837 1487 1924 καὶτοὺς
1541 1861 1784 1928 λοιποὺς,

1902 1857 2303 1926 stantinopolim
2383 1853 2760 1910 revertendum
2811 1861 3007 1916 esset;
3073 1850 3352 1904 innuendo
3412 1865 3480 1905 se

207 1955 359 2017 ὅσοις
393 1956 454 2007 τὺ
474 1957 634 2022 γένος
661 1953 874 2023 ἔλαμπε
895 1969 912 1986 ο
945 1954 1040 2006 καὶ
1061 1954 1224 2017 αὐτὸς
1248 1954 1304 2010 δὲ
1331 1955 1663 2026 ἀντέστρεφε
1724 1955 1788 2009 τὸ

1902 1953 1993 2005 Ilia
2028 1951 2185 2003 malle
2212 1947 2296 2003 via
2331 1947 2534 2016 ingredi
2577 1955 2631 2001 et
2661 1946 2840 2000 minus
2867 1945 3069 1998 malum
3104 1944 3294 2012 majori
3343 1958 3482 2012 pra-

213 2048 369 2114 μῖσος
391 2047 530 2114 πρὸς
556 2045 722 2098 αὑτὸν
760 2047 822 2098 οὐ
852 2045 1070 2116 μακρὰν
1102 2045 1195 2098 τοῦ
1239 2046 1524 2115 ἀνάλογον.
1586 2047 1685 2109 '0;
1723 2065 1786 2113 γε

1902 2040 2061 2104 ferre,
2113 2044 2226 2093 imo
2264 2039 2330 2092 ad
2379 2046 2611 2091 mortem
2647 2036 2824 2105 ipsam
2867 2043 3112 2103 paratum
3147 2047 3299 2099 esse;
3329 2035 3482 2102 quod

208 2138 303 2194 καὶ
331 2137 705 2206 ἀνεφθέγγετο
733 2137 963 2190 δεδιέναι
1017 2137 1388 2209 καθεκάστην,
1439 2139 1650 2210 μήποτέ
1695 2157 1783 2205 τις

1902 2142 1972 2196 fas
2003 2149 2108 2189 non
2143 2141 2284 2188 erat.

206 2227 352 2296 αὐτῷ
401 2228 469 2279 ἐκ
527 2225 962 2295 Μεγαλοπόλεως
1024 2228 1440 2300 ἐπιπετασθείη,
1482 2230 1754 2302 ὲξορύξων
1803 2234 1929 2297 τοὺς
1995 2223 2331 2298 ὀφθαλμούς.
2363 2222 2473 2276 Καί
2534 2236 2668 2275 ποτε
2730 2223 2825 2275 καὶ
2873 2221 3091 2274 τοιᾶσδε
3147 2220 3253 2292 ἔφη
3313 2219 3482 2291 φῦναι

208 2325 435 2395 μητρὸς,
463 2325 848 2396 κακολογήσας
871 2325 1031 2397 θυμῷ
1057 2327 1159 2396 τὴν
1189 2327 1379 2397 τιμίαν
1444 2327 1684 2399 ἐκείνην,
1743 2330 1840 2383 ἐὰν
1892 2329 1974 2388 εἰς
2039 2317 2626 2378 Κωνσταντινούπολιν
2681 2319 3080 2390 ἀναστραφείη.
3159 2318 3325 2372 Ὅθεν
3379 2319 3483 2370 ναὶ

206 2417 472 2488 διεδήλου,
500 2417 577 2480 ὡς
618 2417 786 2490 ἀλλην
809 2418 936 2472 τινὰ
999 2419 1305 2489 τραπέσθαι
1363 2419 1674 2490 αἱρήσεται,
1733 2422 1828 2473 καὶ
1891 2418 2140 2488 μείζονος
2199 2410 2372 2468 κακοῦ
2439 2409 2762 2466 ἀνθελέσθαι
2822 2427 2877 2464 τι
2939 2413 3302 2484 βραχύτερον,
3372 2413 3469 2468 καὶ

207 2511 300 2564 τοῦ
345 2512 449 2583 ζῇν
491 2510 557 2576 ἐξ
600 2510 899 2582 ὀφθαλμῶν
953 2510 1276 2577 προθέσθαι,
1322 2510 1350 2564 ὃ
1407 2512 1474 2566 ἄν
1519 2527 1606 2573 τις

276 2645 377 2710 νζθ.
414 2647 631 2700 Οὐκοῦν
666 2648 763 2701 καὶ
798 2645 1068 2716 μεθώδευε
1127 2645 1187 2698 τὺ
1242 2646 1502 2700 τοιοῦτον.
1566 2648 1675 2700 Καὶ
1729 2649 1789 2701 οὐ

213 2737 410 2808 βαθείᾳ
436 2735 585 2806 ψυχῇ
619 2735 903 2806 μεριμνῶν
931 2737 996 2788 τὰ
1031 2737 1171 2788 κατὰ
1215 2735 1388 2800 πόλιν,
1420 2737 1671 2790 ἀνέπειθε
1700 2737 1793 2791 τὸν

223 2829 571 2899 Ἀνδρόνικον
593 2827 654 2881 εὖ
688 2829 834 2898 μάλα
863 2827 1152 2898 τεχνικῶς,
1181 2828 1256 2890 ὡς
1283 2827 1342 2880 εὖ
1373 2827 1555 2900 ἔχουσι
1579 2830 1648 2882 τὰ
1669 2828 1794 2884 καθ’

213 2921 384 2990 ἡμᾶς,
418 2920 516 2972 καὶ
550 2919 624 2981 ὡς
658 2918 1083 2990 περιπεποίηται
1133 2919 1166 2988 ἡ
1231 2916 1384 2980 πόλις
1430 2919 1647 2989 ἄριστα.
1696 2921 1792 2973 καὶ

215 3011 364 3064 οὐδὲν
398 3011 540 3081 αὕτη
571 3011 680 3062 τῶν
710 3010 940 3063 δεόντων
961 3010 1119 3077 ἐνδεῖ,
1144 3010 1203 3063 οὐ
1229 3010 1456 3082 πύργων
1495 3011 1790 3079 ἀσφάλεια,

214 3102 275 3154 οὐ
302 3101 628 3172 πετροϐόλοι
667 3103 930 3172 μηχαναὶ,
963 3104 1023 3154 οὐ
1076 3103 1272 3172 τειχῶν
1325 3104 1660 3172 ὲπιποίησις,
1726 3105 1786 3157 οὑ

223 3195 710 3264 περιτειχίσματος
748 3195 1076 3266 ἐρυμνότης,
1099 3195 1159 3246 οὐ
1197 3194 1402 3264 πλῆθος
1448 3197 1544 3249 καὶ
1598 3196 1792 3261 κάλλος

1689 2512 1858 2580 εἴποι,
1901 2508 2095 2564 κακόν.

1968 2643 2056 2697 57.
2095 2639 2221 2695 Haec
2255 2640 2424 2706 igitur
2453 2639 2535 2695 sic
2558 2637 2848 2710 dirigebat.
2871 2638 2983 2694 Nec
3011 2641 3180 2695 animi
3210 2641 3480 2699 Sollicitus

1893 2735 2039 2792 circa
2103 2748 2169 2788 ea
2227 2746 2350 2801 qua:
2407 2731 2561 2786 urbis
2629 2740 2812 2792 erant.
2869 2732 3172 2788 calliditate
3239 2736 3477 2790 maxima

1894 2827 2214 2881 Andronico
2241 2825 2606 2894 persuadebat
2637 2825 2820 2879 omnia
2847 2839 2908 2880 se
2939 2824 3078 2880 bene
3104 2827 3309 2882 habere
3331 2829 3478 2897 apud

1893 2932 2020 2984 nos,
2073 2915 2346 2972 mirabilia
2391 2929 2552 2986 agere
2601 2915 2899 2981 civitatem;
2946 2916 3082 2970 nihil
3127 2917 3322 2976 deesse
3373 2918 3476 2984 illi,

1895 3025 1996 3068 nee
2016 3008 2248 3064 turrium
2279 3006 2656 3073 securitatem,
2673 3021 2775 3060 nec
2795 3006 3040 3070 balistas,
3070 3022 3169 3062 nec
3191 3023 3473 3063 murorum

1895 3101 2210 3173 pinnacula,
2236 3114 2338 3156 nec
2372 3097 2642 3153 circuitus
2695 3097 3053 3162 munimenta,
3081 3113 3183 3154 nec
3208 3116 3473 3155 curruum

1900 3193 2301 3249 multitudinem
2367 3201 2463 3246 aut
2524 3191 3011 3262 pulchritudinem,
3079 3208 3182 3248 nec
3257 3193 3477 3252 tandem

225 3289 510 3356 ἁρμάτων,
548 3288 650 3340 οὐκ
679 3287 807 3342 ἄλλο
829 3286 978 3339 οὐδέν
1002 3302 1015 3316 ·
1049 3286 1218 3356 ψευδῆ
1267 3287 1365 3356 μὲν
1398 3289 1628 3358 γράφων
1655 3289 1792 3361 πρὸς

1902 3302 2011 3341 rem
2055 3285 2242 3340 ullam.
2289 3283 2652 3339 Mentiebatur
2680 3286 2900 3354 quidem
2936 3286 3004 3340 de
3054 3286 3220 3341 rebus
3251 3303 3373 3356 qua:
3405 3287 3474 3340 ad

223 3379 280 3429 τὸ
300 3379 480 3448 ἐαυτῷ
505 3380 656 3448 μόνῳ
693 3380 937 3431 συνοῖσον
969 3379 1062 3431 καὶ⁵
1090 3379 1479 3448 ἀνεξέλεγκτα,
1542 3382 1626 3434 ὄτι
1655 3382 1792 3453 μηδὲ

222 3465 286 3537 ἦν
316 3488 400 3533 τις
428 3473 456 3524 ὁ
476 3473 588 3523 εἴτε
629 3471 807 3534 εἰδὼς,
845 3472 988 3541 ἅπερ
1019 3470 1280 3542 ἔγραφεν,
1312 3473 1419 3525 εἴτε
1450 3473 1645 3541 λαλῶν,
1681 3476 1791 3528 εἴτε

220 3559 400 3614 λαλεῖν
453 3560 674 3631 τολμῶν
705 3577 719 3591 ·
773 3561 976 3614 πείθων
1023 3562 1078 3615 δὲ
1135 3567 1342 3616 ἐκεῖνον
1390 3565 1490 3618 οὐκ
1552 3566 1792 3636 εὐτυχῶς

225 3657 375 3724 ἡμῖν.
433 3654 912 3725 Πεπραγμάτευτο
973 3655 1080 3725 γὰρ
1129 3655 1334 3727 θάρρος
1406 3655 1664 3725 ἐμϐαλεῖν
1716 3657 1794 3730 τῷ

227 3745 440 3813 βασιλεῖ
470 3762 537 3796 πε
550 3745 602 3814 9l
633 3743 817 3815 ἡμῶν,
849 3743 924 3808 ὡς
951 3745 1051 3797 οὐκ
1076 3745 1140 3800 ἄν
1169 3763 1222 3798 τι
1251 3746 1420 3798 κακόν
1475 3747 1637 3800 ποθεν
1695 3749 1797 3801 πά-

227 3838 416 3906 θοιμεν
448 3853 468 3870 ο
512 3837 602 3890 ἶνα
670 3837 880 3906 κεφαλὴ
923 3837 1082 3908 μόνος
1142 3839 1304 3901 αὐτὸς
1354 3839 1632 3906 ἐτρίσταιτο
1684 3843 1796 3904 τοῖς

232 3922 351 3989 ὧδε,
389 3929 483 3980 καὶ
529 3929 604 3998 μή
633 3945 742 3980 τινι
770 3930 946 3998 ἑτέρῳ
975 3930 1309 3999 ἐπιτραπείη
1366 3930 1436 3982 τὰ
1495 3932 1645 4001 τῇδε,
1695 3931 1796 4001 οἴῳ

230 4017 650 4088 περισώσασθαι
672 4019 870 4085 ταῦτα,
915 4021 1011 4074 καλ⁸
1046 4017 1191 4072 οὕτω
1252 4020 1347 4088 τῆς
1401 4021 1576 4092 ἀρχῆς
1631 4021 1796 4076 αὐτόν

233 4127 362 4163 π-ιτε
402 4111 806 4181 παραλυθῆναι,
840 4112 932 4163 καὶ
977 4114 1056 4176 είς
1113 4116 1299 4184 χεῖρας
1337 4112 1412 4182 τῷ
1477 4114 1798 4186 Ἀνδρονίκῳ

235 4205 554 4272 περιτυχεῖν
583 4217 594 4230 ·
619 4201 708 4270 ὑφ’
749 4194 822 4254 ὧν
859 4202 953 4254 καὶ
985 4202 1153 4258 πάλαι
1196 4205 1260 4256 ἂν
1287 4205 1596 4275 συνετρίὸη,
1649 4208 1697 4258 εἰ
1723 4206 1798 4276 μὴ

235 4295 262 4347 ό
294 4292 754 4363 σεϐαστοκρὰτωρ
800 4293 1076 4362 Μανουὴλ,
1111 4294 1290 4364 ἀγαθά
1344 4295 1542 4358 λαλῶν,
1575 4295 1669 4349 καὶ
1706 4296 1804 4364 μέ-

241 4404 328 4448 σος
355 4387 574 4439 πίπτων
599 4388 912 4454 γυναικείου
944 4385 1112 4457 λόγῳ,
1139 4388 1300 4440 αὑτὸν
1323 4387 1708 4458 περιεσώζετο,
1737 4387 1798 4441 οὐ

242 4480 369 4549 πρὸς
398 4478 646 4549 γαλήνην
669 4481 821 4549 ἡμῖν,
856 4480 973 4533 ἀλλ’
1000 4479 1076 4542 ὡς
1107 4481 1187 4543 είς
1218 4479 1458 4548 τυφῶνα,
1488 4483 1547 4534 τὸ
1585 4483 1689 4535 πᾶν
1702 4500 1801 4535 κυ-

235 4577 492 4642 κήςοντα.
538 4574 650 4626 Καὶ
689 4575 745 4636 ἐς
784 4574 1029 4626 τοιοῦτον
1051 4574 1313 4645 περιῆλθε
1347 4573 1674 4646 πανούργως
1705 4577 1800 4630 τὸν

1901 3379 2053 3434 illum
2118 3376 2293 3432 solum
2357 3379 2705 3446 pertinebant
2761 3375 3051 3430 scribendo
3119 3393 3240 3447 quae
3297 3376 3474 3432 refelli

1900 3483 2005 3522 non
2037 3475 2306 3537 poterant,
2332 3481 2456 3521 cum
2494 3480 2652 3520 nemo
2694 3475 2840 3520 esset
2881 3466 2975 3535 qui
3013 3468 3095 3522 vel
3125 3471 3292 3522 sciret
3331 3469 3474 3538 quod

1898 3559 2193 3620 scribebat,
2230 3557 2312 3611 vel
2361 3556 2590 3619 diceret,
2633 3557 2714 3610 vel
2763 3542 2991 3612 auderet
3031 3559 3248 3624 dicere;
3284 3560 3477 3629 sicque

1899 3649 1974 3703 illi
2017 3647 2312 3702 infeliciter
2357 3647 2518 3702 nobis
2558 3647 2940 3716 persuadebat.
2983 3647 3255 3704 Audacter
3301 3651 3477 3720 impe-

1901 3742 2071 3795 ratori
2118 3739 2284 3795 verba
2318 3741 2467 3794 dedit
2494 3740 2561 3794 de
2599 3739 2779 3806 nobis,
2817 3739 2968 3794 nullo
3020 3741 3178 3794 modo
3220 3757 3321 3796 nos
3372 3743 3476 3794 ali-

1899 3833 2028 3902 quid
2092 3832 2230 3902 pati,
2295 3841 2354 3886 ut
2422 3832 2588 3886 rebus
2653 3829 2804 3885 bisce
2876 3831 3024 3884 solus
3087 3832 3474 3899 praeﬁceretur,

1901 3935 1958 3978 et
2000 3941 2065 3978 ne
2097 3925 2260 3979 alicui
2305 3925 2458 3978 alteri
2499 3925 2980 3978 committerentur
3009 3924 3336 3988 reficiendm,
3365 3926 3475 3980 sic-

1900 4031 2005 4086 que
2044 4017 2337 4087 aliquando
2380 4015 2484 4086 ipsi
2541 4015 2976 4070 substitueretur
3028 4016 3082 4069 in
3145 4016 3471 4084 magistratu

1902 4105 2127 4179 ipseque
2159 4109 2213 4162 in
2265 4123 2460 4162 manus
2511 4108 2810 4162 Andronici
2866 4107 3154 4171 incideret,
3208 4111 3312 4164 sub
3344 4110 3471 4179 qui.

1902 4199 2132 4268 busjam
2194 4200 2323 4253 olim
2384 4214 2684 4268 oppressus
2733 4198 2949 4266 fuisset,
3006 4200 3112 4255 nisi
3179 4201 3475 4272 imperator

1902 4288 2143 4355 Manuel,
2194 4289 2333 4344 bene
2370 4292 2468 4344 de'
2515 4292 2633 4360 ipso
2686 4293 2937 4361 loquens,
3003 4309 3171 4372 seque
3235 4294 3477 4364 interpo-

1902 4397 2039 4436 nens
2071 4380 2360 4435 mulierum
2396 4383 2674 4450 precibus,
2707 4383 2859 4437 illum
2920 4388 3212 4449 salvasset,
3247 4401 3354 4440 non
3405 4385 3474 4440 ad

1902 4473 2058 4527 urbis
2092 4489 2304 4546 pacem,
2361 4471 2458 4528 sed
2489 4477 2553 4528 ad
2583 4484 2965 4544 tempestatem
3017 4476 3204 4531 omnia
3254 4489 3478 4532 contur-

1906 4566 2151 4623 bantem.
2179 4566 2330 4624 Adeo
2362 4567 2548 4623 dolose
2575 4568 2662 4623 bis
2689 4569 2848 4624 malis
2887 4570 3097 4624 artibus
3123 4570 3483 4627 circumvenit

243 4667 462 4736 βασιλέα
495 4669 618 4730 ταῖς
649 4666 930 4730 τοιαύταις
963 4665 1210 4737 μεθόδοις
1263 4669 1289 4719 ὁ
1339 4667 1462 4734 δοὺξ
1493 4661 1670 4732 οὗτος,
1723 4670 1793 4738 ὡς

1903 4659 2288 4730 imperatorem
2323 4665 2427 4716 iste
2458 4661 2590 4726 dux,
2625 4671 2679 4714 ut
2710 4665 2874 4716 etiam
2906 4665 3206 4729 gratiarum
3235 4665 3482 4719 actiones

241 4761 327 4811 ml
357 4759 717 4829 εὐχαριστίαν
745 4758 896 4828 αὑτῷ
922 4758 1203 4829 γραφῆναι
1237 4757 1372 4829 πρὸς
1395 4758 1490 4811 τοῦ
1549 4760 1798 4828 ἀμειλίκο

239 4866 324 4901 του
356 4853 451 4902 καὶ
495 4851 571 4920 μὴ
602 4849 823 4911 εἰδότος,
850 4842 1028 4918 οἶμαι,
1059 4848 1194 4916 ὅπερ
1221 4847 1340 4899 ἐστί
1366 4845 1548 4917 χάρις.
1583 4846 1673 4897 Διὸ
1703 4846 1801 4899 καὶ

239 4943 300 5010 τῇ
323 4940 650 5010 εὐχαριστίᾳ
672 4938 1019 5010 ὑπεσμύχετό
1075 4955 1158 5002 τις
1184 4939 1417 5007 καυτήρ.
1457 4937 1669 5008 Ηῠχετο
1691 4937 1799 5010 γὰρ

239 5032 270 5098 ἡ
312 5031 573 5100 βασιλικὴ
639 5030 830 5102 γραφὴ
889 5030 1124 5099 ἐχόμενα
1166 5031 1266 5098 τῆς
1323 5028 1543 5099 χάριτος
1592 5029 1798 5092 οὕτως·

248 5142 265 5173 ι
305 5122 518 5174 Γένοιτο
546 5122 605 5174 δὲ
628 5123 722 5173 καὶ
749 5121 840 5173 ἐπὶ
863 5120 930 5173 τὰ
965 5120 1092 5190 ἑξῆς
1153 5119 1252 5190 τὴν
1287 5120 1545 5188 τοιαύτην
1579 5121 1802 5191 εὐχαρι-

246 5217 394 5270 στίαν
446 5214 815 5286 φυλάττεσθαί
858 5229 961 5267 σοι’
997 5233 1015 5266 ι
1053 5215 1423 5284 αίνιττομένη,
1477 5214 1552 5277 ὡς
1609 5215 1808 5285 μικρὸν

241 5309 381 5374 ὅσον,
445 5310 543 5362 καὶ
594 5309 657 5361 οὐ
717 5308 1048 5377 παραμενεῖ.
1119 5305 1187 5361 Ὀ
1236 5307 1330 5359 καὶ
1383 5305 1626 5375 γέγονεν.
1684 5307 1808 5361 Ἐά-

238 5389 418 5454 λωσαν
471 5403 584 5470 γὰρ
649 5399 718 5453 δι’
768 5400 936 5453 αὐτὸν
987 5398 1062 5463 ὥς
1135 5399 1227 5451 ἐπὶ
1287 5399 1503 5469 θανάτῳ
1556 5401 1673 5453 ἐκεῖ
1715 5401 1807 5454 καὶ

245 5495 276 5558 ἡ
303 5493 492 5546 τούτου
525 5493 710 5564 μήτηρ
767 5493 861 5548 καὶ
885 5491 914 5544 ὁ
967 5489 1214 5560 ἀδελφὸς,
1259 5489 1415 5544 οὐδὲν
1438 5490 1591 5543 αὐτοὶ
1622 5491 1806 5560 ἅμαρ-

244 5585 444 5647 τόντες.

310 5727 412 5790 νην.
458 5721 570 5773 Καὶ
623 5718 788 5772 τοῦτο
839 5719 938 5788 μὲν
992 5719 1108 5789 μετ’
1139 5719 1200 5772 οὗ
1235 5718 1369 5771 πολὺ
1403 5719 1482 5780 εἰς
1531 5719 1808 5782 ἐκείνους.

1906 4753 1982 4810 illi
2062 4753 2327 4810 scriberet
2379 4753 2471 4823 qui
2524 4763 2641 4808 erat
2717 4753 3070 4808 inexorabilis
3117 4769 3180 4809 ac
3233 4757 3476 4818 nescius,

1908 4844 2052 4914 quod
2082 4855 2184 4911 est,
2208 4856 2359 4914 puto,
2383 4847 2680 4917 gratitudo.
2704 4844 2888 4914 Itaque
2915 4847 3061 4900 lento
3087 4847 3208 4916 igne
3236 4847 3483 4902 torreba-

1909 4946 2020 4994 tur.
2066 4938 2340 5008 Siriptum
2374 4955 2503 5008 ergo
2540 4941 2606 4994 ad
2645 4940 3032 5009 imperatorem
3064 4940 3226 4996 hasce
3274 4943 3481 5011 gratias

1909 5033 2246 5087 continebat:
2311 5033 2566 5088 «Utinam
2633 5048 2732 5102 pro
2783 5033 2968 5088 futuro
3026 5035 3216 5103 gratia:
3289 5035 3478 5105 hujus-

1911 5125 2058 5180 modi
2090 5125 2202 5180 sint
2233 5127 2454 5196 agenda:
2488 5125 2619 5193 tibi;
2655 5145 2674 5178 ›
2717 5127 2789 5180 ita
2822 5126 3161 5182 subaudiens
3193 5129 3476 5196 paululum

1907 5233 1999 5278 eas
2028 5234 2439 5289 permansuras;
2479 5219 2622 5290 quod
2659 5230 2712 5273 et
2752 5220 2953 5274 factum
2995 5229 3093 5275 est.
3132 5219 3480 5290 Apprebendi

1909 5312 2054 5366 enim
2098 5311 2266 5380 jussit
2311 5314 2376 5365 ad
2417 5322 2642 5366 mortem
2702 5322 2934 5365 matrem
2979 5323 3032 5367 et
3083 5312 3314 5386 fratrem.
3364 5311 3482 5378 eius

1907 5405 2221 5475 neutiquam
2253 5414 2462 5460 sontes.

1988 5717 2074 5773 58.
2130 5716 2242 5772 Hoc
2293 5717 2458 5786 igitur
2506 5716 2657 5772 brevi
2713 5717 2983 5784 temp-nis
3042 5713 3327 5768 intervallo
3377 5714 3484 5770 illis

247 5815 413 5878 Δῦτὸς
443 5813 499 5867 δὲ
529 5814 670 5876 τέως
700 5811 902 5882 ἰσχύων
934 5813 1072 5868 κατὰ
1096 5815 1193 5884 τῆς
1216 5810 1371 5882 ἡμῶν
1400 5811 1696 5875 ἀπωλείας,
1723 5830 1790 5864 κα

1921 5811 2141 5866 accidit.
2157 5811 2368 5866 Interea
2391 5811 2506 5880 ipse
2530 5810 2785 5881 perniciei
2812 5819 3013 5863 nostra:
3029 5809 3486 5879 potens,ideoquo
