3906 6582
438 349 511 415 67
1146 349 1571 412 EUSTATHII
1592 349 2364 421 TIIESSALONICENSIS
2404 361 2976 427 METROPOLITrE
3646 367 3717 430 68

436 470 695 524 indurato
722 466 887 523 corde
944 464 1318 537 imperatoris,
1352 466 1510 537 quasi
1558 466 1606 522 is
1654 466 1806 523 Solus
1834 468 2024 522 urbem

2131 475 2218 528 διὰ
2246 478 2407 531 τοῦτο
2426 481 2837 554 ,ἐνσκιρῤώσας
2891 486 2955 554 τῇ
2989 482 3079 536 τοῦ
3139 481 3409 553 βασιλέως
3440 481 3615 555 ψυχῇ,
3645 483 3719 548 ὡς

435 565 655 619 Salvare
708 561 974 633 potuerit,
1012 562 1205 631 sicque
1251 560 1376 631 ejus
1430 559 1663 647 consilia
1702 576 1803 616 nos
1852 560 2037 632 perdi-

436 658 660 713 derunt.
691 655 906 711 Etenim
939 655 991 709 in
1025 654 1403 711 defensionem
1449 665 1691 709 nostram
1727 656 2031 710 exercitum

438 750 670 820 provide
737 744 967 803 miserat
1038 747 1361 817 imperator.
1427 746 1674 801 Credens
1750 761 1881 801 vero
1947 746 2034 803 his

436 841 639 911 quibus
674 854 704 895 a
749 839 957 895 Davide
998 838 1397 909 decipiebatur,
1451 839 1558 894 illis
1593 837 2020 904 commendavit,

435 949 506 989 ne
566 935 621 988 in
702 934 839 989 urbe
894 947 955 988 se
1018 932 1369 987 includerent
1440 945 1543 985 nec
1624 930 1902 986 irruerent
1974 932 2028 985 in

444 1026 635 1083 hostes
693 1024 855 1097 quasi
919 1024 972 1079 in
1039 1024 1214 1079 aciem
1284 1022 1630 1089 instructos;
1695 1024 1825 1077 dum
1901 1037 2031 1089 nos,

432 1119 532 1189 qui
592 1117 977 1174 nesciebamus
1010 1116 1118 1172 hoc
1176 1115 1470 1181 auxilium,
1507 1115 1584 1170 ita
1629 1117 1793 1171 anxie
1822 1130 2025 1186 exspe-

434 1222 716 1269 ctaremus
756 1226 961 1281 speque
1008 1209 1064 1266 in
1114 1209 1239 1265 illos
1284 1209 1775 1280 suspenderemur,
1803 1208 1860 1264 bi
1910 1210 2033 1266 sine

434 1319 614 1376 pugna
645 1301 909 1359 auxilium
937 1303 1097 1374 quasi
1132 1301 1319 1357 (ictum
1353 1302 1513 1357 nobis
1540 1302 1828 1372 parabant.
1851 1303 2025 1358 Erant

434 1415 568 1454 vero
616 1398 809 1454 multi:
842 1397 1013 1453 Gidus
1045 1411 1276 1469 magnus
1326 1396 1620 1466 praefectus
1655 1413 1721 1452 ex
1777 1399 2033 1454 orienta-

439 1493 609 1567 libus,
644 1490 988 1575 Palazologns
1040 1489 1414 1557 Andronicus,
1477 1489 1739 1546 Camutza
1791 1488 2032 1556 Manuel,

433 1580 759 1650 Cbunmus,‘
811 1590 981 1653 atque
1028 1582 1147 1638 alii.
1177 1580 1251 1638 Se
1286 1581 1400 1667 illis
1433 1582 1761 1653 adiunxerat
1808 1583 2034 1641 ultimus

432 1678 808 1733 cubicularius
860 1673 1214 1746 Nicephorus
1281 1675 1374 1746 qui
1447 1676 1675 1733 omnino
1745 1677 2033 1746 proximus

434 1777 564 1826 erat
588 1768 725 1838 regi,
768 1767 862 1837 qui
912 1766 982 1823 ad
1018 1767 1214 1822 ducem
1241 1765 1497 1822 Davidem
1518 1767 1785 1836 scriptum
1807 1769 2031 1826 mittens

2139 567 2408 640 αὐταρκεί
2439 564 2593 634 οὗτος
2629 573 2701 626 τὰ
2733 575 2875 645 ὑπερ
2904 574 3004 645 τῆς
3033 574 3266 639 πόλεως,
3312 574 3498 645 ἴσχυσε
3535 578 3716 630 πεῖσαι

2137 660 2205 714 τά
2240 662 2319 725 είς
2344 663 2504 732 ἡμῶν
2536 663 2781 734 ὄλεθρον.
2815 666 3066 719 Ἔστειλε
3117 666 3216 737 μὲν
3249 666 3357 736 γὰρ
3399 667 3428 720 ὁ
3465 666 3716 736 βασιλεὺς

2104 796 2111 797 κ
2137 757 2624 828 προμηθικώτερον
2655 761 2916 831 στρατιὰν
2945 762 3037 815 ἐπὶ
3065 760 3248 833 ἀμύνῃ
3272 759 3381 814 τῶν
3397 760 3519 814 καθ’
3549 761 3716 831 ἡμᾶς’

2137 849 2416 913 πεποιθὼς
2448 852 2525 917 δέ,
2552 849 2633 917 οἷς
2663 855 2726 906 ἐκ
2755 853 2849 908 τοῦ
2898 853 3060 908 Δαυῒδ
3094 852 3465 919 ἀπεπλανᾶτο,
3502 870 3714 924 παρηγ-

2137 947 2385 1014 γυήσατο
2433 948 2572 1016 μήτε
2621 947 2700 1009 είς
2727 946 2827 1017 τὴν
2863 947 3019 1000 πόλιν
3059 947 3256 1010 αὐτοὺς
3290 945 3712 1010 καταδύσεσβαι,

2139 1036 2279 1105 μήτε
2318 1037 2425 1107 μὴν
2450 1039 2559 1101 τοῖς
2600 1039 2884 1107 πολεμίοις
2912 1040 3080 1107 ὁμόσε
3113 1038 3360 1109 χωρῆσαι
3386 1036 3714 1106 γενομένους

2136 1128 2196 1182 ἐν
2222 1128 2341 1200 χρῷ
2383 1131 2564 1200 μάχης
2585 1144 2600 1159 ⁶
2628 1130 2704 1193 ὡς
2749 1130 3003 1185 ἐντεῦθεν
3030 1131 3182 1203 ἡμᾶς
3235 1130 3356 1199 μέν,
3389 1128 3462 1201 μὴ
3502 1127 3715 1192 εἰδότας

2137 1221 2467 1291 ἐπικουρίαν
2515 1221 2581 1275 ἐκ
2635 1221 2747 1275 τῶν
2805 1222 3174 1291 ἐσταλμένων,
3225 1221 3573 1292 καραδοκεῖν,
3624 1220 3715 1272 καὶ

2136 1314 2513 1384 ἐκκρέμασθαι
2547 1315 2649 1386 τῆς
2697 1316 2778 1379 είς
2833 1316 3078 1380 ἐκείνους
3129 1315 3378 1378 ἐλπίδος’
3407 1313 3607 1376 αὐτοὺς
3656 1312 3713 1367 δέ

2135 1408 2408 1477 ἀναιμωτὶ
2447 1406 2567 1478 ζῇν,
2599 1408 3036 1477 άφωσιωμένους
3059 1407 3337 1478 τηνάλλως
3364 1406 3427 1460 τὸ
3454 1406 3535 1469 εἰς
3570 1407 3715 1477 ἡμᾶς

2137 1497 2512 1567 ἐπικουρικόν.
2536 1492 2718 1553 Ἦσαν
2744 1499 2800 1552 δέ
2835 1498 3022 1568 συχνοὶ
3064 1499 3266 1552 ἐκείνοι
3286 1513 3302 1529 ’
3328 1500 3355 1552 ὁ
3386 1496 3494 1551 τῶν
3527 1497 3691 1551 ἀνατο

2136 1589 2306 1643 λικῶν
2340 1590 2515 1660 μέγας
2543 1590 2863 1661 δομέστικος
2893 1592 2931 1644 Γ
2936 1591 3063 1656 ίδος,
3110 1590 3138 1644 6
3187 1590 3554 1659 Παλαιολόγος
3595 1590 3654 1643 ’Δ
3683 1616 3714 1637 ι-

2135 1681 2407 1752 δρόνικος,
2455 1684 2485 1736 ὁ
2539 1683 2845 1752 Καμύτζης
2901 1682 3182 1753 Μανουὴλ,
3217 1683 3247 1737 δ
3297 1682 3573 1753 Χοῦμνος,
3619 1682 3712 1736 καὶ

2137 1774 2340 1845 ἕτεροι.
2408 1774 2742 1848 Ἐπέρρευσι
2770 1775 2827 1829 δέ
2854 1776 3038 1839 αὐτοῖς
3067 1777 3124 1839 ἐς
3152 1774 3437 1838 παντελῶς
3486 1774 3711 1845 ὕστερον

433 1867 693 1932 ειροειιει
715 1858 1035 1914 methodum
1068 1858 1389 1916 dissimilem
1424 1859 1693 1915 labiorum
1725 1859 1848 1930 ejus
1876 1859 2024 1916 omni

2139 1868 2235 1923 καὶ
2284 1866 2315 1920 δ
2364 1866 2445 1939 τῷ
2476 1845 2689 1939 βασιλεῖ
2735 1867 2881 1923 πάνυ
2933 1868 3126 1937 ἐγγὺς,
3156 1869 3185 1921 ὁ
3219 1864 3712 1940 παρακοιμώμενος

440 1957 606 2018 caelo,
648 1951 948 2023 linguaque
992 1966 1218 2007 mensus
1247 1961 1333 2007 est
1383 1960 1606 2007 terram.
1657 1950 1803 2006 Dixit
1850 1951 2023 2017 enim,

433 2060 538 2102 nec
562 2046 762 2101 coelum
820 2054 904 2099 tot
959 2044 1149 2099 stellas
1206 2058 1502 2100 numerare
1555 2059 1656 2100 nec
1688 2052 1769 2099 tot
1839 2044 2028 2099 arenis

433 2138 640 2211 repleri
676 2150 903 2202 terram,
935 2146 1181 2208 quantus
1218 2137 1494 2193 exercitus
1523 2136 1627 2206 ipsi
1670 2135 1889 2201 aderat,
1929 2137 2026 2190 ad-

435 2234 576 2290 dens
609 2246 668 2286 se
699 2244 811 2287 non
846 2244 1009 2300 posse
1040 2244 1150 2284 non
1201 2228 1398 2284 timere
1436 2244 1504 2284 ne
1545 2227 1724 2283 Latini
1757 2228 2022 2284 certiores

433 2326 564 2383 facti
602 2334 839 2397 quantas
869 2325 986 2395 ipse
1016 2324 1206 2390 copias
1241 2322 1604 2389 contraxerit,
1641 2324 1697 2379 in
1740 2322 1924 2393 fugam
1956 2336 2018 2379 se

433 2429 790 2484 convertant,
834 2419 1064 2489 ipseque
1115 2415 1211 2471 tali
1254 2414 1439 2485 prazda
1498 2415 1729 2472 orbatus
1765 2416 1860 2470 sit.
1898 2412 2026 2469 Haec

435 2511 683 2582 scripsit,
718 2522 929 2581 nosque
961 2507 1398 2564 credideramus.
1426 2506 1532 2573 Qui
1570 2507 1720 2562 enim
1765 2507 1883 2562 vult
1911 2507 2028 2564 sal-

437 2606 557 2663 vari
589 2603 660 2662 ad
694 2600 1026 2661 credendum
1054 2614 1272 2671 semper
1313 2608 1398 2656 est
1448 2609 1700 2673 paratus.

504 2972 597 3031 59.
636 2971 729 3027 Sic
774 2982 908 3041 ergo
941 2982 973 3023 a
1003 2964 1187 3022 missis
1240 2961 1590 3034 imperatoris
1637 2972 1768 3017 tunc
1807 2961 2020 3031 decepti

433 3080 640 3123 sumus.
705 3060 861 3117 Tunc
923 3074 1057 3116 vero
1108 3065 1253 3113 terra
1319 3055 1566 3124 marique
1613 3059 2021 3109 concurrerunt

2128 1960 2491 2033 Νικηφόρος’
2540 1961 2600 2026 δς
2636 1962 2875 2033 γράμμα
2934 1964 3150 2028 στείλας
3209 1962 3349 2033 πρὸς
3397 1963 3490 2016 τὸν
3549 1961 3709 2016 δοῦκα

2127 2052 2315 2120 Δαυτδ,
2353 2053 2506 2109 ἔθετο
2538 2055 2740 2125 τρόπον
2768 2055 2929 2110 ἄλλον
2965 2055 3035 2109 τὰ
3078 2055 3228 2126 χείλη
3279 2055 3447 2109 αὐτοῦ
3479 2053 3602 2108 κατ’
3626 2054 3713 2108 ού-

2135 2146 2320 2218 ρανδν.
2349 2148 2446 2201 καὶ
2473 2147 2576 2218 τὴν
2600 2147 2860 2216 γλῶσσαν
2888 2148 3068 2217 ἀφῆκε
3091 2147 3400 2218 διέρχεσθαι
3422 2146 3557 2215 περὶ⁴
3588 2146 3707 2216 γῆν.

2134 2239 2345 2309 Ἐφατο
2380 2237 2490 2310 γὰρ
2545 2241 2682 2311 μήτε
2736 2239 2830 2294 τὸν
2868 2240 3096 2312 οὐρανὸν
3147 2239 3370 2310 ἄστροις
3404 2239 3709 2309 ἐνευθηνιῐ-

2131 2332 2260 2386 σθαι
2292 2334 2593 2398 τοσούτοις,
2629 2335 2768 2404 μήτε
2813 2333 2912 2404 τὴν
2952 2333 3061 2404 γῆν
3120 2332 3294 2404 ἄμμῳ
3325 2332 3521 2403 τοσῇδε
3572 2331 3708 2402 πλή-

2128 2423 2266 2489 θειν,
2293 2424 2493 2490 ὁπόσος
2519 2425 2666 2497 αύτῷ
2693 2427 2921 2498 στρατὸς
2967 2427 3230 2497 ἐφέπεται
3246 2441 3261 2456 ο
3297 2423 3708 2497 προσεπιλαλιῖη

2127 2520 2225 2573 καὶ
2255 2518 2681 2583 ύποδεδοικέναι,
2709 2520 2783 2590 μή
2813 2536 2943 2575 ποτε
2967 2518 3018 2572 oi
3037 2519 3260 2573 Λατῖνοι
3310 2516 3702 2586 ἐκπυθόμενοι,

2127 2613 2263 2682 ὅσην
2292 2612 2445 2680 ίσχὺν
2474 2611 2893 2682 περιδέδληται,
2927 2610 3275 2681 φευξοῦνται,
3308 2611 3401 2665 καὶ
3431 2612 3590 2681 μενεῖ
3615 2610 3707 2663 αύ-

2125 2704 2217 2768 τὸς
2247 2704 2404 2769 κενὸς
2435 2705 2693 2777 τοιαύτης
2721 2703 2917 2776 άγρας.
2939 2705 3218 2775 Ἐγραψεν
3246 2704 3409 2768 αὐτὸς
3433 2702 3660 2756 τοιαῦτα
3686 2715 3703 2734 ⁸

2128 2799 2223 2851 καὶ
2258 2798 2418 2868 ἡμεῖς
2449 2796 2876 2868 ἐπιστεύσαμεν.
2912 2799 2985 2851 Τὸ
3019 2798 3126 2867 γὰρ
3163 2799 3254 2850 ἐπὶ
3295 2797 3546 2868 σωτηρίᾳ
3582 2793 3706 2866 βου-

2128 2890 2355 2956 λόμενον
2384 2891 2484 2961 τῆς
2510 2890 2689 2962 ψυχῆς
2719 2891 2934 2961 ἕτοιμον
2964 2885 3032 2961 ἦν
3064 2889 3201 2959 πρὸς
3235 2887 3426 2945 πειθώ.

2203 2982 2304 3038 νϐ’.
2330 2984 2439 3038 Καὶ
2465 2982 2610 3036 οὕτω
2644 2983 2745 3053 μὲν
2775 2984 2839 3037 τὰ
2882 2984 2947 3036 ἐκ
2991 2982 3097 3037 τῶν
3137 2980 3437 3052 βασιλικῶν
3475 2979 3705 3054 ἀποστό-

2128 3075 2239 3130 λων
2266 3074 2569 3147 ψευδόντων
2598 3076 2764 3145 ἡμᾶς.
2819 3076 2893 3128 Τδ
2938 3074 2995 3128 δὲ
3031 3074 3288 3143 πολέμιον
3334 3070 3561 3125 ἐπελθὸν
3583 3070 3701 3125 τότε

431 3161 642 3221 hostes,
695 3164 859 3225 atque
899 3152 1076 3224 perite
1126 3163 1185 3205 se
1244 3148 1314 3203 ad
1362 3161 1600 3218 pugnam
1661 3154 2018 3214 paraverant.

2129 3168 2366 3240 ξηρᾶθεν
2397 3171 2490 3222 καὶ
2519 3168 2580 3221 τὸ
2610 3171 2673 3222 ἐκ
2697 3167 2992 3238 θαλάσσης,
3019 3165 3315 3238 ἐξηρτύετο
3340 3163 3463 3218 κατ’
3486 3163 3702 3234 ἐπιστή-

435 3250 822 3312 Occidentales
864 3245 1039 3317 copia:
1078 3243 1215 3300 alias
1264 3241 1554 3297 machinas
1589 3254 1765 3297 novas
1794 3239 2019 3294 invene-

438 3357 565 3403 rant
596 3343 758 3399 inodo
805 3337 1158 3411 helepolium,
1188 3349 1422 3406 quarum
1459 3333 1671 3390 utilitas
1724 3333 1837 3389 fere
1874 3331 2024 3386 nulla

435 3447 554 3497 erat
583 3438 654 3494 ob
702 3432 1159 3504 magnitudinem.
1220 3428 1528 3483 Orientales
1575 3441 1708 3481 vero
1757 3425 2023 3495 (maxime

436 3540 620 3587 autem
666 3525 1071 3582 multitudinem
1123 3520 1322 3577 classis
1380 3518 1809 3589 componebant)
1853 3519 2017 3588 juxta

435 3638 594 3681 suam
651 3616 1112 3676 consuetudinem
1177 3613 1432 3684 agebant.
1490 3611 1785 3681 Dispositis
1853 3610 2025 3682 igitur

436 3711 711 3773 machinis
761 3709 829 3765 ad
863 3707 1075 3777 lapides
1123 3703 1492 3774 projiciendos
1536 3704 1704 3775 aptis,
1740 3703 2024 3774 plerisque

436 3805 732 3865 mediocris
763 3796 1181 3871 magnitudinis,
1229 3805 1287 3850 ut
1325 3795 1435 3851 illis
1471 3810 1500 3849 a
1541 3793 1816 3850 mmnibus
1846 3794 2025 3851 nostri

436 3896 641 3957 milites
672 3894 857 3952 subito
882 3890 1350 3961 opprimerentur,
1374 3904 1406 3944 e
1446 3887 1649 3959 quibus
1681 3888 1805 3944 dua:
1842 3889 2023 3958 majo-

436 4006 551 4053 res,
583 4000 817 4058 quarum
848 3995 959 4038 una
1004 3993 1163 4037 terrae
1193 3988 1376 4036 motus
1426 3980 1536 4036 illia
1586 3978 1778 4035 vocari
1807 3987 2022 4049 posset;

438 4080 834 4153 dispositisque
862 4074 955 4146 qui
974 4072 1302 4129 ramusculis
1335 4071 1623 4141 implerent
1643 4080 1799 4142 aptas
1824 4070 2024 4136 fossas,

444 4175 652 4246 quique
701 4168 903 4225 inmitia
933 4164 1262 4223 labefactare
1296 4170 1541 4234 possent,
1567 4176 1751 4217 muros
1802 4159 2024 4232 aggredi

439 4270 678 4338 illosque
702 4262 1076 4318 indesinenter
1100 4268 1155 4314 et
1184 4257 1356 4313 modis
1375 4254 1630 4311 onmibus
1649 4265 1913 4325 quassare
1936 4267 2028 4305 co-

438 4358 554 4413 nati
593 4365 745 4413 sunt.
769 4352 866 4409 His
900 4350 1157 4408 omnibus
1192 4345 1601 4419 praecurrebam
1639 4340 2021 4398 fundibularii.

438 4450 523 4508 Ad
550 4462 832 4520 vesperam
872 4445 1019 4500 enim
1050 4445 1393 4498 retinuerunt
1423 4453 1591 4494 naves
1625 4450 1800 4503 usque
1817 4435 1884 4489 ad
1914 4448 2027 4487 ma-

2128 3277 2239 3331 μην
2271 3261 2352 3324 είς
2390 3260 2594 3331 μάχην.
2643 3260 2753 3314 Καὶ
2807 3260 2858 3313 oi
2889 3261 2989 3328 μὲν
3023 3259 3087 3312 ἐκ
3116 3259 3224 3311 τῶν
3249 3254 3537 3327 δυσμικῶν
3566 3255 3700 3309 ἄλλα

2124 3351 2344 3406 ἐποίουν
2375 3352 2541 3406 καινά
2570 3368 2694 3405 τινα
2728 3350 2871 3405 κατὰ
2897 3351 3099 3420 νόμους
3129 3349 3453 3415 ἐλεπόλεων,
3494 3343 3584 3412 αἷς
3613 3347 3699 3402 διὰ

2123 3442 2186 3496 τὸ
2215 3444 2280 3495 ἐκ
2317 3442 2582 3513 μεγέθους
2609 3442 3131 3513 δυσμεταχείριστον
3167 3440 3289 3495 οὑδέ
3321 3440 3597 3511 ἐνέλαμψέ
3617 3454 3699 3502 τις

2127 3533 2379 3606 ἐνέργεια
2407 3550 2422 3564 ο
2448 3536 2497 3587 ot
2524 3534 2580 3588 δὲ
2610 3536 2740 3606 περὶ
2772 3536 2840 3588 τὰ
2864 3533 2973 3604 ἐῷα
3003 3528 3164 3605 (ἦσαν
3192 3533 3249 3586 δέ
3279 3531 3514 3602 μάλιστα
3555 3533 3700 3584 ἐκεῖ·

2121 3645 2205 3682 νοι
2236 3628 2297 3680 τὸ
2335 3627 2590 3681 ναυτικὸν
2619 3626 2844 3698 πλῆθος)
2882 3626 3014 3699 πρὸς
3042 3627 3104 3679 τὸ
3131 3625 3526 3695 συνηθέστερον
3556 3626 3702 3677 ἔϐλε-

2124 3736 2245 3773 πον.
2274 3719 2383 3772 Καὶ
2409 3720 2878 3790 συσκευασάμενοι
2912 3718 3161 3790 μηχανὰς
3181 3720 3563 3790 πετροϐόλους,
3614 3736 3699 3790 μι-

2123 3808 2487 3879 κρομεγέθεις
2509 3809 2608 3880 μὲν
2636 3808 2907 3875 πλείονας,
2933 3809 3009 3874 ὡς
3031 3810 3406 3866 ἐπιϐουλεύειν
3427 3809 3496 3864 δι’
3518 3809 3696 3865 αὐτῶν

2123 3902 2238 3963 τοῖς
2265 3902 2329 3953 ἐκ
2356 3900 2466 3955 τῶν
2511 3901 2739 3972 τειχέων
2770 3901 3100 3972 πολεμοῦσιν
3144 3901 3468 3973 ἡμεδαποῖς,
3516 3901 3610 3954 δύο
3641 3899 3697 3954 δι

2128 3990 2406 4062 μείζονας,
2437 3983 2512 4044 ὧν
2544 3990 2748 4062 θατέρα
2800 3991 3029 4063 σεισμοῦ
3065 3992 3315 4062 θυγάτηρ
3346 3991 3696 4062 τολμήσαντα

2125 4080 2294 4149 φάναι
2318 4096 2333 4111 ’
2362 4079 2730 4149 ἐντεινάμενοι
2758 4080 2816 4133 δὲ
2849 4084 2944 4134 καὶ
2968 4083 3095 4143 τοὺς
3122 4081 3221 4152 τὴν
3249 4080 3696 4134 εὐεπιϐούλευτον

2123 4172 2332 4242 τάφρον
2379 4170 2651 4243 συρφετοῦ
2688 4171 3021 4244 πλήσοντας,
3057 4172 3155 4226 καὶ
3187 4175 3247 4225 τὸ
3280 4173 3594 4243 περίτειχος
3639 4171 3697 4224 δέ

2124 4264 2449 4317 κατασείσαι
2480 4264 2710 4330 δεινοὺς,
2743 4265 2840 4317 καὶ
2887 4263 2964 4335 τῷ
3004 4264 3173 4336 τείχει
3213 4263 3564 4334 προσϐαλεῖν,
3606 4263 3698 4317 καὶ

2125 4353 2370 4424 διορύξαι
2409 4355 2542 4410 αὐτὸ
2571 4357 2651 4417 είς
2681 4358 3059 4424 κατάπτωσιν,
3088 4356 3328 4426 ἐγίνοντο
3358 4355 3463 4409 τῶν
3496 4354 3694 4425 ἔργων,

2126 4447 2203 4508 εἰς
2226 4447 2348 4500 ὅσον
2370 4448 2652 4517 κραταιὸν,
2681 4449 2773 4500 καὶ
2798 4448 3093 4503 ἅκάθεκτοι
3117 4445 3564 4515 κατειργάζοντο.
3587 4445 3696 4499 Καὶ

439 4562 531 4613 ne,
557 4557 715 4598 mane
734 4550 914 4595 autem
947 4550 1075 4592 acre
1095 4542 1372 4590 certamen
1405 4531 1668 4586 inierunt.
1687 4526 1877 4584 Omnis
1895 4526 2021 4596 qui-

2129 4536 2457 4608 προὲτρεχον
2478 4537 2662 4600 αὐτοῖς
2679 4537 2898 4591 πάντων
2921 4540 3104 4609 συχνοὶ
3125 4536 3533 4608 ἀκροϐολισμοί.
3556 4536 3696 4608 Πρὸς

438 4641 563 4696 dem
594 4653 722 4709 pars
747 4629 1109 4690 occidentalis
1147 4622 1620 4697 comprehendens
1671 4628 1848 4675 totum
1892 4617 2023 4709 Acir:

440 4705 650 4788 cuituin
706 4726 852 4781 arcis
892 4723 970 4795 (in
1014 4721 1235 4777 modum
1271 4718 1419 4773 enim
1479 4712 1637 4768 falcis
1687 4724 1716 4763 a
1765 4707 1904 4764 mari
1953 4705 2023 4761 ad

442 4834 631 4897 portas
665 4822 754 4877 hic
783 4821 918 4875 sitas
947 4829 1113 4887 opera
1142 4810 1373 4867 turrium
1407 4806 1675 4878 producta
1699 4799 1887 4872 erant)
1912 4812 2022 4855 non

443 4913 799 4977 sollicitudini
838 4911 941 4966 fuit
982 4909 1138 4964 nobis
1176 4913 1231 4958 et
1261 4909 1376 4958 tuta
1433 4899 1638 4955 mansit
1669 4912 1686 4963 ;
1724 4909 1851 4966 pars
1892 4902 2022 4948 vero

441 5008 725 5068 orientalis
789 5018 1006 5062 omnem
1072 5003 1333 5070 impetum
1410 4992 1701 5049 sustinuit.
1753 4985 2020 5043 Fervebat

444 5120 623 5177 pugna
659 5104 715 5157 in
756 5099 938 5155 littore
982 5093 1170 5160 maris,
1214 5085 1617 5177 primum,quia
1658 5083 1785 5177 loca~
1829 5086 2020 5177 contra

444 5174 635 5253 muros
670 5193 817 5248 sicca
883 5188 1225 5256 reliquerant
1258 5196 1413 5251 aqua:
1446 5176 1635 5239 maris,
1669 5174 1845 5230 aestivi
1883 5181 2022 5226 tem-

441 5289 596 5360 poris
627 5299 813 5349 causa,
843 5281 1098 5350 quodque
1144 5290 1296 5331 mare
1342 5273 1563 5344 plenum
1609 5283 1719 5323 non
1783 5274 1901 5322 erat
1930 5277 2023 5320 us-

442 5356 551 5450 que
578 5376 644 5432 ad
686 5372 1018 5429 munitiones
1038 5407 1054 5434 ,
1090 5368 1163 5421 ita
1198 5358 1258 5420 ut
1289 5362 1525 5433 spatium
1577 5358 1780 5450 grande
1803 5356 2019 5450 adpu-

443 5447 606 5541 gnam
645 5466 754 5520 illis
794 5461 1042 5529 relictum
1096 5457 1293 5511 fuisset
1317 5467 1345 5506 a
1374 5451 1647 5507 mmnibus
1689 5447 2021 5502 littoralibus

445 5538 611 5631 atque
627 5558 696 5614 ab
721 5567 973 5625 aequore;
1005 5560 1111 5603 tum
1132 5548 1256 5617 quia
1279 5544 1457 5600 Latini
1477 5544 1547 5596 ob
1570 5541 1817 5613 peritiam
1842 5538 2018 5631 quain

442 5629 588 5707 bello
618 5647 894 5720 pollebant
923 5642 1016 5698 hic
1054 5642 1226 5709 magis
1251 5636 1557 5708 urgendum
1591 5636 1858 5688 viderant.
1893 5629 2018 5686 Inde

444 5743 592 5796 enim
619 5737 849 5804 c0gnovi
879 5733 1109 5805 malum
1142 5732 1385 5803 potuisse
1411 5727 1606 5782 lmdcre
1635 5740 1758 5790 nos,
1779 5742 1844 5780 e0
1873 5729 2017 5793 quod

445 5831 682 5895 primum
728 5842 1051 5900 permanere
1078 5824 1173 5881 diu
1220 5830 1497 5895 poterant,
1553 5821 1860 5876 cumlittns
1912 5821 2014 5874 hoc

2125 4626 2306 4698 δείλην
2333 4629 2444 4698 γὰρ
2469 4629 2834 4699 κατασχόντες
2861 4629 2959 4693 τὰς
2995 4628 3127 4692 ναῦς
3159 4630 3242 4692 είς
3283 4628 3496 4700 αὔριον,
3528 4628 3694 4681 ἐωθεν

2127 4715 2307 4789 μάχης
2342 4721 2614 4790 κρατερᾶς
2665 4720 2981 4791 ἐνήρξαντο.
3016 4721 3124 4774 Καὶ
3170 4718 3233 4773 τὸ
3286 4719 3387 4790 μὲν
3433 4717 3694 4787 δυσμικὸν

2123 4808 2271 4862 eum
2302 4810 2409 4870 ἐως
2459 4810 2554 4863 καὶ
2586 4811 2668 4874 είς
2711 4811 2834 4865 ὅλον
2878 4812 2939 4865 τὸ
2977 4810 3164 4882 κύκλῳ
3201 4811 3302 4880 τῆς
3347 4810 3694 4882 ἀκροπόλεως

2124 4901 2290 4973 (κατὰ
2317 4904 2503 4975 σχῆμα
2524 4902 2635 4977 γάρ
2659 4921 2712 4957 τι
2744 4903 3016 4976 δρεπάνου
3052 4905 3117 4958 ἐκ
3152 4903 3427 4974 θαλάσσης
3458 4903 3565 4967 ἐως
3599 4901 3695 4956 καὶ

2123 4991 2232 5047 τῶν
2254 4994 2435 5047 ἐκεῖσε
2485 4993 2670 5048 πυλῶν
2714 4996 3012 5065 περιήγετο
3046 4994 3388 5069 πυργηροῦν)
3422 4996 3521 5066 οὐχ
3552 4994 3692 5048 οὕτω

2124 5084 2428 5154 πράγματα
2458 5086 2593 5156 ἡμῖν
2626 5089 2913 5157 παρεῖχεν,
2936 5084 3059 5140 οὔτε
3087 5084 3377 5157 τραύματα
3410 5084 3687 5156 ἐνέτρι6ε’

2121 5175 2183 5228 τὸ
2212 5175 2270 5229 δέ
2298 5175 2357 5242 ἐξ
2389 5176 2654 5247 ἀνατολῆς
2682 5176 2990 5247 ἐθηριοῦτο.
3025 5171 3135 5230 Ἦν
3158 5175 3218 5231 δὲ
3266 5177 3448 5247 μάχης
3478 5175 3693 5230 ἐλεύθε-

2128 5283 2222 5337 ρον
2247 5266 2309 5320 τὸ
2341 5267 2605 5337 παράλιον
2641 5268 2783 5333 ὅλον,
2841 5268 2903 5320 τὸ
2955 5269 3076 5338 μὲν,
3108 5269 3190 5322 ὅτι
3226 5269 3355 5339 ψιλὰ
3400 5267 3691 5323 θαλασσίου

2128 5358 2316 5423 ὕδατος
2345 5355 2412 5430 ἦν
2437 5362 2506 5413 τά
2533 5359 2669 5431 πρὸς
2696 5359 2775 5431 τῷ
2807 5361 2975 5431 τείχει
3014 5361 3103 5417 διὰ
3135 5362 3229 5416 τὸν
3259 5362 3450 5434 καιρὸν
3481 5362 3690 5432 θερινὸν

2122 5450 2269 5516 ὄντα,
2297 5454 2388 5505 καὶ
2421 5453 2494 5522 μὴ
2525 5452 2831 5525 πληθύοντα
2876 5454 2975 5525 τὴν
3010 5454 3284 5510 θάλασσαν
3323 5455 3485 5526 μέχρι
3512 5456 3604 5509 καὶ
3633 5455 3691 5517 ἐς

2123 5543 2285 5597 αὐτὸν
2319 5546 2623 5615 τειχισμὸν,
2647 5547 2721 5610 ὡς
2754 5547 3002 5600 ἐντεῦθεν
3059 5548 3117 5615 ἐξ
3164 5549 3522 5620 ἀσυμμέτρου
3576 5551 3687 5609 τοῖς

2123 5637 2188 5689 ἐκ
2216 5637 2324 5689 τῶν
2350 5638 2632 5707 παραλίων
2658 5641 2882 5708 τειχέων
2913 5641 3006 5694 καὶ
3030 5640 3129 5709 τῆς
3156 5642 3222 5693 ἐκ
3250 5641 3521 5710 θαλάττης
3546 5636 3685 5715 εἷμαι

2122 5729 2220 5797 τὴν
2258 5730 2467 5800 μάχην·
2498 5729 2559 5781 τδ
2587 5730 2654 5795 δ’,
2681 5732 2764 5783 ὅτι
2790 5732 3057 5800 δαήμονες
3080 5733 3235 5796 ὄντες
3255 5735 3457 5787 ἐκεῖνοι
3486 5735 3684 5802 μάχης,

2122 5823 2251 5891 περὶ
2281 5822 2337 5875 τὸ
2379 5822 2573 5877 πονοῦν
2603 5823 2802 5894 μᾶλλον
2850 5824 2950 5892 τῆς
3000 5826 3208 5889 πόλεως
3242 5826 3576 5897 ἐμελέτησαν
3604 5824 3687 5877 ἐν-
