3968 6560
256 355 336 422 69
1082 357 1181 418 DE
1219 359 1506 420 THESSA
1522 359 1792 422 LONICA
1833 363 2044 426 URBE
2087 369 2133 426 A
2168 368 2480 431 LATINIS
2504 369 2760 431 CAPTA.
3493 372 3569 440 το

253 474 458 541 τήκειν
498 469 742 540 πληγάς.
789 471 1038 526 Ἐκεῖθεν
1069 473 1180 543 γὰρ
1212 473 1442 542 διέγνων
1488 474 1752 530 δύνασθαι
1785 477 1854 531 ἂν

1980 484 2034 536 sit
2083 483 2418 552 profundum
2479 486 2714 559 ideoque
2765 495 2960 557 portus
3013 489 3384 557 commodus;
3443 499 3561 546 tum

256 567 472 638 βλάψαι
502 566 677 636 ἡμᾶς,
710 568 788 632 ὡς
837 568 932 620 καὶ
966 566 1354 638 προσεδρεύειν
1400 567 1462 622 εὖ
1515 569 1662 638 μάλα
1693 569 1856 624 δυνά-

259 677 421 729 μενοι
452 659 543 712 διά
578 659 640 712 τὺ
673 659 768 712 τοῦ
802 659 1054 727 αἰγιαλοῦ
1085 660 1384 730 ἀγχιὸαθὲς
1418 663 1512 715 καὶ
1545 661 1722 728 οὕτως
1765 664 1858 716 εὑ-

252 753 484 822 λίμενον
505 771 523 788 ο
555 755 649 806 καὶ
678 753 761 807 δτι
801 755 895 806 καὶ
920 753 980 806 τὸ
1017 755 1196 822 τεῖχος
1225 757 1329 808 οὐκ
1380 757 1555 826 ἀπονή
1568 774 1674 826 ρως
1711 755 1860 828 εἶχεν
1893 779 1896 784 ·

255 850 468 909 ἐκεῖσε.
505 847 747 916 ἀτέχνως
778 865 836 900 τε
883 847 980 918 τὴν
1010 848 1188 919 ἀρχὴν
1221 851 1511 914 συσταθὲν,
1541 856 1633 906 καὶ
1665 854 1766 907 οὐκ
1799 854 1860 908 εὖ

258 939 583 1009 συμπαγὲν.
621 941 713 993 καὶ
777 939 916 1011 μηδὲ
974 941 1356 1013 μεμελημένον
1404 945 1530 1016 ἄρτι
1575 946 1655 1017 τῷ
1707 947 1860 1018 καλῷ

268 1047 587 1104 meamea-

336 1212 400 1277 ξ’.
447 1211 647 1283 Ἐᾠκει
697 1212 807 1285 γὰρ
859 1211 1030 1286 ίατρῷ
1081 1215 1591 1288 παρακολουθοῦντι
1644 1219 1864 1290 σώματι

261 1305 526 1360 πονοῦντι
558 1309 676 1375 μὲν,
705 1307 803 1377 οἴῳ
827 1307 884 1360 δὲ
920 1309 996 1377 μὴ
1027 1308 1326 1378 φιλεῖσθαι,
1359 1312 1436 1377 ὡς
1459 1313 1863 1388 ἀναποιηθῆναι

261 1399 406 1470 πρὸς
441 1397 679 1466 ὑγίειαν,
707 1398 1004 1452 κάντεῦθεν
1035 1399 1330 1469 ἀμελοῦντι
1361 1402 1422 1455 τὸ
1449 1404 1635 1457 νοσοῦν
1661 1407 1865 1460 ἀνακο-

265 1489 566 1558 μίσασθαι.
592 1491 704 1544 Καὶ
737 1490 840 1543 οὐκ
877 1490 994 1544 ἔστι
1019 1491 1380 1562 διαπιστῆσαι
1429 1495 1556 1560 τοὺς
1596 1495 1658 1550 εὖ
1705 1515 1868 1552 κατε-

263 1581 560 1648 γνωκότας
577 1581 637 1636 τὸ
657 1583 910 1652 πρᾶγμα,
932 1583 1006 1646 ὡς
1027 1585 1169 1638 πάνυ
1196 1602 1245 1638 τι
1270 1585 1447 1658 βραχὺ
1476 1588 1741 1658 προδότου
1767 1589 1864 1644 τοῦ

264 1675 482 1742 κυρίως
507 1676 812 1744 διενεγκεῖν
845 1677 874 1728 6
903 1675 1068 1729 Δαυῒδ
1115 1677 1372 1745 φαίνεται
1429 1681 1557 1733 καθ’
1587 1682 1750 1752 ἡμῶν
1770 1699 1784 1713 ·
1816 1683 1865 1736 εί

268 1767 348 1838 μή
385 1785 471 1832 τις
509 1769 618 1840 ἀρα
651 1768 988 1841 θερμότερον
1017 1770 1350 1835 ὲπιόἀλλων,
1373 1772 1446 1836 ὡς
1477 1773 1534 1828 ἐν
1568 1793 1676 1828 τινι
1727 1775 1861 1830 πλά·

267 1875 462 1928 στιγγι
503 1859 799 1929 παρισάζοι
849 1862 1056 1914 ἐκεῖνον
1101 1864 1180 1925 είς
1219 1863 1488 1935 προδότην
1516 1866 1864 1938 αὐτόχρημα.
1892 1842 1940 1903 Β

265 1953 408 2024 Δίχα
447 1953 556 2024 γὰρ
583 1953 882 2008 συνθεσιῶν
918 1955 1010 2008 ἐπὶ
1045 1957 1230 2026 ῥητοῖς
1259 1956 1358 2010 καὶ
1391 1957 1683 2028 μηνύσεων
1725 1977 1866 2028 γνω-

272 2046 477 2114 ρίμων,
512 2045 550 2100 ἀ
579 2046 644 2118 δὴ
670 2049 763 2100 καὶ
792 2047 933 2101 αὐτὰ
962 2047 1150 2102 πολλοὶ
1183 2049 1592 2120 κατηγοροῦσιν
1624 2050 1866 2117 ἐκείνου,

269 2139 446 2193 τᾶλλα
485 2142 666 2195 πάντα
714 2140 1052 2212 προδοτικῶς
1083 2137 1232 2212 εῖχεν
1258 2145 1286 2196 6
1330 2143 1494 2214 ἀνήρ.
1541 2145 1652 2197 Καὶ
1687 2144 1871 2198 κοινὸν

270 2233 428 2305 αὐτῷ
455 2252 517 2288 τε
551 2239 644 2290 καὶ
673 2235 754 2304 τῷ
796 2237 940 2290 κατὰ
975 2235 1214 2309 σπονδὴν
1252 2237 1497 2308 φανερὰν
1528 2236 1707 2300 ἄλλως
1737 2254 1872 2306 προσ

268 2327 402 2398 δᾶτῃ
437 2328 499 2382 τὸ
543 2325 640 2382 τοῦ
692 2327 875 2383 κοινοῦ
913 2330 1010 2399 μὲν
1053 2329 1333 2402 ύπερορᾷν
1367 2331 1870 2402 περιφρονητικῶς,

271 2421 456 2491 ἑαυτῷ
481 2421 540 2474 δὲ
566 2422 714 2492 μόνῳ
747 2421 1070 2492 χαρίζεσθαι
1097 2439 1110 2454 ·
1142 2423 1239 2477 καὶ
1275 2423 1633 2493 προτίθεσθαι
1660 2423 1874 2487 πάντας

275 2513 378 2584 μὲν
399 2513 649 2578 ἀπιέναι,
669 2517 944 2586 περιεῖναι
966 2515 1022 2568 δὲ
1057 2515 1196 2586 μόνα
1221 2516 1287 2568 τὰ
1314 2515 1434 2569 κατ’
1455 2515 1640 2572 αὐτόν.
1667 2515 1873 2586 ’Βρεμι

273 2624 446 2676 φοντο
493 2609 544 2661 oi
594 2609 1008 2677 στρατιωτικοὶ,
1058 2611 1144 2663 ὅτι
1177 2609 1245 2662 τὰ
1289 2606 1597 2679 πετροϐόλοι
1629 2610 1686 2660 ὲν
1738 2609 1873 2678 ἡμῖν

271 2699 490 2772 ὄργανα
525 2701 628 2754 οὐκ
663 2701 983 2772 εὐχρήστως
1029 2699 1199 2774 εἶχον,
1225 2701 1300 2766 ὡς
1334 2702 1704 2772 ἀντιφερίζειν
1736 2704 1874 2772 πρῆς

272 2794 347 2846 τὰ
373 2793 489 2847 τῶν
519 2793 859 2864 ἀντιμαχων.
902 2794 964 2848 '0
993 2795 1049 2848 δὲ
1073 2795 1234 2864 ἀφεὶς
1277 2794 1581 2865 κατορθοῦν
1613 2795 1674 2846 τὸ
1706 2793 1874 2863 ψεγό-

279 2901 470 2956 μενον,
492 2886 615 2954 καὶ,
645 2885 710 2938 Τί
741 2886 952 2958 ποιήσω
971 2902 985 2948 ς
1005 2886 1180 2954 ἔλεγε,
1214 2887 1309 2939 καὶ
1329 2887 1556 2956 ἠρκεῖτο
1583 2886 1759 2939 εἰπεῖν
1787 2902 1878 2938 το-

277 2977 478 3034 σοῦτον
521 2979 552 3033 6
603 2979 818 3050 κομψὸς
876 2979 1298 3049 Πυθαγοριστής
1324 2993 1339 3010 ο
1363 2979 1539 3032 δοκῶν
1575 2979 1699 3049 μὲν,
1731 2979 1876 3050 ἱερὸν

277 3067 429 3128 εἶναι
459 3074 624 3144 σιγῆς
669 3073 758 3128 διὰ
798 3073 861 3128 τὸ
910 3072 1205 3144 ἐχεμυθεῖν
1239 3073 1310 3126 τὰ
1342 3071 1535 3137 πλείω,
1589 3071 1768 3136 ἄλλως
1819 3072 1876 3125 δὲ

1959 576 2104 646 quod
2137 592 2327 633 murus
2347 579 2631 644 quamviss
2658 582 2926 636 ecundum
2956 591 3125 638 artem
3147 583 3396 639 bellicam
3430 598 3567 638 con-

1961 680 2225 739 structus,
2258 688 2358 728 nec
2402 674 2597 745 perite,
2623 679 2730 730 nec
2762 674 2936 730 solide
2970 690 3000 730 a
3031 677 3297 746 principio
3333 676 3569 733 adiﬁca-

1967 773 2051 822 tus
2094 752 2293 832 fuerat,
2331 777 2386 824 et
2415 775 2643 824 strenuo
2683 765 2974 826 defensore
3009 772 3253 828 carebat.

2037 1217 2126 1274 60.
2156 1218 2289 1274 Erat
2320 1218 2468 1273 enim
2535 1218 2736 1274 similis
2773 1217 2992 1274 medico
3059 1216 3281 1273 curanti
3358 1230 3566 1286 corpus

1965 1321 2236 1380 aegrotum
2290 1313 2528 1382 ideoque
2574 1313 2696 1368 sine
2734 1311 3153 1375 blandimentis,
3220 1319 3280 1364 ιιι
3341 1307 3567 1364 sanitati

1967 1403 2309 1464 restituatur,
2337 1404 2544 1473 quique
2588 1418 2698 1458 non
2722 1403 2834 1473 jam
2859 1403 3132 1459 sollicitus
3165 1411 3250 1458 est
3275 1402 3344 1458 de
3371 1402 3568 1458 morbo

1967 1496 2235 1552 sanando.
2288 1495 2452 1551 Juxta
2509 1511 2653 1560 nos,
2689 1506 2751 1551 ut
2807 1496 3040 1566 quilibet
3109 1511 3224 1551 rem
3289 1509 3568 1562 cognove-

1967 1589 2098 1652 rint,
2149 1587 2315 1643 David
2353 1603 2381 1641 a
2418 1587 2702 1657 proditore
2763 1588 2943 1658 reipsa
3003 1588 3286 1659 paululum
3343 1587 3569 1644 differre

1968 1680 2222 1745 videtur;
2277 1679 2385 1734 nisi
2445 1680 2574 1750 quis
2638 1694 2916 1750 reponens
2989 1681 3319 1742 ardentius,
3372 1679 3569 1751 prodi-

1969 1772 2076 1827 tori
2151 1779 2394 1839 tequaret
2467 1772 2622 1826 illum
2699 1773 2755 1828 in
2807 1772 3048 1828 bilancc.
3103 1773 3362 1842 Exceptis
3418 1771 3566 1827 enim

1970 1872 2276 1920 conventus
2312 1863 2498 1917 statuti
2523 1863 2803 1934 signisque
2835 1863 3026 1927 certis,
3057 1861 3242 1917 omnia
3276 1861 3404 1925 alia,
3431 1876 3573 1932 quo-

1970 1971 2090 2012 rum
2128 1956 2282 2011 multi
2312 1955 2466 2012 illum
2502 1965 2762 2023 arguunt,
2783 1955 2988 2027 perﬁde
3016 1954 3146 2026 egit.
3168 1954 3249 2009 Illi
3275 1966 3570 2009 commune

1970 2059 2057 2106 est
2121 2050 2329 2106 scilicet
2384 2065 2510 2105 cum
2567 2050 2882 2121 proditore,
2925 2049 3220 2104 manifeste
3280 2048 3420 2103 alias
3476 2062 3574 2102 ne-

1971 2146 2243 2217 gotiante,
2299 2145 2501 2200 bonum
2565 2158 2860 2198 commune
2905 2144 3180 2213 negligere
3208 2141 3428 2212 sibique
3463 2141 3571 2196 soli

1973 2239 2284 2308 providere,
2345 2253 2541 2294 omnes
2597 2239 2879 2294 dimittere
2929 2251 3141 2307 suaque
3190 2237 3308 2292 sola
3373 2234 3569 2290 sedulo

1973 2347 2188 2386 curare.
2221 2331 2611 2398 Querebantur
2645 2331 2850 2386 milites
2882 2331 3030 2400 quod
3063 2330 3336 2385 machina:
3365 2337 3570 2383 nostra:

1974 2443 2083 2481 non
2137 2436 2276 2496 aptae
2328 2433 2513 2481 essent
2567 2426 2633 2480 ad
2685 2425 3032 2490 repellendos
3090 2423 3236 2478 ictus
3299 2421 3566 2476 hostium.

1975 2517 2131 2586 Quod
2190 2534 2320 2574 vero
2380 2517 2892 2587 reprehendebatur
2929 2532 3036 2570 non
3075 2515 3398 2571 emendans.
3425 2512 3571 2579 Quid

1979 2611 2174 2666 faciam
2199 2611 2222 2664 ’ί
2251 2612 2454 2676 aiebat,
2485 2619 2815 2680 tantumque
2842 2609 3120 2672 utiatuus
3171 2607 3570 2679 Pythagoricus

1976 2705 2236 2768 addebat,
2275 2703 2450 2758 videri
2493 2703 2597 2759 sibi
2650 2702 2912 2772 templum
2941 2716 3066 2757 esse
3091 2699 3295 2755 silentii
3340 2699 3411 2753 ob
3451 2697 3572 2766 ple-

1979 2815 2147 2868 raque
2204 2798 2460 2864 tacenda,
2489 2797 2614 2853 aliis
2675 2799 2942 2852 adversus
2993 2794 3348 2852 insidiatores
3395 2790 3572 2847 sull'o-

1977 2888 2191 2944 caturis
2220 2891 2407 2956 verba,
2429 2890 2550 2946 aliis
2577 2899 2790 2945 rctentu
2803 2889 2876 2946 ris
2898 2890 2968 2944 ob
3001 2889 3138 2942 mala
3167 2884 3570 2942 dissimulanda

1976 2982 2155 3045 obque
2220 2991 2436 3038 secreta
2509 2979 2944 3053 profundissime
3001 2977 3375 3035 recondenda.
3429 2975 3570 3031 Cum

1977 3073 2224 3129 audisset
2271 3075 2473 3130 moenia
2529 3074 2792 3144 occupari
2858 3073 2927 3128 ab
2993 3071 3248 3128 hostibus
3309 3085 3376 3125 eo
3424 3069 3572 3139 quod

278 3167 432 3221 κατά
459 3167 586 3230 τοὺς
619 3164 896 3237 λοχῶντας
947 3165 1158 3235 πνίγων
1191 3164 1290 3236 τὴν
1335 3164 1528 3218 λαλιὰν
1563 3164 1873 3236 ἄνθρωπος.

1983 3181 2176 3238 parum
2204 3167 2379 3223 solida
2403 3175 2614 3233 essent,
2648 3181 2780 3222 voce
2804 3166 3061 3221 obscmna
3089 3175 3247 3221 utens
3275 3164 3340 3218 ad
3367 3173 3572 3220 matres

279 3257 498 3330 ἐπέχων
569 3259 665 3312 καὶ
695 3257 765 3312 ea
799 3258 857 3320 ἐς
907 3257 1176 3327 πονηρίαν
1209 3257 1518 3328 ἀδιόρατος,
1573 3257 1668 3310 καὶ
1705 3255 1766 3309 τό
1812 3273 1875 3324 γε

1985 3260 2226 3316 hostium
2253 3261 2549 3318 alludebat.
2593 3259 2820 3330 Sagittis
2859 3259 3275 3323 deficientibus,
3321 3273 3348 3312 a
3385 3271 3574 3314 muros

279 3350 588 3422 κρυψίνουν
638 3348 1000 3420 πολυϐενθής.
1035 3349 1293 3414 Ἤκουεν,
1346 3347 1421 3408 ὡς
1453 3347 1517 3400 τὸ
1561 3348 1878 3418 περίτειχος

280 3442 778 3514 καταλαμϐάνεται
809 3441 898 3495 διὰ
947 3442 1009 3495 τὸ
1043 3440 1326 3512 ἀνεχύρως
1359 3439 1506 3510 ἔχειν
1527 3455 1542 3472 °
1578 3442 1672 3494 καὶ
1704 3441 1878 3510 παρέ-

282 3551 507 3604 πεμπεν
529 3533 660 3588 αὐτὸ
688 3535 810 3600 ταῖς
839 3536 1081 3607 μητράσι
1104 3535 1211 3588 τῶν
1241 3533 1518 3605 πολεμίων
1541 3535 1873 3605 παραϐύειν,

281 3627 418 3683 ἔνθα
467 3629 903 3699 αἰσχρορῤήμων
949 3627 1096 3683 εἴποι
1135 3627 1202 3681 ἂν
1249 3629 1410 3698 ἀνὴρ.
1454 3627 1876 3682 Ἐπιλειπόντων

283 3720 512 3787 ὀϊστῶν,
546 3723 660 3785 τοῖς
684 3722 777 3774 επὶ
804 3720 918 3774 τῶν
953 3721 1186 3790 τειχέων
1211 3717 1278 3792 ἦν
1311 3721 1483 3792 βελῶν
1519 3722 1770 3793 ζήτησις.
1816 3722 1876 3774 Ὀ

283 3815 342 3868 δὲ
372 3814 472 3869 καὶ
498 3813 602 3868 ποῦ
636 3813 703 3868 ἀν
755 3813 956 3875 αὐτοὺς
988 3813 1164 3885 ε’ύροι,
1194 3814 1616 3884 ύπετονθόρυζε,
1649 3814 1745 3870 καὶ
1775 3815 1881 3867 ἐδί-

284 3903 379 3957 δου
415 3902 608 3974 μηδὲν,
641 3903 736 3957 καὶ⁸
779 3904 814 3976 ἠ
855 3903 1008 3968 πόλις
1060 3903 1322 3974 ἔκαμνεν.
1367 3903 1598 3958 Ἐκλᾶτο
1636 3905 1877 3974 μηχανὴ,

285 3997 387 4050 καὶ
423 3991 496 4066 ἦν
532 3995 808 4064 ἀναγκαία
843 3995 1261 4066 ὲπιποιηθῆναι,
1287 3997 1382 4051 καὶ
1417 3995 1668 4068 ἐξῃτεῖτο
1695 3997 1877 4064 ξύλον·

287 4088 385 4142 καὶ
419 4085 526 4140 ποῦ
557 4085 625 4140 ἀν
648 4087 735 4158 εἴη
763 4086 918 4152 αὐτὸ,
945 4087 1265 4158 παρελάλει.
1307 4088 1611 4158 Ἐμάνθανί
1636 4107 1720 4154 τις
1751 4089 1880 4144 ἀλλο

286 4195 344 4233 τι
366 4179 545 4233 ἐνδεῖν
577 4178 687 4232 τῶν
712 4179 962 4244 δεόντων,
994 4181 1089 4234 καὶ
1110 4179 1290 4234 ὲλάλει
1315 4195 1328 4210 ⁸
1362 4181 1458 4234 καὶ
1479 4176 1548 4252 ἦν
1573 4182 1880 4250 τηνικαῦτα

289 4275 318 4325 6
341 4272 489 4326 κατά
517 4272 818 4342 παροιμίαν
847 4271 1070 4343 σιγηλὸς
1100 4274 1251 4344 ἥρως
1271 4273 1578 4346 Εὐρυὸόας,
1605 4275 1700 4328 καὶ
1724 4275 1883 4346 ἠπει-

290 4363 442 4417 λεῖτο
470 4366 611 4418 κατά
645 4365 894 4436 πληγῶν,
923 4366 1063 4419 κατά
1093 4367 1358 4437 κεφαλῆς,
1411 4368 1553 4420 κατά
1591 4368 1880 4437 ὀμμάτων,

294 4458 446 4512 κατά
477 4457 870 4530 σκολοπισμοῦ,
897 4461 944 4512 εἰ
983 4459 1058 4529 μὴ
1090 4458 1388 4512 παύσοιντο
1411 4458 1595 4514 λαλεῖν
1635 4461 1684 4513 οἱ
1713 4461 1886 4514 τοιοῦ-

1982 3349 2407 3405 defendentihus
2457 3351 2849 3417 qu:erebantur
2893 3347 3100 3412 iacula.
3163 3348 3221 3404 Si
3271 3348 3397 3416 quis
3440 3361 3576 3402 vero

1983 3441 2186 3496 alicubi
2229 3442 2556 3505 invenisset,
2585 3440 2994 3506 murmurabat,
3031 3453 3134 3494 nec
3166 3440 3338 3493 ullum
3383 3439 3574 3500 dabat,

1981 3533 2296 3601 civitasque
2353 3533 2665 3587 laborabat.
2711 3532 2966 3588 Machina
3003 3533 3175 3589 fracta
3209 3543 3265 3587 ut
3291 3547 3576 3603 reparare-

1985 3637 2096 3694 tur,
2139 3627 2342 3697 lignum
2377 3627 2767 3696 qumrebatur;
2801 3635 2930 3680 tunc
2974 3625 3094 3679 lora
3138 3625 3386 3681 materiis
3414 3625 3576 3695 plena

1983 3720 2297 3786 indicabat;
2329 3736 2450 3774 cum
2484 3721 2608 3790 quis
2639 3718 2849 3774 diceret
2895 3717 3040 3771 aliud
3070 3717 3347 3788 quoddam
3380 3731 3575 3772 neces-

1983 3813 2188 3868 sarium
2249 3814 2465 3877 deesse,
2505 3813 2624 3881 ipse
2683 3827 2968 3867 sermones
3001 3811 3222 3876 ciebat;
3270 3819 3406 3866 tunc
3458 3817 3577 3866 erat

1981 3904 2138 3975 juxta
2169 3904 2524 3975 proverbium
2556 3903 2870 3958 taciturnus
2905 3901 3190 3970 Enryboas
3220 3901 3422 3967 heros;
3449 3915 3574 3955 nam

1983 3998 2299 4059 verberum,
2346 3996 2568 4064 capitis.
2617 3995 2906 4050 oculorum
2963 3994 3184 4063 palique
3229 4007 3444 4061 poenam
3475 3993 3574 4047 mi-

1985 4091 2222 4145 nabatur
2249 4088 2352 4144 nisi
2384 4087 2531 4155 loqui
2573 4094 2876 4151 cessarent,
2900 4085 3096 4155 jurans
3136 4099 3233 4156 per
3257 4093 3424 4154 caput
3475 4085 3578 4139 im-

1985 4183 2262 4253 peratoris
2308 4180 2584 4234 minarum
2636 4188 2913 4235 certarmn
2971 4177 3128 4232 [idem
3164 4177 3304 4234 fore.
3346 4178 3576 4246 Quidam

1985 4284 2168 4330 autem
2230 4291 2340 4328 non
2397 4273 2623 4328 omnino
2688 4270 2933 4341 plebeius
2967 4273 3148 4341 capite
3203 4270 3364 4327 laesus
3394 4279 3478 4326 est
3524 4277 3578 4324 et

1987 4367 2166 4422 fronte
2211 4366 2358 4438 virga
2392 4379 2715 4436 percussus,
2771 4377 2838 4416 eo
2888 4363 3034 4432 quod
3081 4363 3147 4418 de
3200 4363 3338 4417 maia
3367 4362 3579 4417 ratione

1993 4459 2186 4530 agendi
2223 4459 2458 4512 militum
2499 4457 2658 4511 ducis
2710 4463 2941 4524 questus
2963 4466 3140 4522 esset;
3190 4471 3463 4526 nemoque
3510 4471 3576 4509 ex

290 4565 378 4601 τοι
410 4566 426 4580 ο
459 4548 821 4621 διομνύμενος
852 4551 932 4612 είς
973 4551 1158 4602 πίστιν
1196 4548 1469 4619 σταθερᾶς
1518 4550 1750 4619 ἀπειλῆς
1787 4549 1875 4622 βα-

1995 4549 2301 4604 astantibus
2346 4564 2414 4605 ne
2465 4549 2759 4604 mussitare
2798 4547 3017 4616 quidem
3058 4561 3229 4602 ausus
3279 4553 3384 4601 est.
3435 4543 3578 4598 Mili-

293 4640 517 4712 σιλικὴν
571 4641 838 4712 κεφαλήν.
871 4641 991 4695 Τῶν
1047 4659 1130 4706 τις
1178 4641 1234 4695 δὲ
1287 4641 1348 4694 ού
1388 4643 1531 4697 πάνυ
1565 4641 1660 4695 τοῦ
1704 4642 1880 4713 δήμου

295 4736 396 4788 καὶ
454 4735 701 4805 κατεάγη
736 4735 837 4805 τῆς
877 4734 1146 4803 κεφαλῆς.
1180 4736 1250 4788 τά
1298 4735 1429 4804 περὶ
1475 4735 1537 4788 τὸ
1588 4734 1884 4804 πρόσωπον

299 4827 487 4902 ῥάϐδῳ
516 4829 769 4898 πληγεὶς,
797 4827 882 4880 ὅτι
913 4827 978 4880 τὰ
1012 4827 1356 4897 στρατηγικά
1385 4825 1603 4895 φαύλως
1631 4826 1886 4896 ἐνεργού-

300 4938 443 4991 μενα
476 4919 895 4990 κατεμέμψατο.
930 4918 1038 4971 Καὶ
1067 4916 1177 4969 τῶν
1219 4915 1524 4986 βλεπόντων
1555 4914 1730 4976 οὐδεὶς
1760 4915 1884 4966 οὐδὲ

293 5010 572 5081 γογγύσαι
602 5010 925 5080 τετόλμηκε.
952 5007 1293 5076 Στρατιῶται
1343 5006 1397 5059 δὲ
1439 5003 1889 5078 παρρησιαζόμε-

294 5121 404 5167 vat,
435 5105 532 5155 καὶ
561 5101 701 5171 ὀρθὰ
727 5099 1043 5166 λαλοῦντες,
1069 5099 1128 5152 ἓν
1165 5097 1326 5168 μόνον
1362 5096 1500 5167 πρὸς
1549 5095 1644 5149 τοῦ
1680 5096 1883 5150 ἀτόπου

296 5197 528 5266 ἢκουον,
557 5195 632 5258 ὡς
659 5194 742 5247 ὅτι
775 5194 1082 5246 κατατόπια
1112 5189 1392 5262 είληχότες
1423 5189 1628 5250 ἐκεῖσε,
1663 5187 1759 5241 καὶ
1792 5188 1890 5258 μό-

297 5304 393 5341 νον
425 5286 710 5342 πονεῖσθαι
761 5287 1011 5354 ἀνὶιγκην
1045 5283 1252 5355 ἔχουσι,
1303 5281 1465 5334 πλέον
1496 5280 1554 5333 δέ
1594 5297 1648 5333 τι
1683 5279 1759 5351 μὴ
1792 5297 1890 5333 πει-

299 5376 725 5449 ριεργάξεσθαι,
753 5376 802 5429 εί
831 5375 908 5447 μὴ
940 5376 1087 5429 κακά
1122 5374 1364 5442 αἱροῖντο
1391 5370 1702 5426 πείσεσθαι.
1736 5371 1889 5424 Σῖτον

295 5472 639 5543 ἑπαρκέσειν
671 5474 738 5542 τῇ
770 5469 925 5524 πόλει
947 5469 1206 5541 ὀφείλων,
1230 5469 1258 5520 6
1289 5468 1336 5523 δ’
1365 5469 1422 5532 ἐς
1452 5467 1708 5522 τοσοῦτον
1738 5467 1887 5540 ἀπη-

1991 4650 2072 4696 tes
2103 4644 2198 4713 qui
2236 4643 2406 4697 libere
2437 4652 2690 4710 recteque
2730 4641 2878 4711 loqui
2929 4641 3128 4702 solent,
3162 4655 3332 4696 unum
3363 4646 3575 4692 tantum

1991 4745 2187 4806 praeter
2232 4736 2460 4790 stultum
2506 4734 2845 4799 audiebant,
2873 4734 3020 4804 quod
3053 4734 3178 4802 quia
3215 4747 3322 4788 τ.οη
3359 4732 3464 4787 nisi
3490 4745 3576 4787 res

1991 4827 2188 4881 stultas
2227 4814 2464 4894 experiri
2506 4836 2560 4880 et
2596 4824 2768 4881 duras
2804 4825 2914 4893 pati
2958 4827 3134 4881 vocati
3184 4834 3372 4880 essent
3414 4825 3486 4879 ita
3518 4840 3579 4880 se

1994 4919 2238 4974 facturos
2267 4935 2392 4974 esse
2424 4934 2493 4973 ne
2525 4919 2709 4989 pejora
2744 4921 3042 4986 patiantur.
3077 4917 3432 4972 Frumentum
3449 4933 3574 4972 eum

1993 5011 2344 5082 suppeditare
2399 5010 2622 5065 deberet
2681 5008 2914 5073 civitati,
2959 5009 3012 5064 in
3071 5017 3284 5063 tantum
3347 5008 3578 5064 incuriae

1994 5105 2142 5159 venit
2191 5112 2247 5157 ut
2284 5119 2352 5158 ex
2417 5117 2480 5156 ea
2520 5101 2940 5156 circumstantia
2992 5110 3302 5170 opportuna
3351 5117 3577 5170 magnas

1993 5195 2216 5250 divitias
2252 5195 2354 5248 sibi
2397 5192 2670 5262 acciperet
2710 5189 2798 5263 (ex
2852 5191 2954 5246 hoc
2995 5206 3156 5262 quem
3194 5191 3430 5245 fructum
3479 5192 3580 5244 mi-

1993 5302 2084 5344 ser
2121 5289 2361 5356 percepit
2393 5286 2435 5356 ?)
2467 5284 2628 5339 fatuis
2653 5299 2781 5339 vero
2807 5285 3013 5339 civitati
3036 5299 3200 5340 causa
3228 5296 3372 5340 esset
3401 5301 3417 5351 ;
3446 5286 3579 5338 adeo

1992 5387 2074 5443 ut,
2111 5377 2214 5431 nisi
2250 5377 2450 5431 ferrum
2482 5375 2720 5430 hostium
2753 5389 2850 5430 eos
2901 5375 3242 5443 devorasset,
3275 5378 3329 5431 in
3379 5375 3580 5430 discri-

1994 5483 2115 5524 men
2144 5484 2204 5524 se
2228 5469 2460 5522 invicem
2492 5467 2789 5523 devorandi
2818 5467 3037 5522 adducti
3073 5467 3327 5523 fuissent.

298 5570 564 5641 μέλησεν,
602 5567 680 5634 ὡς
714 5567 894 5640 ἑαυτῷ
947 5567 1047 5640 μὶν
1076 5565 1216 5639 λασῇ
1259 5565 1353 5620 τοῦ
1405 5565 1650 5620 τοιούτου
1695 5562 1862 5618 καλοῦ
1899 5563 2128 5618 πλοῦτον
2170 5566 2349 5636 παχὺν
2386 5564 2729 5635 περιθέσθαι,
2767 5555 2852 5632 (οῖ)
2873 5563 2926 5616 τί
2969 5565 2997 5617 6
3039 5563 3221 5626 ἀθλιος
3256 5561 3511 5616 ἀπώνατο
3534 5563 3577 5631 ;)

296 5670 368 5740 τῇ
398 5667 459 5722 δὲ
495 5667 653 5723 πόλει
693 5664 1320 5738 ίγκαταστῆσαιιλιμόνο
1379 5665 1477 5733 ὡς,
1537 5665 1586 5720 εί
1633 5662 1710 5736 μὴ
1764 5661 1903 5734 ταχὺ
1963 5663 2310 5733 κατέσπασεν
2359 5663 2389 5718 6
2449 5663 2560 5717 τῶν
2593 5661 2870 5732 πολεμίων
2923 5661 3163 5733 σίδηρος,
3197 5658 3460 5732 ἀλλήλους
3513 5657 3582 5715 ἂν

299 5762 550 5819 κινδυνεῦ
559 5781 652 5819 σαι
683 5765 1049 5831 καταφαγεῖν.
