3906 6582
432 368 499 439 τι
1107 367 1534 434 EUSTATHII
1571 371 1680 434 ΊἩ
1692 370 2340 434 ESSALONICENSIS
2379 368 2939 433 METROPOLITA!

3627 371 3696 434 72

503 479 596 537 61.
645 478 797 539 Idem
864 484 922 537 et
990 494 1160 537 causa
1219 480 1323 538 fuit
1378 482 1720 541 defectionis
1778 484 2013 537 militum

2194 481 2269 549 Ea'
2285 526 2297 538 .
2325 484 2519 551 Γέγονε
2552 485 2648 536 καὶ
2676 479 3033 547 λειπανδρέας
3048 479 3111 548 τῇ
3134 477 3285 531 πόλει
3302 477 3479 552 ταύτῃ
3501 478 3693 544 αἴτιος.

433 573 491 633 in
509 573 757 630 civitate.
779 574 1075 644 Postquam
1098 578 1245 629 enim
1272 577 1570 633 multorum
1596 578 1876 646 implesset
1900 592 2014 631 ma-

431 679 541 725 nus
571 666 875 732 immerito,
927 667 1024 739 qui
1054 666 1247 722 volunt
1278 668 1558 723 «deserere
1615 669 1841 723 ordines
1882 668 2014 723 sinit

433 758 781 829 patriamque
823 757 1011 824 fugere
1050 773 1160 828 quo
1192 759 1416 816 vellent.
1455 758 1558 826 Qui
1592 759 1803 817 divitiis
1847 758 2015 814 abun-

433 851 658 918 dabant,
693 853 923 909 salutem
949 863 1347 922 cauponantes,
1373 853 1531 923 pejus
1553 852 1732 907 adliuc
1758 853 2009 920 agebant.

434 944 753 1000 Mercenarii
781 934 925 999 enim
955 946 1146 1013 plebis,
1184 945 1498 1014 quicunque
1538 943 1789 998 manibus
1833 940 2013 995 idvnei

436 1034 501 1087 ad
528 1032 826 1102 portandas
857 1032 1060 1096 trabes,
1097 1033 1303 1100 lapides
1349 1032 1539 1103 procul
1560 1032 1863 1099 iaciendas,
1897 1047 2011 1085 ma-

436 1128 630 1181 chinas
685 1126 1000 1197 dirigendas
1036 1142 1375 1196 arcuumque
1414 1141 1610 1181 nervos
1657 1126 2014 1185 tendendum,

435 1223 675 1288 patriam
722 1221 1117 1289 ‘reliquerant.
1171 1218 1361 1286 sicque
1428 1218 1577 1276 illam
1633 1217 2018 1275 defeusm-ibus

435 1315 804 1378 orbaveraut,
871 1315 1014 1369 dona
1075 1319 1258 1369 autem
1316 1311 1598 1379 largiendo
1662 1312 1868 1367 milites
1925 1314 2019 1363 att-

434 1408 718 1463 duxerunt
751 1416 812 1462 ut
843 1423 902 1461 se
949 1406 1295 1477 potissimum
1331 1406 1570 1461 ducibus
1612 1412 1917 1462 uterentur.
1959 1404 2017 1457 Si

2121 576 2430 648 Πληρὼσας
2454 578 2563 646 γὰρ
2593 578 2653 628 ὲν
2680 575 2896 636 πολλοῖς
2920 574 3019 634 τὰς
3040 573 3250 641 χεῖρας,
3277 567 3352 625 ὧν
3377 574 3477 625 οὐκ
3505 574 3693 644 ἐχρῆν,

2112 671 2267 740 ἀφίει
2296 672 2423 732 τοὺς
2453 670 2741 730 ἐθέλοντας
2791 667 3198 733 λειειιοτακτεῖνι
3223 666 3318 720 καὶ
3346 664 3572 734 φεύγειν
3598 666 3695 737 τὴν

2101 763 2377 835 πατρίδα.
2410 762 2534 816 ὅποι
2566 759 2865 831 βούλοιντο.
2896 758 3003 811 Kal
3034 759 3084 810 ei
3133 756 3499 826 βαθύπλουτοι
3544 775 3696 826 περ.-

2120 852 2438 920 ποιούμενοι
2465 851 2609 905 οὓτω
2639 851 2701 905 τὸ
2728 847 3022 911 σώζεσθαι,
3050 847 3353 901 ἀπετέλουν
3380 847 3473 900 καί
3500 865 3555 901 τι
3581 851 3693 916 xei-

2121 961 2231 1015 ρον.
2259 943 2707 1011 Μισθαρνοῦντες
2756 944 2865 1010 γὰρ
2898 941 3008 994 τῶν
3037 939 3370 1009 δημοτικῶν,
3396 940 3511 995 ὅσοι
3535 939 3693 1015 δεξιοὶ

2117 1037 2216 1099 τὰς
2248 1040 2459 1107 χεῖρας,
2484 1039 2584 1088 ’καὶ
2621 1034 2842 1104 βριαροὶ
2873 1034 3067 1103 ῥάϐδον
3100 1049 3162 1084 τε
3193 1034 3565 1099 κατενεγκεῖν,
3602 1035 3697 1085 καὶ

2118 1127 2266 1180 λίθον
2293 1128 2509 1195 μακρὰν
2546 1127 2789 1195 ἀφεῖναι.
2824 1126 2918 1176 καὶ
2957 1123 3206 1193 μηχανὴν
3238 1122 3692 1192 διαχειρίσασθαι,

2120 1219 2214 1272 καὶ
2242 1217 2399 1283 τόξου
2429 1218 2624 1288 νευρὰν
2653 1218 2887 1268 ἐντεῖναι
2912 1215 3005 1267 καὶ
3037 1213 3242 1278 βαλεῖν,
3266 1211 3569 1280 ἐξεχώρουν
3596 1214 3691 1281 τῆς

2119 1309 2401 1379 πατρίδος.
2434 1310 2543 1363 Kal
2597 1307 2773 1377 αὐτὴν
2809 1306 2913 1375 μὲν
2951 1304 3297 1373 ἀπεστέρουν
3328 1302 3497 1365 οὕτως
3527 1304 3696 1371 ἀμυν-

2117 1403 2185 1473 τή
2196 1419 2304 1471 ρων
2330 1418 2343 1432 ”
2372 1402 2590 1463 ἑαυτοῖς
2613 1400 2670 1452 δὲ
2691 1400 2791 1453 ὅσα
2815 1399 2908 1452 καὶ
2934 1398 3262 1468 στρατηγοῖς
3289 1394 3508 1449 ἔπειθον
3528 1396 3697 1453 τοιοῦ-

437 1498 563 1567 quis
603 1498 750 1553 illum
795 1497 1142 1561 admoneret,
1183 1511 1397 1565 nosque
1436 1497 1734 1567 praecipue,
1776 1497 1865 1562 qui
1910 1511 2018 1549 non

2121 1508 2212 1546 τον
2240 1491 2557 1546 ἀκολουθεῖν
2588 1491 2839 1559 στρατὸν,
2889 1488 3079 1559 δώροις
3121 1487 3419 1549 πείθοντες.
3471 1487 3588 1542 Κάν
3617 1505 3694 1550 τις

434 1607 630 1661 parum
679 1590 1030 1651 timebamus,
1087 1604 1154 1645 ue
1202 1588 1293 1643 ille
1343 1595 1522 1643 status
1568 1602 1750 1644 rerum
1797 1586 2020 1643 obesset

2121 1584 2268 1654 αὐτῷ
2298 1583 2667 1653 ὑπηγόρευσε,
2697 1582 2793 1635 καὶ
2821 1579 3058 1651 μάλιστά
3078 1596 3140 1649 γε
3165 1580 3326 1648 ἡμεῖς
3354 1577 3406 1631 el
3438 1577 3515 1647 μὴ
3549 1580 3692 1633 πάνυ

434 1682 669 1746 civitati,
701 1690 829 1737 tunc
850 1696 955 1735 non
985 1679 1095 1737 sibi
1120 1681 1482 1751 temperabat,
1511 1680 1838 1743 lamentans,
1875 1678 2020 1732 indi-

2121 1691 2173 1729 τι
2200 1674 2454 1736 δεδιότες,
2487 1672 2563 1737 ὡς
2589 1672 2691 1725 οὐκ
2747 1670 2949 1738 ἀγαθὸν
2978 1672 3044 1737 τῇ
3079 1669 3236 1721 πό“·.ει
3286 1667 3347 1720 τὸ
3372 1665 3522 1721 οὕτω
3542 1668 3694 1735 γενέ-

434 1789 540 1843 gue
587 1774 770 1828 terens
816 1782 982 1842 atque
1029 1774 1374 1842 exprobrans
1418 1771 1568 1844 quod
1605 1770 1884 1829 civitatem
1938 1770 2020 1826 sic

2121 1764 2266 1828 σθαι,
2299 1764 2414 1819 ἀλλ’
2478 1761 2712 1816 ἐνταῦθα
2745 1762 2844 1814 οὐκ
2892 1755 2961 1831 ἦν
3014 1756 3253 1829 φορητὸς
3282 1758 3310 1811 ὁ
3346 1755 3511 1828 ἀνὴρ,
3581 1772 3698 1825 σχε-

434 1867 682 1921 orbatam
712 1868 1035 1922 hominibus
1067 1866 1298 1921 videret.

2121 1854 2359 1919 τλιάξων
2385 1853 2480 1906 καὶ
2502 1850 2936 1920 δυσανασχετῶν,
2964 1849 3015 1901 εἰ
3039 1844 3317 1918 μεμφθειη
3335 1845 3412 1910 ὡς
3440 1845 3694 1916 περιιδὼν

2121 1947 2421 2016 γενομένην
2449 1944 2595 1998 οὕτω
2626 1942 2727 2014 τὴν
2760 1943 2915 1996 πόλιν
2947 1939 3264 2013 κένανδρον.

508 2093 597 2148 62.
644 2092 1030 2148 Calamitatum
1105 2093 1358 2147 cumulus
1398 2091 1502 2147 fuit
1550 2108 1706 2163 aquae
1769 2102 1878 2147 tam
1927 2109 2020 2150 ne-

2195 2105 2292 2178 ξβ’-
2330 2105 2404 2165 Τὸ
2437 2102 2493 2160 δὲ
2534 2106 2598 2176 δὴ
2655 2104 2954 2175 κορυφαῖον
2989 2102 3047 2157 έν
3095 2102 3207 2162 τοῖς
3250 2098 3373 2153 καθ’
3398 2098 3550 2171 ἡμᾶς
3582 2097 3700 2151 τού-

437 2188 693 2241 cessaris:
759 2185 1012 2256 penuria.
1032 2185 1186 2256 Aqua
1253 2188 1397 2240 enim
1450 2188 1595 2242 arcis
1622 2202 1746 2256 quae
1767 2187 1835 2242 de
1864 2188 2020 2259 longe

2121 2214 2235 2262 τοις
2264 2199 2456 2260 κακοῖς
2508 2198 2602 2251 καὶ
2631 2197 2664 2267 ἡ
2701 2194 2795 2249 τοῦ
2825 2191 3256 2262 ἀναγκαιοτάτου
3299 2189 3495 2252 ὕδατος
3523 2190 3696 2242 ἐκλει-

436 2292 579 2363 ιιξετε
619 2274 894 2341 adluebat,
947 2287 1007 2331 ut
1040 2285 1184 2333 esset
1248 2277 1485 2333 salubris
1525 2279 1836 2338 curandum
1860 2286 2019 2343 erat;

2121 2295 2216 2364 ψις
2246 2288 2338 2365 ἦν.
2383 2290 2472 2354 Ὠς
2495 2289 2605 2361 γὰρ
2636 2289 2669 2360 ή
2701 2287 2799 2357 τῆς
2830 2286 3179 2354 ἀκροπόλεως
3210 2281 3483 2351 δεξαμενὴ
3514 2281 3697 2352 ἀργῶς

436 2369 504 2425 ad
550 2369 653 2423 hoc
705 2377 948 2438 tempore
999 2370 1294 2441 laboreque
1351 2385 1490 2441 opus
1538 2379 1680 2437 erat,
1735 2380 1790 2426 et
1837 2371 1884 2427 si
1933 2370 2020 2426 vix

2125 2384 2191 2438 ἐκ
2225 2382 2441 2454 μακροῦ
2472 2377 2610 2452 εἷχε,
2640 2380 2737 2433 καὶ
2780 2378 2946 2449 ἐχρῆν
2978 2374 3382 2444 ἀναποιηθῆναι
3415 2374 3585 2444 αὐτὴν
3615 2374 3701 2426 ὲκ-

438 2459 590 2530 potui
614 2467 738 2529 apta
812 2459 993 2523 ﬂebat,
1031 2459 1190 2514 ﬁebat
1241 2469 1451 2516 tamen.
1481 2459 1715 2527 Quidam
1748 2476 1818 2516 ex
1863 2475 2020 2517 exer-

2128 2473 2583 2544 Θεραπευθεῖσαν,
2633 2469 2762 2524 ἔνθα
2794 2470 2972 2540 χρόνῳ
3001 2466 3442 2537 καταπεπόνητο,
3496 2465 3699 2534 ἐγίνετο

440 2551 553 2605 citu
619 2567 728 2606 non
781 2550 1036 2623 ignobilis
1062 2550 1195 2623 (ideo
1256 2552 1347 2608 hic
1400 2559 1519 2607 erat
1574 2549 1836 2623 Mazidas)
1895 2566 2020 2607 cum

2126 2569 2285 2622 τοῦτο
2321 2566 2475 2637 μόλις
2501 2565 2620 2633 μὲν,
2643 2560 2759 2616 ἀλλ’
2787 2557 2902 2616 οὖν.
2930 2560 3038 2614 Kal
3061 2577 3145 2624 τις
3172 2559 3282 2612 τῶν
3307 2561 3405 2629 τῆς
3442 2559 3703 2627 στρατιᾶς

444 2643 551 2697 hoc
598 2643 909 2710 accepisset
947 2658 1149 2699 munus
1200 2643 1417 2714 sibique
1453 2644 1848 2716 gratularetur,
1897 2644 2020 2699 lior-

2126 2659 2228 2713 οὐκ
2272 2655 2488 2726 ἀφανὴς
2514 2653 2693 2726 (Λέων
2720 2648 2789 2724 ἦν
2820 2652 3028 2714 ἐκεῖνος
3056 2651 3083 2702 ὁ
3112 2647 3406 2717 Μαζιδᾶς),
3441 2646 3700 2711 ἀποδεξά-

450 2744 600 2790 tatus
656 2745 741 2790 est
793 2734 1058 2790 Davidem
1105 2746 1165 2790 ut
1209 2745 1322 2790 tres
1383 2735 1502 2792 dies
1561 2749 2020 2792 consumerentur

2133 2740 2291 2822 μενος
2320 2748 2383 2803 τὸ
2414 2744 2646 2818 πρᾶγμα
2701 2746 2793 2798 καὶ⁵
2851 2743 3169 2810 ἐπαινέσας,
3217 2741 3563 2810 παρεκάλεσε
3614 2741 3700 2792 τὶν

449 2830 503 2883 in
554 2843 739 2898 opere,
775 2837 835 2883 ut
884 2828 1046 2884 locus
1096 2839 1347 2884 secretus
1404 2838 1527 2883 tuto
1571 2843 1795 2884 servare
1842 2837 2020 2900 posset

2130 2841 2293 2897 Δαυῒδ
2324 2840 2536 2911 ἡμέρας
2573 2835 2831 2908 τρισῆναι
2885 2850 3038 2897 τινας
3094 2835 3232 2902 μετά
3287 2833 3348 2885 τὸ
3400 2832 3586 2903 ἔργον,
3618 2833 3699 2885 ἴνα

446 2932 644 2989 aquam
688 2919 739 2973 in
784 2934 849 2974 eo
881 2926 1218 2982 contentam,
1248 2921 1377 2973 dum
1409 2918 1560 2974 nulla
1586 2926 1735 2975 esset
1774 2919 2020 2975 necessi-

2131 2931 2470 3003 στεγανωθὲν
2509 2930 2570 2983 τὸ
2614 2929 2838 2997 ἀγγεῖον
2878 2925 2977 2997 Em
3011 2922 3301 2995 φυλάττειν
3331 2927 3391 2979 τδ
3414 2925 3702 2978 πιστευθὲν

445 3024 533 3072 tas
595 3013 742 3069 aliud
804 3012 1104 3084 operandi,
1164 3012 1435 3082 siquidem
1471 3003 1479 3009 ’
1520 3013 1705 3068 hostes
1784 3012 2020 3067 nondum

2131 3028 2277 3098 ὕδωρ
2329 3022 2610 3093 ἀσφαλῶς,
2638 3021 2726 3073 διὰ
2758 3018 2817 3072 τὸ
2870 3016 3006 3089 μηδὲ
3055 3017 3304 3085 ἀνάγκην
3337 3016 3478 3077 τέως
3529 3017 3701 3068 ἐπιτε-

446 3109 730 3171 adessent,
767 3108 864 3163 sed
901 3107 1094 3177 procul
1128 3114 1325 3161 contra
1359 3106 1639 3162 abessent.
1691 3103 1792 3161 Hic
1842 3118 2020 3162 sermo

2133 3116 2346 3172 θεῑσθαί
2370 3131 2514 3178 τινα,
2555 3106 2643 3167 οἷα
2670 3110 2781 3164 τῶν
2808 3109 3089 3179 πολεμίων
3124 3106 3279 3161 οὔπω
3311 3107 3697 3177 ἐπικειμένων,

447 3202 654 3273 placuit
682 3200 849 3256 David
886 3163 939 3257 in
985 3209 1201 3254 tantum
1257 3207 1320 3255 ut
1346 3197 1865 3271 probaret.Ventus
1893 3215 2020 3257 vero

2662 3163 2765 3256 που
2799 3163 3129 3255 διεστωτων.
3167 3199 3276 3254 Kal
3317 3163 3523 3269 ἦρεσεν
3553 3197 3581 3251 ό
3612 3163 3697 3250 λόξ

447 3292 728 3363 arripiens
762 3290 932 3347 verba
963 3290 1191 3348 Mazidae
1226 3290 1499 3358 abstulit;
1535 3304 1602 3346 ac
1651 3290 1707 3346 in
1743 3289 2026 3347 oblivione

448 3396 692 3441 mentem
746 3383 971 3440 Davidis
994 3383 1293 3454 sepeliens,
1341 3384 1631 3439 surculum
1681 3383 1874 3437 eduxit
1925 3381 2021 3455 qui

445 3474 627 3531 factus
673 3476 898 3546 grandis
951 3483 1180 3530 truncus
1241 3474 1347 3529 fuit
1379 3474 1506 3529 mali
1533 3474 1739 3545 magni.
1767 3466 2024 3529 Nondum

444 3576 565 3624 erat
592 3582 847 3638 vespera,
881 3566 1280 3637 abundansque
1310 3580 1453 3635 aqua
1500 3565 1671 3621 libere
1715 3563 1883 3621 ﬂuere
1930 3582 2024 3621 va-

444 3658 567 3715 lens
617 3659 673 3713 in
705 3672 866 3713 suum
921 3656 1351 3725 receptaculum,
1412 3668 1638 3709 cursum
1687 3660 1849 3708 suum
1907 3666 2025 3707 ma-

444 3767 554 3826 gno
574 3751 757 3808 sonitu
789 3750 1089 3807 iudicabat.
1111 3748 1267 3803 Tunc
1288 3745 1435 3802 forte
1462 3746 1703 3802 Mazidas
1725 3760 1851 3801 cum
1884 3759 2023 3817 prae-

445 3844 651 3900 teriens
700 3843 847 3914 quod
908 3842 1110 3897 factum
1151 3850 1303 3896 esset
1344 3840 1638 3903 audiisset,
1691 3838 2024 3895 festinanter

447 3934 516 3990 ad
558 3934 818 3991 Davidem
855 3934 1052 3997 currit,
1102 3933 1465 4001 referensque
1505 3930 1656 4001 quod
1697 3930 1914 3985 dixerat
1964 3928 2019 3982 in

446 4034 685 4081 mentem
720 4034 964 4081 revocat.
990 4025 1157 4080 David
1189 4039 1341 4091 vero,
1365 4022 1458 4093 qui
1497 4023 1760 4077 ultionem
1793 4025 2015 4077 sumere

448 4117 915 4190 posset,oblivisci
948 4115 1163 4170 maluit.
1181 4114 1473 4185 Postquam
1497 4128 1627 4167 vero
1647 4113 1913 4168 audiisset
1937 4128 2024 4166 re-

450 4209 737 4262 tinendam
782 4221 904 4262 esse
934 4221 1159 4276 aquam,
1183 4206 1341 4276 quasi
1369 4205 1551 4259 adhuc
1586 4204 1812 4258 utilitati
1844 4205 1898 4260 in
1929 4219 2025 4276 po-

448 4313 659 4360 sterum
712 4302 972 4364 futuram,
1016 4300 1214 4364 noluit,
1265 4314 1575 4369 aquamque
1623 4296 1793 4353 [luere
1839 4299 2022 4353 sinere

448 4396 636 4468 iussit,
667 4395 822 4463 Aqua
873 4395 1041 4467 igitur
1093 4391 1254 4447 ﬂuxit
1305 4391 1361 4447 in
1411 4391 1822 4460 receptaculum
1868 4388 2017 4460 quod

2130 3319 2224 3373 γος
2252 3299 2330 3372 τῷ
2360 3296 2540 3362 Δαυῖδ,
2566 3295 2667 3350 ὅσα
2717 3309 2781 3362 γε
2812 3291 2983 3357 δόξαι.
3020 3292 3256 3360 Ἄνεμος
3284 3288 3341 3344 δὲ
3369 3290 3701 3359 ἀφαρπάσας

2125 3396 2219 3450 τὸν
2255 3392 2351 3447 τοῦ
2375 3389 2588 3455 Μαζιδᾶ
2623 3387 2802 3457 λόγον,
2834 3386 3089 3456 ἀπήγαγε
3115 3401 3129 3416 ·
3158 3385 3252 3437 καὶ
3276 3383 3422 3455 λήθῃ
3453 3379 3701 3452 καταχὼέ

2130 3503 2229 3550 σας
2258 3484 2320 3538 τό
2352 3483 2446 3536 τοῦ
2482 3479 2644 3535 Δαυτδ
2673 3476 2928 3549 φρονοῦν,
2954 3476 3191 3545 ἀνέφυσε
3223 3473 3463 3548 βλάστην
3513 3474 3700 3544 ἅδρυν-

2100 3579 2334 3641 θεῖσαν,
2366 3574 2613 3644 πρέμνον
2651 3571 2888 3641 μεγάλου
2921 3568 3116 3622 κακοῦ.
3148 3567 3313 3621 Οὔπω
3342 3568 3452 3637 γὰρ
3478 3562 3698 3638 ἦν’ὀψίι

2124 3668 2296 3738 δείλη,
2325 3665 2418 3719 καὶ
2451 3663 2516 3716 τδ
2556 3659 2866 3733 χυρταῆθεν
2899 3657 3040 3729 ὕδωρ
3079 3656 3352 3710 ἁπολυΘὲν
3382 3657 3530 3710 θέειν
3558 3654 3695 3709 κατὰ

2122 3759 2217 3814 τοῦ
2261 3756 2493 3818 σκεύους
2527 3751 2833 3821 ἐλεύθερον,
2885 3750 3182 3819 κατηγόρει
3236 3751 3330 3802 τὸν
3365 3747 3570 3820 δρόμον
3620 3745 3696 3816 τῷ

2123 3847 2475 3922 κελαρυσμῷ.
2530 3846 2641 3900 Kal
2675 3847 2705 3899 ὁ
2738 3844 2990 3909 Μαξιδᾶς
3020 3843 3345 3912 παροδεύειν
3371 3842 3573 3912 τυχὼν,
3606 3842 3698 3895 καὶ

2123 3944 2384 4007 ἀκούσας,
2413 3941 2441 3995 δ
2473 3939 2706 4010 ἐγίνετο,
2752 3937 2939 4008 τρέχει
2978 3935 3225 3990 σπεύδων
3252 3936 3344 3989 ἐπὶ
3392 3934 3485 3987 τὸν
3513 3932 3693 3995 Δαυῖδ,

2123 4036 2218 4090 καὶ
2247 4032 2682 4104 ἀναμιμνήσκει,
2718 4028 3084 4099 προενετκὼν,
3115 4026 3151 4081 ἃ
3188 4023 3330 4080 εἶπε.
3363 4026 3471 4079 Καὶ
3493 4027 3522 4079 ὁ
3543 4024 3697 4078 Δαυῖδ

2104 4128 2503 4195 ἀγανακτῆσαι
2568 4121 2941 4190 σκηψάμενος,
3001 4118 3343 4190 προύϐάλετο
3416 4116 3695 4173 λαθέσθαι.

2136 4217 2402 4280 ’Δκούσας
2439 4214 2518 4280 δὲ,
2555 4213 2664 4267 δεῖν
2701 4211 3058 4283 ἐπισχεθῆναι
3097 4210 3158 4262 τὸ
3198 4209 3367 4280 ὕδωρ,
3394 4208 3473 4272 ὡς
3518 4210 3691 4278 ἐγχω-

2124 4310 2251 4382 ροῦν
2286 4308 2539 4378 γενέσθαι
2584 4306 2681 4359 καὶ
2728 4304 2972 4365 εἰσαῦθις
3001 4303 3062 4356 τὸ
3124 4301 3310 4368 καλὸν,
3359 4302 3692 4373 ἁπηνῄνατο,

2123 4401 2384 4468 ἐπιτάξας
2419 4399 2675 4468 ἀφίεσθαι
2709 4398 2858 4468 ῥέειν
2887 4398 2945 4449 τὸ
2975 4394 3142 4468 ὕδωρ.
3194 4396 3303 4449 Καὶ
3340 4394 3524 4447 τοίνυν
3565 4395 3694 4447 αὐτὸ

450 4488 601 4564 ἰιιιιρ
644 4484 888 4540 vicissim
942 4484 1175 4549 dimisit,
1214 4498 1401 4537 curam
1460 4482 1837 4552 supradictam
1896 4481 2018 4534 inu-

2127 4495 2227 4565 μὲν
2255 4492 2553 4564 εἰσέρρεεν,
2585 4492 2617 4561 ἡ
2645 4487 2913 4559 δεξαμενὴ
2946 4487 3004 4541 δὲ
3045 4486 3374 4557 ἐξέπεμπεν,
3407 4485 3435 4539 ὃ
3465 4485 3692 4557 ὶδέχετο,

449 4581 601 4635 tilem
659 4579 887 4642 faciens,
913 4591 1038 4631 cum
1101 4584 1226 4645 post
1286 4575 1474 4629 limum
1525 4588 1753 4644 gypsum
1790 4572 2021 4627 traxerit

450 4685 616 4736 aqua.
642 4666 763 4722 Non
793 4666 950 4721 multi
985 4666 1105 4719 dies
1131 4672 1291 4718 erant
1312 4663 1485 4732 elapsi
1529 4675 1881 4732 vacuumque
1929 4677 2020 4717 re-

450 4758 803 4829 ceptaculum
852 4766 994 4819 erat,
1028 4754 1174 4810 unde
1227 4760 1574 4808 evanuerunt
1613 4754 1781 4833 simul
1828 4767 2021 4810 omnes

450 4868 581 4919 spes
605 4867 741 4921 quas
768 4853 823 4905 in
858 4865 986 4905 arce
1014 4861 1461 4919 reposueramus,
1505 4861 1778 4914 nemoque
1801 4847 1911 4916 jam
1949 4847 2018 4901 ad

453 4947 601 5001 illam
629 4945 818 5000 oculos
851 4941 1071 4998 levavit.
1098 4940 1457 5009 Nosmetipsi,
1483 4940 1611 4994 licet
1657 4939 1836 5004 inviti,
1879 4941 2020 4993 viam

452 5038 697 5109 aggressi
722 5051 942 5092 eramus
976 5033 1291 5088 necessaria
1320 5039 1634 5101 portantes,
1668 5046 1792 5085 Cllllt
1824 5031 2024 5086 didici-

455 5145 607 5194 mus,
642 5143 840 5199 aquam
883 5128 1116 5197 periisse
1144 5141 1160 5191 ;
1193 5124 1358 5179 simul
1386 5132 1569 5179 autem
1601 5138 1727 5177 cum
1759 5123 1853 5177 illa
1895 5138 2023 5191 spes

454 5222 638 5277 omnis
668 5220 933 5285 evanuit;
964 5218 1036 5272 ibi
1089 5217 1265 5271 divisa
1316 5229 1439 5286 quae
1485 5224 1791 5284 supererat,
1848 5230 2024 5270 unum

458 5310 840 5366 tantummodo
871 5308 1067 5362 timere
1095 5314 1149 5361 et
1179 5320 1342 5361 orare
1378 5308 1685 5360 statuimus
1712 5314 1773 5360 ut
1818 5305 2025 5375 aliquis

456 5408 729 5456 averteret
771 5401 882 5454 haec
934 5399 1240 5453 istiusmodi
1277 5399 1648 5468 proditionem
1679 5400 1820 5454 adeo
1866 5397 2026 5452 rede-

458 5493 648 5549 lentia.
691 5489 843 5545 Tunc
889 5490 1035 5546 enim
1071 5489 1278 5545 nullum
1321 5499 1443 5545 erat
1488 5500 1705 5561 pactum
1746 5497 1870 5545 cum
1926 5491 2027 5544 ho-

456 5581 921 5651 stibus(quantvis
970 5580 1280 5637 faciendum
1318 5582 1511 5652 esset),
1559 5583 1708 5637 nulla
1768 5584 1915 5638 dona
1966 5592 2029 5639 ut

457 5673 743 5728 adirentur
774 5674 980 5731 certius
1015 5673 1187 5729 frater
1219 5689 1285 5729 ac
1331 5685 1505 5729 mater
1549 5674 1662 5729 fato
1705 5678 2031 5735 Andronico

461 5765 783 5832 incritabili,
826 5767 923 5825 sed
972 5781 1190 5826 summa
1250 5768 1581 5832 negligentia
1637 5768 1841 5840 illaque
1892 5771 2026 5827 urbs

2121 4586 2482 4654 ἀναλυθείσης
2517 4585 2619 4655 τῆς
2672 4582 2992 4655 προσφάτου
3057 4580 3445 4651 ὲπιποιήσεως,
3500 4577 3583 4645 οἷς
3634 4582 3693 4632 τὸ

2122 4676 2268 4748 ὕδωρ
2302 4676 2610 4746 ἀπαλεῖψαν
2633 4675 2733 4745 τὴν
2779 4673 2956 4744 ὑγρὰν
2990 4674 3270 4744 παρέσυρε
3304 4678 3539 4727 τίτανον.
3589 4670 3693 4723 Καὶ

2121 4772 2182 4824 ού
2218 4769 2404 4823 πολλαὶ
2429 4767 2632 4838 ἡμέραι
2664 4765 2890 4838 ᾤχοντο,
2927 4766 3022 4819 καὶ
3062 4761 3131 4835 ἦν
3153 4766 3214 4818 τὸ
3246 4767 3467 4832 ἀγγεῖον
3503 4762 3657 4816 κενόν
3677 4776 3690 4792 ·

2121 4861 2245 4916 ὅθεν
2273 4855 2778 4933 συνεξεκενώῧησαν
2809 4859 2941 4927 ἡμῖν
2977 4857 3188 4910 ἅπασαι
3227 4856 3284 4908 al
3323 4854 3418 4906 επὶ
3445 4857 3514 4925 τῇ
3538 4857 3696 4923 ἀκρο-

2124 4954 2276 5007 πόλει
2310 4951 2545 5013 ὲλπῐδες,
2592 4949 2686 5003 xal
2716 4949 2903 5002 οὐκέτι
2930 4948 3106 5010 οὐδεὶς
3154 4946 3454 5001 ἀνέϐλεπεν
3493 4947 3573 5008 εἰς
3603 4944 3696 4996 ad.

2123 5045 2245 5115 τήν.
2287 5042 2399 5097 Καὶ
2433 5038 2593 5113 ἡμεῖς
2638 5037 2732 5094 οὖν
2758 5041 3251 5109 συσκευασάμενοι,
3282 5039 3465 5090 ἐκεῖσε
3500 5053 3694 5089 καταν-

2123 5135 2333 5204 τήσειν,
2359 5132 2519 5202 εἴπερ
2546 5131 2663 5203 βίᾳ,
2691 5131 2787 5183 xal
2810 5129 2880 5183 τὰ
2902 5130 3179 5198 ἀναγκαῖα
3205 5131 3691 5198 συγκομισάμενοι,

2125 5228 2247 5280 ἐπεὶ
2286 5227 2580 5296 μάθοιμεν,
2616 5223 2956 5278 ἀπολωλέναι
2989 5222 3051 5276 τὸ
3098 5222 3266 5292 ὕδωρ,
3311 5220 3691 5292 συγκατερῥύη

2129 5320 2229 5390 μὲν
2266 5318 2327 5372 τὸ
2364 5300 2572 5381 έύελπι,
2628 5317 2719 5369 καὶ
2766 5314 3149 5386 διανείμαντες
3206 5317 3323 5368 ἐκεῖ
3358 5316 3458 5384 τὴν
3498 5328 3691 5380 συγκο-

2129 5413 2310 5485 μιδὴν,
2359 5411 2523 5482 μόνου
2549 5406 2643 5485 τοῦ
2675 5407 2876 5479 δειλιᾷν
2920 5409 3014 5460 καὶ
3055 5406 3309 5476 εὔχεσθαι
3331 5407 3691 5473 κατέστημεν,

2125 5503 2209 5564 τίς
2236 5501 2304 5556 ἂν
2351 5502 2417 5571 δὴ
2457 5484 2734 5568 ἀπαγῖίγοι
2783 5500 2854 5552 τὰ
2890 5498 3114 5552 τοιαῦτα
3155 5496 3252 5550 τοῦ
3301 5498 3450 5551 ⁴κατὰ
3504 5495 3693 5569 προδο-

2128 5594 2251 5648 σίαν
2285 5591 2631 5663 συγγενικοῦ.
2657 5590 2719 5643 El
2746 5588 2855 5662 γὰρ
2884 5590 2979 5643 καὶ
3010 5588 3275 5660 μηδαμοῦ
3310 5588 3544 5643 ἐνταῦθα
3572 5603 3693 5640 cev.-

2127 5683 2272 5753 θήκη
2306 5682 2442 5753 πρὸς
2471 5681 2765 5750 πολεμίους
2793 5679 2996 5749 (θετέον
3048 5680 3157 5747 γὰρ
3181 5676 3379 5750 οὕτω),
3408 5677 3525 5731 οὐδὲ
3561 5674 3688 5746 ἀρέ-

2130 5790 2291 5829 σκεια
2313 5773 2406 5827 ἐπὶ
2426 5771 2638 5845 δώροις,
2662 5771 2834 5841 φειῗοῖ
2867 5769 2959 5825 τοῦ
3014 5770 3323 5841 ἑμπελάσαι
3344 5770 3435 5824 τόν
3457 5784 3515 5821 τε
3538 5765 3688 5820 ἀδελο
