3906 6598
409 433 484 493 75
1100 431 1529 494 EUSTATHII
1569 433 2016 497 THESSALON.

2125 433 2328 496 ENSIS
2373 433 2940 497 METROPOLITA!
3619 439 3691 504 76

413 540 561 614 quod
617 549 866 616 tempore
920 543 1061 612 clam
1102 546 1548 604 machinaretur.
1596 547 1818 604 Cretice
1875 563 2007 618 ergo

2125 551 2324 615 ἐκεῖνος
2350 567 2364 580 ·
2431 551 2528 606 καὶ
2587 551 2680 605 τδν
2739 551 2975 607 ὕπουλον
3041 553 3281 622 Ἀργον,
3347 547 3440 608 τδν
3508 553 3690 622 Δαυῖδ,

410 635 521 706 egit
575 650 706 706 erga
764 635 1084 702 Cretensem
1119 654 1134 704 ;
1172 637 1267 696 sed
1300 638 1468 696 istum
1499 646 1743 695 astutum
1773 641 2008 710 Argum,

414 727 672 784 Davidem
729 727 875 794 dico,
926 729 1020 800 qui
1059 729 1237 786 oculis
1280 731 1470 787 acutis
1525 731 1730 788 malum
1787 745 2014 800 semper

412 818 560 874 videt
588 834 684 890 per
713 820 858 878 hunc
882 823 1116 878 celerem
1151 821 1487 879 Mercurium
1513 833 1799 894 percutere
1828 832 1884 880 et
1910 824 2010 879 dc-

411 912 526 972 lere
545 915 687 971 clam
717 933 826 973 non
849 917 1047 990 potuit.
1073 917 1293 976 Etenim
1321 919 1425 976 hoc
1448 919 1807 991 praesentiens
1840 919 2011 974 David

417 1011 686 1091 praevenit
719 1050 734 1076 .
765 1021 986 1081 tempus
1037 1010 1168 1070 mali
1211 1012 1416 1078 nostri,
1463 1012 1742 1069 commodi
1798 1011 2010 1085 proprii

2116 642 2475 706 ἀννστάκτοις
2503 643 2572 698 τά
2617 659 2683 712 γε
2717 645 2798 708 εις
2842 641 3112 715 πονηρίαν
3142 643 3356 715 ὄμμασι
3405 642 3689 713 βλέποντα,

2114 737 2215 790 οὐκ
2243 735 2402 808 ἔσχεν
2431 737 2672 809 ἀψοφητὶ
2702 737 2770 792 δι’
2819 736 3030 810 Ἑρμοῦ
3059 737 3271 792 ἑκείνου
3297 736 3566 808 εὖπτέρον
3605 738 3692 807 βα-

2114 831 2230 887 λεῖν
2261 833 2356 886 καὶ
2395 832 2747 898 καταϐαλεῖν,
2788 832 2952 886 Ἀλλά
2977 832 3413 905 προαισθόμενος
3461 833 3489 885 δ
3535 832 3694 885 Δαυῖδ

2113 925 2310 995 φθάνει
2352 924 2636 997 ὶπιτεμὼν
2669 925 2766 981 τδν
2815 926 3011 996 καιρὸν
3045 925 3139 979 τοῦ
3174 923 3446 995 ἡμετέρου
3492 923 3686 989 κακοῦ,

2111 1018 2188 1084 ὡς
2219 1019 2300 1082 εἰς
2330 1017 2495 1073 καλὸν
2519 1016 2702 1089 ἑαυτῷ
2721 1034 2736 1052 ·
2765 1017 2862 1072 καὶ
2889 1015 3002 1072 οἷον
3024 1017 3224 1077 ὑποδὺς
3256 1015 3418 1087 βυθὸν
3437 1017 3576 1069 κατὰ
3600 1017 3693 1071 λά·

377 1105 612 1177 κει-οῑία,
646 1103 1108 1173 abbreviaturus;
1141 1112 1310 1179 atque
1347 1106 1404 1162 in
1443 1106 1617 1162 altum
1667 1121 1730 1164 se
1781 1107 2008 1162 immer-

385 1197 550 1278 f'gcns
583 1206 642 1254 ut
667 1197 834 1253 fulica
871 1214 994 1270 quae
1039 1198 1280 1270 aquilam
1325 1206 1583 1256 metuens
1607 1214 1667 1256 se
1694 1199 1747 1253 in
1778 1198 2007 1270 profun-

2125 1207 2511 1279 Ξγκυλοχείλην
2557 1207 2924 1280 Ἀνδρόνικον,
2967 1206 3310 1278 Ἀνδρόνικος
3352 1204 3564 1268 ἀποϐὰς
3601 1205 3697 1258 αὖ.

407 1286 559 1342 dntn~
587 1289 885 1362 immergit,
929 1288 1147 1346 adunco
1204 1297 1388 1362 rostro
1440 1291 1825 1350 Andronicum
1873 1291 2010 1351 etfu-

2125 1303 2201 1366 ιδς
2233 1302 2357 1358 κατ’
2390 1302 2600 1358 ἐκείνου
2627 1301 2721 1357 τοῦ
2747 1301 3137 1374 γαμψώνυχος.
3172 1300 3445 1372 Ἐσπὲρας
3473 1299 3582 1370 γὰρ
3606 1294 3696 1370 ἧλ-

374 1383 532 1452 ηείῐ,
592 1398 717 1440 cum
770 1384 889 1455 ipse
949 1383 1306 1442 Andronicus
1361 1387 1434 1441 ad
1500 1387 1658 1442 illum
1726 1388 2008 1459 unguibus
2111 1395 2266 1451 θενδ
2304 1395 2832 1468 παρακοιμώμενος,
2867 1394 2964 1449 καὶ
2991 1393 3186 1466 αὔριον
3211 1392 3383 1448 ἕωθεν
3411 1391 3695 1447 ἀπολώλα-

414 1476 650 1542 aduncis
673 1477 1082 1537 descendisset.
1110 1477 1354 1551 Vespere
1411 1481 1559 1536 enim
1599 1479 1751 1537 venit
1783 1479 2010 1538 cubicu-

2125 1504 2238 1559 μεν,
2264 1486 2825 1560 διοικονομησαμένου
2853 1486 2949 1541 τοῦ
2979 1485 3165 1551 Δαυῒδ,
3194 1482 3321 1556 μήτ’
3352 1483 3502 1538 ἔνδον
3547 1483 3692 1550 ίδεῖν,

415 1570 587 1625 larius
656 1571 1031 1646 postridieque
1096 1587 1260 1630 mane
1327 1575 1702 1645 perieramus,
1743 1573 2007 1632 omnibus

2125 1579 2171 1634 iv
2221 1579 2436 1649 ἐδεδίει,
2471 1580 2614 1651 μήτε
2657 1577 2768 1652 μὴν
2825 1576 3029 1644 ἔξωθεν
3083 1575 3408 1646 ἱπικουρίαν
3445 1572 3696 1641 γενέσθαι

416 1678 446 1717 a
470 1663 680 1720 Davide
702 1664 1000 1734 ordinatis,
1024 1666 1150 1728 viso
1194 1667 1351 1738 intus
1375 1683 1540 1740 quem
1576 1667 1914 1728 formidabat
1950 1676 2008 1726 et

2125 1675 2268 1746 ἡμῖν,
2308 1673 2406 1727 επὶ
2432 1672 2681 1746 σωτηρίᾳ
2712 1671 2815 1743 μὲν
2842 1659 2952 1725 τῶν
2974 1668 3174 1736 ἄλλων,
3203 1665 3383 1738 βλάϐῃ
3421 1664 3481 1720 δὲ
3510 1660 3708 1730 αὐτοῦ,ι

414 1755 626 1810 nullum
652 1757 916 1827 auxilium
940 1760 1187 1823 exterius
1210 1761 1374 1820 nobis
1397 1762 1620 1820 adesset
1641 1803 1657 1830 ,
1688 1761 1744 1818 in
1771 1761 2004 1820 salutem

2125 1768 2178 1841 ἢν
2233 1766 2441 1823 ἔπαθεν
2494 1765 2584 1833 ἂν,
2637 1765 2995 1835 σεσωσμένης
3047 1763 3148 1832 τῆς
3210 1758 3442 1822 πόλεως.
3515 1756 3695 1820 οὕτως

415 1848 641 1917 quidem
665 1850 930 1921 aliorum,
954 1852 1010 1910 in
1037 1854 1258 1914 ruinam
1283 1869 1418 1913 vero
1437 1855 1585 1927 ejus,
1603 1858 1788 1927 'quam
1813 1870 2008 1928 passus

2125 1863 2142 1918 5
2175 1861 2342 1916 Δαυῒδ
2376 1859 2852 1931 κυνηγετούμενος
2885 1857 2992 1911 ὑπὸ
3018 1855 3115 1912 τοῦ
3167 1852 3532 1925 Ἀνδρονίκου,
3571 1849 3699 1916 ἐμη-

417 1953 586 2008 esset.
611 1943 763 2000 salva
803 1945 1050 2010 civitate.
1074 1947 1160 2004 ita
1216 1947 1388 2005 David
1442 1950 1753 2006 insectante
1797 1948 2016 2005 Andro-

2125 1957 2342 2027 χανᾶτο,
2381 1953 2456 2026 μὴ
2512 1954 2704 2008 πεσεῖν
2757 1951 2861 2005 ὑπὸ
2895 1952 3072 2021 ἄγραν
3119 1946 3338 2018 ἐκείνῳ,
3387 1942 3517 2014 παρ’
3555 1941 3698 1994 οὐδὲν

419 2036 567 2104 nico.
598 2038 649 2094 id
689 2035 992 2104 meditatus
1010 2053 1098 2100 est
1132 2059 1204 2100 ne
1235 2045 1419 2115 praeda
1462 2044 1616 2100 illius
1666 2044 1848 2110 ﬁeret.
1874 2043 2016 2100 nihil

2125 2050 2196 2120 μὴ
2263 2050 2345 2103 ὅτι
2409 2064 2475 2119 γε
2536 2045 2636 2118 τὴν
2699 2045 2876 2114 καλὴν
2940 2039 3372 2110 Θεσσαλονίκην,
3434 2037 3483 2090 εἰ
3545 2034 3700 2106 μόνον

2115 1131 2230 1186 ρον,
2267 1113 2327 1178 ὃς
2363 1113 2682 1184 ὑποπτήξας
2710 1112 2984 1168 άλιαίετον
3009 1110 3317 1184 βυθισθείη,
3341 1110 3575 1179 ἐξέφυγε
3607 1110 3694 1163 τὸν

418 2147 551 2188 vero
582 2148 696 2205 pra:
740 2135 911 2193 nobili
944 2137 1348 2196 Thessalonica
1371 2181 1386 2206 ,
1415 2143 1466 2195 si
1515 2140 1671 2197 solus
1695 2139 1816 2210 ipse
1838 2138 2018 2195 salva-

418 2235 588 2295 retur,
622 2243 690 2284 ne
721 2236 896 2286 totum
921 2231 1141 2301 quidem
1176 2234 1438 2290 mundum
1463 2233 1668 2304 posuit.

491 2359 581 2415 64.
622 2362 792 2417 Porro
825 2364 942 2420 dies
971 2367 1122 2420 multi
1147 2367 1314 2438 elapsi
1349 2376 1502 2430 sunt,
1531 2375 1584 2422 et
1630 2376 1758 2422 ante
1813 2381 2016 2420 cruen-

415 2461 533 2506 tam
593 2453 815 2518 bellum,
866 2465 919 2510 et
973 2473 1037 2513 ex
1105 2475 1217 2529 quo
1283 2461 1486 2516 acriter
1560 2467 1860 2529 pugnatum
1904 2467 2012 2523 est,

418 2544 713 2618 nullusque
744 2547 879 2604 vidit
928 2551 1078 2606 illum
1133 2567 1234 2608 nec
1293 2551 1462 2608 lorica
1506 2551 1702 2607 bellica
1755 2549 2008 2611 indutum

420 2651 523 2693 nec
561 2655 707 2710 equo
752 2657 1024 2713 generoso
1065 2644 1418 2708 insidentem.
1487 2643 1665 2700 lilulus
1696 2659 1820 2698 eum
1879 2660 2009 2714 por-

419 2732 572 2788 tabat
603 2734 810 2805 absque
841 2736 1024 2792 bracis
1051 2737 1501 2807 juvenilibusque
1532 2737 1713 2792 ocreis
1743 2753 1757 2801 ;
1789 2746 2012 2807 petasus

420 2841 552 2882 vero
584 2829 750 2883 ruber
782 2814 1041 2885 insolitus
1082 2832 1244 2884 modo
1273 2829 1482 2885 lberico
1509 2840 1674 2900 caput
1708 2830 1828 2898 ejus
1866 2839 2015 2899 tege-

423 2922 536 2976 bat.
571 2919 798 2977 Barbari
837 2920 1137 2977 informant
1170 2923 1320 2977 illum
1395 2923 1807 2995 appellantque.
1876 2937 2014 2988 quo-

423 3012 586 3068 tnodo
625 3026 834 3080 amant,
895 3030 1160 3088 rugosum
1222 3016 1444 3086 quidem
1510 3017 1700 3086 sicque
1762 3015 2014 3071 inferiori

425 3118 579 3178 parte
605 3117 949 3164 coarctatum
1005 3110 1217 3182 reliquo
1259 3110 1474 3176 habitu,
1519 3112 1670 3164 vultu
1712 3125 1839 3163 vero
1873 3109 2012 3164 dila-

2117 2142 2456 2216 περισωθείη
2481 2141 2664 2208 αὐτὸς,
2700 2137 2816 2194 ἀλλ’
2841 2135 2966 2193 οὐδὲ
2991 2137 3088 2190 τὸν
3118 2133 3302 2188 πάντα
3326 2129 3535 2200 κόσμον
3564 2125 3701 2180 τιθέ-

2122 2254 2306 2310 μενος.

2189 2372 2283 2442 ξδ’.
2317 2373 2528 2428 Οὐκοῦν
2563 2371 2772 2443 ἡμέραι
2818 2368 3038 2441 συχναὶ,
3068 2370 3122 2422 αἱ
3154 2367 3252 2437 μὲν
3303 2365 3410 2435 πρὸ
3442 2360 3538 2417 τοῦ
3575 2377 3701 2431 σφο-

2115 2468 2245 2539 δροῦ
2274 2465 2538 2537 πολέμου,
2580 2466 2635 2519 αἱ
2665 2463 2720 2518 δὲ
2744 2465 2890 2517 κατὰ
2913 2463 3012 2534 τὴν
3037 2460 3228 2515 τούτου
3253 2458 3465 2529 ἀκμὴν,
3493 2457 3592 2510 καὶ
3616 2455 3704 2508 οὐ·

2114 2561 2227 2624 δεὶς
2273 2561 2484 2613 ἐκεῖνον
2549 2552 2690 2610 εἶδεν
2718 2553 2844 2610 οὔτε
2905 2557 2963 2608 ἐν
3004 2553 3190 2614 ὅπλοις
3213 2552 3409 2614 δεινοῖς
3445 2549 3703 2613 δύναντα,

2115 2655 2237 2710 οὕτε
2265 2654 2437 2708 ἵππου
2465 2650 2722 2721 εὐγενοῦς
2748 2651 3038 2705 ἐπιϐάντα.
3083 2647 3340 2716 Ἤμίονος
3369 2644 3427 2698 δὲ
3455 2641 3592 2711 ὤχει
3615 2639 3706 2695 αὐ-

2114 2751 2207 2805 τὸν
2231 2749 2339 2803 ἀπὸ
2374 2746 2584 2818 βράκας
2617 2746 2711 2799 καὶ
2743 2743 2974 2798 πεδίλων
2996 2739 3344 2810 νεωτερικῶν
3367 2754 3381 2770 ’
3419 2735 3624 2790 ἐσκεπε
3650 2731 3706 2786 δὲ

2117 2844 2214 2897 καὶ
2247 2841 2348 2912 τὴν
2378 2839 2628 2908 κεφαλὴν
2670 2835 3090 2908 ἰϐηρικὼτερον
3119 2831 3355 2901 έκφυλος
3387 2829 3544 2890 πῖλος
3585 2828 3709 2897 ὲρυ-

2117 2935 2269 3007 θρός.
2301 2933 2584 3005 Βάρϐαροι
2642 2931 2852 2986 ἐκεῖνον
2904 2929 3000 2986 καὶ
3027 2926 3332 2998 τεχνῶνται
3389 2922 3486 2978 καὶ
3515 2919 3706 2974 καλοῦ-

2117 3047 2223 3095 σιν,
2259 3024 2292 3103 ᾖ
2322 3026 2562 3098 φιλοῦσι,
2595 3023 2942 3094 πολύπτυχον
2979 3023 3079 3092 μὲν
3116 3020 3214 3076 καὶ
3242 3017 3386 3070 οὔτω
3413 3011 3710 3074 συνεσταλ-

2119 3125 2279 3195 μένον
2302 3121 2456 3176 κάτω
2493 3119 2594 3190 τὴν
2614 3118 2811 3187 λοιπὴν
2834 3114 3144 3186 περίθεσιν,
3187 3111 3255 3166 τὰ
3281 3111 3340 3164 δὲ
3383 3109 3514 3178 περὶ
3547 3106 3710 3176 πρόσ-

425 3213 599 3260 tatum
634 3204 1002 3280 intlexumque
1045 3205 1331 3262 commode
1391 3206 1658 3260 adversus
1713 3203 1884 3259 solem
1955 3210 2012 3255 ut

2125 3232 2268 3270 ωπον
2319 3212 2685 3284 εὐρυνόμενον
2724 3209 2821 3264 καὶ
2858 3207 3207 3279 πρηνεύοντα
3247 3206 3301 3266 ἐς
3350 3201 3542 3256 ίκανδν
3577 3197 3711 3253 κατὰ

424 3296 518 3366 qui
560 3295 795 3374 molliter
829 3297 997 3352 vitam
1057 3311 1222 3370 agens
1281 3297 1530 3368 procula
1599 3298 1716 3352 sole
1779 3295 2012 3350 militem

426 3387 666 3457 rejiciat;
699 3389 830 3446 festa
856 3389 1169 3461 hujusmodi
1201 3389 1512 3446 hominibus
1536 3388 1796 3460 gaudent.
1827 3385 2016 3442 C(etus

428 3483 545 3539 lucc
573 3484 897 3542 vestimenta
927 3492 1155 3550 norunt,
1194 3483 1387 3555 sicque
1423 3497 1664 3553 sponsus
1701 3495 1812 3548 prae
1849 3477 2018 3534 vesti-

427 3577 530 3632 bus
565 3577 872 3648 magniﬁcis
928 3585 1238 3634 ostentaret
1303 3575 1618 3630 mollitiem.
1682 3573 1740 3629 Si
1794 3571 2016 3644 quando

427 3688 614 3728 arcum
649 3681 892 3745 caperet,
920 3673 1133 3730 diceres
1162 3673 1313 3727 illum
1363 3670 1600 3742 experiri
1640 3670 1782 3742 apud
1827 3668 2018 3722 vendi-

429 3775 598 3832 tores,
631 3765 909 3836 quomodo
944 3767 1169 3824 tendere
1212 3775 1418 3836 posset.-
1484 3763 1692 3826 Dicitur
1760 3764 2016 3832 sagittam

428 3857 732 3929 projecisse
763 3859 816 3914 in
840 3873 1027 3918 arcem
1063 3867 1256 3916 contra
1288 3859 1392 3916 hos
1450 3859 1546 3928 qui
1601 3858 1674 3912 ibi
1727 3855 2017 3919 sedebant,

430 3948 784 4022 lapidemque
844 3966 1018 4007 unum
1061 3966 1130 4006 ex
1191 3949 1384 4014 funda,
1447 3964 1512 4004 ac
1568 3947 1771 4004 deinde
1805 3961 1866 4002 se
1929 3943 2016 4001 his

428 4041 760 4100 subduxisse
787 4043 853 4098 ad
880 4057 1069 4100 muros
1103 4059 1120 4109 ;
1147 4041 1351 4098 dicitur
1383 4041 1549 4097 etiam
1579 4051 1801 4096 suturas
1825 4052 2021 4094 ocrea-

369 4160 374 4164 -
432 4152 550 4190 rum
582 4135 908 4192 Latinorum
942 4137 1206 4203 irrisisse,
1239 4149 1378 4208 quos
1407 4147 1515 4190 tam
1547 4133 1764 4189 fortiter
1796 4133 2019 4204 repulit,

429 4229 523 4300 qui
553 4229 712 4287 nobis
745 4231 886 4286 mala
936 4230 1202 4302 parabant
1222 4244 1287 4286 ac
1314 4228 1587 4285 audiendo
1615 4227 1887 4284 ridebant.
1921 4227 2019 4281 Sui

429 4337 581 4385 vero,
606 4337 730 4377 eum
761 4323 1098 4389 deridentes,
1127 4323 1389 4380 dicebant
1413 4321 1628 4379 sedisse
1676 4320 1906 4376 interius
1950 4318 2017 4373 ad

430 4429 713 4472 murorum
771 4415 1040 4484 umbram,
1074 4417 1466 4488 videntemque
1525 4414 1706 4484 iacula
1771 4410 2021 4469 exterius

428 4508 695 4573 volantia.
753 4507 944 4586 dicere?
991 4509 1210 4566 solitum
1256 4529 1270 4564 :
1323 4529 1342 4564 ι
1404 4509 1479 4564 Ita
1530 4507 1737 4564 bonum
1801 4515 1888 4562 est
1929 4504 2019 4559 hic

430 4616 575 4668 esse,
611 4620 630 4655 ι
675 4602 974 4674 statimque
1003 4603 1355 4659 festinantem
1382 4601 1622 4657 transire
1651 4599 1705 4654 in
1741 4599 1906 4654 alium
1939 4597 2020 4652 Io-

432 4710 558 4749 cum
583 4695 972 4776 obumbratum
1001 4705 1056 4750 et
1081 4705 1278 4761 tutum,
1317 4696 1391 4752 ita
1440 4703 1778 4766 qumrentem
1811 4700 2020 4762 partem

433 4803 718 4844 murorum
744 4787 833 4844 ubi
880 4803 940 4844 se
966 4788 1160 4844 melius
1199 4787 1445 4854 haberet,
1472 4787 1627 4859 juxta
1646 4787 1790 4858 quod
1809 4786 2023 4848 dicunt,

433 4883 687 4944 consulto
718 4881 900 4953 ipsutn
931 4891 1084 4940 extra
1109 4881 1200 4945 teli
1227 4881 1439 4952 jactum
1467 4881 1669 4948 vivere.

507 5087 598 5145 65.
651 5088 836 5146 Talem
891 5103 1019 5145 cum
1086 5086 1650 5149 videntesconvivae
1701 5086 2021 5142 deliciarum

437 5180 675 5236 studiosi
719 5181 868 5252 quod
907 5181 1158 5251 placebat
1211 5181 1291 5236 illi
1355 5181 1760 5251 loquebantur;
1813 5187 1878 5234 ut
1921 5179 2024 5234 hoc

438 5290 571 5330 vero
615 5275 934 5346 generosius
967 5275 1265 5342 videretur,
1299 5273 1641 5332 blandientes
1689 5273 2025 5330 accedebant

439 5368 530 5437 qui
569 5369 838 5424 vacabant
870 5367 1195 5425 adulationi.
1239 5368 1396 5442 Apud
1445 5367 1570 5426 illos
1614 5368 2025 5428 inconsiderate

409 5460 664 5537 ,jrrepsit
687 5463 896 5518 lancula
933 5472 1113 5519 sortes
1142 5463 1352 5521 habens
1368 5466 1637 5536 poeticas,
1671 5465 1724 5520 in
1756 5472 2023 5520 tartarum

438 5564 745 5628 vergentes.
761 5555 1312 5631 Adulatoresquidetn
1336 5560 1688 5626 assentationi
1724 5559 2025 5622 studentes,

441 5650 792 5709 ostentabant
817 5652 871 5708 in
900 5654 1210 5723 semetipsis
1227 5653 1412 5709 odium
1433 5654 1694 5710 adversus
1721 5653 2024 5716 civitatem,

439 5755 504 5802 nt
555 5759 681 5801 cum
725 5743 818 5803 illo
860 5747 954 5813 qui
1003 5762 1124 5802 eam
1159 5747 1356 5803 oderat
1404 5745 1701 5802 criminose
1749 5743 2026 5800 consenti-

441 5845 586 5895 rent.
629 5837 757 5894 Erat
780 5847 963 5896 autem
1015 5839 1156 5908 apud
1181 5839 1305 5896 illos
1324 5836 1530 5895 Fannii
1573 5838 1813 5896 rhetoris
1832 5851 2024 5909 poema

441 5931 588 6002 quod
621 5930 714 5990 ille
747 5931 818 5990 de
855 5931 1005 5988 furto
1045 5931 1377 5990 sententiam
1419 5930 1784 6002 pronuntians
1818 5929 2022 6004 ubique

2121 3309 2295 3380 ἡλίου,
2319 3307 2409 3361 ἵνα
2426 3306 2521 3361 καὶ
2541 3303 2685 3359 οὕτω
2705 3302 2795 3356 τὸν
2810 3298 3155 3372 στρατιώτην
3180 3295 3502 3362 ἀπολέγοιτο
3514 3308 3711 3364 τρυφε-

2123 3399 2414 3472 ρευόμενος
2439 3394 2762 3467 ἀνηλίαστα.
2807 3392 3008 3464 Ἐορτὴ
3054 3390 3270 3461 φιληδεῖ
3315 3386 3588 3450 τοιούτοις
3621 3387 3710 3440 άν-

2117 3491 2278 3562 δράσι
2300 3507 2316 3522 ο
2350 3491 2658 3560 πανήγυρις
2693 3483 2804 3540 οἶδε
2844 3484 3090 3539 τοιούσδε
3123 3480 3394 3550 στολμούς
3417 3497 3433 3512 ο
3475 3477 3709 3550 νυμφίος

2117 3587 2185 3642 ἂν
2205 3584 2347 3640 οὕτω
2372 3583 2670 3656 θρύπτοιτο
2704 3579 3095 3651 άϐρυνόμενος.
3135 3576 3302 3642 Τόξον
3342 3573 3390 3628 δ’
3421 3574 3637 3635 ἐκεῖνος
3663 3569 3713 3622 εί

2126 3696 2230 3734 που
2262 3679 2358 3734 καὶ
2393 3674 2721 3747 χειρισθείη,
2761 3671 3065 3744 πειρᾶσθαι
3092 3667 3250 3730 εἶπες
3282 3668 3350 3722 ἂν
3378 3666 3544 3721 αὐτὸν
3571 3663 3712 3718 ὲκεί-

2119 3790 2213 3826 νου
2244 3769 2388 3826 κατά
2420 3768 2544 3830 τοὺς
2570 3765 2934 3834 ὠνουμένους,
2970 3764 3120 3825 ὅπως
3148 3759 3216 3814 ἂν
3244 3758 3361 3829 ἔχοι
3404 3756 3498 3810 τοῦ
3535 3757 3708 3808 τείνε-

2123 3860 2271 3916 σθαι.
2307 3857 2470 3912 Κατὰ
2497 3855 2554 3908 δέ
2598 3871 2662 3924 γε
2694 3853 2795 3924 τὴν
2826 3851 3127 3924 ἀκρόπολιν
3149 3850 3377 3918 λέγεται
3404 3846 3589 3900 ὀϊστὸν
3616 3846 3712 3899 ἕνα

2121 3953 2263 4009 κατὰ
2312 3950 2425 4004 τῶν
2467 3950 2588 4003 ἰκεῖ
2631 3946 3095 4019 περικαθημένων
3140 3944 3382 4013 ἀφεῖναι,
3434 3941 3532 3996 καὶ
3567 3939 3712 3993 λίθον

2119 4046 2220 4102 ἕνα
2260 4046 2322 4100 ἐκ
2351 4041 2646 4114 σφενδόνης
2667 4057 2684 4073 ο
2726 4035 2849 4094 εἶτα
2878 4037 2974 4093 καὶ
3005 4035 3306 4092 ύποθεσθαι
3337 4036 3448 4097 τοῖς
3481 4033 3581 4086 ἐπὶ
3606 4031 3714 4084 τῶν

2120 4139 2367 4210 τειχέων,
2393 4135 2625 4190 πεδίλων
2655 4133 2860 4204 ῥαφέας
2889 4127 3234 4196 ἐξονειδίζειν
3261 4127 3391 4191 τοὺς
3420 4125 3586 4197 πέριξ
3611 4125 3718 4178 Λα-

2119 4233 2322 4298 τίνους,
2347 4228 2443 4291 οὓς
2465 4227 2565 4283 καὶ
2583 4224 2838 4280 τοσοῦτον
2859 4225 3130 4294 ἠμύνατο,
3150 4221 3299 4277 κακὰ
3320 4220 3455 4291 ἡμῖν
3481 4219 3716 4290 βάπτον-

2121 4339 2246 4386 τας,
2272 4319 2366 4374 καὶ
2400 4314 2744 4386 ἑγγελῶντας
2779 4307 2861 4377 οἷς
2903 4312 3123 4385 ἧκουον.
3152 4310 3380 4380 Ἔλεγον
3409 4309 3468 4364 δὲ
3491 4309 3544 4363 oi
3580 4307 3716 4379 ἀμφ’

2125 4414 2291 4470 αὑτὸν
2328 4411 2679 4474 σκώπτοντες
2711 4409 2943 4472 ἐκεῖνον,
2991 4406 3090 4461 καὶ
3131 4405 3217 4459 ὅτι
3260 4403 3575 4475 καθήμενος
3609 4402 3720 4454 ἔσω

2126 4507 2351 4579 τειχέων
2385 4505 2541 4560 κάτω
2571 4503 2708 4573 περὶ
2737 4501 2920 4564 σκιάν,
2961 4500 3061 4554 καὶ
3087 4498 3216 4571 βέλη
3262 4495 3478 4568 βλέπων
3515 4495 3720 4561 ἔξωθεν

2126 4600 2631 4672 έπιπεταννύμενα,
2659 4596 2844 4652 εἰώθει
2871 4595 3075 4666 λέγειν,
3108 4593 3185 4658 ὡς
3217 4592 3346 4655 Ναὶ,
3378 4591 3536 4654 καλε,
3576 4588 3721 4644 κακά

2125 4700 2194 4754 τὰ
2212 4691 2316 4752 ὧδε
2337 4713 2353 4728 ο
2382 4698 2481 4751 καὶ
2510 4694 2672 4758 εὐθὺς
2695 4691 2991 4762 ἀναπηδῶν
3028 4686 3392 4760 μετεκάθιζεν
3419 4690 3500 4750 είς
3522 4685 3718 4741 ἇσυλύν

2126 4810 2250 4846 τινα
2287 4787 2655 4860 σκιατραφίαν
2689 4786 2785 4848 κα).
2813 4784 3104 4848 ἄσκυλτον,
3137 4783 3276 4853 πρὸς
3309 4782 3400 4836 τὸν
3431 4777 3492 4835 εὖ
3527 4782 3720 4850 ἔχοντα

2127 4886 2306 4956 τοῖχον
2353 4879 2736 4952 μεταρῤέπων,
2772 4879 2800 4931 ὅ
2843 4893 3002 4945 φασι,
3036 4877 3130 4932 καὶ
3178 4875 3279 4946 ζῇν
3320 4873 3578 4945 κυρώσας
3615 4872 3720 4936 ἔξω

2131 4975 2326 5048 βελῶν.
3630 4970 3636 4975 ’

2205 5094 2298 5160 ξε’.
2330 5094 2442 5149 Καὶ
2469 5091 2711 5148 τοιοῦτον
2750 5087 2882 5142 ὄντα
2923 5085 3226 5143 ἐκόλαπτον
3273 5084 3331 5146 ἐς
3361 5079 3594 5152 καρδίαν
3622 5079 3723 5134 αὐ-

2131 5187 2230 5259 τὴν
2263 5189 2314 5241 οἱ
2343 5185 2590 5254 τρῶκται
2639 5183 2889 5252 ᾶρεσκοι,
2937 5177 3324 5246 καθαρώτερον
3381 5173 3425 5226 δ’
3459 5172 3721 5241 ἐκφῆναι.

2131 5281 2233 5336 οὐκ
2252 5279 2478 5335 ἀνίεσαν
2506 5274 2850 5337 θωπεύοντες
2881 5273 2931 5325 oi
2959 5271 3061 5339 τὴν
3086 5267 3386 5323 κολακείαν
3409 5267 3717 5336 περίερτοι.

2137 5369 2247 5425 Καὶ
2279 5369 2481 5441 ἒρῤεπε
2505 5365 2643 5437 πρὸς
2683 5364 2878 5425 αὐτοὺς
2909 5362 2988 5431 τῷ
3021 5360 3208 5429 κούφῳ
3232 5359 3265 5427 ἡ
3303 5354 3594 5422 πλάστιγξ,
3619 5353 3722 5422 κῆ-

2139 5479 2238 5533 ρας
2274 5460 2496 5531 ἔχουσα,
2525 5457 2668 5512 κατὰ
2690 5455 2786 5518 τὰς
2816 5449 3132 5522 ποιητικάς,
3168 5448 3434 5511 νευούσας
3469 5449 3549 5511 είς
3580 5446 3725 5519 Τάρ-

2135 5572 2324 5627 ταρον.
2348 5553 2413 5608 Oi
2443 5553 2506 5619 δὴ
2537 5548 2999 5621 καρδιοκολάπται
3030 5547 3259 5607 κόλακες
3289 5544 3386 5598 καὶ
3427 5537 3724 5611 παρηύγα·

2136 5626 2230 5714 ζον
2260 5651 2316 5701 ἐν
2350 5646 2532 5717 σφίσιν
2555 5644 2739 5706 αὐτοῖς
2769 5642 2914 5697 κατά
2941 5640 3042 5709 τῆς
3073 5639 3280 5700 πόλεως
3315 5636 3494 5707 μῖσος,
3525 5626 3609 5693 οἷς
3642 5627 3724 5700 τῷ

2134 5741 2237 5811 τὴν
2265 5739 2422 5792 πόλιν
2457 5735 2705 5806 μισοῦντι
2735 5733 3030 5803 κακοήθως»
3057 5727 3468 5784 συνδιετίθεντο.
3507 5722 3620 5777 Καὶ
3653 5717 3725 5792 ἦν

2133 5831 2223 5888 ἐπ’
2253 5831 2435 5894 αὐτοῖς
2483 5827 2546 5881 τὸ
2582 5824 2678 5882 τοῦ
2720 5824 3026 5887 Παιανιέως
3053 5823 3305 5894 ῥήτορος,
3328 5817 3469 5889 ὅπερ
3511 5815 3724 5875 ἐκεῖνος

2135 5927 2264 5998 περὶ
2290 5921 2496 5993 κλοπῆς
2524 5917 2896 5992 γνωματεύων
2921 5915 3194 5979 κυκλικῶς
3221 5911 3584 5985 περιήγαγεν,
3615 5901 3721 5960 ὧδέ
