3968 6558
315 436 387 506 ’Π
1076 444 1176 505 DE
1219 440 1790 503 THESSALONICA
1852 439 2060 501 URBE
2096 448 2140 502 Α
2181 443 2491 505 LATINIS
2540 445 2800 509 CAPTA.
3515 441 3586 502 78

314 573 439 617 πως
469 552 1016 628 παρατεηήνασθαι·
1050 559 1143 614 Σοὶ
1179 562 1298 632 μὲν,
1332 554 1379 616 ὤ
1417 561 1603 627 Δαυῖδ,
1642 562 1896 632 προδοτι-
1925 602 1930 613 .

2037 560 2231 627 :rebat,
2262 561 2401 617 forte
2426 573 2484 617 ut
2516 571 2775 618 mutaret.
2809 557 3085 629 Quidquid
3117 558 3184 611 ad
3220 556 3587 627 proditionem

316 649 416 700 κδν
446 648 509 701 τὸ
532 649 770 717 φιλικὸν,
804 650 967 722 εῐπερ
990 647 1058 722 ἦν
1083 653 1274 723 ὅμοιόν
1308 672 1412 709 σοι.
1446 652 1593 726 Ἆρα
1630 652 1687 709 δὲ
1720 652 1895 715 οὕτως

314 740 599 810 εἰρηναῖος
647 741 746 805 ὣν,
783 741 1087 814 ἐπέτρεπεν
1125 745 1306 810 ἄλλοις
1331 748 1508 800 ποιεῖν
1546 746 1610 799 τὸ
1653 744 1771 800 δέον
1815 744 1895 808 είς

321 833 540 902 μάχηνς
578 831 827 886 Οὔκουν·
868 833 988 888 ἀλλ’
1016 837 1096 899 εἰς
1140 838 1403 902 παντελὲς
1453 840 1548 893 καὶ
1601 837 1765 900 αὐτὸς
1806 837 1899 890 τὸν

320 924 502 993 Ἀρην
528 923 796 994 ἑπέδησεν
820 924 878 977 ἔν
907 940 971 993 γε
994 929 1144 996 ἡμῖν.
1173 928 1275 982 ούκ
1302 924 1418 983 οἴδα
1442 928 1525 991 τίς
1546 946 1675 982 ποτε
1700 927 1809 980 τῶν
1841 928 1900 991 ἐξ

331 1015 582 1078 Ἀλωέως
615 1015 713 1076 ὢν,
738 1018 877 1085 τάχα
897 1017 943 1070 δ’
971 1018 1038 1072 ἂν
1080 1020 1392 1091 Ἐφιάλτης,
1426 1021 1525 1077 εἴτ’
1558 1017 1651 1075 οῦν
1678 1020 1900 1074 Ἐπίαλ-

316 1124 434 1171 τος.
470 1108 501 1159 ὀ
535 1109 689 1178 παρὰ
721 1112 832 1171 τοῖς
872 1110 1305 1179 Ἀσκληπιάδαις
1334 1112 1589 1181 ἐπαχθῶς
1609 1112 1736 1175 τοὺς
1767 1114 1896 1166 ἁνα-

319 1201 619 1268 κειμένους
665 1200 939 1270 βαρύνων,
997 1196 1089 1256 οἷα
1137 1203 1232 1257 καὶ
1294 1204 1592 1272 πνιγαλεὺς
1639 1205 1668 1257 ὁ
1712 1203 1895 1267 αὐτός.

319 1287 493 1353 Ὦτος
526 1293 639 1362 γὰρ
682 1294 779 1345 οὐκ
809 1292 879 1347 ἂν
903 1294 1143 1365 λεχθείη,
1175 1294 1233 1358 ὃς
1268 1296 1446 1349 οὐδενὶ
1475 1296 1585 1349 τῶν
1618 1289 1677 1349 εῦ
1716 1296 1904 1363 λεγόν-

322 1402 436 1436 των
472 1385 647 1438 ἐδίδου
678 1378 816 1447 ὦτα,
853 1386 901 1438 εί
937 1388 1011 1454 μὴ
1040 1386 1150 1455 ἄρα
1183 1388 1326 1441 κατά
1346 1405 1399 1441 τι
1435 1388 1677 1457 σκῶμμα
1712 1400 1905 1457 παροι-

325 1477 530 1546 μιῶδες
584 1478 647 1530 τὸ
689 1481 784 1534 ἐπὶ
824 1478 1073 1548 εὐηθείᾳ.
1104 1478 1390 1543 Τοιούτους
1425 1482 1532 1547 γὰρ
1572 1482 1698 1541 τοὺς
1732 1478 1905 1540 anno;

324 1572 425 1623 καὶ
449 1570 677 1639 ὄρνιθας
711 1571 742 1638 ἡ
774 1571 1043 1641 παροιαία
1078 1569 1191 1641 ἔχοι
1221 1571 1583 1640 δοκιμάσασα.
1621 1569 1758 1626 οὔτε
1799 1572 1907 1624 τοί-

327 1680 427 1714 νυν
455 1662 622 1724 αὐτὸς
646 1662 803 1733 ἧθελε
841 1662 1169 1733 δραστήριος
1206 1658 1368 1725 εἶναι,
1402 1662 1497 1716 καὶ
1526 1664 1653 1726 τοὺς
1684 1663 1909 1725 λοιποὺς

325 1752 387 1805 δὲ
419 1754 733 1814 ἀπεκώλυε,
782 1756 1075 1825 κατάγχων
1119 1756 1202 1818 είς
1241 1753 1380 1824 βίαν.
1419 1754 1726 1826 Ἐκδρομὴν
1776 1755 1910 1824 γοῦν

330 1846 525 1900 θέσθαι
557 1846 661 1916 τὴν
684 1845 960 1916 τυχοῦσαν
993 1846 1138 1901 κατὰ
1167 1846 1276 1899 τῶν
1307 1845 1517 1917 ἐχθρῶν
1546 1847 1624 1910 είς
1655 1845 1908 1900 τοσοῦτον

330 1938 575 2008 ἐδέησεν,
606 1939 776 2004 ὥστε,
809 1932 984 2009 οῖμαι,
1008 1941 1036 1992 ὁ
1070 1939 1309 2004 Σικελὸς,
1334 1940 1489 2010 εἴπερ
1511 1934 1623 2009 εἶχε
1657 1938 1912 2009 μυκτῆρά

329 2047 459 2084 τινα
507 2030 740 2085 νεύοντα
790 2032 926 2103 πρὸς
950 2033 1267 2102 ἀστεῖσμδν.
1296 2034 1373 2096 είς
1407 2032 1707 2104 εὐεργέτην
1752 2033 1917 2085 αὐτὸν

332 2124 781 2193 προσεποιήσατο
808 2125 876 2177 ἄν
899 2139 913 2155 ο
945 2124 1181 2193 ἐπείπερ
1202 2116 1289 2176 οἷα
1321 2124 1415 2176 καὶ
1439 2121 1724 2192 ὀφθαλμοῦ
1749 2122 1919 2193 κόρην

333 2213 537 2285 ἐκείνῳ
574 2214 937 2282 διεφυλάξατο
963 2216 1062 2285 τὴν
1092 2214 1377 2284 στρατιὰν,
1411 2215 1488 2279 ὡς
1533 2213 1668 2284 μηδὲ
1700 2211 1834 2268 ναῦν
1859 2214 1919 2279 ἐξ

336 2304 523 2356 αὐτῶν
560 2304 864 2359 ἀπολέσθαι
879 2303 940 2357 τό
967 2321 1031 2371 γε
1061 2306 1139 2367 είς
1164 2304 1329 2359 αὑτὸν
1352 2297 1488 2376 ἧκον
1513 2318 1526 2334 ⁶
1554 2306 1605 2359 εί
1635 2304 1730 2359 καὶ
1758 2319 1920 2374 στραο

335 2394 537 2451 τιῶταί
556 2412 729 2460 τινες,
756 2396 857 2467 οὐχ
881 2398 1084 2469 ἥκιστα
1109 2396 1167 2473 δὲ
1188 2398 1255 2451 τὰ
1278 2397 1377 2466 τῆς
1407 2395 1808 2465 Θεσσαλονίκης
1836 2395 1923 2447 τέ·-

338 2507 466 2555 κνα,
502 2490 554 2543 οἱ
595 2493 736 2560 μετὰ
771 2492 898 2551 τοὺς
941 2490 1185 2559 φυγάδας
1219 2490 1550 2560 περίλοιποι.
1584 2492 1921 2545 ἀπολεοντω-

338 2581 529 2645 θέντες
580 2577 698 2637 οἷον
749 2581 830 2652 τῷ
882 2581 1023 2651 ὑπὲρ
1083 2582 1181 2650 τῆς
1238 2583 1496 2651 πατρίδος
1551 2582 1727 2653 θυμῷ,
1776 2582 1925 2636 δεινὰ

340 2674 564 2728 ἐποίουν
588 2674 861 2744 ὁσημέραι
890 2675 1032 2727 κατὰ
1062 2674 1171 2727 τῶν
1196 2674 1494 2744 πολεμίων,
1525 2675 1600 2738 ὡς
1628 2674 1727 2727 οὐκ
1749 2675 1816 2729 ἄν
1842 2688 1926 2737 τις

342 2766 611 2829 ἐλπίσειε,
647 2766 1162 2837 δραστηριούμενοι.

417 2857 523 2922 Eg’.
572 2856 685 2911 Καὶ
716 2853 855 2910 εἶδεν
904 2857 971 2910 ἄν
1012 2874 1095 2919 τις
1136 2856 1373 2911 ἐνταῦθα
1419 2857 1689 2928 πονηρίαν
1735 2858 1929 2929 ἀνδρὸς

344 2948 559 3019 φαύλου
611 2949 706 3001 καὶ
743 2948 1056 3018 σοφιστείαν
1110 2947 1316 3017 βύθιον.
1368 2948 1927 3019 Παρακλητευόμενος

344 3045 482 3113 γὰρ,
515 3041 833 3109 ἀνοίγεσθαι
875 3040 975 3105 τὰς
1005 3040 1292 3104 πολιτικὰς
1342 3040 1514 3103 πύλας
1563 3042 1654 3094 ἰπὶ
1685 3041 1928 3111 πολέμῳ,

347 3139 450 3191 καὶ
480 3136 555 3208 μὴ
581 3136 897 3203 ὑπακούων,
932 3134 1051 3190 εἶτα
1088 3136 1183 3189 καί
1212 3152 1331 3189 τινα
1362 3136 1695 3205 σφοδρότερα
1722 3136 1929 3206 μανθά-

2016 656 2321 724 spectabat,
2371 655 2469 710 tibi
2510 655 2813 726 jucundum
2851 664 2992 721 erat,
3025 667 3058 705 ο
3093 651 3283 717 David,
3315 664 3440 704 cum
3487 648 3587 703 tibi

2010 756 2160 803 esSct
2200 746 2402 804 simile.
2444 736 2586 803 Num
2632 746 2723 802 ille
2767 745 3027 816 paciﬁcus
3059 743 3197 799 alios
3249 755 3412 812 agere
3439 742 3587 811 quod

2006 844 2381 899 uecessarimn
2409 852 2532 898 erat
2566 857 2781 921 pugnae
2825 839 3035 895 sinebat
3059 836 3457 907 ?Neutiqttam:
3485 834 3583 888 sed

2002 933 2229 988 omnino
2255 934 2325 989 iis
2370 950 2491 1004 quae
2512 934 2715 990 bellum
2742 931 3002 1003 poscebat
3036 928 3308 993 obstabat,
3343 925 3585 996 quadam

2002 1022 2090 1078 die
2118 1024 2302 1079 nescio
2336 1025 2461 1095 quis
2495 1040 2561 1079 ex
2590 1023 2781 1084 Aloeo,
2816 1022 2954 1075 forte
3004 1018 3303 1088 Ephialtes,
3339 1025 3434 1070 aut
3468 1026 3593 1069 tan-

2000 1116 2122 1170 dem
2166 1116 2437 1184 Epialtus,
2464 1116 2815 1186 impatienter
2837 1112 2931 1181 qui
2953 1110 3096 1179 apud
3120 1106 3477 1177 Asclepiades
3497 1105 3591 1174 ja-

2003 1207 2201 1263 cebant
2257 1209 2563 1271 suilerens,
2593 1206 2751 1278 quasi
2798 1201 3213 1273 oppressionem
3241 1208 3591 1253 nocturnam.

2005 1302 2125 1356 Non
2170 1316 2301 1371 ergo
2332 1301 2606 1356 diceretur
2657 1299 2800 1355 bubo
2835 1297 2927 1367 qui
2960 1309 3125 1349 aures
3151 1307 3260 1347 non
3300 1288 3595 1359 praebuerit

2010 1392 2149 1447 bona
2185 1392 2412 1447 consilia
2456 1391 2713 1445 dantibus
2738 1429 2753 1455 ,
2786 1387 2884 1444 sed
2919 1386 3135 1440 facetiis
3180 1381 3504 1451 vulgaribus
3525 1393 3592 1432 ac

2010 1484 2213 1540 stulfis.
2247 1482 2606 1538 Proverbium
2659 1482 2805 1538 enim
2837 1480 2939 1534 hos
2966 1478 3216 1532 bubones
3270 1482 3436 1544 atque
3464 1484 3595 1524 aves

2012 1589 2158 1631 recte
2191 1578 2535 1646 probaverat.
2581 1572 2693 1629 Nec
2722 1587 2851 1641 ergo
2892 1585 3055 1641 agere
3093 1567 3338 1631 volebat,
3364 1573 3596 1619 ceteros

2010 1683 2146 1722 vero
2218 1666 2561 1737 prohibebat,
2619 1666 2669 1721 vi
2739 1665 3007 1719 retinens.
3061 1659 3323 1731 Egressio
3368 1654 3594 1726 quidem

2018 1777 2087 1816 ne
2132 1771 2386 1827 ageretur
2431 1763 2697 1814 adversus
2743 1757 2934 1812 hostes
2963 1754 3090 1808 data
3121 1752 3419 1807 occasione
3452 1747 3595 1802 adeo

2017 1858 2264 1920 timebat,
2310 1869 2391 1919 ut.
2442 1864 2595 1925 puto,
2648 1854 2892 1916 Siculus,
2945 1852 2991 1906 si
3022 1852 3076 1904 in
3112 1849 3451 1904 coluissent
3498 1846 3600 1899 ali-

2019 1960 2154 2023 quot
2192 1963 2386 2006 sensus
2415 1946 2763 2011 urbanitatis,
2798 1944 2957 2014 quasi
3014 1941 3422 1997 betteiactOrem
3471 1952 3599 1992 eum

2019 2052 2167 2100 esset
2218 2042 2549 2102 habiturus;
2603 2053 2726 2092 cum
2782 2038 2927 2092 sicut
2990 2033 3249 2104 pupillam
3301 2030 3446 2085 oculi
3481 2030 3603 2099 ejus

2022 2136 2324 2191 exercitum
2374 2139 2644 2193 servaret,
2700 2129 2770 2183 ita
2809 2137 2867 2183 ut
2913 2127 3098 2182 nullus
3128 2140 3193 2181 ex
3236 2138 3303 2179 eo
3350 2121 3599 2194 perierit,

2022 2228 2170 2295 quod
2204 2234 2354 2282 certe
2384 2224 2452 2278 ad
2484 2237 2611 2279 eum
2644 2220 2949 2291 spectabat,
2976 2218 3082 2275 etsi
3113 2216 3335 2282 quidam
3376 2214 3604 2278 milites,

2024 2316 2299 2389 praecipue
2357 2322 2538 2370 autem
2600 2310 3012 2368 Thessalonica:
3065 2308 3203 2372 lilii,
3251 2312 3377 2378 post
3420 2304 3606 2373 fugam

2024 2408 2371 2477 superstites,
2394 2405 2486 2475 qui
2522 2404 2807 2475 perierunt
2828 2403 3014 2456 animo
3035 2399 3261 2455 leonino
3282 2411 3383 2466 pro
3404 2395 3607 2465 patria,

2027 2496 2287 2553 terribilia
2334 2495 2581 2566 quotidie
2622 2502 2847 2563 agerent
2888 2491 3158 2548 adversus
3204 2489 3392 2544 hostes
3437 2498 3609 2555 supra

2027 2608 2192 2646 omne
2220 2590 2367 2660 quod
2398 2588 2609 2659 sperari
2646 2593 2885 2657 poterat.

2101 2836 2192 2893 66.
2225 2833 2382 2890 Tunc
2414 2834 2661 2906 dignosci
2690 2832 2893 2903 poterit
2928 2831 3140 2887 malitia
3163 2830 3381 2901 altaque
3410 2836 3613 2883 astutia

2032 2930 2196 2999 hujus
2240 2926 2500 2983 hominis.
2533 2926 2804 2981 Invitatus
2831 2924 2978 2978 enim
3014 2925 3081 2977 ad
3117 2920 3449 2992 aperiendas
3484 2932 3616 2988 por-

2034 3034 2118 3079 tas
2156 3021 2394 3077 civitatis
2416 3019 2541 3075 belli
2568 3028 2835 3090 tempore,
2853 3031 2958 3071 non
2984 3016 3331 3083 obtemperat
3359 3028 3375 3077 ;
3419 3008 3614 3063 deinde

2033 3114 2275 3187 pericula
2302 3113 2507 3182 majora
2531 3111 2747 3166 discens
2766 3152 2781 3171 ,
2816 3106 3175 3164 nihilominus
3192 3102 3367 3158 adhuc
3387 3107 3611 3171 perstat.

346 3190 610 3290 vwv,'x.ai
640 3228 669 3280 ὁ
708 3190 1066 3290 αύτδςάὖθις
1103 3228 1298 3297 μένων,
1346 3190 1441 3282 καὶ
1476 3190 1925 3300 άνακρινύμενος,

2037 3209 2170 3264 Cum
2198 3209 2323 3263 inde
2343 3206 2655 3278 inquisisset
2686 3219 2791 3274 qua
2826 3211 2976 3271 parte
3006 3196 3258 3254 hostibus
3282 3190 3614 3264 parcendum

352 3319 443 3388 ἐφ’
489 3311 535 3387 ᾧ
582 3318 695 3372 τῶν
750 3319 1025 3389 πολεμίων
1084 3317 1230 3374 οὕτω
1275 3321 1536 3390 φείδεται,
1592 3322 1787 3392 πρῶτα
1835 3322 1933 3390 μὲν

354 3409 729 3481 προϐάλλεται
761 3409 1031 3481 βασίλειον
1070 3413 1258 3480 τηρεῖν
1300 3411 1601 3477 κέλευσμα,
1631 3428 1936 3481 καστροφυ-

352 3500 549 3556 λακεῖν
579 3502 879 3555 ἔπιτάσσον
920 3500 1071 3572 αύτῷ
1091 3518 1104 3533 ’
1144 3502 1435 3573 μανθάνων
1465 3502 1544 3569 δὲ,
1578 3502 1655 3566 ὡς
1678 3502 1742 3556 ού
1776 3502 1936 3556 τοῦτό

354 3595 477 3647 ἔστι
508 3592 939 3663 καστροφύλακα
971 3586 1112 3646 εἷναί
1137 3610 1282 3659 τινα,
1307 3596 1369 3648 τὸ
1406 3593 1515 3647 ἔσω
1539 3594 1752 3666 τείχους
1778 3596 1937 3663 ἔγκε-

354 3684 632 3750 κλεῖσθαι,
681 3683 821 3738 ἀλλὰ
870 3682 933 3737 τὸ
981 3684 1162 3739 πάντα
1216 3687 1411 3751 ποιεῖν,
1464 3684 1534 3739 δι’
1570 3681 1648 3740 ὧν
1697 3687 1764 3740 ἂν
1810 3689 1937 3749 τοὺς

357 3774 593 3847 ἐχθροὺς
631 3774 878 3845 βλάψειε,
902 3776 995 3829 καὶ
1022 3775 1083 3829 τδ
1119 3776 1358 3847 κάστρον
1379 3776 1524 3833 οὕτω
1552 3777 1842 3847 φυλάξειεν
1866 3779 1937 3847 (εί

361 3870 442 3938 μή
474 3884 561 3929 τις
589 3867 784 3937 καλοίη
818 3869 914 3922 καὶ
938 3866 1112 3935 οἴκου,
1148 3868 1180 3939 ἢ
1205 3870 1470 3939 ἀμπέλου.
1500 3870 1533 3939 ἦ
1565 3869 1699 3934 νεὼς
1721 3870 1941 3940 φύλακα

360 3958 459 4011 τὸν
482 3956 593 4011 ἔσω
621 3950 1114 4030 ἐγκορδυληθέντα,
1136 3958 1231 4011 καὶ
1255 3960 1580 4030 οίκουρικῶς
1606 3961 1937 4030 καθήμενον·

359 4050 417 4104 εῐ
447 4049 500 4103 τί
530 4067 634 4103 που
670 4050 728 4102 δὲ
758 4049 959 4114 ἔξωθεν
998 4049 1305 4114 επιϐουλον,
1337 4048 1453 4104 ἀλλ’
1491 4052 1666 4104 ἐκεῖνο
1715 4051 1942 4120 ἀφιέντα

359 4137 428 4195 εὖ
455 4141 625 4211 ἔχειν,
658 4140 765 4204 ἕως
795 4140 892 4193 καὶ
923 4141 1074 4203 ἐντὸς
1111 4139 1537 4209 παρεισδύσεται
1564 4141 1863 4211 ὀλέθριονὶο
1915 4142 1943 4193 ὁ

360 4234 421 4286 δὲ
446 4233 915 4301 δικαιολογεῖσθαι
943 4233 1038 4286 τοῦ
1066 4234 1255 4287 λοιποῦ
1287 4235 1468 4304 ἀφεὶς,
1500 4234 1745 4289 διέϐαλλε
1768 4235 1945 4302 λέγων

362 4324 624 4389 δεδιέναι,
664 4323 871 4395 μὴ’τδν
920 4323 1091 4393 πηλὸν
1127 4326 1423 4395 ἀφεθέντες
1471 4326 1616 4389 τινὲς
1660 4328 1945 4397 προελθεῖν

363 4416 877 4486 ἑκπετασθήσονται
908 4416 987 4479 εἰς
1018 4416 1079 4468 τὸ
1107 4419 1320 4486 φυγεῖν,
1348 4417 1443 4471 καὶ
1464 4416 1637 4482 οὕτως
1662 4419 1755 4471 ἐπὶ
1786 4420 1947 4471 πλέον

364 4510 748 4581 λειπανδρήσῃ
776 4511 842 4564 τὰ
869 4510 969 4580 τῆς
998 4512 1228 4575 πόλεως.
1264 4512 1375 4565 Καὶ
1413 4511 1795 4582 ἐδυσχέραινον
1849 4512 1945 4581 μὲν

2035 3310 2205 3367 esset,
2258 3299 2496 3371 primum
2555 3296 2771 3368 quidem
2828 3295 3037 3362 iussum
3102 3287 3450 3361 imperatoris
3502 3300 3619 3339 ser-

2037 3390 2273 3446 vandum
2304 3387 2587 3460 praedicat,
2625 3385 2726 3457 ipsi
2774 3392 2834 3439 ut
2860 3392 3041 3439 castra
3074 3387 3257 3437 servet
3286 3374 3616 3447 praecipien-

2037 3485 2127 3539 tis.
2160 3482 2297 3538 Cum
2328 3495 2461 3538 vero
2490 3478 2774 3536 didicisset
2802 3491 2910 3531 non
2936 3474 3080 3551 satis
3104 3487 3229 3529 esse
3256 3472 3493 3540 aliquem
3524 3482 3622 3522 cu-

2038 3576 2248 3635 stodire
2266 3577 2408 3632 intra
2430 3588 2618 3629 muros
2640 3580 2700 3627 ut
2721 3579 2947 3627 vocetur
2962 3575 3272 3625 castrorum
3293 3571 3503 3628 custos,
3525 3561 3622 3617 sed

2040 3677 2099 3724 ut
2145 3668 2331 3724 omnia
2375 3666 2499 3738 agat
2522 3665 2721 3736 quibus
2774 3662 3014 3719 oil'endat
3054 3660 3259 3719 hostes,
3296 3658 3486 3726 sicque
3535 3669 3628 3707 ca-

2038 3773 2153 3818 stra
2210 3760 2477 3816 custodiri
2540 3758 2687 3831 (nisi
2747 3757 2946 3827 aliquis
3023 3755 3256 3814 domus,
3309 3759 3403 3803 aut
3461 3746 3623 3808 vitis.

2045 3864 2144 3909 aut
2184 3852 2341 3909 navis
2373 3860 2563 3907 custos
2609 3850 2919 3921 appellatur
2978 3845 3071 3916 qui
3121 3846 3270 3900 intro
3341 3850 3492 3895 tutus
3542 3848 3629 3895 est

2042 3947 2301 4017 domique
2324 3944 2510 4012 sedet;
2548 3957 2610 3997 ac
2641 3943 2684 3997 si
2727 3939 2934 4010 aliquid
2968 3937 3289 3993 insidiarum
3324 3932 3416 3988 ﬂat
3445 3930 3512 3985 de
3546 3928 3629 3984 l‘o-

2042 4039 2141 4102 ris,
2197 4038 2300 4092 hoc
2360 4036 2476 4090 iieri
2538 4035 2706 4095 sinat.
2759 4032 3064 4104 usquedum
3123 4028 3325 4082 malum
3399 4024 3631 4080 interius

2045 4127 2305 4194 pervadat
2328 4125 2346 4193 )
2369 4141 2385 4179 :
2410 4124 2501 4178 ille
2524 4137 2653 4179 vero
2677 4137 2736 4177 se
2762 4135 2993 4191 purgare
3034 4117 3160 4172 aliis
3177 4116 3458 4170 omittens.
3494 4126 3631 4182 prm-

2046 4218 2271 4273 dicabat
2329 4231 2390 4271 se
2440 4215 2636 4269 timere
2693 4226 2761 4267 ne
2809 4209 3031 4281 quidam
3092 4217 3382 4277 postquam
3434 4203 3631 4256 limum

2047 4313 2360 4368 turbassent
2414 4307 2470 4362 in
2527 4304 2711 4375 fugam
2769 4309 3226 4357 converterentur
3275 4298 3467 4366 sicque
3520 4309 3637 4347 am-

2047 4402 2191 4474 plius
2265 4398 2580 4454 hominibus
2641 4401 2857 4450 careret
2933 4393 3148 4447 civitas.
3201 4390 3637 4458 ludignabantur

2055 4491 2223 4547 fortes
2288 4490 2479 4551 duces,
2511 4488 2615 4542 hoc
2654 4482 2961 4547 audientes,
2992 4482 3303 4549 militesque
3356 4492 3479 4531 cum
3529 4478 3634 4537 eis,

364 4604 420 4657 oi
457 4567 1005 4675 άγαθρίστρατηγοὶ,
1048 4567 1343 4665 ἀκούοντες
1376 4567 1678 4667 τοῦτοῗκαὶ
1698 4603 1749 4656 οἱ
1786 4567 1930 4671 στ’ραι

2054 4581 2283 4653 pulchro
2353 4577 2573 4648 corpori
2637 4574 2874 4629 civitatis
2940 4568 3101 4643 turpe
3174 4580 3339 4639 caput
3415 4567 3641 4634 imposi-

369 4695 585 4759 τιὼται,
632 4693 829 4764 ἔφερον
869 4696 919 4748 δ’
963 4697 1135 4765 ὅμως,
1170 4694 1218 4746 εἰ
1254 4693 1485 4762 σώματι
1532 4693 1741 4755 πόλεως
1800 4692 1949 4764 καλῷ

372 4785 556 4855 φαύλη
578 4786 866 4854 ἐφίσταται
889 4787 1124 4855 κεφαλή.
1151 4785 1260 4838 Καὶ
1277 4784 1379 4837 οὐκ
1406 4783 1653 4854 ἐτόλμων
1680 4786 1952 4853 ἐγχειρεῖν

369 4874 528 4930 λύειν
571 4876 672 4948 τὴν
716 4878 1153 4947 ὶπιτεταγμένην
1183 4876 1451 4946 ἁρμονίαν
1481 4876 1688 4940 αὐτοῖς,
1725 4875 1953 4943 πειθαρ-

369 4966 600 5039 χοῦντες
639 4969 741 5021 ούκ
788 4970 876 5022 ἐπ’
917 4967 1128 5038 ἀγαθῷ.
1168 4966 1307 5020 Ἀλλ’
1340 4966 1429 5019 ὅτε
1468 4966 1599 5018 ποτε
1646 4968 1740 5018 καὶ
1791 4963 1953 5026 αὐτὸς

370 5062 626 5135 ἐκύρωσε
660 5062 841 5116 πειθοῖ
864 5056 1027 5127 εἶξαι,
1053 5060 1366 5133 ῥᾳδιουργεῖ
1396 5058 1558 5122 οὕτω,
1588 5056 1683 5111 τοῦ
1705 5056 1958 5126 Χούμνου

370 5156 786 5226 τεθαρρηκότος
817 5155 932 5224 ἅμα
971 5154 1049 5225 τῷ
1078 5154 1208 5224 περὶ
1238 5151 1401 5207 αύτδν
1444 5149 1822 5221 στρατιωτικῷ
1866 5148 1959 5203 λά·-

374 5264 466 5318 χει
494 5249 847 5300 ἔπεισπεσεῖν
880 5250 992 5310 τοῖς
1022 5248 1085 5299 ὲκ
1109 5247 1218 5299 τῶν
1245 5243 1395 5317 ἑῴων
1428 5242 1614 5307 πυλῶν
1641 5240 1955 5309 πολεμοῦσι,

376 5339 477 5391 καὶ
517 5339 975 5407 ὲγκεχειρηκότος
1016 5336 1211 5401 οὕτως,
1244 5338 1291 5388 εί
1335 5337 1429 5389 καὶ
1465 5332 1743 5401 δυστυχῶς
1778 5331 1959 5402 ἀπέϐη

374 5427 444 5479 τὸ
474 5428 627 5492 τέλος
661 5428 750 5481 διὰ
782 5430 1096 5498 φαυλότητα
1117 5427 1227 5479 τῶν
1260 5424 1655 5493 συναραμένων
1680 5421 1832 5491 αύτῷ
1862 5422 1960 5490 τῆς

379 5520 589 5591 μάχης.
637 5521 732 5573 καὶ
779 5518 1082 5590 ὀχλούντων
1124 5519 1231 5571 τῶν
1267 5535 1324 5571 τε
1367 5515 1650 5585 ἐπηλύδων
1700 5529 1963 5581 στρατιω-

377 5612 516 5676 τῶν,
558 5613 658 5666 καὶ
691 5611 798 5664 τῶν
829 5614 929 5679 τῆς
961 5611 1166 5674 πόλεως
1195 5611 1250 5663 δὲ
1278 5609 1504 5671 τέκνων,
1541 5606 1576 5660 ἃ
1606 5605 1777 5675 ταύτῃ
1809 5621 1963 5673 περι-

377 5702 725 5773 ελείφθησαν
760 5703 899 5771 μετὰ
932 5704 1058 5764 τοὺς
1090 5700 1377 5769 φυγαδὶας,
1418 5697 1561 5750 κατὰ
1590 5695 1828 5764 σπουδὴν
1869 5693 1961 5747 ὲκ-

377 5797 615 5868 δραμεῖν
642 5797 735 5847 ἐπὶ
766 5795 893 5858 τοὺς
924 5794 1369 5864 πολιορκοῦντας,
1396 5790 1487 5843 διὰ
1526 5789 1588 5841 τὸ
1626 5789 1749 5849 τοὺς
1796 5786 1961 5839 Λατί-

383 5902 513 5949 κτς
558 5884 717 5950 ὅλους
770 5885 1026 5954 γενέσθαι
1074 5884 1166 5938 τοῦ
1221 5885 1597 5953 ἁντιχωρῆσαι
1664 5879 1805 5931 κατὰ
1865 5878 1961 5930 τοῦ

2060 4686 2174 4730 tum
2238 4672 2431 4727 fuisse.
2497 4667 2608 4725 Nec
2667 4668 2943 4723 audebant
3002 4662 3195 4733 sponte
3258 4662 3473 4717 solvere
3509 4660 3641 4714 bar-

2058 4767 2301 4821 moniam
2325 4762 2460 4833 ipsis
2498 4760 2973 4833 impositam,non
3019 4758 3073 4812 in
3129 4757 3332 4810 bonum
3372 4753 3451 4809 sic
3506 4753 3641 4807 obe-

2060 4859 2294 4913 dientes.
2327 4854 2432 4910 Sed
2456 4868 2581 4909 cum
2606 4860 2791 4907 certus
2826 4850 2926 4904 fuit
2952 4846 3018 4904 de
3048 4847 3387 4910 obedientia,
3421 4845 3671 4915 fraudu-r

2062 4950 2236 5003 tenter
2264 4944 2375 5017 egit
2401 4945 2504 4999 hoc
2547 4944 2741 4997 modo:
2767 4958 2892 4996 cum
2920 4939 3235 4995 Conmenus
3262 4937 3453 4993 luisset
3476 4951 3647 4991 ausus

2062 5055 2191 5096 cum
2250 5046 2402 5109 parte
2444 5038 2747 5097 exercitus.
2797 5049 2963 5105 quam
3015 5034 3119 5089 sub
3162 5046 3329 5085 manu
3388 5030 3646 5091 habebat,

2068 5145 2228 5187 ruere
2252 5130 2304 5183 in
2330 5130 2514 5184 hostes
2541 5143 2571 5183 e
2596 5128 2767 5197 portis
2802 5124 3188 5189 orientalibus,
3215 5122 3404 5192 sicque
3428 5134 3649 5191 aggres-

2068 5240 2164 5278 sus
2198 5223 2407 5290 fuisset,
2439 5218 2543 5275 etsi
2567 5219 2706 5274 male
2742 5218 3075 5274 successerit
3099 5217 3169 5271 ob
3213 5214 3430 5285 culpam
3456 5225 3646 5267 eorum

2068 5316 2159 5388 qui
2244 5314 2420 5368 aciem
2497 5313 2905 5376 ordinaveraut,
2981 5307 3441 5368 turbulentorum,
3508 5302 3651 5355 mili-

2070 5418 2185 5463 tum
2212 5409 2646 5477 alienigeuarnm
2677 5405 3031 5474 ﬁliorumque
3084 5400 3329 5457 civitatis
3357 5412 3497 5467 quos
3527 5409 3649 5448 am-

2071 5504 2287 5575 plexata
2338 5510 2426 5556 est
2486 5508 2607 5570 post
2655 5498 2865 5570 fugam,
2918 5496 3063 5568 quod
3092 5494 3424 5550 festinanter
3450 5500 3624 5543 cxcur

2072 5595 2275 5650 rissent
2316 5594 2367 5645 in
2392 5592 2731 5655 obsidentes,
2756 5607 2820 5644 eo
2845 5589 2992 5660 quod
3042 5584 3238 5642 omnes
3295 5581 3473 5636 Latini
3515 5595 3651 5633 con-

2070 5700 2361 5746 currerant
2389 5688 2654 5741 adversus
2678 5686 3018 5748 Chumuum,
3072 5684 3185 5751 ipse
3230 5689 3521 5750 postquam
3557 5673 3647 5727 vix

2072 5782 2379 5854 aperuisset
2405 5789 2592 5849 portas
2617 5792 2678 5832 ac
2707 5777 3005 5830 dimisisset
3036 5773 3244 5825 irruerc
3279 5769 3419 5820 hanc
3448 5779 3652 5818 excur-

2076 5878 2293 5930 sionem
2328 5874 2717 5929 desideratam,
2760 5878 2903 5919 retro
2931 5862 3127 5917 deinde
3187 5861 3388 5931 januas
3456 5858 3653 5911 clausit
