3968 6590
385 427 460 490 ’79
1068 427 1500 492 EUSTATHII
1540 429 2300 495 THESSALONICENSIS
2340 428 2903 496 METROPOLITIE
3591 432 3662 495 80

390 543 536 613 quod
588 540 808 601 difﬁcile
865 542 917 599 in
983 543 1175 600 urbem
1235 544 1433 601 reverti
1499 554 1727 615 possent
1772 546 1867 617 qui
1905 545 1975 601 sit

2090 548 2366 620 Χούμνου,
2394 547 2559 613 αὐτὸς
2591 548 2755 619 μόγις
2778 547 2998 614 ἀνοίξας
3025 549 3124 613 τὰς
3153 548 3351 615 πύλας,
3375 548 3473 605 καὶ
3506 553 3665 619 ἀφεὶς

380 625 691 715 ⁸ιξιίὶιςερᾷιιιις
716 642 1000 705 postremo
1029 651 1159 692 vero
1180 635 1498 708 iuramento
1524 644 1884 693 asserucrunt
1918 652 1975 694 se

2084 641 2247 712 δῆθεν
2301 640 2576 712 ἐκδρομὴν
2625 640 2898 711 προϐῆναι
2971 638 3072 713 τὴν
3113 641 3478 713 ζητουμένην,
3541 637 3666 697 εἶτα

388 741 608 797 pinnam
679 728 978 784 terribilem
1035 743 1134 798 pro
1194 728 1425 786 audacia
1475 729 1730 798 solvisse,
1780 738 1975 786 caetera

2086 731 2437 787 συνέκλεισεν
2492 730 2723 787 ὄπισθεν
2783 731 2983 796 αὐτῶν,
3037 732 3115 797 ὡς
3172 734 3326 803 μόλις
3368 733 3664 806 δυνηθῆναι

387 820 648 899 paciﬁcos
682 838 743 876 se
795 820 1014 876 futuros
1054 821 1433 892 promiserunt
1465 838 1567 879 nec
1604 823 1972 896 impossibilia

2084 823 2215 886 τοὺς
2252 821 2568 888 ἐξελθόντας
2607 824 2719 877 ισω
2754 822 3014 893 γενέσθαι
3045 824 3114 879 τὰ
3140 825 3240 896 τῆς
3272 826 3504 897 πόλεως,
3537 827 3667 879 κάν-

388 924 578 970 contra
617 912 709 969 Dei
745 914 1087 969 voluntatem
1122 928 1385 971 ausuros.

2087 911 2280 967 τεῦθεν
2336 912 2583 977 ἐκείνους
2639 912 2820 985 δεινὴν
2883 914 3030 970 οῦτω
3082 916 3274 987 ποινὴν
3325 917 3422 972 τοῦ
3475 917 3669 990 θαρσεῖ

378 1009 709 1080 ,τινυμένους
741 1006 1100 1079 διομόσασθαι
1132 1008 1435 1081 ἡσυχάζειν
1461 1009 1553 1063 τοῦ
1587 1009 1806 1078 λοιποῦ,
1833 1010 1932 1065 zeal
1968 1006 2051 1080 μὴ
2080 1006 2368 1078 βιάζεσθαι
2409 1006 2481 1061 τὰ
2508 1005 2585 1078 μὴ
2631 1006 2856 1075 δυνατά,
2891 1006 3019 1063 ἔνθα
3050 1009 3189 1073 Θεὸς
3220 1010 3358 1065 ἄλλα
3389 1009 3664 1081 βούλεται.

363 1100 380 1201 ξ
457 1129 547 1182 67.
578 1126 926 1198 Superlluum
962 1140 1069 1183 non
1099 1129 1205 1184 erit
1256 1129 1342 1183 liic
1375 1128 1722 1185 conscribere
1766 1127 1833 1183 ad
1871 1126 1973 1183 lio-

2148 1125 2252 1192 ξξν.
2277 1128 2392 1181 Οὐκ
2420 1127 2490 1182 ἂν
2524 1128 2581 1183 δὲ
2610 1129 2696 1199 εἴη
2725 1128 3008 1200 πάρεργον
3037 1128 3273 1183 ἐνταῦθα
3299 1134 3665 1201 προσιπορῆ-

363 1204 574 1281 ζηοτεηι
608 1223 785 1285 ducis,
808 1221 902 1289 qui
955 1222 1095 1277 bello
1121 1222 1386 1277 adversus
1411 1220 1718 1275 Cliumnum
1748 1231 1975 1276 externo

2085 1236 2176 1274 σαι
2227 1220 2366 1288 πρὸς
2401 1219 2587 1291 θαῦμα
2627 1220 2724 1275 τοῦ
2771 1221 3086 1293 στρατηγοῦ
3134 1221 3233 1275 καὶ
3256 1223 3362 1286 δτι,
3395 1222 3489 1276 τοῦ
3524 1226 3665 1277 κατὰ

382 1320 519 1368 tunc
546 1324 728 1383 rupto,
763 1321 891 1382 post
919 1312 1124 1368 latinam
1156 1313 1223 1367 ad
1259 1313 1771 1383 ipsumperlatam,
1798 1312 1975 1368 noluit

2078 1309 2175 1363 τδν
2221 1309 2473 1380 Χοῦμνον
2504 1309 2743 1381 πολέμου
2794 1309 2903 1376 ἔξω
2944 1312 3068 1366 τότε
3113 1314 3394 1384 ῥαγέντος,
3438 1314 3664 1368 καὶτοῦ

384 1403 696 1473 perieulum
741 1403 1106 1459 Barbam-um
1145 1418 1371 1474 augere,
1412 1412 1615 1459 contra
1657 1402 1973 1459 Cliumnum

2076 1402 2411 1472 πράγματος
2438 1388 2838 1473 διηκουσμένου
2860 1403 2958 1458 καὶ
2979 1405 3061 1468 είς
3090 1404 3277 1469 αὑτὸν,
3310 1405 3474 1469 αὐτὸς
3503 1407 3667 1473 ἀφεὶς

380 1495 706 1566 pugnando,
748 1498 829 1552 ita
877 1508 937 1552 ut
986 1496 1215 1552 Barbari
1262 1497 1527 1567 utrinque
1572 1496 1752 1551 vexati
1790 1497 1975 1552 caade-

2080 1496 2353 1550 διπλῶσαι
2383 1498 2498 1561 τοῖς
2526 1496 2827 1567 βαρϐάροις
2858 1499 2949 1552 τδν
2982 1498 3253 1563 κίνδυνον,
3279 1497 3440 1569 εἴπερ
3472 1502 3501 1553 ό
3527 1498 3668 1554 X05-

378 1598 603 1646 ventur.
630 1589 800 1662 Igitur
824 1606 853 1643 a
889 1589 1181 1660 pugnando
1213 1589 1427 1645 abstitit
1449 1601 1504 1645 et
1534 1589 1757 1645 aliunde
1785 1589 1975 1645 trium-

2076 1606 2219 1662 τινος
2266 1591 2366 1661 μιν
2416 1593 2631 1647 ἐκεῖθεν
2685 1598 2923 1659 πονοῐτο,
2947 1594 3112 1657 αὐτὸς
3139 1594 3186 1647 δ’
3210 1594 3453 1648 ἐνταῦθα
3491 1612 3667 1648 κατα-

382 1682 560 1751 pbum
635 1682 909 1752 quaesivit.
955 1681 1269 1738 Altissimus
1318 1681 1466 1736 enim
1535 1682 1825 1736 adversum
1880 1695 1975 1736 nos

2084 1682 2448 1754 στρατηγοίη,
2482 1685 2558 1746 ὡς
2594 1685 2662 1739 ἂν
2701 1687 2894 1749 κακοῖς
2914 1684 3259 1756 ἑκατέρωθεν
3287 1685 3667 1755 ἐναποληφθὲν

380 1774 712 1831 convocavit
758 1775 813 1829 in
853 1775 994 1829 colle
1041 1774 1297 1829 orientali
1347 1771 1562 1827 Zabarii
1606 1774 1713 1828 rite
1755 1773 1975 1827 demon-

2081 1775 2145 1827 τὸ
2173 1774 2473 1845 βάρϐαρον,
2506 1776 2602 1829 καὶ
2635 1777 2779 1831 κατά
2802 1793 2863 1831 τε
2895 1777 3138 1849 στέρνων
3172 1778 3269 1832 καὶ
3296 1777 3442 1832 κατά
3475 1795 3535 1831 τε
3562 1778 3667 1831 νὼ-

378 1877 578 1922 -strans
604 1880 802 1938 pugna:
820 1865 1261 1936 dispositionem,
1296 1879 1461 1936 quam
1497 1866 1775 1919 indicabat
1805 1865 1975 1934 pulvis

2084 1885 2194 1921 των
2223 1868 2596 1939 πληττόμενον
2620 1870 2714 1923 καὶ
2744 1868 3078 1941 βαλλόμενον
3105 1869 3335 1940 ὀχλοῖτο,
3367 1869 3512 1925 οῦτω
3531 1868 3665 1939 γοῦν

381 1961 609 2015 sublata
634 1975 664 2014 ε
685 1960 1038 2015 currentibus
1058 1968 1224 2027 atque
1259 1960 1329 2014 ab
1381 1957 1737 2014 adversariis.
1774 1956 1975 2013 Preces

2088 1961 2423 2028 στρατηγεῖν
2476 1960 2655 2027 ἀφεὶς,
2713 1959 2791 2024 ὡς
2845 1959 3072 2032 ἔπρεπε.
3133 1962 3433 2030 πομπικῶς
3489 1962 3666 2024 άλλως

390 2062 577 2109 autem
617 2067 685 2108 ac
715 2052 1127 2122 deprecationes
1163 2067 1304 2122 quas
1356 2053 1485 2123 egit,
1539 2067 1703 2105 neuio
1751 2050 1975 2106 credere

2082 2048 2335 2102 διέκειτο.
2369 2047 2634 2118 Ὕψιστος
2676 2050 2787 2120 γάρ
2817 2052 2876 2104 ὲν
2904 2049 2983 2121 τῷ
3008 2049 3128 2121 ἑῴῳ
3154 2050 3378 2124 γηλόφῳ
3409 2051 3505 2106 τοῦ
3541 2051 3664 2106 καθ’

380 2154 596 2215 posset.
619 2143 733 2201 Hoc
764 2151 850 2200 est
877 2157 1008 2199 vero
1034 2144 1260 2198 evrdens
1282 2157 1450 2218 guam
1492 2143 1773 2211 negligens
1815 2141 1975 2197 fuerit

2082 2144 2229 2214 ἡμᾶς
2280 2143 2588 2215 Ζαδαρείου
2634 2144 3033 2215 ἔπανηγῠριζε,
3072 2144 3355 2217 θεωρικῶς
3404 2144 3504 2215 τὴν
3562 2146 3665 2213 τῆς

392 2238 449 2293 in
503 2236 714 2294 Latinis
769 2236 1188 2307 persequendis,
1241 2244 1554 2305 quantaque
1631 2234 1851 2304 ignavia
1923 2235 1979 2289 in

374 2331 699 2387 amovenda
739 2344 770 2385 a
813 2328 973 2386 nobis
1023 2329 1189 2393 bello,
1236 2328 1517 2398 quomodo
1567 2328 1763 2381 timens
1792 2341 1857 2380 ne
1887 2339 1980 2380 ae-

376 2432 672 2490 .cusarent,
717 2422 867 2496 quod
913 2422 1064 2477 illius
1130 2434 1300 2477 causa
1346 2418 1634 2475 adoriendi
1701 2418 1981 2475 exercitus

376 2518 678 2575 «Romanus
741 2514 1148 2588 supervenerit.
1184 2511 1338 2568 Tunc
1373 2526 1504 2568 vero
1551 2511 1812 2566 mulieres
1854 2524 1981 2564 eum

390 2611 655 2676 riserunt,
708 2623 777 2665 ac
818 2617 1110 2680 postquam
1158 2605 1227 2661 de
1290 2604 1548 2675 supernis
1598 2602 1716 2657 illas
1749 2601 1984 2656 descen-

390 2702 524 2757 dere
569 2699 826 2771 jussisset
877 2697 1127 2754 ascendit
1185 2697 1302 2766 ipse
1359 2694 1622 2749 indecoro
1668 2692 1830 2746 modo
1869 2691 1984 2745 haec

393 2796 510 2849 loca
557 2793 884 2863 repleturus.
943 2791 1011 2844 At
1044 2790 1179 2853 iboc
1242 2786 1539 2843 ludibrium
1564 2800 1632 2840 ex
1666 2784 1986 2839 mulieribus

374 2876 709 2951 ’neutiquam
763 2879 913 2935 illum
960 2879 1148 2933 movit.
1205 2875 1363 2935 Unde
1423 2876 1569 2930 enim
1634 2875 1778 2929 scire
1829 2881 1985 2944 pote-

2084 2238 2269 2306 μάχτςς
2299 2238 2518 2307 ἐκείνης
2542 2235 2917 2307 γνωματεύων
2944 2236 3210 2299 διάθεσιν,
3237 2237 3308 2309 ἢν
3333 2237 3661 2307 ἐγειρομένη

2083 2328 2233 2390 κόνις
2280 2328 2387 2381 ὑπὸ
2440 2329 2550 2381 τῶν
2589 2329 2896 2399 τρεχόντων
2931 2329 3025 2383 καὶ
3071 2328 3502 2399 άντιτρεχόντων
3538 2331 3667 2399 ἐσή-

2085 2436 2265 2490 μαινε.
2308 2420 2419 2472 Καὶ
2452 2412 2547 2473 οἷα
2580 2418 2681 2489 μὶν
2711 2418 2877 2483 αὑτὸς
2904 2419 3027 2473 τότε
3056 2418 3249 2489 εὔχετο
3280 2419 3368 2482 ἃν.
3394 2420 3427 2491 ἢ
3460 2421 3663 2475 κατεύ-

2082 2528 2229 2580 χετο,
2268 2512 2446 2576 οὐδεὶς
2476 2513 2543 2566 ἂν
2583 2512 2751 2583 εἰδείη
2799 2511 2988 2582 μαθών
3011 2529 3026 2544 ο
3057 2513 3235 2566 ἑκείνο
3281 2512 3335 2566 δὲ
3369 2514 3552 2583 δῆλον,
3585 2515 3664 2577 ὡς

2081 2602 2247 2656 ὤκνει
2276 2603 2559 2658 κάνταῦθα
2592 2604 2720 2667 τοῦς
2744 2606 3004 2669 Λατίνους
3028 2605 3282 2675 δχλῆσαι,
3310 2605 3403 2659 καί
3436 2624 3489 2659 τι
3529 2606 3660 2660 exti-

2084 2696 2181 2749 λαν
2210 2696 2597 2769 ἀπασχολῆσαι
2643 2697 2739 2752 τοῦ
2791 2699 2915 2752 καθ’
2943 2698 3102 2769 ἡμῶν
3149 2699 3412 2769 πολέμου,
3444 2700 3521 2760 ὡς
3570 2694 3661 2753 οἵα

2084 2785 2225 2856 τάχα
2253 2802 2357 2839 που
2389 2786 2580 2849 δεδιὼς
2609 2787 2683 2859 μὴ
2718 2789 2815 2843 καὶ
2841 2789 3262 2855 ἐπικαλέσουσιν,
3295 2789 3373 2853 ὡς
3400 2789 3468 2843 δι’
3496 2789 3661 2844 αὐτὸν

2081 2877 2333 2932 δίπαλτοι
2383 2878 2444 2933 τὸ
2504 2879 2814 2950 Ῥωμαϊκὸν
2871 2880 3057 2944 αὐτοῖς
3108 2881 3446 2951 ἐπετέθησαν
3492 2884 3662 2954 στρά-

392 2984 476 3028 rat
537 2972 806 3044 ejusmodi
857 2970 1232 3027 cavillationes
1286 2967 1584 3025 muliebres
1640 2980 1784 3037 saepe
1850 2964 1975 3021 viris

2082 2989 2283 3042 τευμα.
2315 2972 2426 3026 Kal
2453 2971 2661 3043 ἔπασχε
2698 2970 2798 3042 μὲν
2832 2972 3131 3042 τηνικαῦτα
3173 2974 3426 3044 μυκτῆρα
3456 2975 3519 3026 ὲκ
3550 2976 3662 3028 τῶν

374 3056 782 3121 'vaeillantibus
837 3062 1113 3134 profuisse
1155 3059 1223 3116 ad
1271 3060 1516 3116 animum
1576 3056 1975 3123 resumendum,

2085 3062 2384 3131 γυναικῶν,
2416 3064 2496 3117 ὅτι
2529 3063 2778 3118 καθελὼν
2818 3065 3033 3128 ὲκείνας
3064 3064 3158 3118 τυῦ
3190 3067 3303 3121 ἄνω
3340 3066 3460 3119 ἐκεῖ
3503 3067 3665 3120 ἑστά-

398 3174 521 3212 cum
577 3157 831 3213 Barbaris
899 3165 1014 3212 tum
1078 3154 1334 3213 Graecis?
1375 3150 1491 3208 Hoc
1541 3162 1723 3207 autem
1783 3150 1975 3206 malum

2086 3172 2199 3217 ναι,
2238 3155 2406 3220 αὐτὸς
2457 3155 2519 3209 οῦ
2554 3155 2696 3209 κατά
2743 3173 2797 3209 τι
2830 3157 3008 3210 ατσιον
3046 3157 3305 3228 ἀναϐαίη,
3352 3161 3663 3227 γυναικεῖον

399 3266 656 3317 magnum
712 3259 769 3306 et
825 3248 1177 3306 manifestum
1233 3263 1298 3304 ex
1352 3247 1446 3303 illo
1496 3244 1703 3315 experti
1765 3259 1975 3310 sumusI

2088 3246 2253 3301 τόπον
2282 3246 2633 3317 ἀναπληρῶν.
2665 3242 2774 3301 Ἦν
2822 3248 2880 3302 δὲ
2935 3247 3085 3320 αὐτῷ
3120 3250 3217 3304 καὶ
3269 3254 3297 3304 ό
3326 3253 3389 3304 ὲκ
3416 3252 3526 3303 τῶν
3563 3268 3665 3319 γυ-

368 3341 609 3399 'scilicet
654 3341 950 3398 didicimus
993 3355 1059 3397 ex
1112 3340 1250 3411 ipsis
1296 3338 1531 3405 Latinis,
1590 3338 1636 3392 si
1694 3338 1829 3394 hora
1876 3352 1975 3408 qua

2088 3340 2256 3393 ναίων
2303 3338 2493 3408 μῶμος
2528 3338 2660 3391 ὡσεὶ
2707 3338 2889 3394 οὐθέν.
2938 3340 3110 3395 Πόθεν
3166 3341 3274 3411 γάρ
3327 3337 3438 3412 εἶχε
3500 3344 3666 3411 γνοὺς

387 3434 678 3491 Chumuus
731 3434 788 3491 in
837 3449 934 3491 eos
979 3433 1237 3498 irrueret,
1287 3434 1381 3505 qui
1430 3440 1590 3488 erant
1643 3432 1699 3485 in
1752 3429 1975 3486 civitate

2087 3428 2474 3501 ὶννοήσασθαι,
2517 3430 2593 3493 ὡς
2618 3430 2806 3484 πολλοὶ
2835 3432 3117 3500 γυναικῶν
3162 3433 3454 3503 ὀνειδισμοὶ
3492 3434 3664 3503 σφαλ-

366 3526 791 3599 processissent
860 3544 1054 3586 versus
1131 3537 1384 3599 portum,
1434 3540 1627 3581 omnes
1698 3523 1975 3578 machinas

2088 3521 2350 3589 λομένους
2383 3519 2583 3589 ἄνδρας
2633 3519 2991 3592 ἀνώρθωσαν,
3029 3521 3403 3595 βαρϐαρικούς
3457 3542 3516 3577 τε
3568 3526 3665 3579 καὶ

369 3619 672 3673 ‘ablatnros
703 3604 899 3683 fuisse.
931 3629 1223 3688 castraque
1244 3626 1560 3672 vastaturos
1596 3612 1826 3669 navibus
1852 3626 1975 3667 suc-

2090 3611 2399 3682 ’Έλληναςς
2448 3613 2556 3666 Καὶ
2581 3610 2780 3683 ἔχομεν
2813 3613 2908 3666 καὶ
2941 3615 3145 3684 ταύτην
3177 3614 3383 3685 βλάϐην
3412 3615 3469 3682 ἐξ
3497 3617 3662 3670 αὑτοῦ

362 3711 575 3768 'censis
597 3725 720 3780 qua:
745 3712 880 3782 ipsis
909 3710 1336 3780 superfuissent.
1518 3780 1523 3785 δ

2096 3704 2342 3772 μεγάλην
2399 3704 2496 3756 καὶ
2570 3703 2849 3774 προφανῆ.
2930 3704 3245 3775 Ἐμάθομεν
3312 3708 3419 3775 γάρ
3484 3709 3665 3761 αὐτῶν

390 3803 637 3857 Λατίνων
687 3800 1149 3872 ἐξαγγελλόντων,
1177 3801 1274 3868 ὡς,
1303 3803 1462 3873 εἴπερ
1507 3803 1605 3872 τὴν
1639 3798 1790 3869 ὤραν
1818 3795 2057 3867 ἐκείνην,
2089 3796 2214 3848 καθ’
2261 3796 2328 3867 ἣν
2378 3795 2409 3847 δ
2451 3795 2704 3866 Χοῦμνος
2768 3798 2956 3861 αὐτοῖς
3013 3799 3260 3863 ἐπέθετο,
3315 3801 3664 3872 ἐνεπήδησαν

372 3882 440 3950 ὀί
490 3897 589 3962 τῆς
655 3896 863 3960 πόλεως
906 3896 1035 3967 περὶ
1074 3897 1165 3952 τὸν
1234 3895 1609 3966 ναύσταθμον,
1645 3877 1745 3952 Ea;
1782 3907 1843 3943 τε
1904 3888 2156 3960 μηχανάς
2187 3888 2406 3951 ἁπάσας
2437 3880 2582 3942 εἷλον
2614 3887 2703 3954 ἂν,
2728 3890 2824 3944 καὶ
2853 3887 2916 3943 τδ
2950 3890 3315 3959 στρατόπεδον
3343 3892 3661 3964 ἀπήγαγον»

391 3997 780 4067 ἐμπρήσαντες
807 3991 901 4044 καὶ
920 3991 1078 4060 νῆας,
1100 3992 1233 4055 ὅσας
1255 3990 1531 4060 ἐξεγένετο
1569 3990 1637 4043 ἂν
1664 3986 1869 4045 αὐτοῖς.
2056 3994 2063 4001 ’

463 4089 550 4145 68.
588 4087 695 4145 Sed
741 4088 844 4143 hoc
891 4087 1169 4159 posterius
1214 4086 1532 4143 narrabitur
1580 4101 1609 4140 a
1640 4073 1971 4139 nubis.'Dux

2159 4079 2258 4151 ξηᾶ
2304 4078 2468 4133 Ἀλλά
2522 4079 2680 4133 τοῦτο
2734 4078 2833 4157 μὲν
2867 4078 3096 4152 ὕστερον
3129 4082 3264 4152 ἡμῖν
3322 4083 3524 4144 ὲπῆλθε
3558 4103 3661 4154 μα·

364 4166 672 4236 ’γυνυειιιο
727 4180 911 4235 omnia
971 4180 1321 4249 exc0gitabat
1375 4188 1434 4233 ut
1497 4179 1613 4250 ipse
1682 4176 1974 4232 incolumis

2080 4174 2215 4230 θεῖν.
2260 4174 2319 4227 ’0
2342 4172 2400 4226 δὲ
2433 4171 2743 4243 στρατηγὸς
2767 4170 2906 4235 τέως
2935 4171 3242 4242 μεθώδευεν
3278 4174 3563 4238 ἁσκὺλτως
3589 4180 3660 4229 τὰ

390 4272 672 4338 evaderet,
732 4270 1151 4342 principatuque
1179 4270 1460 4328 luxuriose
1496 4269 1770 4326 utebatur.
1801 4267 1855 4323 Si
1906 4265 1975 4321 ad

2077 4265 2296 4331 ἑαυτοῦ,
2328 4265 2425 4320 καὶ
2450 4263 2727 4336 ὲνετρύφα
2758 4266 2824 4338 τῇ
2854 4265 3019 4337 άρχῇ.
3070 4267 3181 4322 Kal
3232 4266 3661 4339 πιιιρσικιιλούμε⁹

360 4362 851 4437 eperalaboriosa
885 4363 1024 4419 alios
1070 4363 1371 4425 excitabat,
1404 4364 1521 4435 ipse
1560 4361 1721 4434 genio
1764 4370 1817 4414 et
1862 4360 1975 4414 otio

2078 4377 2169 4424 νος
2195 4360 2275 4425 είς
2304 4358 2443 4431 ἔργα
2482 4359 2867 4431 φιλοπονικῶς,
2896 4357 3062 4423 αὐτὸς
3100 4359 3346 4432 ἑώρταζε
3375 4363 3436 4414 τὸ
3483 4363 3652 4434 ἀπορο

393 4456 701 4527 indulgebat
755 4463 1087 4526 nostrasque
1151 4470 1241 4510 res
1299 4453 1610 4526 negligebat
1664 4452 1734 4506 ob
1785 4449 1972 4504 odium

2081 4450 2372 4524 ῥᾳθυμεῖν,
2395 4451 2492 4504 καὶ
2518 4449 2869 4512 ἀναπίπτειν,
2890 4452 3002 4506 »καὶ
3033 4449 3307 4512 ἀνίεσθαι,
3338 4452 3434 4504 καὶ
3487 4467 3661 4505 κατα-

364 4546 446 4606 ’ἰῐι
496 4552 903 4621 imperatorem.
959 4547 1266 4604 Pessimum
1318 4555 1402 4602 est
1446 4546 1687 4617 quidem,
1727 4546 1819 4598 sed
1862 4544 1971 4605 liu-

2082 4544 2371 4617 προΐεσθαι
2399 4544 2468 4597 τά
2498 4543 2744 4615 ἡμέτερα
2785 4542 2935 4612 μίσει
2968 4541 3045 4614 τῷ
3068 4542 3211 4596 κατὰ
3235 4542 3330 4596 τοῦ
3362 4542 3657 4611 βασιλέως,

394 4655 612 4695 manum
647 4648 851 4708 tamen,
886 4639 1167 4709 proprium
1222 4638 1421 4691 malum
1454 4653 1577 4692 cum
1619 4637 1763 4691 bono
1785 4643 1973 4690 nostro

392 4731 671 4788 communi
706 4739 1096 4796 commutasse,
1127 4728 1526 4799 utilitatemque
1571 4727 1743 4783 Siculi
1791 4728 1972 4797 magni

359 4813 737 4881 .Constantini
794 4821 1021 4879 utilitati
1081 4821 1484 4893 anteposuisse,
1535 4837 1619 4883 ac,
1670 4831 1728 4875 ut
1774 4822 1973 4891 aliquis

392 4917 630 4982 diceret,
683 4929 782 4987 pro
842 4912 1149 4985 Cbarybdas
1210 4912 1437 4986 scapulo
1494 4912 1659 4968 alium
1719 4913 1968 4983 elegisse.

391 5006 545 5062 Illum
605 5006 769 5077 igitur
793 5005 858 5060 ad
915 5006 1116 5061 bonum
1169 5007 1370 5061 excitat
1416 5006 1694 5075 Augustus
1733 5004 1972 5059 Joannis

392 5099 791 5166 Maurozomes,
828 5097 957 5153 dum
1010 5112 1072 5153 ex
1120 5097 1456 5168 Peloponeso
1504 5095 1788 5169 profectus
1846 5111 1972 5150 cum

393 5206 494 5246 suo
556 5191 803 5247 exercitu
876 5191 948 5245 ibi
1015 5198 1475 5254 commoraretur,
1530 5204 1638 5243 non
1695 5188 1971 5243 commodi

396 5287 574 5341 nostri
602 5298 794 5353 causa,
826 5293 884 5340 ut
907 5284 1057 5339 multi
1088 5282 1530 5351 suspicabantur,
1558 5281 1653 5338 sed
1678 5282 1733 5337 in
1752 5281 1973 5336 demon-

392 5378 732 5443 strationem,
760 5378 940 5447 reipsa
975 5390 1102 5431 vero
1136 5376 1364 5446 cupiens
1394 5391 1489 5446 per
1513 5376 1758 5446 seipsum
1785 5374 1974 5429 videre

392 5487 498 5543 qua
532 5481 681 5542 parte
706 5470 1117 5542 periclitaretur
1148 5469 1239 5549 (de
1269 5471 1378 5524 vita
1407 5470 1546 5541 ipsa,
1575 5469 1724 5541 dico)
1757 5472 1810 5525 in
1841 5485 1971 5540 quo,

395 5572 454 5617 ut
502 5562 645 5618 fama
705 5571 842 5629 erat,
904 5561 1283 5618 Andronicum
1357 5567 1657 5620 metuebat.
1720 5563 1972 5618 Attamen

364 5656 572 5727 bonus
605 5664 722 5710 erat
754 5638 871 5725 ejus
896 5668 1078 5709 sermo
1136 5654 1372 5724 ducique
1413 5655 1785 5727 exprobrabat
1811 5671 1972 5711 suam

393 5747 827 5817 dispositionem.
880 5742 998 5807 Non
1049 5752 1232 5800 autem
1281 5754 1400 5802 erat
1444 5747 1800 5805 consiliorum
1853 5746 1972 5816 ejus

398 5838 668 5909 particeps
693 5851 793 5895 nec
819 5835 963 5893 ullus
991 5833 1151 5902 alius,
1179 5852 1302 5892 nam
1331 5837 1468 5895 illud
1500 5855 1668 5898 unum
1695 5839 1888 5909 agebat
1915 5850 1972 5898 ut

2077 4641 2313 4691 κάκιστα
2368 4637 2483 4705 μὲν,
2519 4633 2873 4704 ἀνθρωπίνως
2907 4634 2954 4687 δ’
3004 4630 3119 4700 οὖν,
3165 4634 3296 4689 ίδίου
3333 4635 3505 4687 κακοῦ
3561 4632 3657 4688 τοῦ

2075 4731 2196 4785 κατ’
2226 4729 2389 4785 αὐτὸν
2431 4728 2493 4781 τὸ
2543 4726 2667 4779 καθ’
2714 4728 2866 4796 ἡμᾶς
2898 4726 3078 4779 κοινὸν
3109 4726 3528 4794 ἀλλαττόμενος,
3559 4729 3658 4782 καὶ

2074 4823 2173 4892 τὴν
2217 4820 2311 4874 τοῦ
2368 4818 2591 4874 Σικελοῦ
2657 4820 2755 4889 τῆς
2805 4820 2899 4871 τοῦ
2944 4818 3186 4890 μεγάλου
3241 4818 3654 4872 Κωνσταντίνου

2077 4915 2377 4985 προτιθεὶς,
2415 4913 2505 4964 καὶ
2538 4912 2614 4971 ὡς
2662 4912 2730 4965 ἂν
2758 4909 2903 4963 είποι
2926 4928 3031 4975 τις,
3063 4910 3157 4964 τοῦ
3189 4909 3332 4964 κατὰ
3376 4908 3657 4980 Χάρυϐδιν

2081 5008 2341 5060 σκοπέλου
2374 5006 2464 5057 τὸν
2491 5006 2679 5071 ἕτερον
2710 5004 3162 5074 ἀνθαιρούμενος.
3198 5003 3308 5056 Kal
3355 5002 3517 5071 ὥχλει
3555 5003 3657 5070 μὲν

2076 5102 2235 5156 αὑτὸν
2266 5103 2345 5164 εἰς
2378 5101 2449 5154 τὰ
2479 5100 2620 5152 καλά
2663 5100 2759 5151 καὶ
2794 5101 2822 5151 ὁ
2851 5097 3124 5160 Σεϐαστὸς
3167 5096 3421 5165 Ἰωάννης
3451 5098 3479 5149 ό
3502 5095 3657 5150 Μαυ-

2042 5194 2051 5201 ’
2079 5193 2360 5265 ροζὼμης,
2396 5194 2453 5245 ἐν
2485 5191 2563 5264 τῷ
2593 5194 2656 5245 ἑκ
2687 5190 3097 5258 Πελοποννήσου
3142 5188 3465 5243 ἀναϐαίνειν
3513 5188 3652 5258 μετὰ

2078 5284 2309 5355 στρατοῦ
2334 5284 2680 5354 παραμείνας
2702 5282 2957 5346 ἐνταῦθα,
2978 5280 3094 5334 οῦτι
3123 5281 3243 5335 κατ’
3269 5279 3482 5334 εῦνοιαν
3505 5280 3656 5352 μάλα

2076 5379 2183 5430 τῶν
2214 5377 2337 5431 καθ’
2359 5378 2529 5447 ἡμᾶς,
2552 5375 2627 5438 ὡς
2656 5375 2917 5427 ὑπενόουν
2948 5375 3159 5439 πολλοὶ,
3196 5375 3333 5427 ἀλλὰ
3363 5373 3519 5428 τοῦτο
3548 5375 3652 5444 μὲν

2075 5471 2153 5531 είς
2189 5470 2483 5540 πρόφασιν,
2512 5466 2648 5537 πρὸς
2678 5466 2935 5536 ἀλήθειαν
2967 5467 3021 5519 δὲ
3058 5466 3209 5537 πιθῳ
3244 5467 3336 5520 καὶ
3368 5466 3531 5530 αὐτὸς
3551 5466 3649 5520 τοῦ

2078 5564 2317 5635 βλέπειν,
2345 5557 2516 5630 οὗπερ
2549 5560 2805 5613 ἐκπεσεῖν
2829 5560 2929 5628 (μή
2968 5576 3019 5610 τι
3052 5559 3107 5611 δὲ
3129 5559 3239 5630 ἄρα
3272 5559 3370 5612 καὶ
3397 5560 3494 5613 τοῦ
3523 5558 3647 5631 ζῇν)

2077 5656 2241 5726 φόϐον
2272 5653 2383 5723 εἶχε
2421 5656 2513 5706 καὶ
2548 5654 2711 5715 αὐτὸς
2743 5653 2806 5705 ἐκ
2838 5654 2932 5704 τοῦ
2980 5652 3350 5721 Ἀνδρονίκου,
3385 5653 3460 5715 ὡς
3488 5651 3651 5720 λόγος

2047 5739 2255 5819 ’ἔρρεε
2287 5747 2395 5799 Καὶ
2432 5746 2579 5814 ὅμως
2610 5744 2789 5797 ἐλάλει
2816 5743 2981 5807 καλά,
3022 5746 3111 5797 καὶ
3139 5744 3338 5814 ηλεγχε
3368 5744 3459 5797 τὸν
3490 5762 3653 5816 στρα-

2080 5841 2269 5906 τηγὸν,
2309 5841 2454 5903 ὅπως
2476 5838 2543 5892 ἂν
2574 5839 2668 5892 καὶ
2699 5837 2950 5892 διέκειτο.
2995 5836 3055 5891 Ὅ
3098 5837 3154 5891 δὲ
3185 5838 3296 5891 οὐδ’
3327 5838 3494 5892 αὑτοῦ
3529 5836 3652 5892 ἐπί-
