3968 6574
295 387 359 454 81
1086 405 1184 467 DE
1223 407 1798 477 THESSALONICA
1834 417 2043 478 URBE
2085 420 2133 478 A
2173 417 2485 483 LATlNlS
2512 422 2776 485 CAPTA.
3275 433 3288 442 ’
3513 433 3584 497 82

296 529 526 584 στροφος
547 511 638 586 ἦν,
663 517 816 574 ὥσπε
825 540 858 593 ρ
886 523 1004 579 οὐδὲ
1031 525 1139 581 τῶν
1158 527 1337 582 ἄλλων
1357 529 1586 598 οὐδενὸς,
1615 531 1673 585 ἒν
1697 534 1873 588 ἐκεῖνο

1986 519 2430 597 Thessalonicam
2450 541 2662 598 veniret
2687 542 2832 614 quod
2859 543 3241 602 Andronicum
3279 527 3579 606 metuebat.

296 607 522 678 σκέμμα
551 612 764 684 στήσας
797 617 856 670 ἐν
901 619 1102 690 ἑαυτῷ,
1160 625 1224 692 τῇ
1262 624 1636 698 Θεσσαλονίκῃ
1670 644 1873 697 συγκα-

297 704 657 773 τοιχήσεσθαι
691 707 802 761 δέει
831 710 925 764 τοῦ
961 712 1330 786 Ἀνδρονίκου.
1365 717 1476 770 Καὶ
1505 718 1612 792 μὴν
1639 715 1786 789 εἶχεν
1807 722 1874 776 ἂν

299 794 508 866 ἐγγύην
551 799 965 872 ἐπινοήσεσθαι,
1018 804 1114 874 ὡς,
1163 806 1278 876 εἴγε
1325 809 1488 864 σώσει
1545 809 1643 881 τὴν
1696 810 1876 879 πόλιν,

292 886 670 956 ἐκμειλίξεται
716 893 809 947 τὸν
871 897 1087 968 ἄγριον,
1133 895 1222 954 οἷα
1255 903 1674 971 πεπιστωμένος
1732 900 1873 959 εἶναι

293 979 390 1052 ζῇν
420 984 597 1049 ἄξιος.
643 989 788 1041 Ἀλλ’
819 991 942 1044 οὔτε
975 993 1064 1046 τὸν
1095 994 1187 1048 τοῦ
1220 996 1504 1066 βασιλικοῦ
1549 998 1748 1070 ῆθνους
1779 999 1874 1053 εὖ·

1983 628 2265 687 Bationem
2289 641 2468 690 autem
2498 636 2808 706 excogitare
2836 645 3090 708 potuerat
3115 650 3173 694 ut
3193 680 3206 704 ,
3237 641 3281 696 si
3319 643 3473 697 Salva
3495 660 3586 699 es-
3613 640 3633 695 ί

1984 734 2069 780 set
2093 725 2480 792 civitas,istam
2499 729 2667 784 feram
2687 730 2902 798 leniret,
2924 732 2998 786 ita
3021 742 3102 795 ut,
3119 733 3358 799 conﬁdo,
3376 734 3578 806 dignus

1985 817 2095 872 vita
2132 828 2393 875 exstaret.
2435 820 2540 878 Sed
2583 822 2657 877 illi
2689 839 2814 895 spes
2848 841 2957 881 nou
2999 834 3119 882 erat
3146 827 3576 885 inconstantiam

1983 908 2326 980 imperatoris
2345 913 2400 967 in
2419 913 2604 984 aliquo
2624 917 2766 971 bono
2787 918 3074 986 retinendi;
3094 930 3150 976 et
3168 930 3388 989 peccata
3416 923 3577 980 etiam

1980 1009 2168 1058 nostra
2192 1003 2458 1074 ejusmodi
2494 1008 2882 1080 cogitationem
2910 1013 2978 1066 ab
2999 1028 3065 1069 eo
3086 1025 3431 1071 amoverant.

292 1094 446 1160 ριπον
464 1080 694 1152 ἐθάρρει
721 1085 1018 1156 στήσεσθαι
1048 1088 1114 1142 ἂν
1141 1091 1234 1143 ἐπί
1267 1109 1416 1157 τινος
1444 1091 1635 1158 καλοῦ,
1659 1093 1754 1148 καὶ
1776 1095 1831 1148 αί
1852 1093 2121 1169 ἁμαρτίαι
2155 1096 2212 1150 δὲ
2234 1098 2394 1170 ἡμῶν
2418 1099 2714 1171 ἀπήγαγον
2744 1102 2910 1157 αὑτοῦ
2931 1104 3031 1176 τὴν
3055 1104 3316 1178 τοιαύτην
3339 1105 3575 1162 ἔννοιαν.

358 1219 458 1284 ξθ’.
492 1223 605 1274 Καὶ
634 1218 736 1277 ὦδε
775 1225 876 1293 μὲν
903 1228 936 1298 ὴ
974 1229 1187 1300 κεφαλὴ
1213 1231 1310 1301 τῆς
1339 1233 1575 1298 πόλεως.
1612 1233 1688 1289 Τὸ
1717 1235 1776 1290 δέ
1812 1253 1878 1306 γε

291 1315 474 1367 λοιπον
503 1315 657 1370 ἅπαν
695 1319 856 1388 σῶμα
886 1321 1063 1393 πάντη
1099 1323 1361 1394 διάφορον
1397 1321 1488 1396 ἦν,
1527 1328 1880 1399 ὲτεροιούμε-

292 1423 375 1456 νον
413 1408 497 1470 εἰς
527 1409 758 1474 ἀγαθόν.
794 1412 904 1464 Καὶ
934 1411 983 1464 οί
1012 1413 1113 1482 μὲν
1140 1414 1345 1480 ἔξωθεν
1374 1421 1873 1490 στρατευσάμενοι,

289 1499 381 1550 ab:
412 1498 479 1550 ἂν
507 1498 628 1567 ἔχοι
653 1517 738 1562 τις
767 1505 968 1572 εἰπεῖν,
998 1505 1074 1570 ὡς
1102 1506 1164 1560 τὸ
1195 1509 1418 1579 ἀρεῖκὸν
1448 1511 1760 1582 ἐψεύδοντο,
1791 1507 1873 1578 οἷς

289 1590 595 1659 ἐνέπρεπον
635 1594 730 1646 καὶ
753 1594 801 1648 oi
834 1595 891 1662 ἐξ
921 1597 1183 1663 Ἀλανῶν,
1217 1603 1313 1656 καὶ
1345 1599 1402 1655 εῐ
1440 1621 1583 1668 τινες
1614 1605 1832 1676 Ἴϐηρες
1857 1625 1872 1640 ο

287 1683 329 1732 si
355 1681 410 1733 δὲ
441 1682 547 1752 τῆς
587 1685 802 1749 πόλεως
841 1687 1136 1758 ἰθαγενεῖς,
1196 1692 1254 1744 τὸ
1291 1694 1519 1765 γνήσιον
1575 1698 1872 1768 τηροῦντες

287 1774 610 1845 stiriam-cpt,
645 1777 708 1830 οὐ
740 1779 927 1833 πολλοὶ
961 1782 1060 1844 μὲν
1086 1777 1249 1854 ἦσαν.
1280 1785 1354 1838 To
1379 1787 1487 1859 γάρ
1525 1788 1712 1844 πλεῖον
1745 1791 1872 1846 ἀνέ-

289 1886 412 1934 ttat;
441 1870 615 1923 ἐαυτδ
649 1873 950 1943 ἐπιτρέψαν
986 1875 1179 1946 ᾤχετο,
1212 1879 1307 1934 καὶ
1353 1881 1592 1952 μάλιστα
1616 1885 1675 1938 τδ
1706 1888 1875 1958 προέ-

2057 1238 2148 1296 69.
2183 1238 2276 1296 Sic
2312 1253 2443 1311 ergo
2474 1240 2696 1312 quidem
2735 1253 2854 1298 erat
2896 1243 3138 1300 civitatis
3183 1254 3370 1314 caput.
3430 1244 3576 1300 Reli-

1980 1348 2088 1402 qua
2106 1349 2236 1389 vero
2257 1335 2437 1390 omnis
2461 1346 2586 1406 pars
2611 1341 2857 1406 corporis
2877 1337 3102 1392 omnino
3125 1336 3412 1392 dissimilis
3435 1345 3574 1402 erat,

1978 1426 2105 1482 licet
2156 1426 2209 1480 in
2248 1425 2450 1481 bonum
2484 1435 2716 1480 mutata.
2741 1424 2845 1494 Qui
2876 1427 3014 1480 foris
3064 1426 3576 1492 tnilitabant,nemo

1979 1528 2164 1591 posset
2185 1519 2366 1575 dicere
2391 1527 2731 1590 quantopere
2771 1519 3038 1590 ignaviam
3079 1518 3572 1586 dissimulaverint,

1977 1612 2124 1668 inter
2149 1627 2285 1682 quos
2302 1614 2604 1684 praesertim
2628 1612 3069 1668 Alanietlberes.
3091 1611 3194 1678 Qui
3220 1627 3347 1668 vere
3379 1623 3570 1668 autem

1978 1720 2042 1760 ex
2071 1706 2292 1761 civitate
2320 1714 2501 1772 erant,
2526 1721 2715 1761 amore
2742 1705 2932 1778 patria:
2963 1703 3142 1760 cilicia
3177 1705 3571 1776 praestiterunt,

1981 1799 2078 1854 sed
2139 1815 2243 1854 non
2293 1812 2451 1855 erant
2495 1801 2672 1856 multi.
2699 1799 2956 1869 Plerique
3001 1798 3146 1854 enim
3172 1801 3240 1853 ad
3264 1805 3490 1854 ventum
3513 1813 3573 1856 se

1983 1898 2368 1946 convertentes
2439 1891 2729 1959 abierant,
2808 1891 3153 1958 maximeque
3201 1889 3303 1960 .qui
3375 1889 3574 1946 robore

287 1979 378 2029 χον
414 1964 558 2018 κατά
609 1980 668 2017 τε
713 1968 892 2036 χεῖρα,
923 1967 997 2032 ὡς
1032 1971 1257 2042 ἐρρέθη,
1299 1974 1395 2027 καὶ
1425 1975 1484 2028 τὸ
1515 1976 1781 2034 δύνασθαι
1812 1981 1873 2034 τὸ

1986 1978 2278 2047 pollebant,
2313 1991 2372 2034 ut
2403 1981 2606 2036 dictum
2629 1992 2736 2049 est,
2765 1982 3152 2051 corripereque
3192 1981 3389 2037 ducem
3421 1990 3478 2038 et
3501 1981 3570 2036 ad

287 2054 539 2124 ἐλέγχειν
601 2055 693 2112 τὸν
735 2062 1042 2132 σρτατηγὸν
1082 2065 1176 2116 καὶ
1215 2066 1598 2138 συμμετάγειν
1668 2071 1750 2136 είς
1815 2072 1878 2125 τὸ

289 2151 477 2205 καλόν.

358 2288 464 2339 Καὶ
503 2282 662 2342 εἶπεν
689 2290 759 2343 άν
813 2309 898 2356 τις
935 2293 1262 2365 ἀνθρώπους
1307 2298 1558 2370 τούτους,
1577 2304 1710 2368 τοὺς
1737 2305 1874 2359 ὕπο--

288 2380 524 2444 στάντας
581 2386 927 2454 παραμεῖναι
975 2391 1040 2456 τῇ
1087 2391 1268 2453 πόλει,
1318 2393 1504 2448 οὐκέτι
1556 2397 1877 2464 πολιτικοὺς

289 2471 382 2521 καὶ
435 2472 725 2544 ἡμετέρου
765 2473 886 2543 βίου
926 2481 1035 2530 ’καὶ
1085 2481 1554 2550 οίκοδεσποτείας,
1607 2485 1743 2541 ἀλλὰ
1785 2488 1880 2560 λῃο

289 2563 474 2624 στείας
531 2566 628 2619 καλ⁵
660 2565 957 2636 θηριωδίας
1012 2572 1108 2624 καὶ
1154 2575 1456 2645 ἐμϐριθοῦς
1519 2580 1874 2651 ἀγριότητος.

288 2653 471 2710 Ἦσαν
498 2659 612 2728 γὰρ
642 2659 861 2731 άληθῶς
889 2663 1062 2734 θυμοῦ
1090 2667 1184 2719 τοῦ
1217 2668 1358 2739 ὑπὲρ
1407 2672 1671 2740 πατρίδος
1705 2676 1880 2745 ἀκρα-

289 2753 422 2818 τεῖς,
452 2751 653 2822 ἄνδρες
688 2755 1155 2826 κατορθωμάτων,
1189 2759 1416 2832 ἀνδρίας
1442 2764 1730 2832 γέμοντες,
1785 2769 1879 2820 άλ-

290 2842 389 2912 κὴν
443 2846 744 2912 πνέοντες,
805 2848 1185 2920 πεπλασμένοι
1253 2855 1390 2924 πρὸς
1449 2857 1874 2928 ρωμαλεὸτητα,

291 2935 554 3005 διψῶντες
583 2941 790 3012 μάχην,
815 2943 956 2997 κατὰ
990 2946 1348 3018 βαρϐαρικῶν
1383 2942 1606 3022 σαρκῶν
1639 2956 1874 3008 πεινῶν-

293 3047 399 3095 τες,
434 3033 605 3098 φάναι
635 3033 694 3086 τὸ
717 3036 844 3101 πᾶν,
891 3038 1236 3107 ἀρειμάνιοιο
1275 3040 1325 3094 οἲ
1364 3042 1541 3108 οὕτως
1584 3045 1874 3112 ἐξελάθον-

293 3139 353 3175 το
383 3123 494 3177 τῶν
547 3125 744 3190 ἄλλων,
799 3128 876 3192 ὡς
925 3129 1088 3198 μόνου
1135 3132 1389 3199 γενέσθαι
1444 3137 1540 3189 τοῦ
1595 3140 1877 3211 πολεμεῖν.

298 3219 390 3270 καὶ
429 3219 531 3285 τῆς
562 3221 686 3273 κατ’
733 3216 885 3275 οἷκον
915 3222 1126 3294 τύρϐης
1159 3225 1484 3285 ἀνθελέσθαι
1515 3232 1610 3286 τὸν
1647 3237 1739 3290 ἐπὶ
1779 3238 1875 3291 τοῦ

292 3311 508 3378 τεὶχους
531 3310 807 3365 κίνδυνον.

356 3452 416 3498 o'.
457 3449 534 3500 Οὐ
583 3447 768 3501 τοίνυν
828 3449 1024 3522 ἄνδρες
1063 3453 1241 3522 μόνοι,
1273 3455 1414 3510 ἀλλὰ
1470 3458 1565 3511 καὶ
1615 3463 1876 3527 γυναῖκες

291 3539 422 3606 πρδς
457 3539 636 3608 Ἀρην
667 3539 980 3610 ἐμαίνοντο.
1029 3546 1138 3599 Καὶ
1170 3547 1293 3602 ὅσαι
1324 3548 1428 3618 μὲν
1475 3548 1659 3614 λίθους
1701 3568 1878 3622 παρε-

291 3630 492 3699 φόρουν
521 3634 639 3694 ταῖς
661 3651 722 3685 τε
748 3633 940 3698 ἄλλαις
962 3643 1238 3708 μηχαναῖς
1259 3642 1356 3695 καὶ
1381 3644 1493 3706 τοῖς
1517 3644 1872 3714 σφενδονῶσι,

289 3725 384 3775 καὶ
415 3725 541 3776 ὅσαι
578 3725 916 3797 ὑδροφόρουν
972 3730 1324 3800 ἀκμάζουσαι
1382 3749 1442 3786 τε
1490 3734 1587 3788 καὶ
1614 3735 1874 3803 νεάνιδες,

287 3817 381 3868 καὶ
421 3818 532 3885 μὴν
565 3821 662 3870 καὶ
694 3819 825 3880 ὅσας
857 3819 918 3872 τὸ
940 3823 1116 3891 γῆρας
1147 3822 1246 3896 ἤδη
1277 3827 1575 3895 καταργεῖν
1602 3827 1777 3881 ἐποίει
1803 3827 1874 3883 τὰ

287 3907 422 3978 ἔργα
456 3911 903 3980 συγκεκυφυίας,
938 3912 1070 3967 ἔνθα
1117 3916 1178 3969 τὸ
1235 3918 1392 3981 τέλος
1424 3919 1743 3990 πεσούμεθα
1767 3937 1782 3950 ·
1816 3923 1872 3976 αί

284 4003 536 4057 τοιαῦται
581 4004 796 4072 δόξαιεν
827 4005 892 4059 ἂν
929 4006 1084 4060 οὐδέν
1131 4026 1184 4062 τι
1234 4011 1382 4079 μέγα
1429 4015 1629 4078 ποιεῖν,
1683 4015 1734 4068 εί
1778 4014 1875 4069 καὶ

287 4095 532 4164 ἐποίουν,
575 4096 639 4150 τδ
696 4097 960 4154 δύνασθαι
1015 4101 1358 4172 βιαζόμεναι,
1410 4106 1505 4158 καὶ
1538 4106 1608 4160 δι’
1657 4109 1872 4178 ἡμέρας

285 4184 622 4253 πονούμεναι
641 4201 657 4217 ·
694 4187 818 4240 ὅσαι
850 4186 906 4240 δὲ
955 4191 1050 4242 καὶ
1079 4192 1216 4262 πρὸς
1245 4194 1516 4266 ὁπλισμὸν
1540 4197 1873 4268 ἐρρύθμιζον

285 4274 510 4339 ἑαυτὰς,
573 4275 715 4347 ῥάκη
755 4278 850 4330 καὶ
904 4278 1132 4348 ψιάθους
1185 4283 1551 4354 ἐναπτόμεναι
1608 4285 1741 4340 ὡσεὶ
1777 4288 1872 4342 καί

173 4414 183 4420 .
282 4383 436 4429 τινας
469 4368 752 4437 θώρακας,
791 4372 885 4424 καὶ
911 4372 1010 4436 τὰς
1040 4373 1282 4442 κεφαλὰς
1310 4376 1532 4448 μίτραις
1562 4380 1642 4442 εἰς
1670 4380 1874 4450 ἕλιγμα

282 4459 779 4531 διαλαμϐάνουσαι,
815 4463 869 4516 εί
911 4482 1030 4528 πως
1071 4469 1407 4539 στρατιῶται
1437 4467 1579 4524 εἶναι
1627 4472 1875 4541 σοφίσον-

1984 2071 2214 2126 meliora
2250 2073 2513 2132 reducere
2547 2076 2825 2132 valebant.

2050 2327 2190 2388 Istos
2217 2338 2398 2386 autem
2423 2330 2672 2388 homines
2700 2332 2794 2402 qui
2837 2332 2892 2388 in
2935 2333 3071 2390 urbe
3103 2333 3294 2390 vivere
3355 2345 3570 2392 statue-

1983 2431 2128 2488 rant,
2161 2436 2322 2477 nemo
2346 2421 2498 2478 cives
2528 2423 2701 2478 bonos
2719 2431 2774 2478 et
2799 2424 3064 2482 institutis
3092 2427 3300 2482 nostris
3327 2433 3566 2492 utentes,

1982 2513 2078 2569 sed
2112 2513 2375 2578 latrones,
2396 2512 2565 2579 feras,
2586 2514 2850 2571 barbaros
2884 2517 3266 2586 appellavcris.
3299 2517 3435 2572 Nam
3471 2521 3566 2588 qui

1981 2604 2162 2675 patrio
2194 2620 2383 2660 amore
2416 2621 2528 2660 non
2561 2605 3022 2672 incendebantur,
3061 2608 3424 2664 nihilominus
3455 2610 3572 2666 for-

1984 2707 2067 2753 tes
2099 2705 2280 2753 tamen
2315 2706 2496 2760 erant.
2530 2697 2653 2753 belli
2687 2697 3060 2767 cupidissimi,
3093 2701 3333 2766 robusti,
3366 2701 3570 2758 Barba--

1983 2806 2172 2846 rorum
2203 2793 2529 2860 sanguinem
2563 2792 2847 2856 sitientes,
2875 2802 2932 2847 ut
2977 2807 3086 2848 uno
3140 2793 3310 2849 verbo
3357 2795 3563 2862 dicam,

1981 2883 2212 2940 Martem
2239 2886 2538 2956 spirantes,
2562 2894 2730 2957 atque
2759 2887 2856 2951 ita,
2879 2885 3093 2942 caeteris
3115 2887 3170 2941 in
3196 2887 3310 2942 vita
3348 2886 3572 2943 amissis

1981 2975 2266 3042 omnibus,
2301 2975 2435 3031 nihil
2462 2986 2661 3047 prmter
2705 2975 2907 3031 bellum
2942 2976 3445 3048 prosequebantur,
3472 2993 3572 3034 cu-

1982 3068 2059 3122 ris
2098 3068 2418 3124 domesticis
2447 3069 2690 3140 pericula
2718 3070 2771 3124 in
2806 3067 3129 3127 obsidendis
3167 3069 3398 3130 urbibus
3422 3085 3569 3137 pne-

1984 3162 2232 3218 ferendo.

2049 3477 2138 3531 70.
2181 3476 2284 3533 Sed
2328 3493 2434 3532 non
2470 3476 2571 3533 viri
2612 3485 2851 3542 tantum,
2885 3477 2979 3534 sed
3034 3478 3299 3536 mulieres
3346 3492 3572 3552 quoque

1980 3569 2152 3626 Marte
2180 3571 2533 3628 inﬂammatae
2566 3572 2841 3638 furebant,
2870 3571 2996 3628 aliae
3024 3572 3237 3644 lapides
3267 3575 3565 3655 portando;

1976 3666 2097 3720 alia;
2123 3681 2246 3736 qua
2276 3667 2342 3719 ad
2383 3666 2509 3721 belli
2561 3666 2848 3722 machinas
2906 3681 2971 3722 ac
3017 3666 3218 3723 fundas
3247 3666 3568 3723 necessaria

1975 3764 2158 3818 erant,
2187 3755 2624 3825 suppeditanda;
2656 3757 2776 3811 alia:
2803 3771 2927 3826 qum
2951 3757 3188 3812 maxime
3219 3764 3390 3811 aetate
3409 3754 3572 3812 ﬂore-

1979 3844 2114 3899 bant
2140 3859 2336 3915 aquam
2393 3845 2638 3902 humeris
2673 3848 2999 3916 gestabant;
3044 3847 3166 3902 alite
3191 3861 3412 3917 quoque
3467 3847 3569 3902 de-

1980 3933 2202 4004 crepitae
2241 3935 2542 3990 senectutis
2574 3949 2796 4006 operam
2846 3951 3026 4004 usque
3063 3935 3131 3992 ad
3181 3935 3346 3991 tinem
3395 3950 3571 3989 nava-

1982 4025 2134 4081 bant.
2200 4024 2297 4081 Ha:
2347 4027 2659 4092 mulieres,
2717 4027 2820 4080 etsi
2892 4041 3088 4098 parum
3147 4025 3332 4097 operis
3385 4025 3571 4081 facere

1980 4116 2325 4182 viderentur,
2362 4133 2470 4172 non
2517 4126 2699 4173 tamen
2725 4117 2916 4173 otiosae
2961 4125 3144 4183 erant,
3183 4117 3389 4188 quippe
3445 4130 3570 4187 qua}

1975 4213 2150 4264 totum
2197 4208 2343 4264 diem
2392 4208 2675 4264 laboribus
2735 4209 3156 4265 consecrabant.
3207 4207 3344 4263 Aliae
3396 4220 3566 4278 porro

1974 4311 2130 4352 arma
2169 4295 2475 4352 induebant
2503 4311 2602 4366 pro
2641 4297 2842 4366 pannis
2871 4297 3075 4354 vilibus
3112 4295 3301 4351 loricis
3333 4293 3560 4359 indutae,

1974 4395 2029 4441 et
2059 4385 2297 4440 militum
2346 4399 2499 4439 more
2557 4385 2724 4456 capiti
2779 4383 3026 4440 cassides
3061 4391 3118 4439 et
3157 4383 3341 4454 galeas
3387 4383 3566 4451 impo-

1980 4474 2191 4542 nendo,
2221 4473 2350 4530 dein
2373 4472 2648 4543 lapidibus
2679 4481 2906 4527 armatae
2939 4484 3127 4526 muros
3186 4469 3564 4524 ascendebant

284 4569 395 4617 ται,
433 4555 531 4608 καὶ
557 4553 745 4618 λίθους
772 4557 1206 4628 ὲπισαττόμεναι
1262 4561 1509 4630 ἀγαθοὺς
1547 4561 1615 4618 ἐκ
1669 4566 1872 4637 χειρῶν

1986 4576 2035 4621 et
2073 4579 2176 4634 pro
2200 4565 2415 4621 viribus
2447 4565 2636 4620 hostes
2679 4562 3046 4634 repellebant.
3081 4561 3242 4633 Apud
3282 4576 3378 4617 eas
3409 4569 3562 4616 certe

285 4647 568 4714 ἀφίεσθαι,
602 4647 697 4702 τοῦ
727 4649 939 4719 τείχους
975 4652 1242 4720 ἐγίνοντο,
1277 4653 1372 4709 καὶ
1417 4655 1491 4718 ὡς
1538 4655 1684 4728 εἶχον
1714 4657 1872 4714 ἐσαλ-

283 4736 374 4790 λῡν
408 4740 539 4802 τοὺς
565 4740 831 4810 ἐχθρούς·
865 4741 984 4796 ἀλλ’
1022 4743 1188 4799 αὑταὶ
1214 4745 1316 4818 τὴν
1346 4745 1702 4818 Ἀμαζόνειον
1726 4750 1870 4804 laco-

288 4831 409 4898 ρὶαν
433 4831 820 4902 συγκροτοῦσι,
860 4835 956 4889 καὶ
995 4835 1098 4888 οὐκ
1134 4838 1362 4904 ἀφιᾶσιν
1393 4839 1610 4910 ἐκείνην
1645 4840 1868 4913 ἐλέγχεο

287 4921 410 4976 σθαι
434 4939 452 4955 ⁶
479 4925 574 4976 καὶ
605 4924 705 4987 τὰς
736 4927 975 4989 παλαιὰς
999 4927 1056 4980 δὲ
1099 4928 1482 4998 διακρούονται
1535 4933 1871 5003 παρευδοκι-

287 5014 507 5082 μοῦσαι,
533 5014 601 5079 ἃς
625 5016 852 5088 οἴδαμεν
881 5020 1106 5089 κουραῖς
1131 5019 1387 5088 κεφαλῶν
1415 5023 1734 5092 ἐπικουρεῖν
1755 5028 1870 5088 τοῖς

284 5107 652 5179 πιτριὼταις,
668 5109 1113 5178 σχοινοπλοκοῦσι
1131 5113 1274 5165 κατὰ
1291 5113 1528 5180 πολέμου
1552 5115 1872 5184 ἀναγκαίως

285 5200 347 5252 ἐκ
380 5200 639 5254 τοιούτων
671 5201 900 5272 τριχῶν.
951 5203 1025 5256 Ού
1069 5203 1180 5274 γὰρ
1240 5205 1435 5274 τρίχας
1489 5199 1676 5271 αὗται,
1734 5209 1872 5263 ἀλλὰ

1983 4673 2158 4730 genus
2178 4659 2518 4714 Amazonum
2539 4657 2776 4728 reperis.
2801 4656 2963 4728 cujus
2991 4657 3125 4728 ipsa
3148 4655 3306 4711 ﬁdem
3327 4653 3561 4718 faciunt,

1981 4750 2095 4808 imo
2144 4752 2402 4821 antiquas
2441 4751 2705 4807 historias
2743 4761 3043 4821 superant,
3086 4749 3300 4820 capillis
3331 4749 3471 4815 suis,
3504 4755 3566 4803 ut

1981 4841 2240 4911 vidimus,
2281 4844 2470 4915 patria:
2509 4844 2870 4901 inservientes
2924 4853 2978 4900 et
3029 4843 3280 4899 crinibus
3332 4843 3448 4899 suis
3495 4840 3564 4897 ad

1979 4950 2142 4990 arcus
2191 4935 2545 4993 fabricandos
2595 4947 3007 5003 succurrentes,
3048 4953 3157 4992 non
3209 4936 3415 5000 crines,
3469 4934 3564 4989 sed

1975 5029 2142 5083 vitam
2177 5029 2350 5098 ipsam
2390 5030 2778 5086 sacrificando.
2817 5029 2968 5098 Quas
3001 5029 3046 5085 si
3097 5027 3358 5085 Salomon
3388 5027 3568 5083 vidis-

1977 5131 2084 5188 set,
2119 5123 2331 5178 feminae
2367 5124 2441 5178 illi
2479 5124 2628 5190 forti,
2655 5125 2722 5180 de
2754 5141 2860 5194 qua
2884 5124 3127 5196 scripsit,
3162 5120 3559 5189 accensuissct,

1978 5224 2168 5284 utpote
2192 5231 2256 5270 eo
2295 5218 2501 5273 honore
2529 5219 2912 5288 dignissimas.

284 5293 460 5363 ψυχὰς
493 5296 774 5365 προΐεντο.
823 5296 970 5350 Ἰδὼν
998 5299 1065 5351 ἂν
1103 5299 1355 5369 Σολομὼν
1384 5300 1580 5368 αὑτὰς,
1648 5309 1890 5372 συγκατέ
1955 5309 2136 5381 γραψε
2172 5313 2238 5382 τῇ
2271 5312 2403 5383 παρ’
2455 5311 2604 5383 αὑτῷ
2644 5314 2873 5386 ἀνδρικῇ
2917 5313 3162 5384 γυναικὶ,
3206 5307 3564 5383 προσαπορή-

287 5407 403 5454 σας,
434 5394 516 5456 εἰς
547 5393 617 5447 ἣν
649 5394 990 5464 προύϐάλετο
1021 5395 1274 5468 ζήτησιν.

349 5539 450 5587 ea’.
484 5534 594 5585 Καὶ
621 5529 689 5605 ἦν
712 5535 888 5588 είπεῖν
914 5536 1035 5589 τότε
1070 5537 1198 5600 τοὺς
1219 5538 1462 5609 ὁρῶντας
1488 5541 1580 5594 τόν
1609 5559 1669 5596 τε
1699 5543 1866 5598 Δαυῒδ

277 5627 369 5678 καὶ
399 5624 529 5690 τοὺς
573 5627 713 5696 ἀμφ’
743 5628 910 5682 αὐτὸν
935 5631 1258 5693 Δαυῖτικοὺς
1293 5626 1454 5703 (ἦσαν
1481 5632 1612 5703 γὰρ,
1643 5633 1759 5687 ὅσοι
1783 5635 1862 5698 είς

275 5719 472 5770 ταυτδν
528 5719 726 5789 ἐκείνῳ
777 5719 984 5785 ἐνόουν,
1023 5723 1172 5775 κακά
1203 5723 1548 5794 φρονοῦντες,
1580 5727 1742 5780 ὁποῖα
1794 5726 1862 5785 τὰ

277 5809 380 5864 τῶν
411 5812 672 5882 κοράκων
705 5812 956 5868 κολάκων
978 5829 992 5844 °
1047 5813 1208 5885 οἵπερ
1235 5816 1492 5881 ἐπαίνους
1532 5817 1856 5885 κρώζοντες,

2045 5543 2135 5598 71.
2167 5544 2325 5600 Tunc
2359 5542 2451 5614 qui
2482 5543 2742 5600 Davidem
2770 5555 2824 5599 et
2865 5545 2985 5615 ejus
3015 5545 3257 5602 asseclas
3303 5545 3564 5604 videbant

1977 5638 2154 5710 (erant
2183 5640 2330 5693 enim
2369 5637 2460 5709 qui
2508 5655 2632 5693 cum
2690 5654 2756 5693 co
2810 5639 3204 5707 conspiralmnt
3261 5637 3314 5690 in
3357 5639 3560 5694 malum

1973 5746 2268 5786 corvorum
2303 5741 2356 5786 et
2403 5731 2750 5786 adulatorum
2801 5731 3014 5796 instar;
3064 5745 3298 5796 quortun
3343 5730 3557 5792 laudes,

1973 5821 2172 5884 quibus
2201 5823 2290 5878 ille
2323 5822 2516 5878 insane
2564 5821 2856 5888 gaudebat,
2884 5823 3227 5876 altitudinem
3251 5822 3556 5887 spirabant)
