3968 6572
254 370 329 436 85

1070 374 1168 435 DE
1208 372 1784 435 THESSALONICA
1820 374 2026 435 URBE
2058 374 2105 433 A
2156 373 2465 435 LATINIS
2488 374 2755 439 CAPTA.

3469 378 3539 442 86

264 485 470 555 μανοίις
503 484 771 550 ἐνόπλους
806 484 1101 554 ἐφίππους,
1161 484 1298 556 ὁμοῦ
1356 486 1707 549 συνεστῶτας
1762 486 1858 539 καὶ

1989 487 2207 542 lextram
2241 486 2483 543 fataliter
2511 488 2560 545 ci
2590 487 2971 544 abstulerunt.
3010 487 3165 547 Unus
3204 490 3345 544 enim
3380 507 3441 544 ex
3475 494 3541 543 iis

262 576 594 647 ὁμιλοῦντας
616 578 687 632 τὰ
724 578 877 648 σφίσι
899 576 1188 633 δοκοῦντα.
1226 577 1335 631 Καὶ
1363 579 1393 631 ὁ
1432 576 1534 647 μέν
1559 576 1847 649 παρῴχετο

1994 578 2141 633 ladio
2162 578 2418 634 districto
2439 594 2559 634 eam
2580 578 2843 650 praecidit.
2866 580 3118 651 Amplius
3143 590 3322 637 autem
3344 597 3543 639 nocere
3567 559 3589 657 ⁴ξ

3570 660 3589 683 ι.

261 671 510 734 ἐκείνους
551 670 676 724 ὀδοῦ
711 671 890 742 λόγῳ·
935 672 987 725 oi
1015 670 1071 724 δὲ
1106 670 1589 742 προσεκαλέσαντο
1609 684 1624 701 '
1656 670 1749 723 καὶ
1773 669 1850 731 ὡς

1958 685 2069 725 non
2108 673 2283 740 potuit
2314 671 2519 724 homini
2555 670 2610 725 in
2649 669 2883 727 celerem
2926 670 3110 741 fugam
3158 687 3442 727 converso.

263 764 533 817 ἐπέλασεν
572 736 963 835 αὖτοῖςνμετὰ
1015 736 1188 818 πολλα
1241 764 1311 819 τά
1371 767 1430 820 ἐν
1491 765 1667 845 μέσῳ,
1701 764 1997 832 ἀπήγαγον
2052 736 2217 817 αύτοῦ
2279 762 2379 833 τὴν
2429 762 2610 828 δεξιὰν
2660 764 2820 834 χεῖρα
2877 736 3159 833 δυστυχῶς
3214 763 3295 835 τῷ
3361 736 3591 843 ἀνδρί.ξ

270 856 578 926 Γυμνώσας
642 857 753 928 γὰρ
787 854 870 922 εἷς
904 859 1131 912 ἐκείνων
1183 857 1361 927 ξίφος,
1420 858 1518 913 καὶ
1570 855 1909 925 καταγαγὼν
1968 857 2253 928 ἀπήραξεν
2282 858 2476 928 αὐτὴν.
2505 857 2619 911 Οὐκ
2645 856 2771 927 ἔσχε
2797 855 2851 911 δέ
2884 858 2981 912 καὶ
3012 857 3091 920 είς
3122 856 3287 910 πλέον
3317 855 3541 928 βλάψαι,

267 952 624 1022 πτερωθέντα
653 947 766 1006 οἷον
803 954 886 1017 είς
917 953 1118 1023 φυγήν.

335 1089 427 1142 οδν.
462 1085 726 1140 Τοιοῦτον
754 1086 848 1139 καὶ
904 1085 966 1140 τδ
996 1083 1092 1139 τοῦ
1138 1080 1514 1154 Ἀλαμανικοῦ
1569 1084 1850 1152 τάγματος

268 1182 618 1252 προδοτικὸν,
650 1175 712 1235 οὗ
740 1179 1041 1251 πρόδρομοι
1066 1178 1167 1249 τὴν
1188 1178 1317 1249 χθὲς
1345 1177 1527 1246 δείλην
1556 1180 1707 1245 τρεῖς
1744 1176 1855 1230 τῶν

269 1262 553 1344 δυσμικῶν
601 1272 791 1326 πυλῶν
845 1273 946 1341 τῆς
1005 1270 1215 1335 πόλεως
1282 1270 1696 1341 κατεπήδησαν,
1760 1269 1856 1322 καὶ

274 1372 497 1422 πάντων
523 1365 638 1420 τῶν
668 1367 785 1419 ἐκεῖ
819 1364 1133 1435 βλεπόντων
1180 1364 1294 1426 τοῖς
1326 1360 1626 1435 βαρϐάροις
1660 1361 1857 1431 φιλίως

276 1459 600 1529 συνέμιξαν.
643 1457 709 1510 Ἦ
738 1457 797 1511 δὲ
845 1456 953 1527 πρὸ
983 1456 1131 1509 δυοῖν
1167 1454 1412 1526 ἡμέραιν
1440 1457 1543 1524 τῆς
1599 1452 1858 1519 ἁλώσεως

283 1553 412 1622 περὶ
444 1551 716 1620 πέμπτην
737 1549 838 1619 τῆς
867 1548 1163 1617 ἑϐδομάδος
1199 1548 1420 1617 βαθείας
1446 1547 1689 1617 ἑσπέρας
1734 1548 1861 1601 ἐπι-

276 1642 480 1710 φάνεια
508 1640 825 1710 θεοφάνους
856 1637 954 1692 τοῦ
1001 1638 1264 1709 Προϐατᾶ
1292 1638 1402 1693 ἐσω
1432 1637 1667 1703 πόλεως,
1701 1637 1761 1702 ὃς
1794 1638 1861 1692 ἐκ

272 1734 588 1805 Δυρραχίου
606 1733 960 1804 συνωμάρτει
982 1732 1096 1796 τοῖς
1107 1732 1357 1795 Λατίνοις
1374 1731 1573 1800 φίλιος,
1587 1730 1742 1793 τίνας
1762 1731 1863 1785 οὐκ

2028 1080 2119 1139 74.
2174 1080 2303 1137 Hac
2352 1080 2477 1138 fuit.
2514 1080 2945 1136 Alamannorum
3009 1086 3206 1136 turma).
3260 1080 3546 1152 proditio,

1955 1190 2194 1249 quorum
2249 1189 2623 1246 praecursores
2676 1174 2933 1229 hesterno
2983 1172 3070 1228 die
3141 1183 3253 1229 tres
3298 1189 3327 1227 e
3365 1175 3541 1244 purlis

1958 1268 2395 1325 occidentalibus
2434 1266 2759 1322 exsilierant
2791 1274 2845 1320 et
2880 1268 2932 1320 in
2972 1277 3269 1335 conspectu
3300 1267 3548 1320 omnium

1959 1380 2083 1420 cum
2113 1363 2372 1419 Barbaris
2404 1360 2701 1418 amicitiam
2730 1363 3047 1431 junxerunt.
3077 1360 3302 1415 Duobus
3342 1358 3545 1415 diebus

1967 1470 2094 1513 ante
2123 1455 2611 1527 expugnationem,
2662 1455 2855 1524 quinta
2894 1452 3007 1509 fere
3048 1450 3408 1507 hebdomadis
3434 1451 3545 1517 die,

1971 1552 2124 1608 circa
2159 1549 2406 1620 vesperis
2435 1547 2597 1603 ﬁnem
2623 1547 2876 1617 apparuit
2903 1544 3265 1616 Theophanes
3297 1545 3552 1600 Prohatre

1973 1643 2119 1699 illius
2156 1642 2301 1698 intra
2342 1641 2558 1706 urbem,
2590 1641 2684 1711 qui
2715 1651 2747 1694 ε
2780 1637 3084 1709 Dyrrachio
3122 1636 3348 1693 Latinos
3375 1639 3553 1693 comi-

1972 1728 2119 1791 tatus
2166 1734 2491 1806 proditionis
2529 1747 2588 1789 se
2631 1739 2947 1801 suspectum
2992 1730 3250 1786 reddidit.
3288 1729 3399 1786 Leo
3428 1732 3547 1799 qui-

273 1827 343 1881 ἆν
372 1826 453 1890 είς
476 1826 605 1878 νοῦν
635 1823 954 1895 προδοτικὸν
984 1822 1230 1893 ἐναγάγῃ
1268 1822 1538 1892 μαθόντας
1559 1821 1734 1892 αὐτήν
1757 1835 1773 1886 ;
1797 1818 1869 1892 ἢν

1989 1828 2097 1884 lam
2133 1827 2616 1900 Agiocupltemites
2651 1825 2866 1896 equiso,
2904 1839 2972 1878 eo
3004 1823 3248 1894 cognito,
3284 1824 3340 1879 in
3372 1829 3556 1877 mento

276 1920 435 1974 Λέων
464 1936 553 1983 τις
595 1918 779 1971 ἶππων
809 1915 1016 1985 άγαθὸς
1053 1915 1313 1986 μελητὴς,
1336 1913 1864 1985 ὁἋγιοευφημίτης.

278 2008 405 2064 ίδὼν
431 2012 529 2064 καὶ
550 2007 1084 2080 περιεργασάμενος,
1123 2006 1220 2059 καὶ
1268 2003 1429 2075 θυμῷ
1463 2004 1565 2076 μὲν
1620 2002 1864 2085 βληθεὶς,
1908 2042 1909 2045 η

276 2102 394 2156 σῦκ’
413 2102 559 2172 ἔχων
582 2100 651 2165 δ’,
674 2102 703 2154 ὃ
720 2117 775 2152 τι
815 2098 909 2151 καὶ
937 2098 1212 2169 δράσειεν,
1240 2096 1529 2150 ὡσιώσατο
1557 2094 1777 2166 ἄμυναν
1799 2096 1867 2163 τῇ

279 2196 527 2265 πατρίδι,
558 2192 795 2260 ἐξειπὼν
838 2193 897 2245 τὸ
931 2192 1103 2245 κακὸν
1135 2192 1247 2254 τοῖς
1286 2189 1362 2260 μὴ
1397 2188 1641 2258 τολμῶσι
1688 2186 1871 2241 λαλεῖν

278 2306 332 2340 τι
379 2287 521 2359 πρὸς
561 2285 656 2338 τὸν
691 2286 789 2338 ἐπὶ
843 2283 1164 2354 δυσπραγὶᾳ
1228 2283 1379 2351 κοινῇ
1419 2278 1653 2349 φοϐερὸν
1682 2277 1868 2331 Δαυῖδ.

350 2430 447 2479 σε’.
511 2422 678 2476 Ἀλλὰ
736 2421 912 2475 ταῦτα
973 2420 1074 2494 μὲν
1135 2419 1308 2481 οὕτως
1363 2418 1495 2486 ἡμῖν
1555 2414 1873 2482 ἀναγκαίως

285 2516 749 2586 ἐπεμϐεϐλήσθω,
795 2514 829 2584 ἢ
867 2514 1106 2583 μάλιστα
1143 2509 1519 2583 προειλήφθω.
1562 2508 1625 2560 Oi
1684 2507 1741 2559 δὲ
1781 2521 1876 2557 πο-

286 2615 472 2683 λέμιοι
528 2610 772 2680 στερεῶς
819 2608 961 2662 κατὰ
998 2608 1106 2660 τῶν
1137 2606 1287 2677 ἑῴων
1319 2603 1506 2676 μερῶν
1535 2604 1635 2673 τῆς
1666 2600 1875 2661 πόλεως

288 2704 398 2758 τῶν
431 2703 558 2757 κατ’
606 2700 857 2773 αίγιαλδν
886 2700 989 2763 ’έως
1026 2701 1121 2754 καὶ
1167 2698 1276 2750 τῶν
1307 2698 1451 2749 κατὰ
1490 2693 1615 2756 τοὺς
1645 2692 1875 2761 ἀσωμά-

288 2814 415 2858 τους
453 2792 645 2847 πυλῶν
694 2793 981 2845 ἐπέκειντο
1001 2806 1018 2821 ⁸
1048 2789 1143 2844 καὶ
1174 2786 1317 2842 κατὰ
1349 2786 1449 2856 τὴν
1482 2784 1743 2853 πέμπτην
1779 2781 1876 2832 καὶ

288 2888 552 2958 δεκάτην,
592 2885 667 2949 ὡς
701 2886 1085 2956 προέκκειται,
1117 2880 1212 2934 τοῦ
1240 2878 1556 2948 Αὐγούστου
1598 2876 1693 2938 τὰς
1738 2873 1876 2943 νῆας

289 2982 699 3049 λιμενίσαντες,
732 2980 800 3050 τῇ
834 2976 1025 3047 αὒριον
1054 2974 1315 3046 πρωῖθεν,
1356 2965 1431 3026 ῶν
1460 2969 1872 3030 ἐϐουλεύσαντο,

296 3076 531 3146 εἴχοντο,
563 3073 659 3128 καὶ
688 3070 1005 3142 ὀξυχειρίας
1040 3069 1395 3130 ἐπιϐαλόντες
1434 3066 1654 3117 ἐποίουν
1682 3062 1750 3114 τὰ
1779 3057 1876 3113 τοῦ

1976 1921 2198 1992 quidem
2246 1921 2690 1992 permovehatur,
2748 1917 2844 1974 sed
2889 1916 3093 1972 dubius
3140 1917 3269 1987 quid
3321 1914 3551 1981 faceret,

1976 2021 2207 2087 patriam
2244 2014 2527 2069 vindicare
2569 2014 2786 2076 statuit,
2845 2013 3052 2065 malum
3086 2010 3312 2087 minans
3352 2008 3433 2064 eis
3461 2008 3554 2077 qui

1980 2123 2087 2163 non
2116 2108 2231 2162 ausi
2258 2105 2463 2161 fuerint
2497 2103 2646 2175 loqui
2690 2103 2745 2157 in
2782 2101 3040 2158 Davidem
3070 2086 3349 2157 communi
3377 2097 3553 2155 infor-

1980 2202 2139 2254 tunio
2172 2194 2605 2252 formidandum.

2056 2420 2143 2473 75.
2167 2417 2277 2472 llas
2301 2433 2390 2473 res
2422 2432 2520 2472 nos
2544 2418 2763 2485 quidem
2797 2431 2861 2470 co
2893 2430 3000 2484 quo
3032 2408 3559 2467 accideruntordine

1982 2519 2073 2563 aut
2106 2506 2461 2576 anticipando
2512 2507 2880 2560 narravimus.
2920 2503 3118 2557 Hostes
3147 2509 3325 2555 autem
3367 2510 3558 2553 contra

1983 2599 2280 2655 orientales
2319 2599 2471 2653 urbis
2497 2608 2681 2668 partes
2715 2612 2809 2669 per
2866 2596 3020 2649 littus
3056 2609 3231 2664 usque
3256 2593 3323 2646 ad
3371 2603 3560 2662 portas

1984 2690 2311 2762 ἀσωμάτους
2363 2702 2795 2760 processerunt,
2864 2699 2919 2742 ct
2972 2688 3167 2757 quinto
3216 2687 3432 2742 decimo
3474 2688 3563 2743 die

1985 2787 2216 2854 Augusti
2240 2800 2405 2838 naves
2446 2784 2496 2835 in
2536 2792 2753 2859 portum
2808 2789 3166 2849 receperunt.
3214 2788 3431 2846 postero
3473 2778 3561 2831 die

1985 2892 2148 2933 mane
2183 2876 2325 2945 quod
2364 2877 2659 2930 voluerunt
2700 2873 2991 2927 obtinuere
3024 2870 3389 2937 celeriterque
3421 2883 3564 2939 opus

1988 2970 2241 3026 bellicum
2293 2968 2665 3038 perfecerunt.
2706 2964 2804 3028 lhi,
2840 2974 2896 3017 ut
2940 2978 3061 3018 cum
3092 2962 3243 3016 Musa
3300 2960 3565 3018 Herodoti

1987 3062 2201 3133 loquar,
2248 3061 2480 3115 telorum
2531 3074 2593 3111 ac
2640 3040 2879 3127 lapidum
2945 3054 3145 3110 nubent
3197 3054 3384 3109 videre
3422 3061 3563 3119 erat,

297 3170 564 3238 πολέμου.
597 3167 707 3219 Καὶ
728 3161 795 3239 ἦν
830 3164 959 3217 ίδείν
989 3162 1131 3216 κατὰ
1150 3162 1249 3230 τὴν
1290 3157 1631 3229 Ἦροδότειον
1652 3151 1878 3209 Μοῦσαν

1989 3157 2185 3228 quibus
2236 3169 2329 3208 aer
2388 3151 2819 3211 obscurabatur.
2864 3147 2995 3203 Tela
3040 3163 3071 3203 e
3130 3147 3302 3202 muris
3349 3162 3568 3218 quoque

296 3262 435 3329 νέφη
483 3258 658 3328 βελῶν
704 3258 814 3309 των
866 3272 926 3308 τε
981 3252 1125 3307 κατά
1177 3252 1404 3321 πέτρας,
1457 3248 1568 3301 τῶν
1622 3263 1681 3299 τε
1740 3246 1882 3300 κατὰ

294 3354 535 3415 ὀϊστοὺς,
563 3350 631 3404 δι’
656 3341 732 3402 ῶν
756 3348 863 3418 ἀὴρ
886 3344 1191 3410 ἐσκιάζετο.
1221 3343 1331 3397 Καὶ
1363 3340 1653 3395 ἐϐάλλοντο
1671 3339 1771 3407 μὲν
1789 3338 1883 3390 καὶ⁹

296 3446 345 3496 οί
385 3447 451 3497 ἐκ
479 3444 595 3496 τῶν
642 3441 873 3511 τειχέων
906 3440 1024 3508 (καὶ
1069 3438 1189 3499 πῶς
1224 3435 1335 3504 γὰρ
1366 3430 1467 3501 οὓς
1519 3432 1631 3499 εἴγε
1671 3429 1823 3494 ξυνὸς
1853 3429 1882 3482 ὁ

310 3540 613 3609 Ἐνυάλιος)
642 3556 658 3572 α
688 3538 1021 3592 ἐϐλάπτοντο
1074 3534 1130 3588 δέ
1164 3533 1273 3587 τῶν
1308 3532 1407 3601 μὲν
1444 3528 1733 3598 ἡμετέρων
1760 3525 1883 3596 ἣκι-

300 3653 437 3701 στοι,
472 3636 586 3687 τῶν
620 3632 680 3685 δέ
710 3630 972 3684 ἐναντίων
1019 3627 1289 3679 πλεῖστοι.
1346 3622 1495 3676 Πάνυ
1529 3621 1640 3689 γὰρ
1669 3619 1883 3683 ἐδεξίω-

302 3746 392 3782 σεν
428 3732 455 3782 ὁ
488 3729 624 3790 Θεὸς
655 3726 716 3778 ού
741 3726 867 3787 τοὺς
900 3720 1243 3793 στρατιώτας
1273 3718 1492 3787 μόνους,
1525 3712 1663 3768 ἀλλὰ
1693 3713 1786 3764 καί
1811 3708 1883 3763 τά

300 3821 463 3875 λοιπά
501 3818 674 3872 τέκνα
693 3817 793 3885 τῆς
829 3814 1062 3880 πόλεως,
1094 3812 1143 3866 οἳ
1173 3812 1267 3864 καὶ
1310 3807 1525 3881 βάλλειν
1552 3804 1681 3868 τοὺς
1728 3802 1884 3855 πολε-

305 3914 461 3982 μίους
492 3910 781 3980 εὐτύχουν,
811 3908 906 3961 καὶ
931 3907 1014 3969 είς
1046 3905 1220 3975 μῆκος
1252 3902 1308 3955 δέ
1332 3901 1466 3953 πολὺ
1500 3900 1625 3953 ὅσον
1663 3894 1882 3965 ἀφιέναι

304 4008 368 4059 τὰ
398 4006 555 4075 βέλη,
587 4005 662 4065 ὡς
695 4000 950 4055 ἐντεῦθεν
981 3998 1107 4058 τοὺς
1140 3994 1372 4067 ἐχθροὺς
1413 3990 1638 4056 τοξότας
1680 3989 1885 4042 ἀναπο-

303 4099 546 4163 δίζοντας
594 4096 855 4167 ἄπρακτα
910 4091 1132 4165 βάλλειν
1178 4087 1305 4143 καθ’
1336 4085 1497 4157 ἡμῶν
1538 4086 1602 4136 ἐκ
1667 4078 1885 4152 μακρᾶς

305 4191 688 4250 ἀποστάσεως.
731 4186 867 4239 ’Δπὸ
892 4183 1023 4254 γοῦν
1058 4182 1158 4253 τῆς
1182 4179 1404 4250 Χρυσῆς
1427 4176 1605 4247 πύλης
1632 4174 1729 4244 τῆς
1761 4172 1890 4240 περὶ

303 4285 512 4355 δυσμὰς
551 4282 824 4351 ἀφιέμενα
852 4279 982 4349 βέλη
998 4279 1062 4330 ἐκ
1082 4272 1583 4341 τόξων,ἐφύλασσον
1616 4266 1890 4338 μετέωρον

307 4376 365 4427 τὸ
422 4375 629 4446 πτερὸν
668 4374 775 4436 ἕως
832 4374 925 4425 καὶ
976 4372 1057 4434 είς
1090 4373 1151 4421 τὸ
1187 4366 1352 4420 καλόν
1385 4378 1518 4416 ποτε
1553 4361 1824 4429 σεμνείον,
1862 4355 1890 4408 ὃ

312 4471 598 4540 περιεῖπεν
618 4468 648 4519 ὁ
670 4462 1017 4536 μυροϐλύτης
1045 4463 1218 4534 μέγας
1239 4457 1533 4518 Νικόλαος,
1574 4451 1669 4507 καὶ
1710 4449 1892 4503 ἐνέπι-

299 4560 444 4610 "nov
468 4558 595 4619 ταῖς
614 4555 726 4607 τῶν
757 4552 1051 4623 βαρϐάρων
1079 4551 1327 4621 σκηναῖς.
1359 4546 1469 4601 Καὶ
1500 4543 1661 4607 εὐθὺς
1684 4543 1891 4595 ἐκεῖναι

1989 3248 2157 3319 (Mars
2211 3246 2358 3301 enim
2419 3239 2753 3309 communis)
2789 3241 2841 3294 in
2880 3256 3008 3303 nos,
3043 3247 3098 3293 et
3151 3254 3180 3293 a
3245 3237 3453 3293 nostris
3510 3240 3565 3291 in

1986 3356 2173 3396 muros
2210 3337 2667 3410 projiciebatttur,
2696 3333 2842 3387 unde
2869 3332 3072 3386 factum
3110 3339 3193 3385 est
3217 3340 3275 3385 ut
3314 3329 3474 3400 pauci
3500 3329 3567 3382 de

1986 3434 2231 3488 nostris.
2279 3446 2343 3485 ex
2387 3427 2641 3482 hastibus
2692 3423 2911 3494 plurimi
2961 3422 3308 3477 laederentur.
3347 3418 3567 3490 Optime
3654 3454 3657 3457 -

1987 3522 2132 3577 enim
2173 3519 2313 3573 Deus
2339 3533 2447 3573 non
2483 3515 2660 3571 solum
2687 3512 2924 3577 milites,
2952 3509 3046 3566 sed
3066 3516 3317 3564 crateram
3349 3523 3568 3578 quoque

1990 3614 2146 3668 urbis
2190 3613 2534 3683 juventutem
2589 3604 3067 3669 accommodavit,
3107 3603 3200 3673 qui
3241 3605 3427 3657 hostes
3483 3603 3565 3654 in-

1992 3706 2240 3762 terficere
2285 3711 2339 3757 et
2389 3702 2497 3757 tela
2540 3718 2570 3756 e
2600 3700 2761 3768 longe
2797 3695 3076 3767 conjicere
3113 3694 3389 3762 valebant,
3425 3702 3480 3747 ut
3515 3692 3567 3746 hi

1993 3797 2462 3869 retrogredientes
2513 3795 2565 3849 in
2603 3808 2705 3849 nos
2742 3808 2806 3848 ex
2854 3805 3051 3861 magna
3096 3787 3356 3845 distantia
3388 3788 3441 3840 in
3474 3801 3568 3839 va-

1994 3908 2122 3949 num
2178 3892 2283 3946 tela
2348 3889 2661 3957 rejicerent.
2704 3882 2835 3940 Tela
2889 3885 3055 3955 igitur
3104 3898 3135 3937 a
3185 3890 3340 3951 porta
3391 3882 3571 3933 Aurea

1994 3982 2319 4040 occidentali
2344 3980 2589 4052 projecta
2629 3976 2885 4035 sublimia
2925 3990 3020 4046 per
3045 3989 3221 4028 acrem
3259 3970 3573 4028 ferebantur

1998 4094 2178 4147 usque
2206 4077 2273 4130 ad
2323 4075 2540 4143 insigne
2569 4071 2699 4127 olim
2736 4069 2998 4139 templum
3036 4065 3124 4120 cui
3168 4071 3399 4134 pra-erat
3445 4076 3574 4115 san-

1996 4179 2120 4223 ctus
2144 4166 2425 4231 Nicolaus,
2455 4172 2509 4219 et
2532 4163 2590 4218 in
2614 4162 2981 4217 Barbarorum
3027 4156 3259 4211 tentoria
3282 4154 3568 4221 cadebant,

1999 4277 2118 4332 quae
2159 4259 2451 4314 confestim
2508 4263 2724 4310 mutata
2799 4262 2951 4308 sunt.
3024 4250 3221 4304 Eadem
3277 4257 3460 4301 autem
3516 4246 3571 4299 in
3612 4227 3656 4271 λ’

2000 4364 2231 4422 utraque
2289 4361 2441 4421 parte
2478 4359 2772 4404 evaserunt
2820 4348 2963 4400 intra
3018 4353 3264 4414 portum,
3301 4350 3355 4396 et
3406 4353 3572 4393 naves

1997 4448 2137 4502 alias
2171 4443 2546 4517 periclitantes
2609 4441 2831 4496 ancoris
2895 4438 3148 4504 suﬂ‘ultae,
3178 4435 3431 4491 celeriter
3460 4433 3577 4488 sol.

1997 4546 2220 4593 verunt.

318 4652 661 4722 μεθίσταντο.
692 4618 899 4720 Ὅμοια
922 4618 981 4701 δέ
1006 4663 1123 4700 τινα
1150 4618 1392 4713 ἐγίνοντο
1411 4641 1506 4693 καὶ
1537 4640 1665 4708 περὶ
1685 4635 1914 4704 θάτερον
1945 4634 2135 4705 μέρος,
2155 4630 2285 4687 ἔνθα
2309 4630 2371 4684 τὺ
2396 4626 2777 4700 ναύλοχον.καὶ
2806 4626 2857 4680 oi
2884 4624 3126 4696 πλώϊμοι
3148 4622 3250 4688 τὰς
3268 4618 3575 4693 ἐπηρεαζο-

318 4746 477 4817 μένας
506 4746 646 4812 νῆας
678 4742 1146 4812 ἀνακωχεύοντες,
1178 4737 1318 4791 κατὰ
1358 4732 1595 4802 σπουδὴν
1624 4726 1958 4794 ἐξὲστελλον.

382 4882 488 4947 ος⁹.
524 4882 652 4935 Ὀτι
697 4880 757 4933 δέ
789 4877 1072 4948 ἐξέτρεχον
1114 4874 1164 4927 oi
1194 4871 1480 4942 ἡμέτεροι,
1524 4864 1880 4936 καταπηδῶν-

2059 4859 2153 4914 76.
2198 4857 2396 4913 Videre
2447 4864 2568 4911 erat
2631 4863 2855 4909 nostros
2907 4865 3169 4917 eurrere,
3216 4858 3507 4919 postquam
3544 4863 3576 4903 c

315 4994 399 5040 τες
430 4978 497 5029 ἐκ
534 4974 647 5027 τῶν
673 4970 925 5041 τειχέων.
974 4967 1048 5031 ὡς
1080 4966 1180 5020 οὐκ
1222 4963 1290 5018 ἂν
1320 4962 1491 5031 εἰδείη
1538 4960 1566 5011 ὁ
1613 4956 1889 5029 εἰρηνικὸς

318 5067 646 5139 στρατηγὸς.
705 5062 852 5132 ψιλοὶ
890 5061 1070 5115 ὃπλων
1123 5059 1171 5111 οἰ
1230 5054 1436 5119 πολλοὶ,
1495 5052 1589 5105 καὶ
1622 5050 1894 5120 ἠνδραγα-

317 5161 549 5226 θίζοντο,
583 5160 642 5211 ἐν
673 5152 753 5219 οἷς
790 5155 883 5208 καὶ
912 5152 1101 5213 παῖδες
1128 5147 1224 5202 τοῦ
1257 5146 1595 5218 μυροϐλύτου
1632 5142 1780 5198 ἄλλοι
1807 5159 1890 5203 τε,

315 5258 409 5308 καὶ
437 5255 504 5306 ἐκ
529 5252 629 5321 τῆς
658 5249 772 5303 τῶν
796 5245 1016 5317 Σέρϐων
1048 5243 1296 5302 τεθέντες
1335 5238 1485 5305 αὐτῷ
1517 5252 1530 5265 ο
1554 5237 1648 5289 καὶ
1676 5236 1757 5288 ὅτι
1793 5249 1891 5285 πε-

319 5345 639 5416 ριεφρόνουν
664 5341 790 5403 τοὺς
821 5336 1050 5411 ἐχθρούς
1075 5350 1090 5365 ·
1125 5335 1225 5389 καὶ
1242 5333 1315 5395 ὡς
1343 5331 1401 5399 ἐξ
1432 5329 1611 5386 αὐτῶν
1631 5329 1736 5383 τῶν
1759 5322 1893 5398 βαρ-

318 5437 562 5508 ϐαρικῶν
614 5434 833 5504 σκηνῶν
866 5430 1205 5502 ἁρπάζοντες
1245 5426 1556 5494 ἀπήλαυνον
1609 5422 1723 5486 ζῶα
1753 5436 1767 5450 ⁸
1798 5422 1894 5475 καὶ

316 5529 387 5592 ὡς
420 5529 550 5591 τοὺς
578 5523 995 5587 άντεπεξιόντας
1026 5517 1299 5591 ἠμύνοντο
1326 5521 1634 5579 οιωκοντες,
1666 5512 1893 5583 βάλλον-

315 5636 422 5685 τες,
454 5622 748 5689 ῥίπτοντες
770 5631 787 5648 ⁶
817 5613 914 5668 καὶ
936 5613 1083 5673 ὅπως
1108 5608 1356 5663 ἐντεῦθεν
1407 5605 1578 5676 θυμὸς
1626 5606 1717 5658 καὶ
1760 5620 1891 5671 προ-

320 5711 488 5780 θυμία
516 5726 646 5772 τους
694 5704 1030 5776 στρατιώτας
1069 5700 1330 5754 ὑπεδύετο
1381 5700 1633 5761 ἄπλετος,
1670 5695 1744 5759 ὡς
1800 5696 1896 5748 καὶ

327 5802 627 5871 στρατηγὸν
672 5799 960 5867 βαρύνειν,
1012 5789 1091 5859 οἷς
1136 5793 1340 5861 ῶχλουν
1397 5791 1614 5859 ἀφιέναι
1695 5787 1894 5850 αὐτοὺς

1996 4951 2270 5009 montibus
2301 4950 2721 5007 descendissent
2767 4947 2956 5017 quales
2990 4946 3101 5000 dux
3131 4941 3394 5013 paciﬁcus
3432 4956 3575 4996 nun-

1996 5063 2162 5119 quam
2201 5044 2356 5111 vidit,
2407 5043 2703 5113 plerosque
2752 5038 3030 5102 inermes;
3066 5035 3260 5090 deinde
3313 5032 3576 5105 prmclare

1997 5141 2270 5206 fecerunt,
2304 5139 2447 5193 inter
2478 5151 2619 5207 quos
2649 5146 2813 5191 etlam
2852 5133 2992 5186 ﬁlios
3027 5130 3202 5194 Beati,
3232 5136 3288 5183 et
3321 5126 3573 5189 Serbios,

1996 5231 2364 5303 despicientes
2385 5231 2612 5296 hostes;
2645 5227 2785 5283 adde
2817 5225 2965 5297 quod
3012 5221 3251 5294 pecudes
3282 5221 3334 5274 in
3378 5217 3575 5272 barba-

1997 5340 2180 5380 rorum
2221 5322 2474 5377 tentoriis
2500 5330 2686 5393 raptas
2712 5318 3059 5373 abducebaut
3080 5356 3094 5377 ,
3143 5322 3194 5368 et
3226 5308 3574 5365 adversarios

1995 5414 2117 5471 telis
2152 5423 2207 5469 et
2240 5413 2444 5484 jaculis
2487 5414 2649 5485 longe
2692 5408 3109 5483 propellebant;
3138 5404 3284 5474 quod
3322 5400 3485 5454 ardor
3521 5406 3609 5452 cl.-

1996 5507 2166 5561 animi
2215 5507 2475 5560 alacritas
2521 5505 2725 5560 milites
2765 5501 3050 5573 replebat,
3085 5499 3161 5552 ita
3206 5505 3268 5549 ut
3304 5493 3413 5546 dux
3457 5490 3575 5560 ipse

1999 5614 2142 5668 aegre
2173 5598 2342 5653 ferret
2369 5612 2562 5651 eorum
2596 5596 2887 5663 impetum,
2918 5599 2968 5646 et
3002 5588 3144 5659 quod
3169 5586 3259 5637 ille
3287 5591 3576 5653 postquam

2003 5692 2155 5749 urbis
2178 5693 2393 5746 ruinam
2419 5696 2691 5745 statuerat
2723 5698 3006 5755 nunquam
3046 5680 3289 5734 animum
3320 5675 3573 5732 mutavit.

2004 5785 2167 5849 idque
2194 5793 2306 5838 tum
2343 5785 2575 5837 tnaxime
2612 5795 2734 5835 tum
2779 5779 3064 5833 Chuumus
3096 5769 3300 5823 bellum
3338 5765 3573 5823 excitas-
