3906 6618
395 354 463 419 87
1112 356 1539 419 EUSTATHll
1578 358 2339 425 'l'llllSSALONICENStS
2375 360 2946 424 METBOPOLlT/E
3589 354 3670 427 '88

392 474 475 519 set
528 473 583 519 et
634 462 711 520 illi
776 479 806 518 a
858 464 1074 524 civibus
1131 468 1255 523 laedi
1302 470 1634 538 potuissent,
1692 469 1808 539 ipse
1873 486 1934 525 eo

2125 471 2317 542 ξορμᾷν
2354 487 2371 504 θ
2402 472 2495 525 καὶ
2523 472 2601 535 ὡς
2635 474 2843 537 ἐκεῖνος
2892 473 3152 539 καθάπαξ
3196 472 3667 547 ἐντυπωσάμενος

388 560 758 625 custodiebat;
789 562 885 618 sed
912 578 1013 617 cur
1033 578 1339 618 sermonem
1364 563 1708 619 fastidiosum
1746 563 1930 634 proluit

2123 582 2127 615 Γ
2161 562 2341 634 ψυχὴν
2363 564 2464 635 τὴν
2487 565 2786 619 κατάδυσιν
2810 568 2912 637 τῆς
2944 566 3155 631 πόλεως
3174 608 3189 630 ,
3221 568 3405 621 οὐκέτι
3435 568 3504 622 τὸ
3557 571 3665 638 ὲμ-

391 652 556 719 gem?
583 652 817 707 Davides
864 669 1079 707 murum
1118 653 1186 708 de
1216 669 1325 723 quo
1365 653 1639 720 diximus,
1690 656 1827 708 adeo
1871 668 1933 709 ne

2126 652 2295 723 αχθὲν
2341 653 2652 724 ἐξαλείφειν
2686 656 2846 726 ἦθελε
2874 673 2890 689 ·
2923 660 3020 711 καὶ
3061 657 3137 721 ὡς
3166 658 3234 713 ἐκ
3274 660 3472 714 τούτου
3505 662 3536 713 ὁ
3569 678 3668 713 πο-

389 743 581 812 glexit,
613 755 672 800 ut
701 745 1007 801 vivaciores
1036 746 1331 800 anathema
1352 746 1678 803 clamarent.

2124 746 2338 812 άλιστα,
2389 748 2480 800 ὅτε
2521 747 2616 800 τοῦ
2671 746 2923 819 Χούμνου
2960 750 3335 821 συρῤήξαντος
3390 751 3666 819 πόλεμον,

390 836 511 901 ἐξὸν
545 838 743 900 αὐτοὺς
792 836 1059 907 βλαϐῆναι
1095 838 1234 908 πρὸς
1280 838 1389 893 τῶν
1416 839 1517 909 τῆς
1561 838 1790 904 πόλεως,
1845 838 1991 896 καθὰ
2050 838 2513 907 προεκτέθειται,
2546 841 2575 892 ὁ
2607 839 2666 893 δὲ
2717 839 3044 911 ἐφυλάξατο,
3095 838 3172 905 ὡς
3227 836 3318 896 οἷα
3371 841 3669 914 περιέπων

389 929 587 994 αὐτούς
615 948 630 963 ο
687 931 741 985 τί
787 930 871 985 δεῖ
927 932 1268 1002 μακρότερον
1310 932 1726 986 διαπεταννὺειν
1765 934 1846 996 είς
1891 933 2224 1002 συγγραφήν
2279 931 2601 1004 (βαρυνθείη
2644 933 2690 986 δ’
2721 933 2790 988 άν
2816 934 2967 1003 τις)⁶
3002 934 3100 989 καὶ
3148 935 3233 989 ὃτι
3282 935 3380 989 τοῦ
3435 936 3668 1007 τείχους

391 1026 865 1098 ὑπονομευομένου
900 1028 1284 1099 κατημέλησεν
1328 1030 1357 1082 ὁ
1396 1028 1583 1095 Δαυῖδ,
1613 1032 1693 1093 είς
1722 1029 1846 1083 ὅσον
1871 1029 1967 1083 καὶ
2009 1030 2259 1099 ἀνάθεμα
2297 1029 2435 1100 πρὸς
2464 1030 2574 1083 τῶν
2608 1030 2956 1102 θερμοτέρων
3001 1030 3489 1101 καταψάλλεσθαις

412 1219 420 1226 ,
460 1164 550 1218 77.
593 1159 854 1218 Maenium
908 1164 1082 1227 enim,
1136 1173 1196 1218 ut
1247 1164 1323 1218 ita
1367 1162 1572 1230 dicam,
1614 1164 1954 1219 devoratorei

2148 1167 2246 1232 οξ.
2278 1167 2343 1222 Oi
2385 1168 2484 1237 μὲν
2517 1167 2628 1238 γάρ
2659 1168 2902 1238 τρῶκται
2930 1169 3026 1223 τοῦ
3054 1170 3423 1241 τειχίσματος,
3457 1173 3514 1226 εί
3553 1173 3662 1246 χρὴ

401 1256 497 1311 ubi
560 1269 721 1310 muro
782 1254 1321 1324 apprOpinqnasseut
1402 1262 1456 1309 et
1535 1254 1943 1311 destructionem

2123 1261 2220 1313 'mo
2257 1260 2446 1330 φάναι,
2482 1261 2639 1315 αὐτοὶ
2668 1261 2767 1330 μὲν
2814 1262 2890 1333 τῷ
2934 1262 3103 1334 τείχει
3152 1264 3518 1335 πελάσαντες,
3568 1270 3665 1322 καὶ

393 1355 724 1419 pirassent.
783 1349 917 1402 totis
947 1346 1158 1402 viribus
1182 1346 1527 1415 restiterunt,
1567 1349 1642 1402 ita
1691 1347 1935 1403 uttunda

2122 1352 2551 1421 υσκευασάμενοι
2610 1351 2836 1421 γλύφειν
2860 1393 2875 1417 ,
2907 1354 3284 1426 φραγνύμενοι
3335 1356 3393 1409 δὲ
3420 1359 3664 1412 κατόπιν

400 1442 603 1497 mentis
638 1440 774 1510 ipsis
794 1441 993 1507 erutis,
1037 1455 1228 1496 muros
1258 1441 1476 1511 penitus
1518 1439 1803 1496 destruere
1846 1455 1942 1510 pos

2121 1444 2190 1505 οἷς
2225 1441 2471 1497 κάτωθεν
2494 1444 3001 1516 ἀκροϐολιζομένους
3025 1448 3162 1510 άνω,
3221 1446 3388 1518 ἔργου
3418 1448 3663 1520 ἥπτοντο

394 1540 538 1586 seut.
573 1529 641 1584 Et
667 1532 774 1585 voti
806 1532 1028 1601 quidem
1055 1542 1349 1601 compotes
1374 1530 1505 1587 facti
1529 1538 1680 1587 sunt.
1706 1531 1883 1602 Caput
1913 1546 1936 1587 ε

2122 1534 2389 1605 γκρατῶς,
2420 1528 2512 1588 οἵα
2538 1535 2972 1618 ἑπισπέρχοντεςι
2997 1536 3059 1590 τὸ
3082 1537 3455 1609 γλαφύρωμα,
3488 1539 3570 1603 ὡς
3595 1541 3664 1595 ἂν

390 1622 615 1677 dorsum
640 1622 723 1680 sic
737 1623 1063 1679 abscondita
1085 1633 1266 1688 erant,
1287 1623 1554 1694 reliquum
1571 1632 1753 1677 autem
1770 1636 1932 1695 corpu

2122 1626 2483 1690 αθυποδύντες
2521 1626 2655 1681 αὐτὸ
2695 1627 3071 1698 ἐμϐαθύνωσι,
3122 1635 3219 1683 καὶ
3263 1629 3390 1684 καθ’
3424 1631 3664 1703 ἡσυχίαν

395 1716 592 1785 eaique
622 1730 814 1770 eorum
836 1714 1056 1771 detecta
1071 1725 1210 1773 erat.
1234 1715 1391 1783 Quod
1428 1715 1719 1787 plerosque
1738 1715 1937 1770 latebat

2122 1720 2379 1792 ,αμπερὶς
2438 1718 2532 1773 τοῦ
2593 1718 2877 1790 τειχισμοῦ
2920 1721 3059 1791 ταχὺ
3099 1720 3199 1792 τὴν
3245 1723 3537 1794 συνέχειαν
3574 1723 3664 1777 λύ-

395 1808 571 1863 dunee
594 1808 830 1864 Basilius
852 1807 1101 1871 Tzusens
1127 1806 1662 1874 Thessalonicensis,
1686 1823 1744 1863 re
1762 1810 1937 1862 exarui

2121 1811 2367 1873 uiat.Kai
2385 1810 2547 1883 ἤνυον
2564 1811 2634 1865 τά
2660 1809 2757 1863 τοῦ
2794 1810 3019 1865 σκοποῦ.
3041 1812 3152 1866 Καὶ
3189 1805 3268 1866 αι’
3293 1813 3537 1883 κεφαλαὶ
3565 1816 3663 1885 μὲν

393 1908 526 1955 tmta
567 1900 619 1954 id
651 1901 799 1970 quod
832 1910 953 1957 erat
975 1901 1113 1955 vidit
1140 1907 1195 1956 et
1236 1898 1685 1969 indignabundus
1706 1909 1934 1969 quantm

2124 1901 2267 1964 ὐτοῖς
2287 1900 2383 1956 καί
2407 1919 2461 1957 τι
2475 1902 2583 1956 τῶν
2612 1904 2971 1973 μδταφρένων
2992 1904 3329 1976 ἐκρύπτοντο
3357 1923 3374 1940 ο
3403 1908 3437 1960 ὁ
3463 1906 3524 1961 δὲ
3549 1907 3663 1962 λοι-

393 1993 569 2061 potuit
595 1992 941 2048 velocissime
975 1992 1041 2052 ad
1071 1991 1307 2063 primum
1357 1990 1514 2046 ducis
1548 1989 1861 2046 ministrum
1888 2006 1935 2046 ct

2122 1991 2181 2053 ὸς
2209 1990 2494 2058 ἄνθρωπος
2524 1993 2748 2064 ἑκάστῳ
2774 1992 3003 2048 ἐκείνων
3039 1995 3147 2061 ἔξω
3174 1997 3349 2067 βραχὺ
3381 1998 3664 2068 προύφαί-

398 2088 577 2140 currit
612 2125 630 2151 .
657 2095 709 2141 et
740 2098 865 2142 cum
907 2084 1300 2143 lamentatione
1330 2083 1489 2153 petiit
1517 2083 1585 2137 ab
1614 2097 1679 2139 eo
1718 2093 1776 2137 ut
1826 2090 1940 2136 tant

2121 2099 2220 2135 ετο.
2266 2081 2558 2139 Ἐλάνθανε
2586 2085 2642 2138 δὲ
2691 2086 2801 2155 ἄρα
2846 2086 3007 2140 τοῦτο
3051 2091 3181 2151 τοὺς
3214 2089 3478 2155 πλείονας
3504 2130 3521 2154 ,
3556 2091 3663 2155 ἓως

397 2180 542 2233 malo
586 2179 853 2234 obstaret.
906 2176 1007 2232 Hie
1040 2185 1223 2232 autem
1276 2176 1330 2246 (ο
1366 2177 1584 2246 egregie
1626 2174 1847 2230 alumne
1876 2190 1939 2244 qu

2136 2176 2195 2227 ὲν
2240 2175 2613 2249 Θεσσαλονίκῃ
2655 2179 2930 2243 Βασίλειος
2960 2181 2989 2232 ὁ
3020 2180 3263 2245 Τζύσκος
3285 2222 3301 2245 ,
3339 2184 3661 2254 κατακόψαι

399 2273 525 2323 noui
559 2264 1046 2326 ducis'doctrinam
1071 2269 1125 2324 in
1161 2278 1348 2323 mente
1389 2268 1771 2338 reposuistil)
1806 2283 1941 2338 usqu

2118 2266 2286 2319 νωθεν
2335 2265 2616 2336 τολμήσας
2673 2268 2768 2320 καὶ
2811 2267 3078 2337 ἰσχύσας,
3132 2264 3240 2322 εῐδι
3284 2270 3347 2323 τὸ
3396 2273 3657 2341 πρᾶγμα.

400 2365 453 2413 in
487 2369 772 2431 posterum
804 2361 948 2417 diem
989 2359 1421 2430 exspectandum
1452 2375 1575 2416 esse
1613 2360 1773 2426 dixit,
1800 2361 1942 2415 done

2115 2357 2182 2419 Ος
2231 2359 2324 2411 καὶ
2359 2356 2668 2427 καρδιιὶήας
2719 2359 2923 2431 έδραμε
2972 2360 3073 2429 τὴν
3130 2362 3390 2431 ταχίστην
3444 2363 3531 2425 εἰς
3567 2365 3657 2416 τᾶν

400 2452 584 2505 hostes
646 2451 702 2505 in
762 2452 882 2506 cavi
952 2452 1227 2522 angustiis
1291 2460 1345 2507 et
1411 2451 1562 2507 fumo
1616 2468 1645 2506 a
1687 2453 1942 2507 sarmenti

2120 2448 2172 2501 οῦ
2207 2449 2513 2519 στρατηγοῦ
2542 2450 3038 2521 πρωτοθεράποντα
3062 2467 3077 2481 ·
3117 2454 3212 2506 καὶ
3262 2453 3570 2523 ἐκλαλήσας
3601 2458 3662 2509 τδ

394 2541 638 2595 excitato
690 2540 1115 2597 suﬂ’oearcntur.
1165 2541 1259 2597 Sic
1316 2549 1547 2597 venator
1600 2542 1769 2595 feram
1821 2540 1936 2597 facil

2118 2542 2315 2610 τρᾶγμα
2356 2540 2496 2611 μετά
2547 2543 2754 2609 οῖκτου,
2804 2543 3214 2614 προεκαλέσατο
3259 2547 3339 2606 εἰς
3388 2546 3660 2616 κωλύμην

397 2633 748 2703 persequitur
785 2633 841 2688 in
883 2635 1116 2703 eampis,
1163 2650 1273 2690 non
1328 2642 1508 2690 autem
1538 2634 1586 2689 is
1625 2634 1716 2703 qui
1765 2648 1886 2688 eam
1919 2633 1933 2686 ί

2118 2631 2174 2683 οῦ
2212 2633 2408 2687 κακοῦ.
2460 2633 2519 2686 '0
2563 2632 2618 2687 δὲ
2647 2633 2713 2705 (ὣ
2768 2635 3013 2706 μαθητοῦ
3059 2621 3289 2705 ἀγαθοῦ,
3337 2638 3660 2707 ὲκμαξαμέ-

393 2738 627 2779 caverna
658 2724 995 2795 prehendere
1025 2725 1261 2792 vult;sic
1293 2725 1383 2796 qui
1414 2739 1546 2795 apes
1561 2724 1935 2791 coluntalveua

2116 2740 2177 2774 ου
2224 2723 2441 2792 εὐφυῶς
2468 2725 2540 2777 τά
2578 2724 2673 2778 τοῦ
2718 2726 2884 2781 καλοῦ
2956 2727 3264 2799 στρατηγοῦ
3313 2728 3658 2801 διδασκάλια)

394 2819 576 2887 ipsum
611 2819 818 2874 adeunt
867 2818 1235 2890 speculatori.
1637 2814 1641 2817 ⁷

2116 2815 2285 2885 [ρῆναι
2315 2816 2600 2885 μεθίεσθαι
2629 2820 2949 2889 ἀπεφήνατο
2994 2819 3187 2889 μέχρις
3213 2821 3270 2884 ἐς
3308 2820 3525 2892 αῦριον,
3555 2821 3658 2883 ἕως

393 2911 446 2963 οἱ
476 2909 671 2983 ἐχθροὶ
701 2909 851 2973 ἐντὸς
916 2910 1225 2981 εἱληθέντες
1251 2912 1347 2965 τοῦ
1375 2913 1759 2982 τρυπήματος,
1787 2906 1906 2963 εἶτα
1925 2908 2003 2979 τῷ
2034 2909 2099 2963 ὲκ
2125 2909 2422 2977 φρυγάνων
2451 2909 2642 2979 καπνῷ
2696 2912 2826 2982 ῥᾷον
2853 2914 3238 2980 καταπνιγεῖεν
3270 2914 3441 2978 ἐντος,
3470 2915 3655 2983 ὅμοιον

396 3005 472 3068 ὡς
527 3008 577 3058 εἰ
624 3007 719 3060 καὶ
757 3006 1067 3079 κυνηγέτης
1134 3008 1423 3080 πρόχειρον
1458 3008 1637 3078 άγραν
1693 3007 1833 3078 ἔχων
1888 3006 2276 3077 θέσθαιθηρίου
2307 3007 2364 3058 ὲν
2396 3007 2507 3069 τοῖς
2559 3006 2819 3072 πεδινοῖς,
2867 3010 2895 3062 ὁ
2945 3008 2992 3061 δ’
3023 3009 3160 3063 ἀλλὰ
3200 3010 3387 3080 μεθεὶς
3420 3012 3656 3085 καραδο.

396 3103 485 3151 κεί
512 3099 611 3170 τὴν
658 3099 716 3151 ὲν
748 3100 1024 3171 σπήλυγγι
1058 3099 1270 3157 ἐκείνου
1314 3094 1633 3167 κατάδυσιν,
1690 3098 1766 3163 ὡς
1817 3098 1959 3153 οὕτω
2000 3097 2200 3169 μᾶλλον
2235 3098 2518 3172 ἀγρεύσων
2570 3100 2749 3153 έκεῖνο
2776 3116 2790 3130 ο
2869 3100 3013 3155 καθὰ
3069 3103 3165 3156 καὶ
3218 3104 3485 3172 μελίσσας
3551 3107 3657 3159 ἔσω

396 3199 639 3269 σμήνους
671 3199 723 3252 al
759 3197 891 3269 περὶ
919 3197 1130 3263 ταύτας
1168 3197 1517 3269 πονούμενοι.

465 3319 555 3373 78.
600 3316 787 3375 Talem
838 3332 899 3372 se
952 3319 1169 3388 primus
1216 3318 1380 3375 ducis
1433 3318 1685 3372 minister
1734 3312 2007 3385 gerebat.‘

2151 3319 2251 3384 or".
2286 3313 2395 3368 Καὶ
2425 3309 2663 3375 τοιοῦτος
2709 3313 2807 3381 μὲν
2838 3314 2864 3364 ὁ
2905 3310 3290 3382 ἀρχιθεράπων
3333 3313 3653 3383 μηχανικός.

398 3407 631 3462 itavides
680 3422 835 3473 vero,
880 3407 1056 3477 ipsius
1101 3407 1265 3463 herus
1302 3422 1414 3461 rem
1472 3406 1634 3460 aliter
1680 3420 1940 3475 aggressa

2115 3408 2158 3461 0
2197 3407 2243 3461 δ’
2275 3404 2621 3477 ἀρχιτέκτωρ
2650 3402 2815 3457 αὑτοῦ
2845 3403 3009 3458 Δαυίὸ
3043 3403 3214 3467 ἄλλως
3245 3403 3436 3463 ἔπαιζε
3464 3404 3527 3457 τὸ
3556 3422 3656 3473 μη-

393 3508 502 3557 est.
536 3500 743 3557 Audito
777 3501 923 3560 enim
955 3500 1100 3569 quod
1125 3515 1318 3555 murus
1348 3500 1701 3554 extrinsecus
1737 3498 1935 3567 perfer:

2113 3498 2362 3570 χανᾶσθαι
2392 3514 2406 3529 ·
2441 3498 2539 3550 καὶ
2567 3497 2806 3561 ἁκούων,
2839 3496 2913 3559 ὡς
2942 3498 3216 3566 τρυπάται
3243 3497 3302 3549 τὸ
3324 3500 3502 3567 τεῖχος
3530 3497 3655 3562 ἔξω·

394 3601 550 3645 retur
580 3607 596 3644 :
633 3589 739 3645 Vos
766 3606 987 3660 quoque
1011 3592 1163 3649 intus
1208 3588 1491 3660 perforare
1523 3604 1750 3645 necesse
1781 3597 1896 3655 est;
1928 3609 1936 3640 ι

2110 3608 2198 3657 θεν,
2249 3589 2595 3660 Τρυπητέον,
2632 3589 2811 3658 ἔλεγε,
2860 3590 2953 3643 καὶ
2986 3589 3129 3658 ὑμᾶς
3168 3588 3392 3644 ἔσωθεν.
3440 3591 3553 3644 Καὶ
3574 3591 3652 3653 εἰς

394 3685 490 3738 diu
549 3691 877 3746 cunctatus,
936 3681 1263 3752 aliquandiu
1327 3683 1755 3745 aetuimortuus,
1789 3691 1931 3735 statu

2110 3681 2340 3736 τοσοῦτον
2401 3682 2849 3753 χασμησάμενος,
2893 3683 3132 3751 ἐκάθητο
3173 3681 3269 3734 τοῦ
3299 3681 3492 3736 λοιπ.ῦ
3523 3681 3652 3753 χαῦ-

397 3778 607 3839 similis
669 3777 901 3842 mansit,
946 3786 1005 3831 ut
1061 3775 1130 3833 de
1187 3778 1291 3831 ticu
1344 3786 1536 3831 narrat
1587 3776 1939 3836 eorumdiarm

2117 3792 2198 3838 ος,
2229 3772 2392 3829 εἰκὼν
2433 3774 2655 3841 ζῶντος,
2699 3774 3001 3844 ἐμποδίζων
3025 3769 3138 3827 οἷον
3187 3774 3407 3843 ίσχάδας
3439 3777 3537 3829 καὶ
3561 3777 3655 3856 αὑ·-

398 3881 621 3927 auctor.
656 3870 721 3929 Et
752 3870 834 3927 sic
875 3871 1117 3939 linguam
1144 3884 1367 3926 movere
1393 3869 1680 3925 videbatur
1712 3878 1767 3923 et
1799 3868 1940 3922 dicer

2110 3867 2175 3932 εὸς
2198 3868 2339 3929 κατὰ
2376 3868 2467 3921 τὸν
2498 3867 2765 3938 κωμικόν.
2791 3868 2901 3926 Καὶ
2923 3868 3020 3938 τὴν
3044 3869 3290 3936 γλῶτταν
3315 3864 3417 3922 ὧδε
3455 3867 3652 3922 σαλεύ-

401 3965 627 4035 quando
651 3978 867 4022 murum
901 3962 1246 4019 extrinsecus
1273 3962 1551 4032 lapidibus
1571 3963 1680 4033 peti
1705 3960 1943 4015 audiebat

2111 3977 2190 4024 ςας
2246 3958 2682 4030 άτελεσφόρητα,
2724 3958 2912 4030 ἐῴκει,
2963 3962 3012 4014 εἰ
3039 3964 3136 4016 καὶ
3164 3961 3225 4014 τδ
3249 3964 3424 4031 τεῖχος
3456 3961 3653 4029 ἔξωθεν

400 4057 731 4114 Jacolamini
790 4071 887 4114 vos
942 4071 1162 4128 quoque
1222 4057 1291 4110 ab
1346 4056 1516 4115 intus.
1565 4053 1610 4110 Ο
1662 4052 1942 4108 ludrhriun

2106 4052 2310 4107 ικούσοι
2362 4052 2531 4116 λίθοις
2577 4052 2894 4123 βάλλεσθαι,
2931 4055 3107 4107 εἰπεῖν
3158 4052 3246 4117 av,
3305 4054 3374 4107 ὠ.
3414 4053 3648 4108 Binet:

399 4166 513 4220 quo
569 4164 672 4204 nos
729 4148 1138 4225 mactabamnr,
1202 4150 1324 4216 ipse
1381 4154 1569 4202 autem
1636 4144 1941 4215 imperatori

2108 4143 2221 4197 ιῦτδ
2250 4145 2343 4198 καὶ
2375 4146 2532 4214 ὑμεῖς
2563 4143 2785 4199 ἔσωθεν.
2817 4144 2881 4199 Ὢ
2912 4145 3157 4214 παίγνια,
3187 4146 3257 4199 δι’
3278 4139 3353 4199 ὧν
3388 4144 3650 4217 serpat-:6-

401 4242 747 4297 iuimicitiam
814 4240 1145 4311 etlugiebat;
1206 4247 1325 4294 erat
1385 4240 1534 4297 enim
1600 4237 1649 4293 is
1731 4236 1827 4308 qui
1882 4235 1943 4289 ul

2112 4236 2232 4290 ιεθα
2263 4236 2364 4307 μὲν
2403 4238 2586 4306 ἡμεῖς,
2622 4236 2782 4299 αὐτὸς
2814 4236 2870 4293 δὲ
2900 4236 2992 4290 τὸν
3035 4237 3261 4292 δύσνουν
3290 4237 3519 4308 βασιλέα
3541 4238 3654 4303 ἐξέ-

401 4338 632 4408 vigilare
659 4351 801 4403 opus
826 4349 937 4401 est,
988 4334 1291 4400 obdormit,
1342 4341 1396 4387 et
1432 4332 1525 4402 qui
1574 4330 1748 4387 veteri
1784 4344 1943 4385 vocnt

2111 4344 2285 4397 ρευγεν
2311 4342 2327 4358 ⁶
2363 4327 2668 4400 ἄνθρωπος,
2711 4327 2797 4398 ἐφ’
2825 4324 2905 4391 οἷς
2940 4328 3047 4383 ἔδει
3074 4330 3455 4401 ἐγρηγορέναι,
3486 4346 3653 4383 κατα-

399 4428 749 4499 simplicitate
782 4427 993 4496 utitur;
1020 4436 1075 4481 et
1106 4426 1469 4483 nihilominus
1500 4425 1546 4479 si
1572 4423 1723 4492 justo
1744 4431 1941 4492 spectet

2109 4419 2340 4487 ιείμενος
2360 4458 2376 4486 ,
2404 4421 2500 4473 καὶ
2523 4420 2664 4474 κατά
2707 4419 2946 4473 παλαιὰν
2975 4420 3235 4487 ἀφέλειαν
3266 4422 3550 4490 ὀνομάτων
3578 4423 3651 4472 εί-

397 4523 669 4578 excubias
734 4521 870 4592 agit.
924 4518 1086 4586 Quod
1141 4518 1288 4573 enim
1342 4520 1648 4588 proposuit,
1714 4514 1939 4586 vigilanti

2112 4514 2212 4567 τεῖν
2262 4514 2543 4576 ἀναπεσᾶς
2570 4529 2586 4545 ’
2621 4515 2715 4564 καὶ
2770 4512 2879 4582 μὴν
2939 4512 3243 4578 σκέψασθαι
3301 4512 3511 4577 άλλως,
3564 4512 3654 4565 καὶ

398 4614 630 4685 peregit,
694 4628 798 4669 nec
840 4612 1078 4673 cessavit
1130 4610 1308 4667 donec
1374 4608 1560 4664 omnia
1604 4607 1707 4661 rite
1759 4614 1940 4675 peraet

2109 4605 2234 4659 τάνυ
2270 4604 2445 4667 ἑστὼς
2486 4604 2649 4668 αὐτὸς
2693 4600 2762 4675 ἦν
2790 4605 2886 4658 καὶ
2916 4602 3200 4672 νηφάλιος.
3242 4605 3307 4657 Ὅ
3339 4606 3448 4676 γὰρ
3481 4602 3651 4673 προῦ-

396 4713 603 4761 csscnt.
2008 4695 2046 4699 '
2087 4695 2232 4761 θετο,
2263 4696 2428 4765 ἔνηφε
2460 4698 2632 4749 ποιεῖν
2651 4710 2664 4726 ο
2692 4695 2782 4749 καὶ
2810 4697 2909 4749 οὐκ
2937 4696 3160 4763 ἀνῆκεν,
3190 4696 3294 4761 ἕως
3318 4697 3452 4751 αὐτὸ
3480 4712 3652 4765 τεχνι-

2090 4786 2201 4849 κῶς
2222 4785 2535 4841 άπετέλεσε.

466 4904 558 4960 79.
584 4905 675 4961 Sic
701 4905 868 4976 igitur
899 4903 1150 4960 hostibus
1189 4902 1346 4957 ruina
1383 4901 1526 4961 muri
1564 4900 1791 4975 proluit,
1823 4901 1984 4958 nobis

2160 4896 2259 4951 σθ’.
2296 4898 2408 4952 Καὶ
2457 4888 2603 4950 οὕτω
2652 4897 2751 4966 μὲν
2801 4896 3071 4970 προύδὸθη
3100 4900 3213 4962 τοῖς
3259 4898 3542 4970 πολεμίοις
3565 4895 3655 4948 καὶ

411 4994 609 5061 )btuit;
637 5009 767 5049 saxa
790 4993 934 5051 enim
959 5008 1025 5049 ex
1052 5006 1249 5062 magna
1268 4991 1516 5048 machina
1542 4991 1687 5059 iacta
1721 4993 1953 5064 pinnacu

2112 5011 2123 5062 ι
2148 4992 2257 5046 τῶν
2286 4992 2449 5047 λίθων
2477 4992 2572 5045 τοῦ
2618 4993 2831 5064 τείχους
2866 4994 2958 5049 ἐπὶ
2985 4992 3138 5063 κακῷ
3174 4994 3430 5063 ἡμετέρῳ
3460 4990 3654 5044 ὑπολά-

405 5096 513 5140 'um
535 5087 926 5140 destruxerunt
946 5092 1002 5139 et
1024 5085 1225 5141 mazuia
1250 5085 1571 5141 custodibus
1592 5085 1943 5143 denudarunt

2112 5084 2274 5148 ξευσις
2293 5084 2444 5138 κάτω
2470 5100 2483 5114 ⁰
2514 5084 2569 5138 αἱ
2597 5083 2653 5135 δὲ
2685 5088 2746 5135 ἐκ
2774 5085 2868 5153 τῆς
2909 5084 3150 5154 μεγάλης
3182 5084 3431 5154 μηχανῆς
3461 5084 3654 5152 πέτραι

410 5178 580 5230 multa
606 5177 772 5232 etiam
820 5178 875 5231 in
917 5175 1036 5245 loca
1076 5175 1337 5237 interiora
1372 5177 1707 5247 praecipitata
1754 5177 1952 5233 multum

2113 5177 2186 5239 ςάς
2216 5194 2275 5229 τε
2306 5175 2564 5241 ἐπάλξεις
2614 5175 2968 5246 κατήρειπον,
3009 5177 3104 5231 καὶ
3150 5174 3422 5244 ἐγύμνουν
3465 5174 3521 5226 τὸ
3555 5172 3655 5225 τεῖ-

405 5268 534 5323 mali
572 5267 841 5324 fecerunt.
901 5267 1076 5337 Igitur
1113 5283 1239 5322 cum
1274 5282 1491 5321 murum
1523 5283 1553 5323 e
1603 5270 1823 5336 regione
1855 5284 1947 5324 exs

2111 5286 2181 5337 ξος
2212 5269 2468 5337 φυλάκων
2493 5284 2508 5298 ⁸
2555 5267 2743 5321 πολλαὶ
2769 5266 2823 5319 δὲ
2850 5269 2944 5321 καὶ
2972 5266 3517 5338 ὑπερπεταννῦμεναι
3560 5279 3653 5317 κα-

404 5369 588 5415 truere
625 5366 955 5415 conarentur
984 5369 1037 5413 et
1062 5357 1173 5428 jam
1228 5372 1451 5413 manum
1504 5361 1912 5433 apposuissent,

2111 5358 2354 5413 τέπιπτον
2386 5358 2516 5425 ἔσω,
2556 5358 2807 5412 ποιοῦσαι
2858 5376 2980 5411 τινα
3031 5358 3179 5412 δεινὰ
3217 5361 3312 5411 καὶ
3363 5358 3543 5412 αὐταί.
3567 5353 3653 5408 Διὸ

406 5452 617 5508 nostris
648 5452 852 5522 repulsi
887 5460 1038 5506 sunt.
1089 5451 1366 5505 Mororum
1415 5451 1560 5505 enim
1612 5450 1944 5507 arditlcatore.

2107 5450 2183 5507 Lai.
2212 5451 2384 5518 τεῖχος
2411 5448 2596 5517 ἕτερον
2638 5448 3043 5517 ἀνταναστῆσαι
3096 5448 3513 5519 μελετήσαντες,
3560 5444 3649 5499 καὶ

358 5578 365 5583 -
406 5559 539 5599 sixa
599 5541 1065 5612 supereminentia
1111 5539 1565 5608 reformidabant,
1598 5556 1702 5596 non
1754 5550 1813 5596 ut
1843 5538 1900 5597 T:

2103 5540 2187 5611 hor.
2216 5542 2310 5593 καὶ
2341 5541 2761 5610 ἐγχειρήσαντες
2796 5540 2845 5593 οἱ
2881 5540 3004 5593 καθ’
3043 5542 3225 5610 ἡμᾶς,
3262 5542 3645 5611 ἀπετρέποντο.

409 5639 551 5692 laltts
574 5637 706 5691 falsa
728 5636 1091 5699 somniantes,
1114 5634 1209 5688 sed
1234 5635 1364 5702 quia
1398 5636 1602 5689 malum
1635 5651 1822 5690 verum
1858 5643 1951 5690 ant

2108 5632 2395 5686 Εδεδίεσαν
2441 5633 2551 5703 γάρ
2601 5634 2649 5684 οἱ
2680 5630 2974 5703 τειχοποιοὶ
3036 5634 3162 5694 τοὺς
3228 5618 3647 5702 ὑπέρτέλλοντας

409 5730 599 5786 ocu'os
634 5728 930 5786 habebant.
953 5728 1089 5782 'l‘um
1111 5742 1201 5784 res
1230 5727 1461 5783 ridicula
1491 5728 1755 5783 acciditsi
1788 5730 1951 5783 amari

2103 5727 2347 5796 πέτρους,
2399 5726 2459 5779 οὑ
2503 5725 2825 5782 Ταντάλειον
2857 5725 3062 5793 ταύτην
3097 5725 3397 5793 φαντασίαν
3448 5724 3645 5791 ὀνειρο-
