3968 6574
237 349 304 411 89
1022 346 1120 405 DE
1160 344 1730 406 TIIESSALONICA
1767 345 1974 406 URBE
1998 345 2044 403 Α
2088 341 2401 405 LATINIS
2435 344 2698 406 CAPTA.

3412 353 3485 418 90

237 457 544 520 ποιοῦντες,
593 455 729 510 ἀλλὰ
768 458 1040 527 πρόοιπτον
1083 455 1296 526 ἔχοντες
1329 456 1394 508 τὸ
1427 457 1598 510 κακόν
1633 472 1645 486 ·
1683 455 1793 508 ένθι

1913 454 2075 509 dulce
2118 453 2200 508 fas
2238 461 2323 508 est
2379 453 2433 508 in
2492 453 2737 510 bistorize
2777 469 2943 510 cursu
2983 458 3375 529 commiscere,
3409 478 3480 519 ne

233 552 321 608 καί
354 568 407 604 τι
464 550 672 619 γελοῖον
706 550 1023 614 συνέπεσεν,
1069 551 1123 603 εἰ
1171 567 1222 602 τι
1254 549 1357 620 χρὴ
1415 550 1525 612 τοῖς
1581 550 1797 618 πικροῖς

234 645 600 715 γλευκάζοντα
626 645 931 713 συγκιρνᾷν
983 643 1159 714 εἱρμῴ
1185 660 1244 694 τε
1282 643 1540 713 ἱστορίας,
1592 643 1686 694 καὶ
1712 643 1799 694 ἴνα

237 737 357 808 μὴὸ
389 737 681 806 μανθάνων
708 736 775 788 τὰ
803 734 925 789 καθ’
960 737 1107 806 ἡμᾶς
1153 734 1405 804 ἀκράτως
1458 733 1796 787 παθαίνοιτο.

305 837 378 880 π’.
409 824 520 880 Ἦν
567 828 669 899 μὲν
708 827 818 898 γὰρ
851 827 1130 880 πολιτικὸν
1174 831 1468 898 μυστήριον
1509 830 1544 896 ἡ
1572 826 1664 878 τοῦ
1694 825 1804 878 τεί-

233 961 352 1014 χους
399 943 824 1005 άντανάστασις.
875 941 1176 1010 Ἐλαφρίαν
1207 941 1264 995 δέ
1295 959 1380 1004 τις
1432 942 1544 994 ἄνω
1587 941 1795 1007 παθὼν,

233 1037 477 1104 ἐξεδόησε
534 1039 648 1098 τοῖς
685 1035 922 1106 ἐχθροῖς,
976 1036 1230 1104 ἄπρακτα
1282 1035 1496 1104 μωροὺς
1557 1037 1800 1098 ἐκείνους

237 1126 504 1180 πονεῖσθαι
555 1127 696 1179 κατὰ
732 1127 826 1179 τοῦ
875 1127 1110 1196 τείχους,
1163 1125 1366 1180 ἔσωθεν
1415 1128 1800 1197 ἁντεγειρομέ-

235 1237 317 1270 νου
348 1219 562 1288 ἑτέρου.
599 1219 697 1282 '0;
721 1219 794 1288 ,δὴ
830 1217 986 1285 λόγος
1028 1220 1122 1272 καὶ
1179 1219 1384 1288 μᾶλλον
1416 1220 1567 1289 ἡμᾶς
1599 1220 1799 1290 προσέο

236 1312 446 1380 δλαψεν.
505 1311 707 1382 Ἀραιὰ
758 1313 866 1382 γὰρ
901 1314 969 1366 τὰ
1003 1312 1110 1380 πρὸ
1155 1313 1350 1366 τούτου
1393 1314 1645 1382 ἀφιέντες
1671 1315 1798 1378 τοὺς

236 1406 600 1474 τειχοσείστας
649 1405 828 1467 λίθους
870 1409 916 1458 ol
956 1406 1083 1471 ἔξω,
1135 1406 1406 1460 ὲπύκνουν
1461 1407 1658 1470 αὐτοὺς
1708 1407 1799 1460 έκ-

235 1512 362 1558 τοτε,
410 1496 534 1565 μεθ’
563 1496 776 1564 ἡμέραν
813 1513 871 1548 τε
923 1495 1064 1549 οὕτω
1123 1497 1444 1566 βλάπτοντες
1509 1499 1675 1568 ἡμᾶς,
1705 1499 1798 1550 καὶ

234 1588 342 1639 οὐδὲ
367 1589 564 1650 νυκτὸς
599 1589 732 1658 βέλη
769 1589 1009 1652 ἀνιέντες
1054 1591 1142 1643 διὰ
1191 1593 1287 1660 τῆς
1325 1591 1592 1659 μεγίστης
1624 1607 1798 1659 μηχαο

233 1678 320 1742 νῆς
345 1694 356 1704 ·
392 1679 517 1730 καθ’
547 1675 615 1750 ἧς
649 1680 806 1748 ἡμεῖς
861 1679 1193 1748 λαλήσαντες
1242 1680 1317 1743 ὡς
1359 1680 1560 1750 δεινῆς,
1601 1681 1655 1732 εί
1680 1698 1796 1744 πως

234 1767 627 1836 ἁποκρουσθείη
665 1770 985 1838 μηχανικῶς
1041 1769 1135 1822 τοῦ
1191 1770 1312 1822 καθ’
1343 1773 1488 1840 ἡμᾶς
1521 1771 1793 1824 τείνεσθαι

233 1855 592 1927 ἐσοφίσθημεν
617 1861 699 1921 είς
732 1859 968 1929 μάθησιν
995 1861 1056 1924 ἐξ
1093 1861 1304 1931 ἀγαθῆς
1335 1863 1598 1929 κεφαλῆς,
1623 1864 1790 1915 ἁκού-

235 1967 430 2013 eanec,
473 1951 551 2013 ὼς
592 1951 746 2012 πόλις
801 1954 863 2004 ὲκ
887 1953 1140 2019 τοιαύτης
1190 1953 1395 2023 πέτρας
1453 1955 1515 2006 οὐ
1559 1953 1793 2023 βλάπτε-

234 2061 330 2096 τιι.
382 2044 447 2094 Τί
497 2043 604 2108 δέ;
663 2041 779 2095 ἀλλ’
849 2044 1160 2113 ὠφελεῖται,
1214 2045 1258 2097 ὣ
1310 2047 1483 2115 σοφὲ,
1549 2047 1795 2116 μηχανάς

239 2135 579 2200 ἓξουθενοῦν;
635 2135 800 2187 Ἀλλᾶ
850 2137 1186 2191 συνίσταται.
1256 2137 1466 2190 Οὔκουν
1531 2139 1792 2202 πάντως;

236 2228 429 2280 Οὐκοῦν
466 2229 530 2280 τδ
562 2229 832 2282 ἀνάπαλιν
859 2247 872 2262 ·
906 2232 1020 2298 εἴγε
1049 2235 1144 2286 καὶ
1186 2234 1626 2303 καταρῤίπτεται
1652 2233 1794 2286 οὕτω

237 2321 293 2372 τὰ
343 2321 714 2391 ἐρυμνότατα.
765 2321 1004 2390 Είπομεν
1037 2325 1198 2394 ἡμεῖς
1237 2322 1405 2388 οὓτω,
1449 2325 1542 2376 καὶ
1571 2328 1596 2376 ό
1631 2323 1792 2393 λόγος

237 2412 348 2481 είκῆ
371 2413 692 2484 ἀπέρῤευσε
729 2415 823 2466 καὶ
851 2414 1032 2477 αὐτός.

295 2549 399 2594 πα’.
436 2543 550 2594 Καὶ
603 2543 836 2596 ἐλύπουν
895 2545 995 2611 μὲν
1046 2544 1146 2613 τὴν
1189 2545 1345 2598 πόλιν
1373 2547 1470 2598 καὶ
1515 2547 1586 2598 τὰ
1620 2546 1792 2617 μικρὰ

236 2633 546 2702 πετροϐόλοι,
578 2632 722 2687 οὕτω
755 2633 941 2699 δεξιῶς
975 2635 1257 2703 βάλλοντα,
1299 2636 1376 2700 ὡς
1408 2639 1502 2689 καὶ
1535 2640 1658 2701 τοὺς
1694 2656 1792 2708 μο-

235 2722 384 2787 δίους,
414 2723 467 2775 οἱ
494 2724 698 2776 πλοίων
727 2726 926 2787 ὀϊστοῖς
957 2725 1297 2794 ἐνδεδεμένοι
1335 2727 1600 2798 μετέωροι
1627 2730 1792 2800 ἔκρυ-

238 2831 354 2866 πτον
392 2816 545 2868 ἔνδον
582 2817 802 2886 ἄνδρας,
853 2817 1112 2880 εἰωθότας
1171 2818 1381 2888 ἐκεῖθεν
1409 2823 1790 2891 καταπέμπειν

237 2908 292 2959 τὰ
319 2907 649 2976 βλάπτοντα,
687 2910 926 2978 συνεχῶς
961 2908 1206 2964 εὖσκοπα
1232 2911 1466 2982 βάλλειν,
1498 2914 1591 2966 καὶ
1626 2930 1793 2968 κατα-

237 2999 376 3070 γλᾷν,
408 3002 506 3053 καὶ
549 3001 739 3069 ἀγῶνα
786 3003 1049 3072 παρέχειν
1079 3005 1192 3066 τοῖς
1227 3008 1496 3074 μαχηταῖς
1551 3005 1786 3072 ἐκεῖθεν,

239 3091 553 3162 διεκχεῖσθαι
605 3095 755 3147 κάτω
801 3096 894 3146 καὶ
945 3095 1368 3165 περισώζεσθαι.
1411 3092 1590 3150 ἾΙσαν
1627 3097 1682 3150 δὲ
1720 3099 1789 3150 τά

1906 546 2078 599 lector
2113 546 2392 600 fastidium
2433 547 2498 602 de
2530 546 2686 601 nobis
2715 546 2912 616 capiat.

1970 840 2059 895 80.
2090 840 2223 895 Cum
2247 841 2389 896 enim
2420 841 2578 896 istius
2605 841 2747 896 muri
2781 842 2992 897 adversi
3025 846 3367 899 constructio
3395 846 3477 898 ei-

1899 935 2060 988 vibns
2077 948 2166 988 res
2184 935 2506 1004 mysteriosa
2526 943 2695 998 esset,
2708 934 2792 989 vir
2813 935 3034 1005 quidam
3052 934 3257 990 frivola:
3277 938 3476 990 indolis

1901 1042 2067 1095 supra
2115 1037 2269 1081 stans
2300 1026 2554 1081 hostibus
2589 1028 2697 1082 alta
2735 1043 2870 1083 voce
2914 1029 3071 1094 dixit,
3104 1030 3308 1084 frustra
3353 1031 3473 1084 illos

1901 1121 2050 1174 circa
2090 1119 2238 1174 hunc
2278 1135 2492 1173 murutn
2522 1120 2764 1191 fatigari,
2795 1135 2920 1175 cum
2952 1121 3090 1176 alter
3121 1122 3269 1176 intus
3284 1131 3477 1177 contra

1898 1219 2248 1277 strueretur;
2307 1227 2432 1281 quae
2491 1227 2593 1266 vox
2655 1226 2758 1266 nos
2813 1226 3036 1281 quoque
3107 1228 3214 1267 non
3278 1227 3472 1282 parum

1898 1302 2147 1358 offendit.
2192 1303 2416 1358 Externi
2482 1305 2629 1360 enim
2685 1319 2813 1358 raro
2867 1305 3077 1372 lapides
3114 1305 3168 1358 in
3213 1307 3474 1361 nitentium

1898 1397 2117 1450 ruinam
2166 1397 2539 1467 proiecerant,
2585 1397 2669 1453 sic
2728 1397 2968 1451 interdiu
3031 1412 3132 1453 nos
3191 1398 3473 1463 laedentes,

1897 1497 2064 1542 noctu
2101 1495 2282 1542 autem
2310 1503 2341 1543 e
2372 1504 2570 1556 magna
2620 1489 2875 1543 machina
2918 1490 3022 1544 tela
3061 1491 3115 1544 in
3164 1506 3267 1547 nos
3297 1490 3476 1561 conji-

1896 1596 2022 1635 cere
2074 1596 2182 1634 non
2232 1590 2506 1650 poterant.
2543 1581 2617 1636 De
2649 1598 2756 1652 qua
2791 1586 2836 1638 si
2892 1593 3152 1652 tanquam
3201 1593 3476 1640 tormento

1897 1672 2142 1726 horribili
2177 1673 2344 1728 locuti
2380 1688 2594 1738 sumus,
2620 1685 2673 1728 et
2708 1673 2753 1728 si
2787 1674 3088 1743 quaerimus
3113 1685 3297 1728 utrum
3326 1677 3470 1730 mul-

1903 1775 2014 1818 tum
2045 1765 2205 1820 nobis
2234 1765 2360 1819 inde
2390 1765 2616 1834 periculi
2649 1766 2957 1831 immineat,
2984 1767 3126 1820 scito
3157 1783 3256 1821 nos
3277 1782 3305 1820 a
3333 1776 3471 1822 teste

1897 1857 2050 1928 gravi
2082 1857 2344 1911 didicisse
2374 1857 2515 1926 quod
2543 1857 2675 1911 urbs
2708 1859 2774 1910 ab
2821 1859 2922 1911 ista
2955 1857 3072 1911 laedi
3125 1873 3232 1910 non
3264 1870 3467 1926 posset.

1897 1949 2038 2016 Quid
2101 1949 2321 2004 autem?
2379 1949 2460 2003 An
2504 1950 2851 2004 commodum
2901 1958 3005 2014 est,
3040 1965 3072 2003 ο
3119 1951 3465 2020 philosophe,

1899 2041 2187 2096 machinas
2207 2041 2598 2096 contemnere?
2619 2039 2721 2095 Sed
2749 2041 3183 2095 obfirmal.—An
3213 2043 3477 2110 prorsus?

1897 2131 2014 2186 lmo
2070 2133 2445 2198 contrarium,
2491 2133 2759 2202 siquidem
2820 2133 2924 2186 hoc
2971 2132 3130 2187 tnudo
3171 2132 3471 2188 fortissima

1897 2223 2191 2278 diruuntur
2239 2223 2600 2278 munimenta.
2646 2223 2738 2279 Sic
2789 2239 2888 2278 nos
2923 2223 3358 2290 disserebamus,
3416 2234 3472 2279 ct

1895 2329 2102 2382 sermo,
2136 2324 2195 2369 ut
2224 2314 2305 2376 ﬁt.
2337 2313 2567 2368 eﬂluxit.

1965 2557 2055 2613 8|.
2084 2556 2190 2612 Sed
2225 2556 2441 2612 minora
2463 2556 2625 2610 etiam
2653 2571 2782 2609 saxa
2811 2556 3054 2626 projecta
3079 2557 3269 2612 urbem
3305 2557 3471 2613 hede-

1893 2649 2046 2704 bant.
2108 2648 2242 2703 Nam
2300 2657 2453 2703 tanta
2515 2649 2844 2702 dexteritate
2896 2648 3354 2716 conjiciebautur,
3407 2660 3470 2706 ut

1892 2743 2052 2798 etiam
2081 2741 2248 2796 modii
2278 2741 2367 2811 qui
2396 2741 2602 2812 cymbis
2647 2740 2858 2810 alligati
2916 2741 3065 2796 intus
3099 2740 3247 2796 viros
3281 2744 3467 2798 conti-

1893 2844 2083 2891 nerent
2142 2847 2398 2892 assuetos
2465 2834 2851 2904 projeetilibus
2921 2834 3130 2888 hOslcm
3200 2835 3463 2905 aggredi,

1813 2987 1834 3002 κ
1859 2940 2433 3005 ρεοορυιηῃυηίιυιιιη
2470 2940 2575 2978 non
2613 2924 2947 2994 attingerent
2997 2931 3051 2978 et
3107 2923 3463 2984 adversarios

1891 3037 1999 3077 non
2042 3035 2234 3091 parum
2275 3019 2590 3088 fatigarent.
2616 3015 2721 3072 Sed
2771 3019 2883 3072 haec
2955 3032 3246 3087 puerorum
3297 3021 3467 3078 armis

1893 3115 2093 3169 similia
2148 3122 2278 3168 sunt
2330 3122 2649 3180 comparata
2713 3112 2777 3164 ad
2835 3125 3087 3180 magnam
3121 3111 3460 3177 machinam,

242 3185 451 3238 τοιαῦτα
507 3186 639 3238 ὡσεὶ
684 3189 775 3239 καὶ
809 3186 938 3257 βέλη
997 3187 1225 3256 νηπίων,
1260 3189 1396 3256 πρὸς
1441 3189 1540 3259 τὴν
1575 3190 1790 3260 μητέρα

1901 3202 2049 3256 ducis
2093 3200 2256 3255 simul
2315 3201 2527 3254 ratione
2574 3200 2794 3266 habita,
2845 3202 2936 3270 qui
2985 3202 3205 3270 quando
3256 3202 3466 3272 lapides

245 3277 472 3346 μεγάλην
507 3278 756 3348 μηχανὴν
788 3277 1266 3349 παραϐαλλόμενα,
1295 3281 1348 3332 ετ
1370 3298 1421 3334 τι
1458 3280 1562 3351 χρὴ
1592 3283 1655 3333 ὲκ
1691 3281 1788 3334 τοῦ

241 3368 386 3434 σοφοῦ
438 3369 749 3439 στρατηγοῦ
804 3370 1130 3440 πορίσασθαί
1168 3387 1220 3422 τι
1254 3371 1452 3440 νόημα..
1511 3373 1605 3434 Ὃς
1664 3374 1788 3436 τοὺς

239 3459 427 3510 ὲκείθεν
487 3461 889 3530 ὲπαφιεμένους
937 3463 1114 3523 λίθους
1141 3454 1390 3532 τεθηπὼς
1427 3462 1522 3515 τοῦ
1555 3463 1783 3530 κτύπου,

245 3551 423 3604 ’Ᾱκουε
450 3554 550 3624 τὴν
574 3556 798 3622 γραῖαν,
832 3554 1033 3622 ἔλεγεν,
1067 3556 1282 3624 ἀπαθὴς
1304 3554 1446 3608 οὕτω
1481 3573 1532 3609 τι
1567 3557 1660 3608 καὶ
1691 3557 1786 3624 μέ-

240 3657 370 3712 τριος
408 3643 506 3705 ὣν,
537 3648 632 3698 καὶ
664 3647 760 3715 την
795 3645 1141 3716 θρεψαμένην
1182 3649 1347 3714 μαῖαν
1374 3643 1530 3717 οἶμαι
1580 3649 1788 3717 φαντάο

241 3735 406 3797 ζεσθαι
435 3737 632 3803 δοκῶν,
687 3738 1090 3808 παθαινομένην
1122 3742 1209 3794 ἐπ’
1261 3741 1409 3812 αὐτῴ
1437 3743 1530 3794 καὶ
1578 3744 1793 3795 κλαίου-

241 3845 348 3881 σαν.
383 3830 715 3896 Λακωνίζων
743 3833 800 3884 δὲ
829 3834 922 3885 καὶ
949 3834 1121 3894 ἄλλως
1181 3835 1383 3896 ἐκεῖνος
1416 3835 1512 3902 τὴν
1547 3837 1749 3905 φράσιν
1772 3875 1788 3902 ,

239 3922 303 3983 ὡς
329 3926 384 3976 ὲν
415 3928 772 3994 μεταποιήσει
801 3926 996 3994 κάμνει
1027 3928 1058 3996 η
1086 3929 1272 3996 γραῖα,
1306 3927 1460 3980 πάλιν
1493 3929 1790 3998 έμογγιλά-

241 4014 330 4068 lu.
371 4017 733 4084 ’Δπεφοίὸαζε
756 4018 812 4070 δὲ
839 4019 948 4088 ἄρα
973 4023 1000 4071 ό
1041 4019 1198 4087 λόγος
1243 4013 1395 4082 οὗτος
1427 4021 1568 4073 κατά
1597 4039 1648 4073 τι
1689 4039 1792 4074 πυ-

243 4105 669 4180 θωνικνὸν,ὡςή
715 4111 1062 4181 πρεσϐυτάτη
1111 4113 1476 4185 Θεσσαλονίκη
1531 4115 1666 4184 πρὸς
1709 4116 1787 4168 ετ-

1897 3309 2020 3349 cnm
2080 3293 2295 3361 fragore
2356 3291 2670 3356 cadebant,
2720 3291 2978 3346 immotus
3021 3302 3078 3347 ut
3119 3301 3277 3358 erat,
3323 3294 3466 3348 Audi

1898 3400 2089 3448 anum,
2123 3383 2304 3449 dixit;
2338 3385 2475 3437 adeo
2500 3392 2697 3437 natura
2727 3383 3032 3453 intrepidus
3056 3399 3120 3437 ac
3153 3386 3470 3438 moderatus

1895 3477 2039 3531 enim
2075 3485 2210 3539 erat,
2244 3484 2304 3528 ut
2334 3475 2627 3539 nutricem,
2657 3474 2702 3527 si
2737 3474 2806 3529 de
2849 3490 2915 3528 eo
2943 3485 3266 3544 gravaretur
3290 3515 3304 3540 ,
3334 3483 3469 3528 stu—-

1892 3568 2138 3638 piditatis
2169 3567 2564 3622 accusavisset.
2618 3565 2888 3622 Laconico
2956 3580 3136 3622 autem
3187 3566 3468 3635 rcSpundit

1891 3658 2038 3729 quod
2089 3671 2230 3711 anus
2308 3657 2672 3712 restaurando
2732 3655 3072 3726 fatigaretur.
3135 3654 3236 3710 llic
3286 3671 3468 3710 sermo

1890 3748 2192 3819 Pythonem
2246 3748 2550 3814 redolebat,
2607 3750 2755 3804 sicut
2799 3749 3025 3818 antiqua
3065 3747 3468 3804 Thessalonica

1888 3841 1954 3892 ad
2003 3839 2146 3892 idola
2173 3838 2560 3892 defunctarum
2592 3837 2830 3902 accedit,
2873 3838 3018 3893 sicut
3063 3837 3268 3891 dudum
3293 3850 3358 3889 ex
3386 3833 3469 3888 hi-

1892 3931 2069 3987 sroria
2098 3930 2417 3986 didicimus.
2451 3928 2687 4001 Lapides
2712 3939 2892 3984 autem
2924 3928 3023 3984 viri
3049 3929 3268 3998 pondus
3293 3927 3465 3981 habe—

1891 4024 2046 4088 bant,
2091 4025 2154 4078 iis
2176 4024 2410 4087 similes,
2448 4036 2586 4092 quas
2611 4021 2990 4092 Laestrygones
3024 4029 3217 4076 contra
3259 4016 3472 4089 Ulyssis

1892 4115 2076 4170 socios
2106 4115 2338 4183 iaculati
2368 4124 2520 4169 sunt.

241 4206 366 4258 ίωλα
418 4209 706 4279 καμόντων
740 4206 968 4275 οἴχεται,
994 4207 1137 4259 καθὰ
1193 4208 1286 4261 καὶ
1333 4207 1502 4260 πάλαι
1549 4208 1699 4273 ποτὲ,
1738 4208 1812 4272 ὡς
1863 4208 1923 4275 ἐξ
1957 4210 2192 4280 ἱστορίας
2255 4210 2486 4280 καθήκει
2540 4209 2636 4262 καὶ
2663 4209 2742 4274 είς
2798 4209 2966 4280 ημᾶς.
3013 4207 3124 4260 Καὶ
3149 4203 3286 4277 ἦσαν
3314 4204 3472 4261 οίλί-

242 4299 315 4352 θοι
360 4301 598 4370 ἀκριϐῶς
633 4301 978 4371 ἀνδραχθεῖς,
1034 4301 1253 4364 ὁποίους
1305 4302 1447 4355 κατά
1493 4303 1600 4355 τῶν
1631 4306 1778 4374 ἀμφὶ
1804 4304 1896 4359 τὸν
1939 4304 2203 4359 Ὀδυσσέα
2243 4306 2296 4356 οί
2331 4303 2736 4374 Λαιστρυγόνες
2760 4301 3165 4373 διεχειρίζοντο.

303 4441 406 4494 1:6‘.
435 4439 539 4493 Τοῦ
582 4443 766 4493 τοίνυν
810 4442 979 4495 κακοῦ
1020 4442 1172 4494 κάτω
1202 4442 1302 4510 μὲν
1351 4443 1785 4512 ἁναστομοῦντος
1818 4458 1866 4517 ο

245 4530 313 4591 είς
353 4532 623 4598 ἀξιόλογον
673 4532 862 4601 χάσμα
889 4532 986 4602 τὴν
1023 4531 1117 4584 τοῦ
1144 4531 1358 4599 τείχους
1390 4534 1786 4604 στεγανότητα,

245 4622 344 4673 ἄνω
375 4623 427 4675 δὲ
460 4625 719 4686 τοιούτοις
751 4623 918 4686 λίθοις
958 4625 1040 4686 είς
1074 4623 1277 4692 τρόμον
1326 4624 1671 4695 βιαζομένου,
1699 4627 1792 4680 ὀκ-

245 4713 378 4778 λάζει
402 4717 460 4766 τὸ
499 4719 588 4768 καὶ
617 4718 741 4775 τοὺς
769 4715 933 4778 πόδας
963 4715 1142 4768 καὶτὰ
1172 4715 1408 4785 ὕπερθεν
1457 4716 1651 4772 παθόν.
1685 4718 1792 4771 Καί

248 4819 349 4882 πως
382 4807 466 4858 ἐπὶ
515 4806 644 4874 γόνυ
675 4805 971 4870 συνιζάνει,
1015 4807 1085 4859 τά
1113 4824 1176 4874 γε
1223 4807 1413 4878 πρῶτα
1463 4809 1792 4879 εὐμηχάνως

249 4897 573 4960 συνεστηκὸς,
603 4899 711 4961 ἕως
744 4900 793 4950 οί
839 4900 936 4967 μὲν
971 4898 1361 4968 ὑπορύττοντες
1405 4901 1495 4954 τὸν
1538 4903 1658 4956 κατ’
1694 4904 1793 4956 αὐ-

246 4988 359 5047 τοὺς
405 4991 588 5045 ἄεθλον
628 4991 963 5060 διηνυκότες,
1010 4994 1462 5061 ἀποκατέστησαν
1505 4997 1626 5058 ταῖς
1681 4996 1791 5050 τῶν

250 5082 632 5154 συμϐαρῦάρων
705 5085 930 5152 σκηναῖς
963 5100 976 5112 ·
1008 5085 1073 5136 τὰ
1117 5085 1173 5136 δὲ
1235 5085 1649 5156 ὑποόεόλημένα
1713 5091 1793 5153 είς

247 5178 459 5247 ἔρεισμα
509 5181 572 5249 τῇ
608 5178 839 5248 διορυγῇ
867 5177 1138 5245 κατεκάη,
1191 5176 1265 5238 ὡς
1296 5177 1478 5230 δοῦναι
1509 5181 1673 5232 τόπον
1705 5181 1792 5234 ὲν-

247 5269 421 5321 τεῦθτν
443 5274 504 5340 τῇ
531 5267 838 5336 κατακύψει
865 5267 958 5321 τοῦ
989 5267 1218 5336 τείχους.
1255 5262 1439 5337 Οὖπερ
1459 5267 1632 5330 οὕτως
1657 5269 1792 5323 ὑπο-

250 5358 499 5422 κλιθέντος
546 5361 625 5422 είς
685 5359 1052 5427 πλαγιασμὸν,
1130 5357 1426 5428 συμϐαίνει
1468 5358 1528 5411 τὸ
1574 5361 1789 5414 ἐκείνου

246 5452 399 5520 ἄκρον
426 5453 759 5522 διαιρεθῆναι
791 5451 995 5505 ἄνωθεν
1031 5449 1136 5512 ἓως
1163 5453 1256 5503 καὶ
1291 5452 1464 5517 κάτω,
1509 5452 1636 5506 ἔνθα
1671 5471 1788 5518 πως

249 5545 585 5612 ὲγλωχινοῦτο
637 5544 1024 5613 γωνιούμενον,
1078 5545 1187 5597 καὶ.
1222 5543 1494 5613 διαχανείν
1535 5549 1619 5607 εἰς
1652 5547 1792 5617 ὴμέ-

247 5651 391 5703 τερον
429 5639 670 5709 ὀλεθρον.
709 5637 818 5689 Τοῦ
865 5637 973 5706 γάρ
1023 5636 1331 5690 συνδετικοῦ
1384 5638 1789 5708 παραλυθέντος

249 5729 443 5799 είρμοῦ,
467 5731 690 5803 έσχιστο
717 5730 778 5796 ἐξ
833 5731 1102 5800 ἀνάγκης,
1135 5731 1216 5784 δτι
1269 5731 1405 5803 μηδὲ
1438 5728 1638 5804 εἶχενή
1668 5735 1789 5805 ἑχο-

1961 4441 2054 4495 82.
2090 4440 2226 4495 Dum
2264 4441 2428 4511 igitur
2457 4454 2652 4494 murus
2679 4438 2907 4493 inferior
2935 4437 3040 4492 late
3061 4445 3281 4506 apertus
3313 4445 3465 4491 esset

1899 4540 1959 4588 ut
2009 4547 2232 4601 vorago,
2266 4530 2521 4598 superior
2552 4538 2734 4584 autem
2784 4528 3058 4597 lapidibus
3107 4525 3368 4596 proiectis
3398 4524 3466 4578 ad

1902 4627 2151 4681 timorem
2216 4624 2574 4694 injiciendum
2659 4623 2882 4686 hiaret,
2959 4621 3162 4674 malum
3229 4617 3468 4684 undique

1899 4720 2277 4791 grassabatur.
2307 4719 2584 4772 Interdum
2605 4724 2803 4784 autem
2837 4715 2903 4769 ad
2941 4727 3116 4783 genua
3144 4712 3470 4781 procumbe-

1898 4814 2030 4869 bant
2066 4815 2193 4867 dtttn
2241 4811 2597 4868 sulTodieutcs
2634 4819 2758 4879 post
2806 4809 3120 4864 exantlatos
3171 4805 3389 4860 labores
3434 4819 3464 4855 a

1899 4905 2151 4959 tentoriis
2209 4902 2573 4957 Barbarorum
2628 4907 3013 4965 recesserunt;
3079 4897 3222 4967 quod
3284 4905 3466 4948 autem

1899 5011 2088 5051 eontra
2120 4995 2320 5047 vallum
2357 4995 2661 5063 projectum
2700 4992 2884 5046 fuerat
2917 4993 2970 5046 in
3006 4991 3151 5045 fossa
3196 4990 3303 5060 igni
3329 5003 3466 5042 con-

1900 5098 2174 5157 sumptum
2217 5096 2320 5151 est,
2355 5097 2411 5139 ut
2446 5086 2587 5139 muri
2620 5085 2860 5154 spatium
2893 5084 3055 5138 inane
3083 5083 3467 5152 ampliarctur,

1902 5179 2278 5235 Sicincllnato
2303 5193 2462 5232 muro
2501 5178 2740 5240 accidit,
2782 5189 2841 5230 ut
2881 5191 3018 5247 apex
3075 5191 3104 5229 a
3131 5160 3350 5229 summo
3396 5169 3467 5225 ad

1901 5273 2010 5328 ima
2044 5271 2408 5332 scinderetur,
2458 5270 2530 5324 ita
2569 5278 2626 5324 ut
2671 5270 2902 5339 angulus
2952 5268 3131 5323 factus
3184 5268 3257 5321 sit
3309 5264 3468 5318 nobis

1903 5378 2234 5434 magnopere
2291 5364 2614 5416 damnosus.
2663 5361 2958 5431 Postquam
2999 5362 3144 5416 enim
3175 5368 3467 5425 compages

1903 5459 2098 5512 solum
2124 5469 2307 5512 essent
2338 5458 2581 5510 scissura
2603 5465 2790 5510 secuta
2822 5463 2925 5519 est,
2964 5457 3108 5524 quod
3136 5451 3278 5506 latus
3300 5447 3458 5502 alteri

1905 5551 2066 5606 lateri
2105 5551 2282 5618 aptari
2313 5565 2418 5604 non
2458 5558 2641 5619 posset
2679 5549 2732 5603 in
2769 5549 3079 5618 oppositum
3122 5552 3297 5598 tracto
3325 5554 3463 5608 pou-

1901 5645 2054 5709 dere,
2095 5641 2190 5697 sed
2240 5645 2480 5696 relaxata
2546 5641 2728 5710 aliqua
2781 5641 2864 5696 sui
2911 5651 3099 5709 parte;
3157 5636 3338 5690 vicino
3378 5633 3464 5687 in-

1901 5738 2107 5794 clinato
2175 5737 2457 5793 adhaerere
2522 5735 2710 5801 desiit,
2773 5742 2827 5789 et
2890 5734 2970 5789 sic
3027 5745 3089 5785 os
3137 5727 3466 5784 immensum
