3968 6594
432 361 498 426 91
1147 353 1568 417 EUSTATHII
1609 349 2365 416 THESSALONICENSIS
2398 347 2958 413 METROPOLITE
3629 351 3707 416 92

432 474 652 530 Tartari
687 471 951 528 adversus
999 482 1103 525 nos
1139 469 1192 523 in
1238 470 1410 524 chaos
1453 467 1686 524 miserim
1741 468 2011 522 dilatavit.

2145 466 2260 535 ιένη
2296 464 2510 534 πλευρά
2565 464 2940 534 ἐγκαθεστῶτι
2981 463 3278 534 ἡρμόσθαι,
3328 465 3430 535 τῆς
3470 465 3535 521 ἐκ
3563 468 3708 522 πλα-

431 572 566 641 γίων
593 566 926 638 ὑπενδούσης
957 566 1100 620 κατὰ
1131 562 1297 635 βάρος
1330 579 1347 595 ο
1383 563 1500 616 ἀλλ’
1557 563 1892 633 ἐκπέμψασά
1911 583 1964 620 τι
1995 566 2218 635 ἑαυτῆς,
2248 562 2460 631 ἀφῆκεν
2489 559 2876 614 ἐπακολουθεῖν
2921 559 3317 634 κατακλιθείσῃ
3355 562 3421 632 τῇ
3459 565 3665 630 γείτονι
3687 565 3704 581 ⁸

433 664 528 717 καὶ
553 661 696 714 οὓτω
729 658 1000 730 χάσμημα
1053 655 1176 710 καθ’
1231 655 1391 726 ⁴ἡμῶν
1441 653 1569 725 ᾅδου
1617 655 1878 725 εύρυνθέν
1907 657 2257 712 κατέσπακεν
2297 654 2379 715 είς
2413 651 2544 723 χάος
2583 651 2903 720 άρτύγετον.

507 755 599 810 85.
636 753 728 808 lsti
779 760 958 805 autem
995 749 1112 803 loco
1135 761 1330 802 nomen
1357 745 2020 814 eratChamwlracontis,

2202 751 2315 808 πγ’.
2341 739 2450 797 Ἦν
2481 741 2536 796 δέ
2564 741 2592 794 6
2621 742 2788 805 τόπος
2816 737 2993 804 ὀὗτος
3022 742 3232 813 πύργος
3277 741 3704 810 Χαμαιδράκον·

443 849 532 903 cui
558 843 903 902 custodiendi
924 841 1069 895 illmn
1093 854 1214 894 cum
1244 837 1506 892 militibus
1521 839 1635 892 suis
1656 839 1898 894 strenuis
1929 855 2022 895 ne-

2145 853 2216 901 ιος
2244 833 2562 905 ἐπικληθεὶς
2617 833 2697 902 τῷ
2730 833 2948 903 λαχόντι
3006 834 3322 888 ἐπιστατεῖν
3355 835 3453 888 σύν
3493 854 3556 905 γε
3592 841 3708 902 τοῖς

443 941 649 1012 gotium
687 937 872 991 datum
907 935 1110 1000 fuerat,
1153 943 1208 988 et
1239 932 1330 1002 qui
1369 933 1526 986 nobis
1558 944 1777 1002 quoque
1827 942 2017 1002 postea

2145 927 2268 1000 ὶμφ’
2293 927 2455 981 αὑτὸν
2489 927 2591 980 οὐκ
2634 927 2858 994 ἀεργοῖς
2905 930 3340 996 στρατιωτικοῖς,
3389 930 3545 1000 ἀνδρὶ
3581 933 3708 984 τότε

439 1033 518 1088 rei
552 1028 803 1085 militaris
847 1023 1045 1096 peritia
1089 1037 1184 1078 sua
1218 1023 1402 1077 utilem
1444 1036 1664 1089 operm
1699 1023 1842 1078 tulit.
1874 1023 2013 1078 Cum

2145 1025 2230 1076 ιέν
2255 1037 2528 1090 τακτικῳ,
2561 1019 2789 1092 ὕστερον
2819 1019 2912 1073 καὶ
2962 1021 3225 1091 συμπόνῳ
3277 1022 3412 1092 ἡμῖν
3449 1038 3462 1052 ·
3497 1023 3557 1087 ὅς
3604 1027 3710 1095 μό-

440 1122 586 1180 enim
615 1120 763 1175 solus
790 1118 843 1172 in
871 1115 1006 1170 urbe
1038 1121 1319 1169 teneretur
1356 1112 1473 1166 sive
1509 1111 1725 1180 morbo,
1750 1114 1866 1168 sive
1891 1129 2024 1184 pru-

442 1213 659 1276 dentia,
707 1219 894 1281 postea
936 1215 1115 1262 autem
1166 1203 1487 1268 commilito,
1547 1204 2026 1276 periculorumque

443 1306 628 1361 socius
684 1309 915 1356 mortem
965 1296 1320 1367 oppetiisset,
1379 1294 1484 1349 nisi
1531 1309 1632 1350 nos
1677 1295 1768 1351 Dei
1808 1297 2030 1369 sapien-

447 1400 520 1452 tia
559 1403 840 1458 monente,
875 1403 1082 1447 remoto
1136 1389 1397 1459 periculo,
1449 1398 1662 1458 tempus
1715 1391 2029 1447 distulisse-

447 1503 592 1552 mus,
629 1501 738 1556 quo
771 1485 1042 1540 barbarus
1091 1481 1212 1551 eius
1241 1481 1525 1536 emollitus
1557 1491 1642 1538 est
1675 1483 1910 1550 animus,
1954 1485 2028 1540 ita

446 1591 506 1638 ut
564 1579 770 1636 honuni
830 1586 1020 1632 nostro
1063 1577 1223 1640 vitae,
1270 1589 1378 1646 qua
1431 1575 1545 1644 jam
1604 1591 1749 1630 nunc
1802 1577 2025 1647 fruitur,

447 1675 815 1744 sospitatores
855 1669 1146 1726 fuerimus.

518 1969 616 2025 84.
661 1969 816 2024 hluro
851 1969 1037 2040 itaque
1090 1969 1273 2025 diruto
1321 1969 1413 2023 ubi
1456 1969 1574 2024 dies
1606 1969 1786 2024 illuxit
1817 1979 1872 2025 et
1904 1969 2036 2024 illud

2126 1134 2216 1180 νος
2237 1115 2347 1168 τῶν
2379 1113 2555 1167 άλλων
2580 1111 2856 1182 ἐνσχεθεὶς
2885 1113 2955 1182 τῇ
2991 1109 3171 1176 πόλει,
3196 1111 3258 1164 τὸ
3293 1113 3394 1180 μὲν
3440 1115 3710 1185 φαινόμε-

2128 1225 2220 1264 νον
2275 1207 2418 1262 κατὰ
2449 1205 2628 1270 νόσον,
2660 1204 2839 1266 άλλως
2887 1205 2945 1256 δὲ
2985 1203 3303 1274 προμηθείᾳ
3347 1207 3442 1258 καὶ
3477 1208 3712 1260 συναεθ.

2135 1300 2308 1354 λεύων
2338 1300 2470 1369 ἡμῖν
2526 1298 2842 1370 παρήγορα,
2870 1295 3024 1366 θρὶξ¹⁸
3061 1297 3090 1350 ὃ
3141 1312 3328 1364 φασιν,
3396 1298 3498 1351 ἀνά
3544 1299 3715 1369 μέσον

2135 1393 2233 1447 καὶ
2289 1391 2482 1445 ἐσλεπε
2519 1390 2771 1456 θάνατον,
2816 1389 2866 1442 εί
2901 1388 2977 1460 μὴ
3010 1387 3072 1442 τὸ
3121 1389 3223 1458 τῆς
3275 1390 3462 1460 τριχὸς
3505 1391 3716 1461 ταύτης

2136 1485 2458 1557 γραμμικδν
2475 1478 2566 1536 οἷα
2587 1481 2681 1535 καὶ
2716 1481 2797 1544 είς
2823 1497 2877 1533 τι
2907 1480 3087 1533 πλατὺ
3128 1479 3388 1534 ἐπίπεδον
3414 1483 3573 1552 ἡμεῖς
3598 1482 3717 1536 δια⁹

2139 1579 2463 1648 στήσαντες,
2498 1573 2574 1638 ὡς
2636 1571 2983 1644 μεθώδευσεν
3008 1571 3036 1623 6
3067 1571 3165 1642 τῆς
3215 1574 3407 1640 σοφίας
3435 1573 3587 1641 Θεὸς,
3620 1576 3720 1628 καὶ

2135 1673 2574 1745 παρατείναντες
2605 1657 2822 1741 καιρὸν,
2859 1667 2927 1722 δι’
2975 1663 3036 1724 οὗ
3067 1671 3096 1722 ὁ
3126 1668 3463 1740 βαρδαρικδς
3510 1671 3721 1740 ἐμαλά-

2135 1764 2240 1836 χθη
2267 1763 2460 1835 θυμὸς,
2495 1760 2925 1832 συνετελέσαμέν
2950 1777 3004 1813 τι
3031 1763 3126 1813 καὶ
3147 1761 3306 1814 αὐτοὶ
3334 1760 3414 1832 τῷ
3437 1761 3720 1833 ἀνθρώπῳ

2056 1828 2107 1890 Β
2137 1828 2318 1921 εἰς’τὸ
2340 1828 2538 1920 καλὸν,
2570 1849 2636 1929 ἧς
2671 1854 2800 1924 άρτι
2824 1828 2965 1926 έχει,
2995 1848 3165 1926 ζωῆς.

2209 1968 2314 2026 πδ’.
2361 1970 2471 2024 Τοῦ
2523 1969 2705 2024 τοίνυν
2748 1961 2964 2040 τείχους
3021 1969 3234 2022 ἐκείνου
3291 1969 3583 2034 παθόντος,
3626 1969 3704 2034 ὡς

454 2061 704 2116 foramen
733 2061 1074 2116 Charonium
1109 2061 1296 2117 hostes
1327 2062 1614 2132 nostrique
1637 2061 1935 2141 vidissent,
1955 2061 2035 2117 illi

2145 2063 2365 2130 ἔπαθεν,
2395 2063 2628 2135 ἐπείπερ
2647 2064 2832 2134 ἡμέρα
2852 2062 3135 2132 διέφαυσε,
3165 2063 3258 2116 καὶ
3281 2059 3424 2117 εἶδον
3447 2065 3507 2115 τὸ
3537 2065 3721 2115 ἐκεῖσε

451 2154 692 2208 ferarum
749 2168 902 2209 more
949 2153 1180 2209 hiabant
1223 2163 1416 2209 contra
1472 2168 1596 2220 nos,
1647 2154 1807 2210 nobis
1849 2163 2034 2209 autem

2145 2158 2454 2230 Χαρώνειον
2481 2157 2670 2228 χάσμα
2695 2158 2827 2210 οἵτε
2850 2156 3059 2227 ἐχθροὶ,
3090 2156 3216 2210 οἵτε
3243 2157 3542 2228 ἡμεδαποὶ,
3575 2157 3722 2208 ἐκεῖ·

448 2246 640 2302 oculos
703 2247 1093 2301 claudentibus
1138 2248 1320 2303 omnis
1377 2262 1504 2317 spes
1553 2248 1862 2304 interierat.
1917 2246 2038 2302 Dux

2145 2229 2237 2302 vot
2258 2249 2357 2318 μέν
2379 2251 2716 2317 συνέχασκον
2737 2245 3023 2317 θηριωδῶς
3043 2247 3140 2300 τοῦ
3167 2246 3362 2300 λοιποῦ
3395 2245 3515 2300 καθ’
3537 2247 3717 2317 ἡμῶν·
3809 2229 3812 2233 ’

450 2345 634 2392 autem
655 2346 812 2392 antea
838 2339 1031 2406 plenus
1053 2337 1253 2392 ﬁducia
1273 2347 1410 2400 erat.
1431 2337 1702 2406 jactitans
1723 2339 1868 2408 apud
1891 2338 2036 2394 haud

2145 2343 2277 2412 ἡμῖν
2307 2341 2364 2396 δέ
2401 2341 2729 2411 συμμύσασι
2763 2338 3028 2409 ξύμπασα
3089 2338 3347 2410 ἐκλείσθη
3377 2339 3558 2403 ἐλπίς.
3609 2340 3724 2393 Καὶ

452 2434 696 2503 ignaros,
719 2432 865 2500 quod
899 2433 1070 2486 muris
1089 2431 1225 2485 nihil
1247 2431 1542 2498 accideret,
1565 2439 1619 2486 et
1635 2432 1680 2488 si
1711 2433 2036 2501 ceciderint,

2145 2429 2210 2506 ἦν
2243 2433 2343 2502 μέν
2377 2432 2449 2485 τὰ
2481 2432 2590 2502 πρὸ
2619 2431 2812 2485 τούτου
2840 2431 3043 2502 θρασὺς
3067 2433 3095 2484 ό
3128 2432 3458 2503 στρατηγὸς,
3499 2433 3726 2502 κομπά-

451 2525 567 2593 ipse
595 2533 782 2580 tamen
828 2525 1054 2594 optimis
1103 2541 1134 2580 e
1184 2525 1359 2595 copiis
1408 2526 1608 2584 electis
1643 2526 1782 2581 viris
1817 2541 2036 2581 murum

2145 2526 2252 2590 ζων
2281 2525 2418 2597 πρὸς
2449 2526 2578 2589 τοὺς
2629 2521 2689 2579 εὖ
2747 2525 2980 2588 εἰδότας,
3010 2525 3071 2578 τὸ
3098 2525 3276 2596 τείχος
3309 2526 3410 2597 οὐκ
3436 2522 3498 2580 εὖ
3529 2527 3724 2580 πείσε-

455 2617 692 2672 ferreum
712 2618 949 2687 spondet
964 2633 1022 2672 se
1043 2617 1453 2686 oppositurum,
1471 2619 1642 2674 armis
1661 2629 2035 2690 compactum,

373 2710 386 2714 ⁷
457 2710 852 2779 custodemque
882 2710 1128 2763 futurum
1153 2709 1366 2764 civitati
1390 2725 1487 2780 per
1507 2711 1868 2780 quadraginta
1892 2709 2038 2768 dies.

2146 2618 2294 2681 σθαι,
2325 2616 2423 2682 ὡς,
2459 2619 2508 2671 εί
2543 2617 2639 2672 καὶ
2671 2620 3092 2681 καταπεσεῐται,
3138 2619 3288 2687 ὅμως
3315 2619 3475 2682 αὐτὸς
3501 2620 3726 2686 ἐπελέγ-

2141 2710 2242 2779 δην
2272 2711 2466 2780 κρίνας
2491 2711 2619 2774 τοὺς
2651 2711 2913 2781 ἀρίστους
2955 2711 3054 2780 τῆς
3085 2714 3374 2781 στρατιᾶς,
3405 2713 3586 2782 τεῖχος
3644 2728 3726 2765 σι-

454 2801 741 2857 Postremo
797 2815 984 2857 autem,
1015 2805 1104 2857 hic
1147 2801 1312 2858 homo
1343 2802 1724 2872 iactabundus
1769 2804 2038 2860 sermoci-

2145 2801 2345 2873 δήρεον
2374 2803 2717 2872 άντιστήσει,
2748 2802 2810 2855 τὸ
2838 2803 2904 2856 ἐκ
2939 2801 3052 2855 τῶν
3101 2803 3303 2867 ὃπλων,
3341 2806 3434 2856 καὶ
3488 2803 3597 2865 ἕως
3626 2806 3726 2855 καὶ

456 2895 638 2949 nando
667 2893 722 2950 in
750 2896 892 2948 muri
931 2896 1177 2949 scissura
1212 2895 1493 2964 jaCtantia:
1542 2896 1703 2950 finem
1741 2896 2042 2967 imposuit;

455 2988 573 3058 ipse
596 2996 778 3043 autem
806 3002 914 3044 non
944 3002 1176 3043 manens
1210 3002 1270 3044 se
1294 2988 1422 3043 inde
1455 2987 1750 3058 proripuit.

521 3305 614 3363 85.
653 3305 827 3361 Smul
861 3320 928 3361 ac
968 3306 1192 3362 hastam
1221 3305 1276 3360 in
1325 3304 1599 3362 mmnibus
1629 3305 1829 3363 dirutis
1881 3307 2036 3375 vidit,

451 3413 561 3469 quo
597 3414 792 3454 unuse
815 3400 1000 3454 nautis
1029 3401 1379 3466 ascenderat,
1415 3416 1556 3469 quos
1593 3410 1650 3456 ut
1681 3401 1854 3457 fortes
1885 3409 1940 3456 et
1965 3401 2032 3456 ad

449 3492 724 3561 ejusmodi
777 3507 865 3548 res
921 3491 1136 3549 habiles
1187 3491 1445 3561 Siphanti
1524 3496 1682 3550 navis
1730 3494 2028 3550 advexerat

459 3589 477 3657 (
511 3587 816 3656 Siphanttts
859 3585 1035 3654 pirata
1081 3599 1206 3640 cum
1247 3584 1452 3640 Siculis
1476 3584 1657 3640 ftrdu‘s
1688 3583 1911 3653 inierat,
1942 3587 2038 3656 qui

453 3692 556 3732 nos
589 3691 806 3746 quoque
851 3675 1087 3744 hospitio
1124 3676 1376 3743 excepit,
1412 3683 1471 3729 ut
1518 3682 1631 3728 rem
1665 3683 1826 3744 p‘rout
1875 3677 2041 3733 habet

459 3768 783 3833 referamus,
802 3767 858 3821 in
884 3780 1022 3820 nave
1049 3776 1107 3820 ut
1139 3766 1242 3821 hoc
1259 3781 1481 3838 quoque
1510 3768 1700 3837 paucis
1721 3767 1992 3841 dicamus)
2022 3785 2038 3837 ;

456 3861 604 3930 quod
641 3861 733 3914 ubi
782 3860 1023 3930 primum
1056 3859 1191 3913 vidit
1238 3859 1409 3914 David
1447 3860 1868 3924 tremebundus,
1902 3869 2039 3916 ecce

461 3952 758 4023 praemissis
778 3951 1038 4008 oblivioni
1059 3952 1202 4007 datis
1221 3951 1582 4022 quadraginta
1605 3951 1724 4008 dies
1746 3954 1813 4008 ad
1832 3953 2042 4024 aliquot

463 4049 624 4100 horas
650 4045 934 4100 reduxitet
952 4044 1177 4100 dorsum
1205 4043 1455 4100 hostibus
1481 4045 1700 4100 obtulit.
1716 4043 1850 4102 Cum
1879 4045 2043 4118 igitur

461 4139 663 4194 milites
688 4151 874 4192 coram
901 4135 1160 4190 omnibus
1187 4135 1664 4193 vociferarentur:
1692 4155 1711 4190 ι
1739 4137 2040 4206 Comnene,

459 4236 670 4284 stamen
691 4226 1059 4299 etpeditatus,
1093 4245 1121 4279 »τ
1152 4227 1243 4283 ille
1275 4238 1458 4284 autem
1478 4243 1666 4284 vocem
1698 4229 2042 4288 terminalem

463 4321 797 4386 addidisset,
826 4319 1303 4391 καταύαλίκευμα,
1354 4330 1455 4376 et:
1497 4320 1654 4378 Sicut
1685 4337 1772 4377 me
1813 4324 2040 4388 videtis,

461 4412 731 4485 Pegasum
757 4413 1004 4468 invenire
1038 4412 1212 4482 cupiit
1241 4427 1481 4483 quocum
1525 4413 1580 4468 in
1609 4424 1834 4471 montes
1862 4427 1960 4470 aut
1985 4417 2040 4471 in

2145 2893 2228 2956 είς
2257 2893 2672 2965 τεσσαράκοντα
2707 2895 2920 2964 ἡμέρας
2953 2893 3128 2964 φύλαξ
3156 2895 3312 2950 ἐσται
3357 2896 3458 2965 τῆς
3489 2895 3724 2957 πόλεως.

2145 2987 2284 3042 Τότε
2309 2987 2367 3041 δέ
2399 2989 2427 3041 6
2459 2987 2629 3058 μέχρι
2655 2986 2820 3054 λόγου
2853 2986 3064 3056 θρασὺς
3098 2988 3358 3058 ῥηξήνωρ
3388 2989 3454 3058 τῇ
3490 2987 3587 3040 τοῦ
3611 2987 3728 3040 τεί-

2147 3098 2279 3152 χους
2309 3080 2466 3151 ῥήξει
2490 3080 2723 3150 διεκόπη
2763 3080 2874 3136 τῶν
2901 3080 3240 3152 αὐχημάτων
3264 3097 3281 3114 ⁸
3312 3082 3403 3136 καὶ
3430 3082 3505 3152 μὴ
3545 3082 3728 3152 μένων

2071 3187 2116 3247 c
2149 3178 2178 3230 6
2207 3176 2394 3240 αὐτὸς,
2421 3176 2660 3246 ἔμπαλιν
2683 3175 2993 3241 ἐξένευσεν.

2215 3314 2322 3372 πε¹.
2352 3317 2505 3388 ’Δμα
2544 3315 2654 3388 γάρ
2684 3316 2815 3389 δόρυ
2844 3318 3117 3386 ἐσκέψατο
3147 3319 3446 3388 πολεμικὸν
3496 3322 3590 3374 ἐπὶ
3625 3319 3723 3374 τοῦ

2147 3412 2430 3484 ῥήγματος
2452 3411 2972 3484 ἀναρριχησαμένου
3001 3411 3110 3475 τῶν
3144 3429 3292 3476 τινος
3316 3413 3604 3482 πλωῖμων,
3627 3413 3723 3478 οὒς

2142 3503 2432 3574 ἀνδρικοὺς
2481 3505 2552 3559 τά
2583 3504 2816 3558 τοιαῦτα
2853 3507 2951 3558 καὶ
3001 3505 3212 3570 δεξιοὺς
3234 3507 3269 3576 ἠ
3296 3506 3392 3560 τοῦ
3449 3507 3724 3576 Σιφάντου

2142 3594 2278 3659 ναῦς
2304 3596 2539 3659 ἐπλώῖζε
2572 3596 2864 3668 (πειρατὴς
2890 3597 2948 3649 δέ
2993 3599 3022 3650 6
3047 3597 3336 3665 Σιφάντος,
3369 3597 3512 3650 ἑκὼν
3548 3614 3723 3668 προσ-

2143 3690 2404 3758 χωρήσας
2432 3691 2548 3752 τοῖς
2578 3689 2820 3751 Σικελοῖς
2847 3688 2991 3742 κατά
3011 3706 3132 3742 τινα
3159 3689 3372 3760 ῥήτρην
3401 3688 3501 3760 τὴν
3528 3689 3723 3742 συνδόο

2145 3778 2298 3844 ξασιν
2322 3795 2338 3810 ο
2366 3777 2425 3842 ὃς
2445 3779 2541 3832 καὶ
2565 3781 2714 3851 ἡμᾶς
2743 3780 2880 3833 ἐλὼν
2917 3779 3149 3845 ἐξένισε,
3175 3781 3370 3851 ῥητέον
3391 3781 3497 3849 γὰρ
3523 3779 3722 3848 οὕτως,

2144 3874 2240 3926 ἐπὶ
2270 3873 2405 3935 νεὼς
2457 3873 2558 3943 τῆς
2608 3873 2733 3926 κατ’
2761 3873 2950 3936 αὐτὸν,
2983 3873 3058 3935 ὡς
3110 3873 3207 3924 καὶ
3269 3871 3725 3936 ὑποκαταϐάντες

2143 3967 2288 4037 λόγῳ
2343 3965 2518 4037 βραχὺ
2581 3966 3100 4039 παραστησόμεθα),
3174 3967 3296 4037 ἅμα
3354 3967 3488 4034 γοῦν
3547 3967 3725 4030 οὕτως

2143 4054 2287 4111 εἶδεν
2323 4060 2350 4110 6
2374 4058 2578 4129 τρέσας
2625 4057 2809 4120 Δαυῖδ.
2858 4060 2948 4113 καὶ
2979 4060 3096 4127 ἅμα
3144 4059 3378 4113 κατόπιν
3405 4058 3582 4129 βαλὼν
3619 4061 3726 4124 τὰς

2145 4150 2410 4220 άνδρικὰς
2446 4151 2794 4221 ὑποσχέσεις,
2818 4153 2914 4206 καὶ
2940 4153 3039 4216 τὰς
3067 4153 3481 4223 τεσσαράκοντα
3508 4155 3726 4223 ἡμέρας

2143 4243 2225 4305 είς
2255 4243 2377 4296 οὒδέ
2423 4243 2622 4297 λεπτὸν
2658 4243 2945 4306 συστείλας
2975 4244 3148 4313 ὧρας,
3185 4245 3354 4310 ἔδειξε
3407 4247 3730 4317 μετάφρενα

2144 4334 2259 4394 τοῖς
2317 4331 2557 4402 ἐχθροῖς.
2619 4334 2730 4385 Καὶ
2777 4333 2891 4387 τῶν
2932 4335 3346 4406 στρατιωτικῶν
3398 4335 3730 4404 φωνούντων

2142 4422 2570 4495 λεωφορουμὲνῃ
2601 4422 2701 4493 βοῇ
2757 4424 2820 4478 τό
2847 4439 2864 4456 ·
2901 4443 2920 4476 ι
2955 4425 3229 4495 Κομνηνέ,
3265 4427 3451 4496 στάμα
3487 4427 3580 4481 καὶ
3627 4429 3733 4480 ne-

463 4505 646 4562 undas
689 4506 860 4560 maris
887 4505 1103 4560 altisoni
1155 4506 1374 4561 avolare
1405 4506 1724 4574 potuisset;
1762 4516 2038 4576 postremo

2149 4518 2328 4587 ζευμα
2349 4532 2366 4548 ο
2395 4519 2423 4571 6
2457 4515 2502 4570 δ’
2528 4517 2898 4571 ἐπιτελεύτιον
2925 4515 3039 4573 οἷον
3069 4519 3376 4590 άντιμύξας
3412 4523 3473 4575 τό
3494 4539 3508 4554 ο
3545 4540 3564 4572 ι
3601 4522 3731 4576 Κα-

463 4601 613 4652 mulo
659 4613 764 4653 suo
802 4599 895 4668 qui
932 4612 1057 4652 eum
1097 4607 1207 4652 tum
1246 4598 1524 4671 portabat,
1563 4609 1862 4654 contentus
1914 4601 2039 4656 fuit.

461 4692 710 4762 Anfugiit
730 4692 899 4761 igitur
923 4691 1085 4747 modo
1105 4702 1264 4746 antea
1297 4692 1580 4759 inusitato,
1595 4691 1872 4749 delicatus
1892 4694 2039 4760 visu,

462 4793 614 4841 veste
628 4784 770 4839 bona
793 4783 1050 4850 amictus,
1070 4798 1234 4838 manu
1275 4791 1556 4848 strenuus,
1574 4793 1634 4838 ut
1651 4790 2044 4856 gymnasiasta,

419 4953 422 4957 _
463 4877 734 4950 sanguine
755 4892 865 4934 non
900 4879 1208 4934 maculatus
1235 4877 1383 4932 sicut
1413 4879 1559 4934 aries
1589 4886 1819 4936 caeteros
1853 4895 2048 4936 omnes

466 4971 831 5043 pedissequos
871 4969 1136 5025 habebat.
1159 4969 1219 5023 ln
1257 4970 1359 5024 hac
1390 4969 1742 5025 multitudine
1761 4979 1922 5026 erant
1943 4971 2048 5027 viri

465 5063 830 5134 magnanimi,
868 5066 964 5135 qui
986 5064 1110 5118 duci
1161 5063 1434 5134 ignaviam
1482 5062 1983 5132 exprobraverant,
2013 5081 2046 5122 e

463 5159 665 5230 quibus
702 5158 794 5212 alii
817 5173 942 5213 cum
972 5157 1133 5212 beato
1180 5157 1392 5212 honore
1420 5156 1765 5224 ceciderunt,
1795 5158 1891 5213 alii
1924 5165 2048 5226 post

466 5251 729 5321 ιιι-ποιοῖο
776 5249 922 5306 facta
962 5250 1180 5306 hastam
1243 5248 1498 5304 hostilem
1549 5250 1727 5305 secuti
1774 5259 1926 5304 sunt.
1984 5248 2044 5304 lu

468 5343 740 5418 principio
796 5353 978 5398 autem
1033 5341 1258 5397 Barbari
1324 5342 1690 5397 ascendentes
1767 5341 2045 5398 deturbati

467 5442 598 5491 sunt
625 5449 657 5488 a
682 5433 897 5489 civibus
929 5433 1135 5487 nostris
1179 5446 1290 5487 non
1329 5432 1618 5488 militibus.
1654 5429 1723 5508 ili
1749 5432 1896 5488 enim
1943 5447 2045 5503 pro

471 5527 692 5583 viribus
739 5526 1070 5582 restiterunt
1115 5528 1291 5581 donec
1318 5524 1684 5581 circumventi
1732 5525 2044 5596 periculum

467 5617 736 5682 viderent,
779 5630 894 5670 non
932 5617 1213 5685 perterriti
1261 5613 1462 5686 panico
1520 5613 1748 5672 Davidis
1810 5617 2038 5684 timore;

466 5706 564 5764 sed
594 5708 661 5762 de
695 5706 1076 5764 internecione
1122 5707 1444 5775 cogitabant
1485 5720 1673 5761 eorum
1721 5706 1814 5776 qui
1845 5721 2046 5761 excur~

470 5798 722 5860 sionibus
767 5799 880 5855 suis
935 5806 1144 5854 tantum
1195 5799 1318 5854 mali
1383 5798 1519 5870 ipsis
1577 5797 1895 5853 intulerant.
1937 5797 2040 5864 Qui

2150 4608 2489 4680 σαλίκευμα,
2525 4626 2546 4660 ι
2575 4609 2672 4662 καὶ
2691 4608 2754 4662 τό
2780 4625 2796 4641 ο
2833 4627 2852 4661 ι
2881 4610 3040 4666 Καθά
3068 4628 3136 4682 με
3194 4612 3445 4682 βλέπετε,
3484 4632 3502 4664 ι
3535 4614 3733 4668 ἐπόθει

2149 4699 2250 4770 μέν
2283 4701 2415 4762 ἴσως
2453 4702 2794 4770 παρατυχεῖν
2826 4715 2932 4754 που
2963 4701 3058 4755 τοῦ
3113 4704 3415 4773 τηνικαῦτα
3467 4705 3732 4776 Πήγασόν

2141 4799 2291 4855 τινα,
2342 4788 2410 4842 δι’
2436 4782 2498 4840 οἶα
2550 4789 2885 4859 πτερύξεται
2923 4793 3004 4854 είς
3032 4793 3182 4863 ὄρος,
3231 4793 3343 4844 εἴθε
3392 4794 3535 4864 ﬁsi;
3569 4795 3728 4863 κῦμα.

2145 4879 2574 4950 πολυφλοίσϐοιο
2594 4879 2893 4954 θαλάσσης.
2933 4884 3206 4955 Ἦρκέσθη
3238 4886 3296 4938 δέ
3317 4887 3467 4957 ὅμως
3498 4889 3562 4958 τῇ
3591 4888 3728 4960 φίλῃ

2144 4971 2382 5042 ἡμιόνῳ,
2408 4970 2444 5041 ἢ
2475 4970 2568 5024 καὶ
2589 4972 2713 5026 τότε
2744 4974 2934 5044 φέρειν
2964 4973 3129 5028 αὐτὸν
3161 4975 3341 5046 ἔλαχε.
3380 4976 3490 5029 Kai
3540 4994 3731 5048 παρα-

2144 5061 2518 5132 δειγματικῶς
2573 5064 2928 5134 προφεύγων,
2983 5067 3255 5136 τρυφερὸς
3311 5068 3462 5134 ἰδεῖν,
3522 5069 3732 5138 εὖυφος

2145 5154 2246 5223 τὴν
2270 5155 2566 5224 ἀνασολὴν,
2594 5157 2858 5225 ἄτριπτος
2887 5158 3074 5223 ὅπλοις
3103 5161 3202 5224 τὰς
3235 5163 3449 5232 χεῖρας,
3505 5179 3732 5232 γυμναο

2147 5245 2249 5316 σίῳ
2280 5245 2530 5315 πρέπων,
2561 5248 2827 5317 ἀμίαντος
2869 5251 3088 5320 αἵματι,
3133 5247 3280 5323 εἶχεν
3311 5254 3447 5307 ὡσεὶ
3482 5255 3576 5308 καὶ
3607 5255 3731 5309 κτί-

2146 5336 2242 5399 λος
2290 5337 2668 5407 ἐφεπομένους
2715 5343 2842 5404 τοὺς
2900 5343 3147 5408 ἅπαντας
3201 5346 3353 5414 παρά
3406 5364 3462 5400 τι
3518 5347 3728 5417 ὀλίγον.

2145 5423 2331 5482 Ἦσαν
2347 5429 2458 5500 γὰρ
2487 5430 2546 5482 ἐν
2567 5429 2809 5501 τοσούτῳ
2840 5430 3038 5504 πλήθει
3060 5434 3156 5487 καὶ
3173 5435 3484 5506 μεγάθυμοι
3506 5437 3727 5508 ἄνδρες,

2145 5520 2200 5574 οἱ
2234 5521 2331 5575 καὶ
2385 5521 2806 5587 άντισταθέντες
2835 5524 2894 5578 ἐν
2930 5523 3010 5594 τῷ
3063 5526 3154 5578 τὸν
3212 5531 3522 5600 στρατηγὸν
3554 5531 3730 5584 ἄνετα.

2145 5610 2367 5667 διώκειν
2397 5615 2596 5670 ἐαυτὸν
2632 5618 2708 5679 είς
2731 5615 2934 5688 φυγὴν,
2963 5619 3011 5671 οί
3044 5618 3144 5688 μὲν
3196 5617 3393 5677 ἐπεσον
3430 5623 3727 5693 μακαρίως

2149 5705 2245 5759 καὶ
2278 5705 2544 5775 εὐγενῶς,
2570 5707 2622 5761 οἱ
2650 5708 2708 5762 δέ
2732 5711 2958 5777 γενναία
2990 5710 3307 5779 δράσαντες
3335 5711 3722 5781 ἐνδεδώκασιν,

2148 5800 2286 5852 ὅπου
2317 5815 2379 5867 γε
2416 5800 2510 5855 καὶ
2536 5801 2596 5855 τὸ
2619 5801 2915 5870 πολεμικὸν
2947 5806 3123 5859 ἐκεῖνο
3147 5805 3298 5876 δόρυ.
3323 5807 3436 5863 Καὶ
3469 5807 3520 5860 oi
3557 5825 3725 5861 συνα-
