3968 6626
442 399 514 463 95
1189 393 1609 457 EUSTATHII
1640 383 2398 450 THESSALONICENSIS
2433 383 2993 446 METROPOLszE
3643 385 3710 447 96

449 491 552 568 bus
580 511 700 566 loca
733 507 912 563 vicina
947 507 1192 563 civitatis
1229 507 1410 561 omnis
1456 505 1675 576 generis
1715 499 2023 558 seminibus

2143 499 2266 570 Ξπλη
2284 501 2378 553 θον
2404 500 2686 570 σπορίμων
2717 499 3101 567 παντοδαπῶν,
3122 491 3200 563 οἷς
3223 497 3504 570 χαίρουσιν
3531 501 3582 554 οῖ
3604 501 3714 554 τῶν

445 604 670 674 impleta
703 609 881 666 erant,
911 600 1116 670 quibus
1157 600 1498 654 delectantur
1539 596 1787 663 quaedam
1813 609 1876 648 ex
1908 591 2025 645 avi-

450 697 554 750 bus
611 695 907 765 (barbarus
959 693 1173 748 scilicet
1223 705 1333 744 non
1382 689 1500 742 sine
1529 688 1718 756 rapina
1747 693 1800 739 et
1845 687 2030 738 vasta-

452 787 600 840 tione
627 787 820 852 vivit);
850 800 950 838 nec
998 798 1237 852 unquam
1270 779 1556 835 descendit
1581 775 1841 831 volucris.
1874 773 2030 839 Quod

453 894 584 932 vero
619 893 739 932 case
773 877 1078 931 mirabilius
1104 885 1258 944 puto,
1283 874 1336 928 id
1363 881 1468 937 est,
1492 871 1636 940 quod
1661 871 1842 939 pluvia
1867 867 2032 921 vehe-

460 979 669 1021 menter
731 968 903 1036 lapsa,
955 981 1018 1018 ex
1070 965 1180 1018 illis
1236 963 1645 1031 dissipaverunt
1689 959 1896 1023 hostes,
1931 957 2033 1011 tol-

451 1061 626 1114 lentes
655 1059 902 1127 quidem,
939 1059 1070 1111 huic
1094 1070 1222 1110 vero
1246 1055 1477 1123 pulchro
1502 1051 1784 1105 territorio
1817 1048 2030 1104 semina

455 1168 564 1205 non
610 1151 1057 1213 committentes;
1092 1164 1156 1201 ex
1205 1145 1497 1200 frumentis
1537 1143 1664 1197 item
1697 1139 2030 1195 abundantia

457 1251 514 1296 et
547 1240 924 1310 magnitudine
974 1236 1314 1306 insignibus,
1348 1235 1560 1288 nullum
1590 1231 1793 1284 animal
1822 1227 2031 1298 aliquid

456 1333 718 1403 gustavit,
758 1333 853 1385 sed
903 1330 1212 1398 eligendum
1258 1327 1335 1380 illi
1377 1333 1496 1380 erat
1528 1325 1753 1394 pulvere
1793 1329 1887 1374 aut
1923 1321 2030 1374 ali-

457 1439 567 1492 quo
621 1426 866 1493 germine
904 1419 1073 1484 vesci,
1117 1420 1202 1473 vel
1234 1418 1400 1472 variis
1435 1414 1638 1486 plantis
1671 1413 1868 1482 quibus
1895 1410 2034 1464 vici-

454 1515 682 1566 nitatem
730 1512 1266 1572 eontaminaverunt,
1323 1522 1419 1560 seu
1477 1503 1651 1574 quod,
1719 1504 1881 1572 Juxta
1936 1514 2032 1555 eos

453 1607 545 1672 qui
580 1602 915 1666 habitabant,
945 1610 1002 1656 ut
1026 1599 1165 1654 fama
1192 1607 1298 1663 est,
1329 1613 1452 1652 cum
1487 1598 1712 1665 antiquo
1751 1593 2030 1656 Diomede,

453 1694 728 1747 Barbaros
755 1700 808 1746 et
831 1692 929 1759 ipsi
946 1691 1196 1754 oderant,
1224 1695 1410 1755 utpote
1448 1686 1554 1740 illis
1583 1701 1691 1739 non
1716 1682 2032 1738 assuefacti.

524 1787 614 1840 88.
669 1785 790 1839 Haec
836 1793 1021 1837 autem
1081 1790 1136 1837 et
1197 1782 1304 1834 alia
1363 1778 1682 1847 hujusmotli
1743 1792 1852 1831 non
1904 1781 2036 1829 sunt

2135 593 2363 660 ὀρνίθων
2407 593 2793 663 σπερμοφὰγοι
2844 593 2926 663 (τὸ
2979 593 3250 663 βάρϐαρον
3292 594 3400 661 γὰρ
3429 594 3529 646 οὐκ
3570 594 3710 648 ἀνίει

2139 686 2385 754 ἁρπάζον
2402 686 2495 738 καὶ
2512 685 2886 754 χατακενοῦν)·
2906 687 3052 756 ὄρνις
3071 685 3126 738 δέ
3144 685 3306 736 ποθεν
3323 687 3381 737 ού
3401 688 3708 740 κατέϐαινε.

2139 779 2340 830 Τούτου
2393 778 2474 842 δὲ,
2523 773 2700 847 οἶμαι,
2752 779 3063 846 καινότερον
3096 780 3272 831 ἐκεῖνο
3328 774 3416 848 ἦν,
3451 780 3533 831 ὅτι
3582 796 3710 845 περ,

2137 870 2295 923 ὑετοῦ
2324 871 2786 942 καταρραγέντος,
2817 873 2912 922 καὶ
2945 868 3005 934 ἐξ
3049 864 3122 925 ὧν
3155 871 3205 922 οῖ
3244 871 3428 941 ἐχθροὶ
3454 871 3715 942 ἐσκόρπι-

2137 962 2249 1026 ζον,
2293 961 2556 1031 ἀροῦντες
2609 961 2730 1029 μὲν,
2768 960 2960 1014 οὔκουν
3007 962 3322 1031 σπείροντες
3365 963 3420 1016 δέ
3453 962 3514 1015 τὸ
3541 961 3711 1028 καλὸν

2134 1053 2256 1106 ὅλον
2301 1054 2458 1118 ἄστυ,
2507 1054 2675 1122 ληῖων
2716 1052 2902 1123 ὥσπερ
2953 1053 3302 1120 ἀναφυέντων
3344 1055 3572 1123 συχνῶν,
3620 1054 3714 1107 καὶ

2135 1149 2213 1209 είς
2251 1148 2422 1217 μῆκος
2451 1146 2879 1208 ἐπιδεδωκότων,
2906 1146 3057 1202 οὐδὲν
3090 1147 3232 1211 ζῶον
3259 1148 3544 1217 ποηφάγον
3568 1149 3717 1200 ἐκεῖ·

2136 1237 2226 1290 θεν
2262 1237 2517 1307 ἐκέρδανέ
2545 1255 2617 1301 τι,
2652 1238 2768 1291 ἀλλ’
2799 1234 2942 1308 εἶχεν
2989 1241 3220 1311 αἰρεσιν,
3253 1242 3451 1302 κόνεως
3483 1241 3718 1309 ἐρέπτε-

2138 1329 2285 1394 σθαι,
2309 1331 2453 1400 ἢπερ
2484 1332 2546 1381 ἐκ
2571 1331 2679 1382 τῶν
2702 1330 3152 1402 βεϐλαστηκότων
3173 1334 3387 1401 φαγεῖν·
3410 1333 3484 1395 ὡς
3530 1331 3562 1400 ἢ
3609 1350 3713 1385 πε-

2137 1422 2573 1491 φαρμαγμένων,
2603 1418 2685 1486 οἷς
2727 1423 2786 1476 τὸ
2815 1424 3072 1494 περιέχον
3114 1425 3396 1494 μεμίαντο,
3446 1422 3480 1495 ἢ
3508 1425 3606 1477 καὶ
3629 1423 3713 1477 ὄτι

2135 1514 2277 1567 κατὰ
2300 1514 2425 1578 τοὺς
2457 1514 2858 1585 ᾠκειωμένους,
2888 1516 2964 1578 ὠς
2993 1515 3170 1583 λόγος,
3207 1514 3284 1586 τῷ
3313 1515 3479 1570 πάλαι
3508 1517 3717 1584 Διομή‹

2135 1605 2213 1658 δει
2247 1605 2567 1673 συνεμίσουν
2606 1605 2666 1658 τὸ
2698 1605 2980 1676 βάρϐαρον
3018 1608 3114 1660 καὶ
3144 1607 3322 1674 αὐτοὶ,
3353 1602 3442 1660 οἷα
3482 1606 3559 1677 μὴ
3588 1607 3717 1661 ἐθά-

2136 1697 2224 1761 δες
2246 1695 2494 1750 ἐκείνων.
3061 1703 3064 1708 ’

2211 1785 2324 1854 πη’.
2363 1787 2472 1840 Καὶ
2501 1786 2746 1840 τοιοῦτον
2794 1786 2896 1855 μὲν
2929 1785 3231 1852 καὶτοῦτο,
3260 1787 3612 1858 παραρῥιφέν
3651 1788 3714 1840 οὐ

454 1877 749 1946 rt-jicienda
795 1888 850 1930 ut
896 1873 1173 1944 superflua
1204 1888 1266 1926 ex
1308 1870 1565 1925 historia.
1598 1869 1805 1924 Civitas
1846 1867 2032 1939 igitur,

2143 1878 2407 1947 περιττῶς
2437 1879 2515 1942 εἰς
2550 1879 2901 1948 συγγραφήν.
2947 1877 3009 1929 Ἡ
3039 1878 3095 1931 δὲ
3139 1877 3312 1938 πόλις.
3341 1877 3713 1946 εἰσπηδησάνο

455 1967 774 2022 conculcata
807 1966 886 2020 sic
910 1966 978 2020 ab
1007 1963 1364 2027 adversariis,
1397 1972 1556 2032 passa
1590 1967 1673 2014 est
1701 1973 1861 2013 omne
1891 1954 2033 2025 quod

456 2060 684 2114 inhaeret
718 2058 881 2113 bello.
929 2054 1112 2111 Nostri
1158 2062 1363 2118 autem,
1399 2067 1510 2107 non
1557 2066 1716 2115 unus,
1749 2059 1842 2104 aut
1870 2049 2036 2114 alter,

458 2154 553 2206 sed
601 2167 810 2216 omnes,
848 2164 958 2204 non
1002 2146 1471 2218 retrospieientes,
1505 2145 1784 2214 fugerunt,
1815 2156 1875 2197 se
1901 2131 2037 2197 sub-

458 2245 707 2298 ducendo
764 2241 914 2295 brevi
960 2254 1216 2304 numero,
1269 2248 1329 2293 ut
1376 2236 1646 2301 diximus,
1703 2234 1848 2290 inter
1895 2247 2036 2302 quos

458 2336 669 2399 Doleas,
689 2348 832 2387 unus
862 2347 928 2387 ex
950 2330 1142 2385 ordine
1163 2328 1566 2392 ecclesiastico,
1593 2325 1710 2396 qui,
1741 2339 1908 2395 prope
1936 2325 2036 2378 tri-

457 2427 603 2494 ginta
634 2423 814 2477 securi
834 2422 1064 2486 necatis,
1100 2420 1223 2474 aliis
1251 2433 1381 2473 vero
1413 2417 1519 2470 alio
1541 2415 1706 2471 modo
1734 2415 1844 2470 vita
1875 2415 2038 2468 orba-

460 2522 551 2582 tis,
584 2531 780 2587 magno
812 2514 1053 2569 hostium
1089 2521 1286 2568 conatu
1342 2519 1572 2565 matrem
1622 2523 1776 2563 suam
1830 2514 2037 2560 terram

459 2610 740 2666 osculatus
779 2617 884 2664 est.
935 2605 1047 2659 Hoc
1098 2614 1184 2660 est
1216 2603 1383 2658 etiam
1436 2599 1770 2670 turpitudini
1819 2595 2034 2662 Davidi,

460 2701 575 2770 qui,
610 2707 900 2770 postquam
930 2697 1176 2766 jurasset
1217 2692 1336 2748 fore
1381 2704 1663 2760 nunquam
1696 2699 1756 2742 ut
1790 2685 2028 2755 fugeret,

462 2795 556 2850 sed
611 2793 794 2863 potius
841 2789 1045 2859 periret
1077 2786 1260 2856 gladio
1313 2799 1436 2849 suo,
1471 2781 1667 2838 deinde
1717 2779 1880 2835 saluti
1911 2777 2035 2849 fuga

461 2885 760 2950 consuluit,
793 2881 1062 2950 sanguine
1094 2877 1579 2934 incontaminatus.

528 2979 619 3034 89.
653 2975 801 3045 Fuga
826 2990 956 3030 vero
1000 2983 1184 3027 nostra
1213 2971 1372 3025 modo
1407 2975 1704 3024 memorata
1750 2981 1862 3020 non
1890 2966 2038 3019 inor-

461 3072 645 3126 dinata
680 3069 818 3134 fuit;
873 3068 969 3122 sed
1020 3066 1126 3120 fuit
1176 3081 1242 3119 ex
1291 3071 1564 3133 potestate
1613 3061 1831 3132 politica
1874 3058 2034 3130 primi

465 3161 643 3228 ducis,
675 3161 817 3217 sicut
863 3159 973 3228 jam
1023 3156 1298 3220 diximus;
1351 3153 1468 3224 qui,
1525 3152 1572 3207 si
1627 3151 1820 3205 faciem
1878 3164 2035 3204 suam

2135 1988 2245 2023 των
2285 1969 2392 2022 τῶν
2428 1970 2766 2039 ἁντιμάχων,
2790 1971 3046 2040 ἔπασχεν,
3073 1971 3172 2024 ὅσα
3201 1971 3345 2039 φιλεῖ
3371 1971 3502 2040 δρᾷν
3519 1971 3715 2040 ἄγριος

2136 2063 2392 2134 πόλεμος.
2426 2065 2536 2117 Καὶ
2580 2064 2630 2116 οῖ
2668 2064 2766 2134 μὲν
2827 2064 3106 2134 ἡμέτεροι,
3137 2064 3236 2134 οὐχ
3275 2065 3304 2116 6
3336 2062 3455 2132 μὲν,
3491 2066 3518 2115 6
3547 2064 3592 2115 δ’
3623 2060 3714 2131 οὒ,

2135 2156 2271 2211 ἀλλὰ
2291 2157 2489 2220 πάντες
2514 2155 2746 2225 ἔφευγον
2766 2157 3177 2227 ἀμεταστρεπτὶ
3213 2157 3336 2210 καθ’
3359 2155 3714 2228 ὑπεξαίρεσιν

2137 2249 2522 2319 εὐαριθμήτων
2551 2265 2738 2314 τινων,
2763 2249 2902 2319 ὅπερ
2927 2249 3158 2317 ἔφαμεν·
3189 2250 3248 2301 ἐν
3279 2242 3360 2310 οἷς
3389 2247 3481 2300 καί
3507 2265 3587 2310 τις
3619 2246 3717 2301 Bo-

2111 2339 2259 2419 .)téa;
2289 2338 2398 2392 τῶν
2427 2338 2528 2407 τῆς
2556 2339 3013 2409 ἐκκλησιαστικῆς
3047 2338 3344 2404 ξυνοικίας,
3371 2339 3428 2402 ὃς
3459 2339 3626 2406 ἐγγὺς
3655 2341 3714 2402 ἐς

2135 2433 2432 2501 τριάκοντα
2453 2433 2577 2495 τοὺς
2603 2433 2701 2502 μὲν
2724 2431 2879 2503 ἀξίνῃ
2903 2431 3146 2501 διχάσας,
3174 2432 3300 2494 τοὺς
3327 2432 3384 2484 δὲ
3409 2433 3504 2485 καὶ
3533 2431 3715 2493 ἄλλως

2137 2527 2216 2588 εἰς
2238 2526 2298 2576 τὸ
2328 2525 2428 2596 ζῇν
2459 2525 2766 2594 ἁχρειώσας
2798 2525 2970 2594 πολλῇ
3009 2525 3218 2593 σπουδῇ
3247 2523 3360 2578 τῶν
3406 2524 3712 2592 πολεμίων,

2136 2615 2234 2687 τὴν
2265 2617 2478 2688 μητέρα
2511 2617 2616 2686 γῆν
2655 2617 2963 2686 ἠσπάσατο.
3005 2615 3256 2686 Δίσχύνη
3301 2615 3400 2668 καὶ
3437 2615 3570 2669 αὐτὸ
3611 2615 3711 2669 τοῦ

2139 2707 2320 2769 Δαυῖδ,
2364 2708 2422 2772 ὃς
2466 2707 2541 2778 μὴ
2575 2708 2645 2761 ἄν
2681 2723 2812 2760 ποτε
2847 2708 3037 2775 φυγεῖν
3064 2707 3339 2776 ἁπομνὺς,
3366 2704 3480 2757 ἀλλ’
3508 2704 3603 2758 ἐπὶ
3635 2703 3716 2773 τῷ

2136 2799 2303 2853 αὐτοῦ
2330 2799 2472 2868 ξίφει
2499 2801 2710 2865 πεσεῖν,
2746 2794 2868 2853 εἶτα
2904 2798 3288 2869 προὺτρὰπετο
3323 2797 3585 2868 σωθῆναι,
3617 2795 3715 2848 λύ-

2139 2891 2252 2962 θρῳ
2275 2891 2564 2961 ἄχραντος.

2207 2983 2317 3038 πθ’.
2334 2985 2440 3036 Καὶ
2459 2979 2526 3053 ἦν
2539 2985 2572 3053 ἠ
2591 2981 3056 3055 καθιστορουμένη
3075 2980 3219 3052 φυγὴ
3235 2981 3333 3034 οὐκ
3357 2981 3716 3045 ἀσύντακτος,

2139 3075 2251 3128 ἀλλ’
2283 3076 2523 3139 ἐνδόντος
2560 3075 2753 3145 ἀρχὰς,
2795 3075 2868 3136 ὡς
2936 3073 3366 3144 προεκτέθειται,
3412 3072 3508 3126 τοῦ
3552 3090 3723 3142 κορυ-

2147 3167 2306 3236 φαίου
2333 3165 2660 3236 στρατηγοῦ·
2684 3166 2763 3231 ὃς,
2789 3167 2944 3236 εῐπερ
2975 3163 3143 3231 ἔδειξε
3173 3164 3466 3234 πρόσωπον
3489 3165 3600 3227 τοῖς
3622 3165 3715 3233 ἐχ-

464 3253 717 3308 hostibus
737 3251 1090 3316 ostendisset,
1119 3257 1281 3318 prout
1307 3247 1460 3300 illum
1485 3245 1854 3300 hortabantur
1880 3242 2035 3295 nobi-

2146 3258 2312 3326 θροίς,
2347 3258 2421 3319 ὡς
2471 3257 2842 3310 ἐνεκελεύοντο
2889 3257 2936 3309 oi
2980 3257 3088 3309 τῶν
3117 3255 3540 3325 συμφευγόντων
3587 3273 3720 3324 γεν-

465 3347 656 3402 lissimi
704 3359 827 3400 cum
874 3344 967 3398 illo
1018 3341 1314 3412 fugientes,
1361 3340 1473 3394 cito
1531 3338 1748 3408 plagam
1795 3334 2035 3390 civitatis

465 3445 734 3493 curasset.
754 3436 948 3490 Milites
974 3433 1177 3504 quippe
1196 3431 1413 3487 hostilis
1443 3428 1680 3500 agminis
1698 3436 1855 3482 erant
1882 3425 2033 3492 fessi,

464 3531 735 3601 fugientes
768 3524 1252 3598 apprehendendo,
1301 3523 1650 3594 praedamque
1695 3519 1940 3575 ferendo.
1975 3521 2035 3574 ln

465 3624 554 3678 his
586 3638 722 3692 opus
748 3628 866 3675 erat
896 3619 1122 3673 homine
1159 3615 1395 3685 quodam
1428 3615 1580 3670 salvo
1605 3623 1660 3668 et
1689 3613 1900 3682 integro
1942 3611 2034 3680 qui

465 3716 702 3784 desuper
747 3713 1231 3766 animadvertisset
1279 3721 1344 3761 ac
1386 3705 1770 3776 significasset,
1804 3703 2036 3757 telorum

463 3806 865 3862 vehementiam
899 3802 1013 3858 Deo
1063 3799 1409 3856 retundente.
1443 3797 1616 3852 llomo
1648 3796 1796 3851 enim
1825 3795 1914 3850 his
1949 3808 2040 3848 ca-

466 3897 805 3951 lamitatibus
861 3894 1172 3957 intricatus,
1204 3904 1268 3944 ac
1313 3889 1380 3945 de
1423 3887 1715 3957 semetipso
1767 3884 2040 3956 praecipue

467 3989 736 4058 cogitans,
769 3984 953 4040 omnia
1003 3992 1265 4038 accurate
1296 3979 1647 4037 conscribere
1674 3993 1784 4033 non
1813 3977 2036 4048 poterit,

468 4089 666 4151 prmter
711 4092 831 4149 quae
887 4084 1016 4132 sunt
1054 4075 1286 4129 maxime
1331 4079 1642 4144 Opportuna
1688 4085 1754 4126 ex
1789 4069 1875 4125 his
1918 4079 2040 4140 quae

467 4172 680 4234 didicit,
716 4169 1026 4239 quibusque
1053 4165 1238 4220 multis
1267 4165 1443 4218 modis
1473 4161 1750 4217 immistus
1779 4170 1884 4216 est.
1950 4181 1952 4183 >

539 4262 629 4318 90.
652 4260 761 4316 Nos
800 4259 965 4329 igitur
991 4273 1114 4310 cum
1155 4255 1223 4310 de
1251 4269 1376 4308 arce
1414 4252 1917 4322 desperavissemus
1966 4249 2038 4306 ob

468 4355 737 4412 defectum
757 4366 910 4422 aqua
931 4351 1088 4420 cujus
1120 4348 1228 4402 dux
1250 4347 1553 4402 conductor
1573 4344 1752 4401 factus
1772 4353 1858 4400 est
1875 4352 2040 4414 atque

468 4446 842 4504 necessariam
867 4441 1280 4513 supellectilem,
1298 4456 1363 4494 eo
1383 4439 1529 4511 quod
1545 4438 1613 4493 de
1634 4438 1725 4492 illa
1747 4435 2037 4492 dividenda

468 4536 906 4610 providissemus
950 4535 1092 4588 inter
1122 4547 1222 4586 nos
1253 4540 1308 4586 et
1332 4545 1428 4585 eos
1454 4527 1549 4600 qui
1576 4529 1724 4584 circa
1762 4543 1864 4582 nos
1883 4534 2034 4592 sunt,

2144 3350 2432 3419 ναιότεροι,
2453 3348 2783 3402 συνούλωσεν
2808 3348 2873 3402 ἂν
2892 3347 3025 3418 ταχὺ
3044 3348 3103 3400 τὸ
3119 3347 3338 3417 τραῦμα
3363 3347 3464 3416 τῆς
3481 3348 3716 3411 πόλεως.

2145 3443 2206 3495 Οἱ
2235 3441 2290 3495 δὲ
2320 3440 2416 3494 τοῦ
2448 3441 2707 3512 πολεμίου
2741 3441 2964 3508 στίφους
2994 3438 3254 3509 ἔκαμνον,
3294 3440 3388 3494 καὶ
3427 3441 3719 3510 ῥίπτοντες

2143 3538 2267 3598 τοὺς
2296 3535 2621 3603 φεύγοντας.
2663 3536 2757 3588 κει)⁸
2788 3534 3106 3602 σαττόμενοι
3138 3534 3378 3604 λάφυρα.
3409 3534 3516 3585 Καὶ
3544 3533 3718 3604 ἐχρῆν

2148 3630 2247 3697 μὲν
2267 3629 2324 3679 ἐν
2348 3627 2557 3689 τούτοις
2589 3626 2822 3696 ἆόλητόν
2841 3644 2964 3680 τινα
2987 3625 3077 3680 καὶ
3103 3626 3396 3680 ἀνούτατον
3418 3627 3479 3678 ἐκ
3514 3625 3721 3696 μετεώο

2149 3735 2243 3789 ρου
2280 3718 2443 3772 ποθὲν
2468 3717 2566 3788 τὴν
2620 3719 2804 3788 μάχην
2832 3719 3186 3784 σκέπτεσθαι,
3221 3719 3316 3770 καὶ
3352 3718 3716 3789 παρασημαί-

2145 3810 2349 3876 νεσθαι,
2370 3809 2460 3864 τοῦ
2481 3810 2616 3864 Θεοῦ
2656 3811 2853 3881 βελέων
2877 3811 3212 3882 ἀπερυκότος
3233 3811 3431 3880 ἐρωήν.
3465 3810 3719 3876 Ἀνθρω-

2147 3920 2247 3966 πος
2272 3902 2379 3972 γὰρ
2420 3901 2650 3966 ἐνδεθεὶς
2684 3901 2907 3970 τοιούτῳ
2931 3901 3110 3971 κακῷ,
3157 3900 3292 3971 πρὸς
3335 3898 3511 3969 ἑαυτῷ
3537 3899 3721 3966 ταμά-

2145 3993 2302 4047 λιστα
2326 3995 2417 4047 τὸν
2444 3993 2569 4046 νοῦν
2593 3992 2751 4062 ἔχων,
2800 3992 2902 4045 οὐκ
2931 3992 2998 4045 ἂν
3030 3991 3187 4061 σχοίη
3229 3989 3469 4061 ἀκριϐῶς
3515 3991 3574 4042 τὸ
3604 3993 3716 4042 πᾶν

2148 4086 2587 4155 συγγράφεσθαι,
2608 4085 2746 4156 πλὴν
2763 4087 2842 4148 είς
2862 4084 2960 4137 ὅσα
2985 4083 3052 4136 τὰ
3079 4083 3293 4154 καίρια,
3331 4077 3405 4136 ὧν
3428 4098 3485 4135 τε
3511 4081 3710 4152 ἔμαθε,

2145 4178 2243 4231 καὶ
2275 4172 2356 4238 οἷς
2385 4177 2547 4240 αὐτὸς
2584 4175 2934 4245 πολυτρόπως
2967 4173 3285 4241 ἐπέστησεν.

2217 4268 2287 4338 ιζ.
2327 4269 2517 4339 Ἧμεῖς
2541 4263 2635 4321 οῦν
2660 4267 2758 4336 τῆς
2787 4265 2884 4337 μὲν
2908 4265 3254 4336 ἀκροπόλεως
3279 4265 3604 4332 ἀπογνόντες
3626 4262 3718 4316 διὰ

2147 4360 2244 4432 τὴν
2273 4359 2371 4413 τοῦ
2413 4361 2588 4412 ἐκεῖσε
2623 4356 2813 4420 ὓδατος
2848 4356 3135 4427 ἐκδημίαν,
3167 4351 3234 4427 ἦς
3271 4356 3461 4424 όδηγὸς
3492 4358 3519 4409 6
3551 4371 3720 4424 στρα-

2147 4454 2312 4527 τηγὸς
2352 4453 2567 4520 γέγονε,
2621 4451 2715 4502 καὶ
2757 4450 2855 4521 τὴν
2902 4449 3210 4517 ἀναγκαίαν
3264 4448 3599 4516 ἀποσκευὴν,
3645 4447 3716 4518 ἢν

2147 4541 2680 4616 προεμηθευσάμεθα
2699 4541 2855 4612 ἡμῶν
2871 4557 2928 4594 τε
2949 4541 3128 4594 αὐτῶν
3147 4541 3308 4610 χάριν
3336 4542 3431 4592 καὶ
3459 4538 3567 4590 τῶν
3585 4537 3718 4606 περὶ

551 4634 662 4703 jam
692 4633 896 4686 dictum
925 4638 1027 4693 est,
1052 4627 1200 4681 nullo
1249 4624 1410 4679 modo
1450 4599 1777 4677 curabamus
1805 4620 1873 4676 de
1908 4619 2034 4690 fuga

2143 4599 2754 4710 ἡξλᾶς.δίανειμαμενοί,
2783 4633 2859 4695 ὡς
2898 4633 2996 4686 καὶ
3025 4599 3475 4703 προπέςρρασται,
3517 4599 3718 4697 μερίμ-

472 4726 528 4780 in
550 4731 796 4779 sanctum
822 4714 1224 4789 Myroblytaau)
1248 4715 1557 4783 sepulcrum
1581 4725 1682 4766 nec
1705 4711 1757 4765 in
1792 4709 1898 4765 alia
1917 4710 2036 4764 loca

431 4792 443 4888 ἶ
473 4830 628 4872 sacra
664 4817 797 4883 (non
830 4810 978 4869 enim
1009 4810 1212 4864 latebat
1239 4821 1361 4873 nos,
1384 4805 1660 4875 quomodo
1689 4819 1756 4859 ex
1782 4802 2037 4858 omnibus

471 4908 568 4980 qui
601 4908 654 4962 in
689 4907 778 4961 illa
810 4902 1194 4972 confugerant,
1229 4899 1416 4954 multis
1459 4899 1567 4952 vita
1614 4905 1800 4966 erepta
1843 4895 2039 4951 fuisset

474 4999 792 5056 vulneribus
841 5012 907 5052 ac
954 4992 1360 5062 suffocatione),
1413 4990 1671 5059 domique
1716 4995 2036 5052 manentes,

471 5092 762 5148 Psaltntsta
805 5090 897 5160 qui
933 5097 1121 5143 cantat
1161 5104 1180 5140 ι
1218 5087 1464 5140 viventes
1508 5090 1696 5139 sancto
1741 5085 1973 5148 servire,
2010 5098 2032 5133 ι

473 5194 726 5252 aspectus
753 5190 806 5237 et
833 5179 1052 5235 auditus
1077 5177 1344 5231 malorum
1371 5176 1490 5232 sine
1512 5190 1766 5242 numero,
1799 5173 2040 5229 admira-

475 5277 624 5329 tione
676 5288 776 5327 nos
833 5271 1084 5333 vincunt,
1142 5269 1416 5340 quomodo
1477 5265 1802 5330 restitimus,
1855 5275 2040 5320 extre-

477 5380 621 5418 mam
667 5364 910 5426 barbam,
938 5362 1187 5427 utaiunt,
1220 5360 1498 5422 vellentes,
1531 5356 1877 5426 procedimus
1900 5356 2041 5410 inter

474 5457 620 5510 mille
675 5453 883 5525 gladios
947 5453 1226 5507 districtos
1282 5449 1721 5520 crepitantesque
1781 5446 2042 5516 quemad-

473 5551 692 5606 modum
727 5561 948 5616 campus
1017 5545 1184 5615 spicis
1251 5544 1536 5612 frequens;
1593 5541 1856 5611 propulsi,
1916 5555 2040 5608 per-

472 5641 621 5696 cussi
667 5639 882 5707 pugnis,
919 5635 1265 5690 contumeliis
1305 5633 1479 5690 allecti
1516 5634 1704 5701 quales
1737 5631 1910 5685 nescit
1945 5631 2040 5682 ho-

472 5733 678 5786 minum
728 5729 1209 5794 mos,salutarem
1283 5730 1588 5798 passionem
1655 5727 1767 5780 haec
1827 5722 2041 5793 judica-

539 5845 620 5916 (l)
659 5845 930 5902 Demetrii.

2141 4746 2238 4799 νης
2264 4729 2323 4780 δέ
2354 4727 2571 4797 θέμενοι
2599 4723 2704 4788 ἐξω
2734 4724 2828 4777 καὶ
2857 4723 2957 4793 τὴν
2988 4724 3064 4786 είς
3097 4723 3186 4776 τὸν
3220 4722 3376 4789 ἅγιον
3404 4721 3572 4788 τάφον
3617 4717 3712 4771 τοῦ

2137 4819 2492 4892 Μυροὸλύτου
2532 4814 2877 4888 καταφυγὴν,
2923 4814 3004 4868 ἐτι
3036 4815 3092 4868 δέ
3122 4817 3214 4868 καὶ
3235 4815 3331 4885 τὴν
3373 4813 3453 4876 εἰς
3495 4813 3716 4882 ἐτέρους

2140 4914 2315 4976 θείους
2345 4910 2506 4974 ναοὺς
2541 4907 2622 4980 (οὒ
2655 4908 2763 4978 γὰρ
2787 4906 3059 4977 δήπουθεν
3098 4905 3392 4960 ἐλάνθανεν
3430 4904 3598 4974 ἡμᾶς,
3638 4902 3715 4967 ὡς

2139 5005 2356 5058 πάντων
2392 5003 2500 5055 τῶν
2534 5001 2848 5072 φευγόντων
2879 5002 2936 5053 ἐν
2968 5001 3078 5062 τοῖς
3119 4996 3386 5058 τοιούτοις
3418 4994 3716 5066 ρυῖσκομέ-

2142 5113 2268 5159 νων,
2301 5093 2485 5146 πολλοὶ
2522 5090 3008 5163 παρασυρήσονται
3037 5089 3131 5142 τοῦ
3167 5089 3266 5158 ζῇν
3301 5087 3584 5157 ὠθισμοῖς,
3614 5087 3714 5140 καὶ

2139 5188 2251 5250 τοῖς
2281 5184 2532 5238 ἐντεῦθεν
2577 5184 2884 5252 πνιγμοῖς),
2925 5181 3021 5235 καὶ
3050 5180 3128 5250 τῷ
3173 5181 3307 5250 οἴκῳ
3340 5179 3715 5249 παραμείναν-

2139 5295 2253 5342 τες,
2283 5278 2341 5341 ὃς
2387 5275 2705 5346 περιᾲδεται
2751 5272 2931 5338 ζῶντα
2972 5270 3364 5342 ἐκθεραπεύειν
3393 5270 3484 5321 τὸν
3517 5268 3708 5335 ἅγιον,

2141 5369 2434 5425 καὶπολλὰ
2463 5369 2557 5420 καὶ
2591 5366 2762 5435 μυρία
2802 5368 2946 5418 κακὰ.
2973 5365 3066 5417 καὶ
3110 5363 3430 5431 τεθεαμένοι
3465 5363 3559 5413 καὶ
3613 5378 3711 5412 πε-

2142 5459 2420 5520 πονθότες,
2451 5455 2536 5525 ἐφ’
2568 5451 2649 5517 οἷς
2681 5454 2867 5524 θαῦμα
2936 5455 3205 5524 περίεισιν
3236 5454 3409 5522 ἡμᾶς,
3439 5453 3587 5513 ὅπως
3623 5453 3716 5503 ἀν-

2142 5552 2426 5618 τέσχομεν,
2456 5547 2607 5609 τέλος
2628 5546 2720 5599 τοῦ
2753 5547 3035 5614 πώγωνος,
3069 5546 3096 5599 ὅ
3122 5562 3307 5615 φασιν,
3335 5543 3713 5606 ἐλκυσθέντες,

2145 5642 2472 5710 ἀπηγόμεθα
2539 5638 2626 5692 διὰ
2672 5638 2842 5704 ξιφῶν
2889 5638 3097 5707 μυρίων
3145 5635 3574 5705 ἀνατεινομένων
3621 5636 3716 5686 καὶ

2145 5735 2482 5805 φρισσόντων
2501 5732 2544 5782 ὼ
2556 5734 2629 5783 ³εὲ
2649 5731 2743 5782 καὶ
2758 5729 2928 5799 λήϊον,
2948 5728 3373 5799 πεπυκνωμένον
3391 5725 3714 5795 ἀσταχύεσι·
