3968 6574
238 398 300 460 97
1026 399 1122 460 DE
1160 401 1732 464 TllESSALONlCA
1774 403 1980 464 URBE
2013 403 2061 462 A
2090 402 2399 463 LATINIS
2437 401 2695 464 CAPTA.
3414 409 3488 472 98

243 514 326 565 καὶ
351 508 662 581 ὠθούμενοι
699 511 800 584 μὲν
848 513 942 568 καὶ
972 516 1429 586 κονδυλιζόμενοι,
1477 517 1571 570 καὶ
1615 516 1804 587 ὕϐρεις

1935 531 2046 581 nus,
2075 525 2128 572 et
2160 526 2217 571 ut
2251 516 2305 570 in
2353 515 2472 572 istis
2517 517 2692 572 simus
2734 517 3130 586 supplicantes.
3165 517 3301 575 Cum
3354 537 3490 576 vero

240 604 291 655 ού
322 602 416 664 τὰς
446 603 503 655 ὲν
533 601 647 655 ἔθει
673 604 1058 673 μανθάνοντες,
1087 609 1356 678 μακάριον
1386 606 1448 660 τὸ
1467 609 1641 670 πάθος
1663 607 1810 678 ἐκρί-

240 711 416 762 ναμεν,
445 694 744 765 εὐχόμενοι
778 697 836 748 ὲν
868 697 1156 762 ,τοιούτοις
1201 691 1362 754 εἷναι.
1426 699 1559 752 Ὀτε
1598 699 1654 752 δὲ
1717 698 1810 751 καὶ

243 785 416 855 σπάθη
446 787 578 839 καθ’
605 788 766 858 ήμῶν
813 789 1132 859 ἑγαυροῦτο,
1160 791 1256 844 καὶ
1300 792 1600 864 παραξιφὶς
1645 792 1812 844 ἐπλα-

240 877 444 946 γίαζεν,
482 877 561 940 ὡς
600 880 682 942 είς
726 879 1011 948 σπλάγχνα
1047 879 1315 951 βάψουσα,
1363 883 1456 935 καὶ
1497 882 1720 952 δοράτια
1744 882 1812 934 τὰ

247 969 335 1039 μὲν
383 970 561 1037 ἔνθεν,
609 973 677 1025 τὰ
723 971 768 1024 δ’
821 957 1030 1026 ἐκεῖθεν
1067 975 1176 1028 τῶν
1226 976 1477 1045 πλευρῶν
1522 974 1812 1029 εὖθύνοντο

244 1063 634 1131 ἁπειλητικῶς,
684 1063 800 1117 ἀλλ’
851 1064 1088 1118 ἐνταῦθα
1119 1067 1273 1136 εὐχαὶ
1306 1069 1401 1120 καὶ
1449 1067 1610 1133 μόναι
1659 1067 1816 1122 ἀντέ-

244 1170 474 1222 πραττον
499 1153 704 1212 βύθιαι.
730 1157 1090 1226 Προενεγκείν
1111 1159 1220 1230 γὰρ
1237 1158 1406 1223 αὑτὰς
1429 1161 1543 1222 πῶς
1573 1176 1702 1212 ποτε
1720 1154 1808 1230 ἦν;

307 1245 416 1308 ιιαο.
465 1244 576 1296 Καὶ
623 1244 728 1306 ἕως
773 1245 871 1314 μὲν
919 1247 1014 1298 καὶ
1053 1247 1148 1299 τοῦ
1184 1247 1461 1300 πολιτικοῦ
1509 1249 1630 1301 καθ’
1666 1249 1812 1317 ἡμᾶς

244 1334 583 1403 ἱπποδρόμου
610 1336 831 1406 τοιαύτη
860 1337 1100 1400 διάθεσις
1128 1340 1273 1409 ἡμᾶς
1301 1337 1544 1392 εὖθυνεν.
1587 1339 1732 1392 Ἐκεῖ
1756 1339 1813 1393 δὲ

237 1427 324 1479 τὸν
360 1427 466 1496 ήδη
503 1428 844 1480 ἀποτεθέντα
876 1431 954 1491 εἰς
985 1431 1207 1501 μνήμην
1242 1431 1504 1500 Σιφάντον
1535 1431 1809 1501 εὑρόντες,

239 1515 466 1570 εὔιππον
497 1517 790 1586 ἑστηκότα,
831 1520 970 1587 μετά
992 1536 1054 1588 γε
1079 1521 1171 1573 κει)⁵
1196 1520 1288 1574 τοῦ
1315 1521 1690 1593 Μαυροζώμη,
1719 1521 1813 1574 καὶ

241 1613 635 1681 σκεπτόμενον,
662 1617 714 1667 τί
738 1614 805 1668 ἂν
833 1616 967 1678 ἕλοι,
1000 1617 1472 1688 μεθειλκύσθημεν
1502 1618 1594 1671 ὑπ’
1621 1619 1811 1684 αὐτοῦ,

239 1704 382 1773 λόγῳ
412 1705 518 1774 μὲν
539 1706 618 1775 τῷ
645 1705 719 1775 μή
752 1708 844 1759 ἐπὶ
877 1706 1038 1760 πλέον
1067 1708 1235 1762 κόπον
1264 1713 1412 1780 σχεῖν
1441 1711 1529 1763 τὸν
1564 1711 1816 1782 ἀρχιεπί-

241 1811 464 1859 σκοπον,
491 1796 708 1866 ἀληθῶς
735 1798 814 1862 δὲ,
843 1798 930 1851 ἵνα
956 1799 1225 1870 δευτέρων
1255 1803 1511 1871 χειρόνων
1543 1802 1816 1874 πειρασώ-

1917 607 2167 664 acinaces
2219 607 2508 662 adversum
2560 624 2658 663 nos
2702 613 2919 664 saeviret
2975 610 3300 680 gladiusque
3371 624 3490 667 tru-

1915 696 2144 762 cidaret,
2200 698 2344 752 sicut
2381 699 2432 751 iu
2490 698 2793 753 visceribus
2848 714 2906 753 se
2963 700 3266 766 abluentes,
3305 701 3488 772 jacula

1918 787 2044 843 hinc
2099 799 2152 843 et
2205 789 2357 842 illinc
2389 789 2650 843 adversus
2697 790 2865 843 latera
2899 791 3274 860 dirigebantur
3319 799 3495 847 mina-

1917 882 2085 947 citer;
2121 890 2358 949 tuncque
2393 895 2581 949 preces
2623 889 2833 935 tantum
2866 883 3097 938 humiles
3137 887 3493 955 avertebant;

1917 980 1972 1026 at
2004 973 2279 1042 quomodo
2310 984 2440 1027 tunc
2467 973 2748 1042 deprecari
2779 977 3141 1044 poteramus?

1991 1233 2079 1307 9i.
2122 1232 2188 1288 Et
2226 1235 2341 1292 haec
2372 1251 2544 1308 usque
2573 1241 2638 1292 ad
2675 1238 3100 1310 llippodromum
3134 1245 3496 1314 procedentes

1917 1323 2064 1395 passi
2100 1341 2313 1382 sumus.
2350 1326 2505 1384 Tunc
2557 1346 2682 1384 cum
2733 1334 3134 1390 invenissemus
3185 1353 3308 1392 cum
3346 1338 3499 1392 Mau-

1917 1431 2141 1471 rozoma
2195 1419 2545 1489 Siphantum,
2599 1428 2692 1492 qui
2747 1424 2863 1496 jam
2924 1426 2976 1481 in
3035 1431 3356 1484 memoriam
3408 1448 3500 1486 reo

1918 1520 2148 1567 vocatus
2197 1523 2303 1580 est,
2365 1515 2420 1568 in
2497 1531 2638 1586 equo
2685 1529 2956 1588 stantem,
3032 1535 3196 1592 atque
3256 1528 3500 1580 circum-

1918 1603 2240 1672 spicientem
2297 1607 2430 1676 quid
2489 1607 2673 1663 facere
2737 1611 2980 1680 deberet,
3030 1615 3252 1670 abducti
3307 1632 3504 1672 sumus

1923 1696 1988 1749 ab
2021 1711 2103 1760 eo,
2140 1697 2305 1752 verbo
2349 1697 2569 1768 quidem
2614 1699 2742 1754 dato
2779 1717 2846 1756 ne
2889 1705 3336 1776 archiepiscopus
3383 1725 3501 1760 am-

1920 1787 2064 1855 plius
2108 1796 2406 1857 pateretur,
2465 1804 2654 1844 revera
2720 1801 2902 1847 autem
2945 1804 3002 1848 ut
3045 1810 3184 1850 nova
3217 1800 3498 1868 prioribus

243 1886 403 1953 μεθα.
440 1886 632 1957 Βραχὺ
669 1890 783 1959 γάρ
836 1890 1017 1944 ἐκεῖσε
1063 1891 1132 1945 τὰ
1161 1892 1364 1961 γόνατα
1413 1894 1733 1964 κάμψαντες
1763 1895 1818 1949 ἓν

1935 1881 2108 1950 pejora
2153 1882 2553 1952 experiremur.
2590 1883 2748 1940 Brevi
2795 1888 2940 1941 enim
2987 1903 3163 1959 genua
3211 1891 3494 1946 ﬂectentes

239 1994 343 2032 τινι
375 1980 768 2054 μικροκαλύόῃ
797 1984 894 2036 καὶ
915 1983 1082 2054 ξηροῦ
1115 1984 1282 2054 ἄρτου
1307 1986 1694 2050 ἀποδακόντες,
1731 1988 1818 2039 ἵνα

241 2068 430 2132 ὓδατος
462 2072 799 2142 ἑμπιώμεθα
830 2071 921 2144 (ἦν
949 2075 1058 2144 γὰρ
1077 2078 1110 2146 ή
1135 2077 1332 2146 καρδία
1362 2079 1519 2147 ήμῶν
1553 2080 1818 2148 καιομέιη

239 2164 296 2214 ἐν
323 2163 479 2234 ἡμῖν,
511 2163 588 2227 ὡς
637 2165 733 2218 καὶ
775 2169 954 2220 πάντα
998 2169 1065 2221 τὰ
1111 2169 1306 2238 ἐντὸς),
1339 2165 1458 2222 εἶτα
1489 2171 1630 2224 κατὰ
1655 2172 1820 2242 τιμὴν

247 2257 481 2325 μυαρίου
514 2259 902 2324 κελευσθέντες
927 2260 1208 2329 ἐπιϐῆναι,
1231 2262 1332 2333 (μὴ
1359 2263 1467 2334 γὰρ
1493 2263 1554 2316 οὺ
1577 2265 1820 2318 τοιοῦτον

245 2353 421 2402 ἐκεῖνο
459 2351 527 2405 τὸ
586 2353 968 2425 ίππαρίδιονς)
1008 2357 1327 2422 πεισθέντες
1353 2359 1432 2429 τῷ
1479 2360 1818 2426 ὲπιτάξαντι,

241 2442 335 2494 καὶ
371 2443 738 2508 ἀνατιθέντες
778 2449 856 2510 τίς
887 2449 1084 2515 ἐκεῖνο,
1133 2450 1402 2518 ἠγόμεθα,
1448 2451 1580 2505 ἔνθα
1607 2452 1668 2504 τὸ
1697 2453 1824 2506 ναύ-

247 2534 511 2600 σταθμον,
551 2539 695 2605 μετὰ
738 2540 832 2592 καὶ
857 2540 1106 2609 γωρυτοῦ
1150 2541 1240 2594 καὶ
1281 2543 1579 2613 φαρέτρας,
1611 2545 1754 2614 άπερ
1784 2547 1818 2616 ή

245 2627 422 2689 eam;
458 2629 619 2698 ἔτυχε
656 2632 919 2700 φέρουσα.

313 2718 420 2787 ιιβν.
459 2721 528 2772 Ὠ
562 2739 655 2790 μοι
686 2725 792 2777 τῶν
821 2724 1075 2782 ἐντεῦθεν
1101 2726 1319 2782 κακῶνε
1362 2727 1457 2792 Ὠς
1485 2729 1593 2800 γὰρ
1629 2730 1704 2801 μὴ
1729 2732 1824 2802 ἅρ-

246 2810 529 2864 κεσάντων
561 2812 674 2866 τῶν
706 2817 938 2884 νεκρῶν,
970 2817 1038 2870 δι’
1069 2811 1144 2871 ὧν
1178 2816 1427 2881 πεζεύων
1459 2818 1668 2874 ὦδευσα
1703 2822 1826 2893 θερ-

251 2903 370 2970 μοῖς
399 2903 743 2972 άτμιζόντων
762 2907 983 2977 αἵμασι,
999 2909 1087 2962 διὰ
1112 2910 1344 2980 σωρείας
1365 2911 1568 2981 ἐτέρων
1589 2913 1824 2985 ἱππότης

247 2996 624 3067 περιηγόμην,
651 2991 726 3052 ὧν
750 2999 800 3051 oi
851 2999 1070 3064 πλείους
1113 3003 1558 3074 κατεστρωμένοι
1598 3008 1705 3074 πρὸ
1728 3005 1822 3060 τοῦ

245 3086 460 3156 τείχους
493 3089 712 3143 ἔκειντο
745 3091 888 3146 οὕτω
922 3095 1365 3164 πεπυκνωμένοι,
1391 3095 1466 3160 ὼς
1493 3097 1555 3150 τὸ
1586 3098 1824 3154 ἱππίδιον

246 3174 279 3244 ἢ
315 3176 395 3246 μὴ
418 3177 588 3248 ἔχειν,
609 3182 730 3234 ὅποι
763 3184 867 3251 γῆς
888 3184 1043 3254 θήσει
1067 3185 1226 3248 πόδα,
1251 3184 1284 3255 ἢ
1315 3185 1451 3239 ἀλλὰ
1482 3187 1684 3256 μεταξὺ
1712 3188 1823 3242 τῶν

1928 1971 1982 2024 in
2010 1970 2245 2040 quadam
2273 1988 2436 2042 parva
2461 1988 2585 2028 casa
2630 1977 2890 2033 sedentes
2945 1977 3264 2051 siceumque
3309 1999 3504 2052 panem

1926 2064 2334 2129 mordentes,ut
2374 2081 2569 2136 aquam
2597 2068 2906 2126 biberemus
2936 2075 3053 2144 (cor
3072 2075 3220 2129 enim
3254 2085 3505 2132 nostrum

1926 2156 2127 2210 ardens
2191 2167 2310 2211 erat
2373 2159 2428 2212 in
2488 2161 2651 2216 nobis
2705 2162 2853 2217 sicut
2908 2174 2962 2219 et
3017 2167 3124 2220 alia
3177 2167 3504 2241 interiora),

1927 2247 2123 2303 deinde
2164 2252 2469 2306 reverentia
2504 2253 2715 2309 ordinis
2750 2256 2964 2310 invitati
3004 2260 3070 2313 ad
3122 2263 3504 2316 conscenden-

1925 2339 2057 2393 dum
2090 2340 2298 2410 (nonne
2330 2342 2420 2397 hic
2448 2353 2567 2398 erat
2603 2345 2693 2400 ille
2723 2348 3028 2419 caballus?)
3050 2350 3266 2420 jubenti
3297 2367 3501 2422 parcu-

1927 2439 2041 2496 tes,
2086 2441 2251 2502 atque
2285 2433 2362 2488 illi
2415 2435 2716 2492 insidentes
2760 2438 3230 2511 ducebamurjam
3283 2443 3337 2498 in
3375 2445 3534 2514 por-'

1928 2532 2068 2590 tum,
2101 2524 2246 2579 inter
2276 2525 2567 2596 pharetras
2593 2544 2730 2599 quas
2771 2528 2912 2586 forte
2949 2533 3138 2587 carina
3168 2533 3396 2590 ferebat.

1997 2701 2087 2758 92.
2132 2700 2284 2756 Heu!
2324 2713 2458 2773 quot
2487 2714 2541 2760 et
2568 2714 2774 2775 quanta
2800 2707 2938 2762 mala
2981 2708 3182 2764 deinde
3226 2711 3508 2770 vidimus!

1927 2793 2096 2861 Quasi
2131 2809 2240 2848 non
2266 2804 2400 2852 satis
2456 2797 2688 2852 fuissent
2727 2801 2927 2853 mortui
2955 2817 3054 2871 per
3091 2818 3227 2873 quos
3264 2808 3514 2862 ambula-

1930 2901 2110 2941 veram
2135 2887 2321 2957 pedes,
2355 2889 2621 2959 sanguine
2643 2891 2823 2946 calido
2851 2891 3116 2959 initiante,
3144 2911 3286 2966 equo
3315 2913 3511 2953 occur-

1929 2979 2118 3032 rebam
2143 2980 2383 3036 aliorum
2423 2984 2659 3047 acervis,
2685 2998 2920 3053 quorum
2956 2986 3205 3054 plerique
3235 2999 3362 3044 ante
3393 3009 3516 3044 Illu-

1930 3086 2022 3126 ros
2070 3071 2332 3142 iacebant
2386 3084 2498 3128 tam
2556 3077 2714 3132 densi
2759 3086 2817 3130 ut
2859 3079 3108 3135 caballus
3141 3097 3248 3136 non
3286 3084 3516 3141 haberet
3621 3146 3628 3153 _

1930 3163 2020 3216 ubi
2040 3173 2269 3234 poneret
2303 3165 2500 3237 pedes,
2531 3168 2626 3223 sed
2651 3168 2789 3223 inter
2813 3169 3121 3226 anteriores
3167 3175 3332 3243 pedes
3375 3177 3514 3232 duos

244 3283 301 3321 τε
339 3246 627 3339 προσθίων
672 3246 849 3328 ποδιῦν
878 3246 972 3328 δύο
998 3276 1030 3347 ἧ
1075 3246 1222 3348 τρεῖς
1253 3246 1400 3348 ἐχειν
1430 3246 1822 3349 ὑποκειμένους

1935 3255 2009 3310 vel
2038 3265 2149 3313 tres
2213 3267 2461 3314 mortuos
2514 3259 2761 3315 haberet.
2809 3260 3048 3316 Diﬂieilis
3098 3262 3222 3335 fuga
3261 3280 3292 3320 e
3343 3270 3516 3336 portis

244 3364 502 3432 νεκρούς.
527 3364 640 3434 Τῆς
668 3365 724 3418 δὲ
747 3367 1036 3431 δυσκολίας
1067 3371 1167 3438 τῆς
1201 3370 1310 3422 τῶν
1343 3370 1530 3424 πυλῶν
1553 3372 1732 3436 ἐξόδου
1763 3375 1822 3427 ὲν

243 3451 390 3506 οὕτω
415 3456 640 3526 μυρίοις
676 3457 1127 3529 Ἀγριολατίνοις,
1153 3461 1246 3514 καὶ
1267 3461 1369 3516 ὅσα
1389 3461 1445 3514 δὲ
1477 3461 1582 3526 ἔξω
1603 3463 1710 3525 ἕως
1730 3464 1824 3518 καὶ

244 3549 321 3610 εις
346 3550 478 3612 τοὺς
508 3549 760 3620 λιμένας,
794 3550 906 3620 ἐγὼ
938 3553 1038 3620 μὲν
1065 3552 1364 3622 ἐδάκρυσα,
1403 3553 1499 3607 καὶ
1528 3554 1578 3606 οἱ
1604 3553 1829 3623 βλέπον-

243 3655 333 3702 τες
366 3640 710 3709 Χριστιανοί.
743 3642 859 3697 Οὐκ
896 3641 962 3695 ἂν
992 3643 1048 3696 δὲ
1081 3643 1222 3697 αὐτὰ
1251 3645 1580 3714 ἐκθήσομαι,
1617 3645 1701 3699 ἵνα
1725 3645 1822 3717 μὴ,

243 3732 302 3783 ὲν
332 3726 418 3794 οἷς
445 3732 760 3802 ὲπιτέμνειν
790 3733 978 3799 ἐθέλω,
1009 3735 1402 3805 περιττολογῶ.

322 3827 440 3890 κγ’.
471 3823 662 3877 Ταῦτα
691 3825 786 3877 καὶ⁸
823 3824 984 3893 μόνον
1019 3825 1488 3896 κεφαλαιώσομαι,
1519 3827 1602 3880 ὅτι
1634 3825 1830 3880 τέσσα-
1931 3871 1941 3877 .

252 3930 358 3982 ρας
377 3915 656 3983 χρυσίνων
673 3916 914 3985 χιλιάδας
933 3917 1216 3987 ἐγκρατῶς
1237 3915 1476 3988 ὲζητήθη
1486 3934 1605 3987 μεν,
1623 3918 1672 3972 οἱ
1693 3918 1829 3988 μηδὲ

249 4006 528 4076 ψαμμίων
551 4006 586 4076 ἥ
620 4007 742 4077 χοὸς
773 4007 974 4078 δράκα,
1005 4008 1038 4080 ἢ
1066 4009 1125 4061 τὸ
1157 4009 1622 4078 καθομιλούμενον
1654 4009 1829 4063 αἰελον

252 4101 352 4152 ἐπὶ
379 4099 652 4170 στόματος
679 4099 898 4170 ἔχοντες
930 4116 946 4132 ο
975 4101 1313 4164 ἀκούσαντες
1344 4102 1441 4155 καὶ
1472 4102 1629 4168 ὀλίγα
1658 4099 1830 4154 ταῦτα

251 4183 405 4242 εἶναι
434 4189 496 4253 ἐξ
515 4188 829 4259 ἀνθρώπου,
857 4191 916 4253 ὃς
941 4192 1382 4264 ἀρχιεπισκοπὴν
1411 4191 1684 4260 περιέπει,
1713 4208 1834 4246 κεν-

249 4282 494 4352 τιινάρια
514 4285 572 4344 ὲς
596 4281 792 4335 ἑκατὸν
816 4283 882 4351 (ὣ
903 4281 1133 4335 πλούτου
1154 4283 1195 4349 ι)
1229 4282 1380 4346 ἔτους
1412 4283 1641 4335 ἑκάστου
1666 4281 1834 4350 δωρο-

251 4370 536 4441 φοροῦσαν
565 4370 737 4440 αὐτῷ’
773 4371 867 4424 καὶ
898 4373 982 4424 ὃτι
1011 4373 1068 4424 ὲν
1101 4373 1168 4441 τῇ
1199 4370 1290 4424 τοῦ
1317 4369 1584 4440 Σιφάντου
1615 4367 1724 4439 νηῒ,
1755 4368 1832 4432 ὡς

249 4459 320 4534 ἦν
338 4463 648 4534 ἐγχωροῦν,
664 4463 1114 4534 ἀναπαυσάμενοι
1130 4465 1196 4534 τῇ
1214 4462 1516 4534 καραδοκίᾳ
1531 4461 1640 4515 τῶν
1660 4459 1830 4531 χιλιά-

1925 3345 2072 3402 inter
2124 3355 2204 3403 tot
2269 3349 2442 3403 millia
2495 3349 2761 3404 ferociam
2821 3350 3164 3419 Latinorum,
3219 3359 3516 3428 omniaque

1924 3450 2100 3506 usque
2139 3439 2208 3492 ad
2257 3447 2477 3509 portum
2539 3446 2646 3493 tam
2711 3441 2886 3502 tristia
2927 3442 3148 3496 luerunt
3193 3453 3248 3498 ut
3285 3463 3386 3517 ego
3431 3451 3509 3502 la.

1923 3541 2228 3598 erymarem
2260 3545 2324 3585 ac
2363 3540 2697 3601 spectatores
2726 3531 3043 3588 Christiani.
3066 3533 3193 3590 Haec
3241 3554 3370 3594 vero
3399 3557 3509 3596 non

1925 3632 2192 3684 eXponam
2240 3636 2310 3679 ne
2350 3637 2416 3677 ea
2456 3638 2577 3692 qua:
2619 3623 2938 3680 abbreviare
2977 3627 3097 3682 volo
3137 3629 3353 3702 longius
3381 3648 3516 3703 pro-

1928 3712 2168 3781 traham.

2000 3805 2091 3861 95.
2126 3807 2253 3862 Haec
2281 3812 2490 3862 tantum
2521 3809 2834 3865 summatim
2857 3811 3123 3879 dicemus,
3146 3816 3354 3871 scilicet
3377 3833 3515 3888 qua-.-

1931 3905 2056 3952 tuor
2105 3898 2344 3956 millibus
2396 3915 2685 3957 aureorum
2740 3905 2983 3973 praabere
3019 3907 3367 3976 jubebamur,
3415 3927 3514 3966 nos

1933 3991 2028 4060 qui
2068 4004 2172 4046 nec
2227 4005 2448 4046 arenam
2493 3994 2548 4048 in
2607 4010 2769 4049 manu
2803 4012 2905 4050 nec
2941 3999 3170 4053 salivam
3205 4002 3258 4054 in
3288 4017 3383 4057 Ore
3419 4005 3517 4056 ha-

1932 4081 2230 4148 bebamus;
2284 4096 2410 4137 cum
2479 4083 2881 4141 audivissemus
2937 4087 3115 4157 aliqua
3167 4105 3341 4160 pauca
3389 4110 3515 4148 esse

1932 4187 1995 4227 ex
2053 4173 2275 4228 homine
2319 4173 2413 4243 qui
2472 4174 3007 4246 archiepiscripatum
3061 4185 3354 4249 quotannis
3383 4187 3508 4240 obi-

1934 4263 2052 4330 bat,
2093 4279 2194 4320 nos
2225 4265 2332 4320 illis
2359 4266 2588 4322 daturos
2621 4278 2838 4322 centum
2866 4273 3264 4342 quinquaginta
3317 4291 3515 4332 aureos

1932 4359 1993 4427 _(o
2024 4355 2262 4410 divitiae!
2287 4356 2306 4425 )
2338 4358 2728 4426 promisimus;
2757 4359 2810 4412 in
2839 4361 2964 4414 navi
2993 4377 3209 4432 quoque
3237 4363 3513 4436 Siphanti,

1937 4449 2254 4511 utrlicebat,
2303 4449 2543 4521 quieturi
2594 4450 3002 4520 exspectatione
3043 4467 3337 4508 aureorum
3371 4474 3512 4526 quos

248 4554 383 4618 δων,
405 4555 473 4618 ἃς
500 4557 637 4625 ἡμῖν
664 4556 986 4626 ἐπέγραψαν
1013 4556 1062 4608 oi
1087 4555 1528 4625 μεγαλοπρεπεῖς
1552 4550 1826 4622 πειραταί·

1935 4541 2094 4596 nobis
2147 4543 2522 4612 ascripserunt
2586 4541 2862 4613 magniﬁci
2916 4544 3128 4614 piratae.
3181 4545 3306 4604 Haec
3355 4551 3513 4607 navis

251 4648 394 4717 αὐτή
411 4648 523 4718 γὰρ
541 4650 677 4718 ἡμῖν
694 4649 982 4718 κατάλυμα
999 4649 1217 4720 πρῶτον
1235 4647 1532 4718 εὐτυχήθη,
1549 4649 1832 4718 αἰχμαλώ-

252 4756 366 4792 των
393 4741 642 4809 γέμουσα
667 4742 807 4795 κατὰ
851 4742 948 4804 τὰς
977 4741 1171 4804 λοιπὰς
1215 4740 1459 4802 ἁπάσας’
1495 4739 1545 4792 οἳ
1586 4739 1680 4792 καὶ
1704 4741 1833 4807 γοᾶ-

256 4831 390 4886 σθαι
418 4833 568 4903 ἡμᾶς
599 4834 895 4902 όργῶντες,
927 4834 1059 4887 αὐτὸ
1096 4832 1194 4902 μὲν
1217 4835 1392 4884 ποιεῖν
1417 4832 1516 4884 οὐκ
1545 4826 1688 4902 εἶχον
1717 4831 1835 4884 τό).-

261 4941 398 4994 μαν,
426 4925 630 4978 ὼσίουν
659 4925 716 4978 δὲ
741 4926 802 4978 τὸ
825 4925 1019 4986 πένθος
1047 4928 1341 4994 προσώπου
1373 4924 1665 4994 συναγωγῇ
1698 4922 1835 4992 πρὸς

263 5015 733 5086 σκυθρωπότητα,
780 5017 877 5070 καὶ
921 5016 1173 5086 δυσωπία
1217 5014 1544 5085 εκθλιϐούσῃ
1597 5014 1831 5084 δάκρυα,

256 5109 470 5174 ῥποίοις
497 5110 594 5162 καὶ
618 5110 808 5178 ἡμεῖς,
832 5112 860 5162 ὁ
891 5109 1012 5162 κατ’
1039 5107 1282 5171 ἐκείνους
1314 5107 1585 5176 δυστυχὴς
1616 5107 1833 5175 φόρτος,

258 5201 466 5264 αὐτοὺς
513 5200 882 5271 ἠμειὸόμεθα.
933 5201 1068 5255 Οὐδὲ
1113 5202 1224 5270 γὰρ
1269 5199 1392 5253 οὐδὲ
1444 5199 1836 5268 προσφωνῆσαι

261 5291 416 5354 ἐξῆν.

326 5308 416 5360 ην.

348 5384 450 5449 ιιδο.
493 5384 586 5439 Ἐν
627 5383 811 5437 τοίνυν
840 5383 910 5452 τῇ
938 5379 1161 5450 τοιαύτῃ
1188 5378 1276 5449 νηῒ
1306 5377 1428 5432 τότε
1456 5376 1842 5431 καταπαύσαν-

259 5496 383 5544 τες,
415 5479 481 5546 τῇ
519 5474 787 5544 ἐπαύριον
825 5472 967 5545 μετὰ
997 5472 1161 5541 τιμῆς
1191 5470 1381 5540 ὁμοίας
1410 5467 1730 5539 ἀνήχθημεν
1760 5470 1840 5531 είς

264 5573 365 5626 τδν
392 5569 683 5639 Κομνηνδν
715 5566 973 5633 ’Δλέξιονο
1009 5563 1138 5617 ἔνθα
1167 5563 1308 5632 θῆρα
1333 5563 1714 5632 είκονομάχον,
1746 5561 1842 5612 Γε-

270 5662 504 5732 λίελμόν
524 5675 670 5726 τινα,
704 5659 764 5720 ὃς
795 5659 860 5709 ἐκ
891 5655 988 5726 τῆς
1015 5655 1268 5710 Νικαέων
1289 5652 1470 5723 διέδρα
1499 5652 1590 5705 τδν
1631 5649 1844 5720 Ἀνδρό-

269 5771 450 5820 νικον,
489 5753 520 5806 ό
549 5753 715 5815 τόπος
743 5751 876 5819 ἡμῖν
921 5746 1202 5816 ἐξέφηνεν,
1234 5743 1424 5814 ἄγριον
1473 5743 1698 5802 ἐκεῖνον,
1748 5739 1844 5793 καὶ

268 5843 393 5904 οἷον
445 5844 736 5910 θανατοῦν,
790 5838 1137 5914 καὶεπροτοῦ
1189 5837 1476 5909 ἐμφαγεῖν*
1528 5834 1586 5897 ὃς
1631 5829 1721 5886 οἷά
1763 5848 1844 5893 τις

1935 4634 2075 4688 enim
2113 4632 2216 4688 fuit
2270 4635 2429 4689 nobis
2480 4637 2716 4706 primum
2759 4635 2959 4690 bonum
3005 4635 3302 4708 hospitium
3365 4642 3515 4696 omni

1935 4735 2131 4780 caetero
2163 4727 2340 4796 spatio
2378 4713 2608 4796 captivis
2651 4727 2895 4796 repleto;
2931 4737 2988 4782 ut
3017 4744 3117 4784 nos
3151 4733 3517 4800 querebamur

1934 4818 1991 4882 hi
2027 4818 2180 4872 valde
2211 4819 2528 4886 cupiebant,
2588 4818 2690 4872 hoc
2732 4819 2918 4874 facere
2950 4835 3058 4874 non
3091 4822 3393 4888 audentes;
3428 4833 3511 4879 tc-

1936 4914 2226 4968 stabantur
2257 4929 2386 4968 vero
2436 4913 2640 4966 luctum
2696 4928 2857 4967 suum
2912 4913 3289 4968 contractione
3335 4915 3514 4969 vultus

1937 5006 2309 5061 morositatem
2365 5004 2662 5068 iudicante,
2724 5003 3055 5058 demissioue
3103 5004 3386 5058 oculorum
3427 5005 3511 5057 la-

1943 5113 2160 5170 crymas
2189 5098 2422 5164 velante,
2441 5097 2494 5150 in
2515 5096 2712 5166 quibus
2739 5105 2792 5150 et
2816 5111 2940 5162 nos,
2972 5094 3185 5150 illorum
3221 5095 3513 5150 infortunii

1940 5191 2104 5254 socii,
2139 5188 2275 5256 {illos
2316 5189 2690 5242 imitabantur.
2723 5187 2882 5242 Nullo
2926 5187 3085 5241 modo
3122 5187 3267 5242 enim
3315 5188 3517 5242 licebat

1943 5279 2120 5352 palam
2147 5281 2430 5349 conqueri.
3027 5353 3032 5356 _

2016 5373 2104 5427 94.
2144 5371 2200 5426 lu
2265 5372 2366 5426 hac
2430 5386 2560 5444 ergo
2612 5371 2737 5426 navi
2783 5386 2906 5424 cum
2953 5369 3378 5440 quievissemus,
3423 5368 3514 5422 die

1945 5474 2160 5535 postera
2185 5464 2250 5517 ad
2285 5463 2624 5519 Comnenum
2653 5464 2900 5516 Alcxium
2946 5463 3248 5518 honoriﬁce
3296 5459 3518 5512 adducti

1944 5571 2157 5620 sumus,
2216 5554 2306 5609 ubi
2362 5556 2652 5624 quemdam
2709 5553 3036 5607 Gulielmum
3072 5592 3087 5616 ,
3144 5551 3516 5608 iconoclasten

1944 5648 2180 5702 ferocem
2236 5646 2454 5701 obvium
2525 5646 2818 5700 habuimus
2875 5643 3227 5697 meditantem
3289 5638 3384 5709 qui
3428 5636 3524 5693 Ni-

1945 5751 2055 5792 caea
2113 5737 2487 5792 Andronicum
2547 5737 2882 5800 deseruerat,
2930 5730 3206 5802 quomodo
3251 5727 3525 5786 interﬁce-

1949 5839 2031 5890 ret
2061 5838 2222 5901 atque
2282 5829 2352 5886 ad
2396 5829 2770 5887 devorandum
2831 5835 3104 5896 paratum.
3139 5823 3347 5881 Similis
3403 5829 3526 5882 erat
