3906 6622
414 411 517 476 103
1158 417 1576 478 EUSTATIIII
1615 417 2370 482 THESSALONICENSIS
2407 356 2974 482 METROPOIJTMS
3569 421 3667 486 1M

405 531 526 582 tino
575 543 706 583 vero
745 529 1028 582 rari-edebat
1087 532 1437 601 gannicndo;
1475 540 1698 588 noverat
1735 533 1880 588 enim
1913 547 2009 595 ex,

2157 536 2281 588 καθ’
2327 537 2475 606 ἡμᾶς
2509 537 2665 599 πόλις
2715 538 3029 592 ἑσπάνισεν.
3098 534 3165 589 Et
3208 550 3261 587 τι
3293 533 3350 587 δέ
3409 551 3513 587 που
3575 545 3666 595 καὶ

405 619 515 675 illis
543 621 635 690 qui
664 622 1010 679 maliessent.
1045 621 1170 676 Erat
1193 635 1372 678 autem
1413 625 1555 680 fama
1595 639 1787 694 sparsa
1822 634 1884 680 ut
1909 625 1981 682 de

2124 624 2494 694 τεριλέλειπςο,
2546 626 2740 696 ἀνδρός
2794 625 2898 695 μὲν
2977 626 3254 693 Ῥωμαίου
3323 626 3668 680 κατεϐάῦσεν

405 712 553 767 ranis
578 715 885 769 tacentibus
935 715 987 768 in
1049 714 1298 784 Seripho,
1330 717 1506 785 deque
1531 717 1980 786 hujusmodiqui-

2127 734 2154 768 ν
2186 717 2281 769 καὶ
2301 719 2610 789 κατέδραμε
2631 733 2649 751 ο
2691 719 2906 789 Λατίνῳ
2927 719 2985 773 δέ
3011 719 3348 788 ὑπεξεχωρει
3384 719 3666 788 κνυζὼμεο

408 803 638 859 busdam
662 806 864 860 cicadis
882 804 1064 871 Italiae,
1088 809 1158 860 ita
1183 807 1322 877 apud
1343 823 1444 862 nos
1457 808 1522 861 de
1540 807 1768 864 canibus
1785 808 1972 863 mutis.

2124 823 2191 858 ον.
2226 807 2492 876 Κατέγνω
2519 809 2590 875 γά
2599 825 2630 874 ρ
2645 811 2740 860 καὶ
2763 807 2830 860 τὰ
2855 806 3076 860 τοιαῦτα
3100 801 3155 860 οἷ
3177 800 3526 873 κακοῦεῆσαν.
3562 803 3669 858 Καὶ

411 894 526 967 εῐχε
581 900 1054 970 παροιμιάσασθαὶ
1111 920 1195 966 τις
1243 903 1364 955 τότε
1403 903 1542 956 κατά
1581 903 1706 965 τοὺς
1757 903 1814 956 ἐν
1847 903 2064 974 Σερίφῳ
2099 903 2370 971 σιγῶντας
2421 903 2726 974 βατράχους
2776 901 2872 957 καί
2924 918 3076 965 τινας
3119 899 3392 961 τοιούτους
3435 897 3670 962 Ἰταλοὺς

412 996 687 1065 τέττιγας,
722 996 866 1052 οὕτω
902 1002 997 1054 καὶ
1025 999 1192 1062 κύνας
1217 1000 1470 1068 ἀφώνους
1490 1000 1619 1063 τοὺς
1649 1002 1780 1071 παρ’
1814 1002 1973 1071 ήμῖνι

485 1094 576 1149 99.
611 1093 956 1164 Direptiones
995 1112 1089 1163 per
1117 1095 1232 1151 vias
1264 1105 1319 1151 et
1347 1097 1539 1153 domos
1559 1097 1614 1151 in
1654 1113 1854 1152 novum
1882 1110 1997 1150 mo—

413 1186 540 1238 dum
572 1179 761 1255 prtelii.
786 1202 892 1240 non
914 1203 1042 1240 vero
1065 1189 1260 1242 bonam
1287 1189 1600 1254 patientiam
1630 1189 1827 1244 referet
1845 1189 1995 1259 quis;

411 1289 465 1332 at
493 1279 688 1348 templa
711 1279 894 1334 divina
917 1279 1105 1334 violari
1135 1281 1235 1336 hoc
1263 1280 1444 1334 divina
1471 1297 1650 1351 pugna
1682 1282 1830 1336 brevi
1849 1281 1998 1349 judi-

412 1369 650 1423 cahitur.
682 1369 786 1423 Alii
810 1381 928 1439 post
960 1373 1095 1426 alios
1124 1382 1406 1428 currentes
1433 1373 1874 1437 barbari,umnis
1906 1388 2000 1443 ge-

418 1463 566 1516 neris
595 1464 796 1517 malum
838 1465 1111 1520 faciebant
1154 1475 1318 1535 atque
1375 1466 1429 1520 in
1485 1465 1782 1522 vindictam
1828 1464 1995 1520 Deum

419 1556 806 1621 provocabant.
846 1554 1016 1620 Quam
1047 1556 1268 1610 .multos
1326 1557 1471 1611 viros
1507 1571 1715 1620 sacros,
1757 1556 2001 1610 vestibus

419 1646 592 1700 sacris
626 1647 785 1714 quasi
841 1646 1014 1700 lorica
1095 1648 1310 1704 indutos
1379 1647 1648 1702 feriebant
1699 1648 1986 1716 plerosque

420 1736 486 1788 ad
527 1746 780 1801 mortem,
815 1738 951 1793 alios
980 1739 1197 1807 quidem
1254 1740 1306 1793 in
1368 1740 1486 1809 ipso
1555 1740 1762 1809 pulpito
1814 1757 1993 1805 sacro,

418 1829 558 1884 alios
610 1843 740 1884 vero
789 1839 940 1885 extra
993 1833 1216 1901 templa,
1273 1847 1412 1900 quos
1472 1834 1610 1886 forte
1667 1833 2004 1887 invenissent

2168 1098 2274 1165 ἥθ’.
2319 1099 2428 1151 Καὶ
2460 1097 2738 1166 ἀμφόδους
2768 1095 2867 1165 μὲν
2891 1094 3326 1164 κατατρέχεσθαι
3355 1092 3450 1146 καὶ
3469 1091 3667 1157 οἰκίας,

2097 1194 2198 1244 οὐκ
2251 1187 2310 1244 εὖ
2367 1191 2600 1258 πάσχειν
2630 1189 2731 1241 οὐκ
2761 1190 2828 1242 ἂν
2881 1189 2962 1250 είς
2997 1189 3178 1257 μάχης
3235 1185 3663 1254 καινοπράγημα

2098 1285 2217 1354 θείη
2253 1302 2337 1348 τις
2357 1299 2371 1315 ο
2408 1285 2585 1346 θείους
2615 1283 2670 1336 δὲ
2699 1282 2862 1344 ναοὺς
2889 1279 3318 1352 τυραννιεῖσθαι,
3348 1279 3484 1331 ἀλλά
3507 1279 3667 1330 τοῦτο

2099 1378 2368 1449 θεομαχίςι
2397 1376 2623 1447 κρίνοιτ’
2663 1375 2727 1430 ἂν
2755 1376 3074 1444 ἀγχίθυρον.
3127 1373 3518 1443 Είστρέχοντες
3566 1373 3672 1439 γὰρ

2101 1474 2195 1526 καὶ
2220 1474 2300 1534 είς
2328 1471 2524 1534 αὐτοὺς
2564 1469 2829 1529 ἑκάστους
2856 1469 2907 1520 οί
2943 1465 3229 1537 βάρϐαροι,
3267 1465 3484 1517 ἐποίουν
3540 1465 3672 1516 ’τεάν⁶

2101 1565 2272 1624 δεινα,
2298 1569 2391 1615 καὶ
2419 1556 2505 1614 οἷα
2534 1561 2667 1614 Θεὸν
2698 1558 2965 1630 ἐρεθίζειν
2994 1561 3072 1621 εἰς
3097 1559 3329 1626 ἄμυναν.
3363 1557 3476 1609 Καὶ
3517 1555 3671 1617 ὅσους

2107 1657 2211 1724 μὲν
2280 1655 2460 1726 ἱεροὺς
2515 1653 2740 1722 ἄνδρας,
2801 1650 3316 1721 τεθωρακισμένους
3374 1641 3489 1700 οἷον
3550 1649 3665 1709 ταῖς

2101 1745 2431 1815 ἁγιωτέραις
2481 1743 2590 1796 τῶν
2623 1743 2847 1803 στολῶν,
2884 1740 3220 1794 κατέκοπτον
3275 1739 3402 1800 τοὺς
3459 1736 3668 1799 πλεὶους

2106 1841 2182 1900 είς
2203 1838 2452 1900 θάνατον,
2477 1839 2602 1900 τοὺς
2640 1838 2735 1905 μὲν
2765 1835 2850 1887 ἐπ’
2872 1834 3036 1887 αὑτοῦ
3063 1832 3157 1886 τοῦ
3190 1831 3375 1884 ἐνθέου
3408 1829 3669 1900 βήματος,

416 1935 600 1975 coram
636 1921 744 1977 Deo
764 1923 972 1988 sicarii,
1012 1938 1201 1978 omnes
1233 1925 1394 1978 etiam
1429 1924 1596 1979 laicos
1624 1937 1856 1993 quorum
1905 1939 2000 1978 ora

2124 1931 2230 1994 τοὺς
2268 1930 2324 1984 δὲ
2361 1933 2456 1985 καὶ
2488 1930 2662 1992 ἐκτὸς,
2715 1930 2838 1982 ὅποι
2894 1926 3031 1996 τύχῃ
3087 1924 3301 1994 εὕροιεν
3334 1925 3382 1976 οἱ
3412 1923 3667 1991 φονευταὶ

419 2012 752 2067 resonabant
778 2028 932 2079 voce,
961 2032 979 2066 ι
1017 2015 1205 2084 Kyrie,
1227 2015 1431 2069 eleison
1466 2033 1484 2067 ι
1523 2015 1832 2083 plectebant
1853 2014 2008 2083 capio

423 2102 574 2158 tibus
602 2103 896 2172 quaerendo
933 2105 1143 2160 ironice
1163 2105 1288 2176 quid
1315 2114 1460 2161 esset
1497 2125 1514 2157 ι
1539 2107 1706 2178 Kyrie
1733 2107 1956 2168 eleismt,
1981 2122 1999 2156 ι

421 2206 488 2244 ne
523 2193 770 2248 ridendo.
801 2193 1053 2250 Mulieres
1101 2196 1442 2251 venerabiles
1493 2197 1547 2250 in
1601 2197 1816 2265 templis
1859 2195 2009 2263 depi-

422 2291 526 2337 σιω
558 2283 625 2336 ad
682 2283 1038 2348 salacitatem,
1097 2284 1272 2353 deque
1317 2284 1565 2339 castitate
1598 2291 1827 2348 vexatae,
1867 2283 2010 2337 Ecce

420 2389 538 2439 eas,
581 2373 831 2444 legantur
875 2376 943 2428 de
975 2376 1178 2439 causis,
1208 2376 1326 2429 alia:
1365 2375 1710 2444 matrimonio
1754 2373 2005 2443 alligatm,

426 2465 547 2519 aliae
588 2442 659 2519 ob
689 2464 1050 2535 virginitatem
1111 2467 1218 2520 Deo
1245 2464 1457 2529 dicatas,
1494 2442 1616 2518 alia;
1648 2442 1866 2533 sponsae
1891 2461 2005 2515 Dei.

426 2555 487 2612 Si
532 2571 638 2611 ttna
681 2563 893 2612 tantum
946 2571 1012 2611 ex
1052 2557 1160 2611 illis
1195 2555 1602 2626 depingeretur,
1643 2554 1782 2610 forte
1827 2554 2010 2610 minus

425 2655 573 2702 esset
623 2646 849 2701 malum.
885 2645 1017 2711 Quae
1059 2655 1187 2700 sunt
1219 2660 1347 2700 vero
1375 2658 1695 2699 communes
1733 2643 1787 2697 in
1819 2642 2012 2711 hujus-

433 2735 602 2799 tnodi,
641 2735 942 2805 utquidam
968 2735 1196 2802 diceret,
1247 2749 1405 2800 anus,
1441 2748 1550 2789 non
1573 2733 1780 2788 luctum
1816 2732 2010 2788 condi-

431 2842 597 2897 gnum
627 2827 960 2882 invenirent.

505 3025 628 3083 100.
661 3024 762 3080 llic
802 3023 1008 3094 aliquid
1058 3023 1185 3078 boni
1233 3023 1300 3078 de
1329 3021 1582 3077 Barbaris
1639 3021 1770 3076 mihi
1825 3021 2012 3078 dicen-

433 3119 564 3174 dum
593 3129 700 3182 est,
744 3117 956 3173 scilicet
983 3117 1253 3186 quosdam
1287 3117 1338 3170 in
1375 3115 1500 3171 loca
1528 3129 1681 3171 saera
1717 3114 1916 3170 missos
1943 3113 2011 3167 ad

437 3209 904 3272 interﬁciendum,
976 3218 1131 3264 extra
1197 3209 1417 3278 quidem
1486 3208 1610 3263 illos
1681 3209 2008 3272 extraxisse,

434 3303 625 3372 sicque
660 3299 1022 3362 interfecisse.
1052 3301 1252 3355 malum
1285 3304 1356 3355 ita
1385 3301 1666 3356 lenientes.

504 3393 1156 3461 lOl.Sacrisillndentes,
1175 3403 1231 3448 et
1277 3393 1538 3465 imagines
1591 3404 1853 3462 augustas
1876 3411 2014 3466 pra:-

434 3489 712 3552 tentlentia
743 3489 1131 3553 dilacerantes,
1169 3501 1512 3556 quaecunque
1546 3487 1600 3541 in
1629 3502 1690 3541 se
1721 3488 2010 3542 materiam

437 3585 735 3655 pretiosam
756 3599 866 3638 non
902 3581 1264 3646 includcntia,
1288 3582 1392 3636 alia
1414 3596 1544 3636 vero
1562 3582 1611 3634 vi
1633 3582 1904 3636 nudantes
1920 3595 2009 3636 or-

438 3677 712 3730 namentis
742 3678 1008 3745 ipsorum,
1039 3674 1347 3729 nescientes
1373 3682 1552 3729 autem
1572 3673 1687 3728 haec
1705 3689 1886 3743 agere,
1915 3687 2016 3727 no-

437 3770 540 3828 stri
567 3770 704 3824 bene
729 3767 1114 3830 meminerant,
1142 3780 1288 3820 nunc
1317 3773 1496 3820 autem
1521 3780 1646 3820 cum
1679 3767 1878 3831 sciant,
1905 3779 2013 3818 non

440 3868 730 3932 spernunt.
757 3857 1241 3926 Quomodo\enim
1283 3859 1511 3914 nudatos
1544 3859 1715 3913 fuisse
1767 3857 2014 3913 homines

438 3958 495 4011 in
551 3953 780 4009 ecclesia
843 3949 1106 4007 discendo
1165 3951 1345 4020 deque
1391 3967 1458 4006 eo
1514 3951 1770 4012 dolendo,
1820 3965 2012 4020 posses

442 4063 550 4100 non
613 4057 867 4112 rumpere
911 4042 1276 4106 stomachum,
1307 4041 1689 4110 spoliationem
1729 4054 2010 4094 sacrorum

440 4140 826 4194 thesaurorum
884 4131 1122 4189 sciens?
1176 4133 1390 4199 Quanta
1455 4134 1748 4187 tolerantia
1802 4132 1917 4196 Dei,
1965 4131 2011 4186 si

443 4229 768 4292 Barbarum,
825 4225 919 4294 qui
969 4239 1187 4280 sacrum
1246 4222 1762 4290 tormidandumque
1794 4221 2013 4276 thesau-

445 4338 564 4377 rum
600 4319 958 4383 concnlcavit,
991 4317 1232 4372 membra
1297 4316 1554 4386 genitalia
1592 4316 1811 4378 retexit,
1866 4314 2012 4368 min-

442 4414 632 4482 xitque
689 4413 962 4476 consulto,
1001 4409 1182 4463 vivere
1227 4407 1419 4462 siverit
1449 4401 2013 4460 incolumem?Vene-

443 4505 632 4559 renda:
668 4518 885 4566 cruces,
921 4501 1089 4556 robur
1143 4510 1412 4562 nostrum,
1442 4499 1651 4568 quibus
1687 4493 1856 4551 etiam
1889 4496 2013 4550 illu-

448 4605 641 4652 serunt
667 4596 832 4650 vestri
869 4593 1196 4648 violatores!
1243 4592 1312 4643 At
1359 4591 1531 4644 virtus
1579 4589 1762 4644 divina
1794 4602 1902 4642 non
1949 4603 2012 4643 ea

445 4695 531 4741 est
564 4701 686 4756 qua:
709 4685 1006 4754 aliquando
1043 4696 1148 4736 non
1189 4679 1540 4748 expergebat.

401 4885 405 4892 ·
459 4875 462 4878 ’
527 4867 649 4922 109..
695 4864 984 4932 Quomodo
1019 4862 1143 4932 quis
1182 4860 1270 4914 hic
1307 4866 1605 4929 exponeret
1642 4857 1781 4911 hanc
1806 4872 2024 4926 quoque

450 4962 784 5027 sncordiam,
829 4976 952 5014 cutn
1013 4955 1260 5012 effrenati
1320 4955 1371 5008 in
1432 4952 1696 5021 templum
1752 4952 2025 5004 irruerent

452 5055 798 5125 lampadibus
839 5051 1172 5124 crystallinis
1229 5047 1556 5110 lucentibus,
1601 5053 1857 5113 tanquam
1912 5059 2027 5094 ma-

450 5150 605 5213 tulis,
638 5148 779 5203 dicet
799 5145 1085 5215 tragoedia,
1121 5155 1355 5210 cumque
1382 5138 1664 5191 urinarum
1702 5136 1924 5189 vasibns
1965 5143 2024 5187 ut

455 5241 663 5314 poculis
698 5239 763 5294 ad
806 5235 1103 5292 bibendum
1139 5230 1463 5303 uterentur?
1495 5227 1630 5283 Cum
1657 5227 1800 5282 enim
1837 5229 1889 5280 in
1931 5242 2027 5296 pu-

455 5345 574 5390 teos
627 5332 841 5387 urinam
899 5328 1204 5383 vesicarum
1255 5338 1478 5380 suarum
1535 5322 1704 5375 ﬂuere
1748 5321 2022 5386 sivissent,

454 5425 652 5482 deinde
700 5423 1090 5480 exhaurientcs
1163 5417 1423 5474 biberunt
1475 5418 1614 5470 hanc
1684 5413 2022 5483 spurcitiam;

457 5519 668 5589 hocque
693 5518 890 5572 iterum
916 5523 1081 5582 atque
1110 5513 1330 5578 iterum,
1389 5523 1713 5579 semperque
1762 5505 2025 5561 circulum

457 5610 602 5666 hunc
646 5619 859 5678 turpem
892 5607 1189 5660 volventes-

533 5699 660 5756 103.
721 5699 789 5752 At
831 5697 962 5751 illud
1008 5695 1260 5764 jocosum
1297 5700 1438 5747 esset
1470 5690 1652 5759 aliquo
1677 5687 1836 5743 modo
1867 5687 2024 5742 addi-

457 5797 576 5845 tum
624 5790 867 5845 sermoni
895 5791 1049 5842 velut
1079 5787 1165 5840 hic
1195 5802 1209 5850 ς
1239 5800 1359 5850 qua}
1386 5797 1514 5838 vero
1543 5782 1792 5852 superius
1819 5781 2023 5848 scripta

458 5889 606 5947 sunt,
659 5882 769 5936 hmc
820 5881 1092 5950 lacrytnas
1150 5877 1467 5933 innumeras
1527 5880 1828 5941 merentur,
1852 5857 2024 5943 quale

2110 2023 2373 2088 ἐνστάτας
2407 2023 2561 2094 παρὰ
2594 2021 2714 2092 Θεῷ
2741 2039 2754 2053 ο
2814 2021 2906 2074 καὶ
2959 2019 3084 2072 ὅσον
3118 2018 3174 2070 δὲ
3226 2016 3439 2076 λα’ίκδν,
3495 2013 3546 2066 οἶ
3581 2012 3668 2066 τοῦ

2112 2119 2379 2189 στόματος
2397 2117 2632 2186 πλήρους
2662 2115 2812 2177 ὄντος
2831 2112 2922 2166 τοῦ
2953 2132 2970 2164 ι
3006 2110 3199 2180 Κύριε,
3226 2109 3447 2174 ἐλέησον
3485 2126 3503 2159 ι
3534 2107 3670 2173 ἀπηο

2113 2212 2384 2283 ράσσαντο
2446 2208 2546 2272 τὰς
2604 2207 2871 2277 κεφαλὰς,
2927 2203 3448 2272 ἐπανακρινὸμενοι,
3511 2200 3561 2252 τί
3617 2198 3672 2252 τὺ

2117 2324 2135 2356 ι
2161 2302 2355 2371 Κύριε,
2387 2302 2626 2370 ἐλέησον,
2662 2319 2680 2351 ι
2718 2299 2814 2352 καὶ
2841 2297 3143 2365 γελώμενοι
3172 2311 3186 2328 ⁸
3239 2295 3295 2348 αἱ
3321 2294 3378 2346 δὲ
3422 2292 3565 2347 κατά
3584 2292 3676 2344 λα-

2110 2397 2297 2463 γνείαν
2320 2393 2636 2465 χρανθεῖσαι
2657 2393 2852 2457 σεμναὶ
2868 2391 3128 2458 γυναῖκες
3147 2387 3206 2438 ἐν
3228 2388 3341 2447 τοῖς
3373 2385 3560 2454 ἱεροῖς,
3587 2381 3676 2437 καὶ

2112 2489 2190 2550 είς
2217 2486 2439 2554 ἁγνείαν
2470 2483 2916 2554 έπηρεασθεῖσαι,
2958 2479 3064 2533 ίδού
3098 2478 3229 2540 είσι,
3257 2481 3354 2530 καὶ
3385 2474 3676 2544 πρεσϐευέ-

2110 2595 2294 2632 τωσαν
2326 2576 2468 2630 κατὰ
2516 2576 2625 2626 τῶν
2659 2572 2868 2636 αἰτίων,
2928 2573 2984 2624 αἱ
3022 2569 3126 2623 ὕπδ
3159 2569 3340 2637 γάμου
3399 2565 3583 2633 ζυγὸν,
3619 2565 3672 2619 ai

2110 2674 2199 2728 διὰ
2234 2669 2535 2740 παρθενίαν
2562 2669 2764 2732 ἄνετοι,
2797 2665 2853 2720 al.
2883 2665 3095 2736 νύμφαι
3118 2661 3213 2716 τοῦ
3243 2661 3403 2715 Θεοῦ.
3441 2661 3548 2713 Καὶ
3579 2659 3671 2730 μιᾷ

2116 2768 2213 2837 μέν
2236 2767 2332 2818 ἕνα
2366 2765 2487 2818 τινὰ
2519 2758 2962 2832 συγχρωσθῆναι,
2997 2758 3081 2827 εἴη
3105 2756 3170 2810 ἂν
3204 2755 3354 2823 μεῖόν
3385 2772 3437 2808 τι
3469 2753 3634 2805 κακόν
3656 2767 3670 2781 ο

2114 2861 2171 2912 οἱ
2207 2859 2254 2912 δ’
2284 2859 2344 2910 ἐν
2367 2856 2633 2914 τοιούτοις
2665 2851 2860 2914 κοιναὶ,
2888 2849 3032 2902 καθά
3061 2864 3148 2909 τις
3167 2847 3230 2899 ἂν
3260 2845 3427 2912 εἴποι,
3466 2842 3666 2912 ἀμίδες,

2111 2952 2216 3006 ούκ
2248 2951 2314 3003 ἂν
2342 2947 2556 3019 εὕροιεν
2585 2943 2862 3013 κλαυθμὸν
2893 2940 3140 3003 ἐπάξιον.

2188 3048 2255 3113 ρ’.
2295 3041 2446 3110 Ἔχω
2477 3039 2642 3094 καλόν
2676 3055 2728 3090 τι
2764 3032 2999 3088 ἐνταῦθα
3027 3031 3135 3084 τῶν
3164 3027 3462 3098 βαρϐάρων
3489 3026 3674 3088 εἰπεῖν,

2113 3137 2196 3190 ὅτι
2226 3133 2473 3204 φονεύειν
2501 3131 2624 3193 τοὺς
2655 3131 2712 3181 ἐν
2749 3130 2864 3191 τοῖς
2895 3125 3061 3194 ίεροῖς
3094 3119 3486 3190 ἐπιϐαλόμενοί
3515 3135 3672 3178 τινες.

2115 3229 2388 3298 ἀπέσυρον
2412 3223 2610 3286 αὐτοὺς
2641 3222 2745 3287 ἐξω
2773 3220 2901 3288 γοῦν
2937 3258 2952 3282 ,
2988 3217 3083 3271 καὶ
3109 3213 3250 3270 οὕτω
3280 3211 3578 3283 καθῄρουν,
3604 3208 3676 3278 τῷ

2119 3322 2219 3390 ζῇν
2256 3316 2636 3389 μετριάζοντες
2665 3315 2726 3367 τὸ
2763 3313 2951 3368 κακόν.

2192 3410 2297 3484 ρα’.
2333 3412 2396 3463 Οἱ
2429 3409 2484 3461 δὲ
2524 3411 2636 3472 τοῖς
2667 3409 2836 3471 θείοις
2867 3404 3269 3476 ἐνυϐρίζοντες,
3304 3402 3400 3455 καὶ
3451 3400 3523 3454 τὰ
3586 3398 3674 3467 μὲν

2117 3503 2227 3558 τῶν
2293 3500 2605 3568 σεϐασμίων
2663 3496 3011 3567 τυπωμάτων
3062 3491 3510 3564 κατασχίζοντες,
3583 3489 3676 3542 ὅσα

2123 3594 2288 3667 μηδέν
2325 3612 2378 3647 τι
2407 3590 2684 3661 γλαφυρὸν
2718 3590 2782 3642 ἐκ
2807 3586 2994 3658 τιμίας
3020 3586 3152 3658 ὕλης
3185 3581 3351 3656 εἶχον,
3394 3583 3468 3634 τὰ
3511 3581 3565 3633 δὲ
3593 3578 3678 3644 ψιο

2119 3688 2342 3748 λοῦντες
2376 3683 2471 3736 τοῦ
2507 3682 2628 3734 κατ’
2657 3679 2797 3734 αὐτὰ
2830 3679 3035 3746 κόσμου
3087 3675 3222 3746 μετὰ
3257 3671 3505 3742 πληγῶν,
3561 3667 3678 3722 οὕτε

2121 3779 2293 3832 ταῦτα
2317 3776 2448 3848 δρᾷν
2472 3771 2886 3843 διεγνωσμένοι,
2919 3769 3162 3840 ἐχώρουν
3185 3768 3264 3828 είς
3285 3765 3534 3834 εὕφημον
3557 3762 3681 3830 ἡμε-

2120 3874 2288 3943 τέραν
2325 3851 2548 3940 μνήμην
2573 3883 2588 3900 ·
2633 3864 2728 3920 καὶ
2758 3863 2852 3918 νῦν
2906 3864 2963 3917 δὲ
2994 3861 3074 3922 είς
3103 3859 3228 3912 νοῦν
3275 3857 3526 3918 ἐλθόντες
3557 3856 3676 3926 ἡμῖν

2123 3962 2518 4019 ἀποπτύονται.
2549 3960 2662 4013 Kal.
2693 3957 2810 4019 πῶς
2837 3955 2945 4025 γὰρ
2986 3955 3052 4008 ἀν
3081 3967 3167 4014 τις
3217 3948 3560 4019 γυμνοῦσθαι
3596 3948 3679 3997 ἀν-

2122 4055 2374 4126 θρώπους
2436 4050 2523 4104 ἐπ’
2585 4046 2886 4118 ἐκκλησίας
2951 4044 3137 4116 μαθὼν
3199 4045 3293 4097 καὶ
3370 4039 3680 4108 ἀχθόμενος,

2121 4145 2400 4216 ἀνάσχοιτ’
2467 4142 2533 4196 ἂν
2576 4142 2650 4211 μὴ
2691 4139 2750 4193 ού
2804 4136 2947 4210 χόλῳ
2982 4133 3368 4205 διαρραγῆναι,
3411 4130 3682 4200 γύμνωσιν

2123 4235 2424 4306 κειμηλίων
2444 4231 2602 4287 θείων
2631 4229 2924 4299 ἐγνωκὼς;
2960 4228 3022 4280 Ὢ
3051 4225 3185 4278 Θεοῦ
3223 4222 3573 4290 ἀνεξικακίας
3602 4219 3682 4272 lsi

2124 4325 2402 4396 βάρϐαρον
2440 4321 2612 4392 ἄνδρα
2640 4319 2783 4373 κατά
2808 4320 2910 4388 τῆς
2964 4315 3118 4386 ἱερᾶς
3152 4313 3243 4366 καὶ
3278 4312 3515 4380 φρικτῆς
3558 4325 3682 4376 τραο

2123 4419 2296 4490 πέζης
2345 4415 2794 4488 ἀναπηδήσαντα,
2838 4413 2930 4465 καὶ
2977 4408 3360 4476 ἐκκαλύψαντα
3399 4404 3498 4474 τὴν
3534 4399 3679 4462 αίδὼ,

2123 4514 2220 4567 καὶ
2267 4509 2593 4580 ἐνουροῦντα
2625 4509 2705 4569 είς
2757 4502 3106 4572 ἀκοντισμὸν,
3140 4499 3320 4567 ἀφῆκε
3349 4496 3474 4566 ζῇν,
3510 4490 3685 4560 mlas.

2046 4632 2092 4688 ι)
2127 4622 2312 4678 μενος.
2341 4599 2413 4654 Ὦ
2439 4599 2663 4669 σταυροὶ
2688 4597 2882 4666 τίμιοι,
2910 4595 2971 4648 τὸ
2995 4593 3269 4664 ἡμέτερον
3300 4589 3522 4688 κράτοςΣ
3550 4585 3682 4642 ὅσοις

2125 4676 2224 4752 και
2255 4694 2409 4766 ὑμῶν
2436 4694 2484 4746 ot
2512 4691 2696 4759 μιαροὶ
2725 4687 3060 4752 ὲνέπαιξανί
3102 4684 3196 4738 και
3231 4684 3262 4751 ἠ
3292 4680 3412 4734 θειι
3465 4676 3684 4744 δύναμις

2123 4786 2436 4858 ἀτρεμοῦσα
2456 4783 2553 4837 ούκ
2578 4781 2688 4835 ἐσθ’
2720 4782 2866 4841 ὅπως
2898 4779 2996 4831 ούκ
3031 4774 3478 4844 ἐξεγερθὴσεται.

2198 4875 2297 4946 ρβ’.
2334 4873 2399 4925 Τί
2451 4874 2515 4926 ἄν
2544 4889 2626 4934 τις
2664 4869 2899 4922 ἐνταῦθα
2955 4866 3138 4929 ἐκθεὶη
3173 4863 3268 4917 καὶ⁸
3316 4862 3521 4931 ταύτην
3570 4876 3684 4927 μια-

2129 4964 2275 5036 ρίαν,
2300 4964 2372 5027 ὡς
2395 4965 2506 5025 τοῖς
2537 4962 2634 5030 μὲν
2658 4959 2718 5025 ἐξ
2735 4959 2890 5011 ὑέλου
2912 4957 3384 5024 ἐκκλησιαστικοῖς
3407 4952 3683 5023 λαμπτῆρ-

2130 5074 2213 5109 σιν
2235 5055 2516 5123 ἐνεθόρουν
2540 5055 2587 5106 οί
2618 5051 2965 5109 ἀσύντακτοι,
2995 5048 3094 5101 ὅσα
3119 5047 3212 5100 καὶ
3241 5046 3521 5114 ούράναις,
3547 5043 3681 5093 εἴποι

2130 5149 2196 5201 ἂν
2231 5149 2263 5217 ἠ
2299 5146 2574 5217 τραγῳδία
2603 5159 2616 5174 ⁸
2646 5147 2757 5205 τοῖς
2785 5142 2842 5194 δὲ
2873 5139 2982 5193 τῶν
3013 5139 3190 5210 οὕρων
3212 5139 3442 5207 δοχείοις
3475 5131 3562 5189 οἷα
3593 5133 3681 5185 xai

2129 5239 2409 5310 ποτηρίοις
2442 5240 2772 5308 ἐκέχρηντο;
2809 5235 2876 5287 Οἵ
2901 5251 2962 5301 γε
2993 5233 3086 5285 καὶ
3115 5231 3256 5283 κατὰ
3291 5231 3541 5298 φρεάτων
3567 5228 3683 5290 ἀφι-

2127 5333 2277 5395 έντες
2315 5332 2605 5402 προῤῥὲειν
2633 5330 2726 5380 τὸν
2765 5326 2859 5380 τοῦ
2890 5327 3008 5379 κατ’
3043 5325 3240 5386 αὐτοὺς
3297 5321 3466 5376 ἀσκοῦ
3523 5316 3681 5388 τεροῦ-

2128 5439 2292 5492 χοντα
2323 5421 2481 5484 πόδα,
2519 5416 2636 5471 εἶτα
2667 5418 3040 5487 ὑδρευόμενοι,
3079 5415 3262 5468 ἔπινον
3290 5414 3384 5467 τοῦ
3424 5407 3679 5482 μιασμοῦ,

2128 5515 2220 5564 καί
2259 5510 2416 5562 τοῦτο
2448 5509 2609 5563 πάλιν
2642 5511 2736 5563 καὶ
2764 5507 2953 5571 πάλιν,
2989 5506 3083 5559 καὶ
3145 5506 3319 5558 εἰσαεὶ
3353 5501 3549 5556 κύκλον
3573 5497 3685 5551 τοῦα

2127 5619 2217 5654 τον
2253 5600 2546 5661 ἑλίττοντες
2578 5597 2803 5665 ἀσελγῆ.

2203 5699 2306 5761 ργ’.
2352 5689 2514 5743 Ἀλλά
2564 5689 2722 5742 τοῦτο
2750 5689 2851 5759 μὲν
2883 5687 2968 5757 εἴη
2996 5686 3061 5741 ἂν
3092 5686 3186 5739 καὶ
3216 5685 3441 5753 γελοῖον,
3481 5681 3684 5748 παραρο

2131 5785 2288 5856 ριφὲν
2331 5781 2506 5852 είρμῷ
2536 5799 2643 5834 τινι
2671 5783 2766 5835 καὶ
2790 5779 2940 5833 αὐτὸ.
2979 5781 3045 5831 "A
3080 5779 3134 5831 δὲ
3167 5779 3358 5829 ἀνόπιν
3389 5772 3684 5841 συγγεγρά-

2130 5893 2320 5947 (parat,
2365 5875 2477 5928 ἀλλ’
2529 5875 2712 5929 ἐκεῖνα
2766 5867 2934 5946 μυρία
2987 5869 3391 5942 προκαλοῦνται
3448 5867 3681 5935 δάκρυα·
