3968 6562
273 397 369 467 ιοε

1052 412 1150 472 DE
1200 412 1766 475 THESSALONICA
1802 416 2010 478 URBE
2047 418 2092 476 A
2131 418 2441 483 LATINIS
2471 419 2729 480 CAPTA.

3433 419 3534 489 iiii

271 517 452 572 ὁποῖον
482 522 583 576 καὶ
628 524 697 579 τὸ
745 527 843 582 τοῦ
876 527 1240 599 μυροὸ).ύτου,
1269 521 1330 581 οὗ
1361 526 1437 598 τῷ
1474 528 1630 598 τάφῳ
1670 529 1843 597 ὲμπε-

1955 530 2054 586 hoe
2079 533 2226 601 quod
2257 532 2326 588 ad
2369 532 2728 605 Myroblytam
2758 541 2990 604 spectat,
3026 533 3186 604 cuius
3206 550 3332 590 eum
3359 538 3541 606 sepnl—
3624 551 3628 556 '

273 614 530 678 παικότες
589 620 732 686 μετὰ
785 621 1065 675 πελέκεων
1101 622 1154 674 oi
1209 622 1467 674 τοιούτων
1526 621 1607 684 εἰς
1655 619 1847 688 ποινὴν

273 708 431 772 “tot.
458 712 557 766 τὸν
587 731 650 768 τε
674 717 838 788 πέριξ
865 717 1267 782 ἐπιπολάζοντα
1293 715 1495 785 κόσμον
1527 713 1584 779 ἐξ
1604 713 1847 784 ἀργύρου

276 802 610 873 κατέκοψαν,
644 812 740 864 καὶ
792 810 887 862 τὸν
943 809 1083 880 ὑπὲρ
1133 809 1374 878 κεφαλῆς
1422 808 1481 861 δὲ
1510 806 1852 876 περιείλοντο

275 895 506 963 χρύσεον
537 900 832 968 στέφανον,
859 903 953 956 καὶ
979 903 1085 975 μὴν
1109 904 1203 956 καὶ
1225 902 1317 954 τὸν
1340 899 1529 971 ἕτερον
1561 900 1848 967 ἀπήγαγον

276 993 384 1041 τοῖν
416 991 604 1046 ποδοῖν
629 1009 644 1026 ·
673 995 766 1049 ἵνα
813 998 956 1067 τάχα
1003 997 1064 1050 τὸ
1097 995 1341 1059 ποδῶκες
1384 994 1486 1063 τῆς
1514 992 1576 1057 ἐξ
1633 991 1847 1046 ἐκείνου

278 1079 428 1146 δίκης
459 1083 801 1142 ὲκκλίναιεν.
834 1089 955 1142 Κᾶν
1003 1086 1314 1158 ἐξέπραξαν
1343 1088 1401 1151 ἒς
1451 1087 1512 1139 τδ
1540 1085 1670 1146 πάνυ
1702 1085 1751 1136 εί
1777 1081 1852 1152 μὴ

282 1170 338 1224 τὸ
360 1171 521 1228 Θεῖον
549 1177 776 1249 ἀντέϐη,
819 1183 915 1235 καὶ⁵
934 1181 1070 1252 ταχὺ
1107 1180 1386 1250 ὁδηγῆσαν
1431 1177 1559 1240 τοὺς
1602 1176 1851 1247 κρείττο-

281 1282 374 1328 νας
410 1266 470 1318 εν
499 1285 564 1335 γε
596 1272 712 1332 τοῖς
761 1271 1078 1342 βαρϐάροις,
1107 1273 1187 1336 είς
1219 1269 1479 1340 κωλύμην
1508 1268 1851 1323 κατεπέτασε

281 1356 370 1410 τοῦ
397 1359 598 1415 κακοῦ.
645 1363 916 1433 Εὐνοῦχος
970 1367 1078 1434 γὰρ
1114 1365 1208 1418 τοῦ
1267 1363 1455 1434 ρηγὸς,
1489 1361 1696 1432 ἁμιρᾶς
1749 1361 1854 1426 τὴν

279 1448 452 1514 ἀξίαν,
489 1452 760 1521 πράττειν
810 1453 935 1520 ὀξὺς
967 1456 1059 1508 καὶ
1086 1456 1311 1526 θερμὸς,
1338 1449 1448 1517 οἷος
1480 1453 1644 1522 φόϐον
1686 1451 1854 1522 βαθὺν

279 1543 689 1613 καταπέμπειν,
713 1540 794 1609 οἷς
828 1547 895 1600 ἂν
936 1548 1132 1617 ἄγριος
1163 1545 1573 1616 προσενεχθείη,
1617 1545 1852 1611 ἔφιππος

281 1631 586 1697 εἰσελάσας,
621 1635 697 1698 ὡς
724 1637 828 1690 οὐκ
855 1638 920 1691 ἄν
959 1655 1042 1700 τις
1080 1637 1315 1701 έλπίσοι,
1346 1636 1450 1700 ἕως
1478 1638 1555 1698 εἰς
1579 1635 1714 1706 βαθὺ
1757 1632 1852 1688 τοῦ

185 1764 190 1768 .
279 1723 421 1778 θείου
451 1727 611 1790 ναοῦ,
643 1729 719 1792 ὡς
778 1730 877 1800 μὲν
905 1732 952 1784 οἱ
1011 1730 1196 1784 πολλοὶ
1225 1729 1504 1800 ἐνόμισαν,
1566 1727 1655 1781 διὰ
1693 1744 1852 1799 περι-

281 1817 548 1888 φρόνησιν
584 1822 680 1874 καὶ
715 1822 880 1885 αὐτὸς
913 1824 1037 1875 κατ’
1073 1825 1284 1876 ἐκεῖνον
1306 1821 1386 1893 (ὃς
1421 1821 1479 1874 ὲν
1507 1823 1572 1889 τῇ
1619 1821 1716 1889 τῆς
1750 1837 1852 1888 μη-

1948 639 2102 680 crum
2127 625 2414 681 securibus
2440 625 2864 695 percussisseut,
2891 628 2980 697 qui
3002 627 3106 697 ipsi
3132 628 3292 683 istam
3323 644 3538 698 ptenam

1950 715 2323 778 merebantur,
2353 725 2736 774 ornamentum
2787 728 3103 789 argenteum
3131 720 3279 789 quod
3306 721 3545 775 circnm-

1952 805 2119 862 dabat
2149 808 2282 862 illud
2331 809 2718 878 praeciderunt,
2755 825 3131 880 coronamque
3163 827 3386 867 auream
3418 828 3542 882 qua:

1952 911 2116 967 caput
2145 901 2264 970 ejus
2297 903 2548 974 cingebat
2577 903 2951 971 detraxerunt,
2979 907 3213 961 simulet
3237 907 3344 960 alia
3377 906 3541 974 pedes

1952 992 2073 1064 ejus
2103 994 2408 1063 cingentes,
2451 995 2685 1052 fortasse
2720 1005 2776 1051 ut
2804 1007 3108 1068 promptam
3143 998 3320 1054 sancti
3365 998 3542 1053 vindi-

1953 1093 2094 1138 ctam
2123 1084 2445 1165 eQ‘ugerent.
2481 1087 2574 1143 Sic
2613 1089 2811 1158 ubique
2841 1090 3079 1160 egissent
3107 1091 3211 1144 nisi
3245 1089 3542 1144 Providen-

1955 1175 2027 1228 tia
2077 1175 2411 1240 obvenisset,
2453 1177 2835 1248 adltibensque
2865 1179 3016 1234 brevi
3050 1179 3194 1232 viros
3227 1179 3479 1233 meliores
3507 1193 3540 1232 ο

1959 1263 2139 1320 medio
2175 1264 2536 1322 Barbarorum
2567 1269 2634 1323 ad
2673 1269 3078 1339 impediendum
3109 1270 3309 1324 malum
3345 1278 3541 1338 praesto

1954 1353 2171 1410 fuisset.
2204 1357 2498 1412 Eunuchus
2539 1357 2685 1412 enim
2722 1358 2889 1427 regis,
2919 1373 3118 1412 amerze
3147 1356 3413 1427 dignitate
3441 1369 3534 1409 or-

1955 1454 2140 1510 natus,
2184 1446 2251 1500 ad
2281 1456 2465 1514 actum
2507 1458 2789 1518 promptus
2841 1463 2906 1504 ac
2960 1447 3230 1512 fervidus,
3262 1454 3534 1501 terrorem

1959 1539 2258 1594 maximum
2292 1541 2540 1595 incutere
2569 1541 2778 1606 valens,
2804 1540 3036 1610 agrestis
3065 1547 3325 1608 aSpeetus
3347 1554 3538 1603 causa,

1955 1644 2100 1699 equo
2158 1631 2354 1688 sedens
2395 1632 2656 1698 irruerat,
2691 1633 2916 1688 neruine
2953 1641 3326 1701 exspectante,
3366 1647 3544 1700 usque

1957 1723 2022 1776 ad
2054 1723 2302 1778 intimam
2340 1736 2548 1794 partem
2577 1725 2764 1794 templi
2804 1727 3000 1792 divini,
3021 1725 3180 1793 juxta
3208 1725 3355 1793 quod
3383 1725 3540 1778 multi

1957 1813 2339 1879 crediderunt,
2388 1831 2487 1886 per
2524 1826 2898 1887 contemptum
2935 1817 3228 1889 (equitans
3274 1833 3372 1886 per
3427 1833 3543 1871 me-

277 1887 586 1974 τροπόλεως
607 1909 872 1980 καθολικῇ
902 1887 1426 1977 καθιππεύσαςξτόν
1447 1928 1505 1965 τε
1725 1887 1850 1962 aut.

1955 1907 2182 1976 tropolis
2209 1909 2580 1964 c'athedralem
2630 1926 2834 1980 equum
2882 1887 3041 1966 suum
3075 1913 3333 1966 emiserat
3372 1924 3540 1979 quam

277 1997 408 2050 ὕαλε
442 2001 908 2071 συγκατενεχθεὶς
937 2001 1302 2072 θραυσθέντα,
1334 2003 1428 2056 καὶ
1458 2000 1622 2064 αὐτὸς
1650 2001 1751 2054 οὐκ
1788 1995 1847 2053 εὖ

282 2089 624 2158 ἀπήλλαξεν,
677 2088 893 2160 άληθῶς
928 2093 983 2145 δὲ
1013 2092 1154 2146 κατὰ
1181 2091 1526 2162 προμήθειαν
1553 2105 1567 2120 '
1617 2090 1704 2142 ἵνα
1758 2090 1849 2142 καὶ

279 2181 405 2251 ῥᾷον
431 2180 582 2236 οὕτω
604 2183 692 2237 διὰ
721 2185 820 2254 τῆς
849 2184 1183 2254 πυκνότητος
1203 2183 1299 2237 τοῦ
1330 2183 1458 2256 λαοῦ
1471 2181 1852 2256 παρεισδύοιτο

277 2273 595 2340 φευγόντων
644 2275 912 2340 ἑκάστων,
951 2275 1379 2346 ωμπατηθῆναι
1421 2273 1497 2345 τῷ
1549 2273 1724 2342 ἵππῳ,
1757 2274 1852 2328 καὶ

277 2362 523 2426 ἄποπτος
571 2363 632 2418 δὲ
651 2365 728 2418 ὣν
759 2364 949 2434 βλέποι
978 2366 1099 2420 τότε
1125 2367 1219 2419 καὶ
1249 2365 1564 2420 amotam;
1595 2364 1721 2428 τοὺς
1754 2382 1853 2420 κα·-

275 2455 673 2524 κουργοῦντας.
714 2459 809 2511 καὶ
841 2458 1017 2522 οὕτως
1046 2459 1244 2524 αὐτοὺς
1263 2459 1548 2529 ἀμύνοιτο)
1577 2475 1590 2490 ⁶
1622 2459 1849 2527 εἰσδρα-

277 2543 398 2613 μὼν
459 2544 595 2614 γοῦν
621 2547 652 2600 ό
682 2546 936 2617 εὐνοῦχος
983 2547 1128 2602 οὕτω
1185 2549 1305 2618 μετ’
1343 2547 1600 2616 εὐγενοῦς
1655 2547 1848 2609 ἴππου,

275 2637 371 2690 καὶ
400 2636 506 2707 τὴν
559 2639 700 2707 μετὰ
756 2644 913 2710 χεῖρα
967 2641 1224 2711 σιδηρέαν
1263 2637 1518 2712 ’κορύνην
1568 2641 1849 2708 κατάγων,

275 2725 906 2797 ωνεπιλαμὸανομένων
941 2729 1059 2799 ἅμα
1091 2731 1186 2783 καὶ
1235 2729 1348 2784 τῶν
1379 2729 1734 2798 ὲφεπομένων
1760 2728 1850 2781 θεο

173 2842 176 2843 ν
274 2815 594 2883 ραπόντων,
620 2818 670 2871 οἳ
699 2821 796 2873 καὶ
823 2820 979 2875 αὐτοὶ
1011 2822 1254 2892 ’σφοδροὶ
1297 2822 1433 2892 δρᾷν
1461 2817 1625 2893 ἦσαν,
1659 2823 1852 2890 φόνους

270 2923 334 2959 τε
367 2907 605 2971 πολλοὺς
656 2910 898 2965 ἐκώλυσε
929 2913 1026 2965 καὶ
1055 2911 1368 2981 γυμνὼσεις
1418 2914 1632 2984 ἀνδρῶν
1660 2931 1720 2966 τε
1758 2917 1852 2968 καὶ

269 3000 564 3065 γυναικῶν
593 3018 608 3032 ο
640 3001 677 3054 ἃ,
704 3002 767 3073 δὴ
800 3003 1032 3073 ἑτέρωθι
1066 3004 1378 3072 κωλυθῆναι
1417 3005 1517 3058 οὐκ
1564 3005 1724 3075 ἔσχε·
1760 3009 1854 3061 καὶ

271 3093 407 3152 τοὺς
444 3093 771 3151 ἐπιϐούλους
800 3094 856 3148 δὲ
889 3095 982 3148 τοῦ
1015 3096 1173 3162 ἁγίου
1211 3097 1385 3164 τάφου
1416 3099 1728 3167 ἀπήγαγεν,
1775 3099 1852 3162 ὡς

271 3186 379 3238 οὐκ
416 3185 485 3238 ἂν
538 3187 742 3239 ἐκεῖνοι
790 3185 1003 3256 ἧθελον,
1058 3187 1429 3258 κερδήσαντας
1485 3189 1621 3259 μόνα
1657 3191 1850 3261 (μυρία

270 3275 331 3331 δὲ
352 3272 498 3347 ἦσαν
534 3278 766 3346 ἐκεῖνα),
802 3279 902 3332 ὅσα
935 3279 1044 3349 πρὸ
1097 3279 1262 3334 αὑτοῦ
1321 3281 1674 3336 κατέσπασαν
1708 3283 1850 3350 φθά-

272 3386 496 3432 σαντες.
527 3371 638 3422 Καὶ
668 3371 865 3438 φόνους
904 3374 1002 3442 μὲν
1047 3373 1174 3436 τοὺς
1212 3375 1329 3427 ἐκεῖ
1365 3378 1634 3443 κατέσχεν
1666 3378 1693 3428 ὁ
1749 3375 1851 3443 ἄρ-

271 3476 391 3528 χων
413 3476 430 3492 ο
466 3460 564 3513 τοῦ
594 3461 653 3516 δὲ
691 3463 931 3532 πνιγμοῦ
962 3462 1071 3516 τῶν
1103 3465 1383 3532 φυγόντων
1415 3465 1472 3518 ὲν
1509 3465 1587 3535 τῷ
1613 3464 1725 3534 ναῷ
1752 3465 1852 3519 οὐκ

272 3547 347 3620 ἦν
410 3553 697 3623 ἐπίσχεσις
722 3568 736 3582 '
774 3554 893 3608 ἀλλ’
925 3555 1118 3626 ὥσπερ
1157 3557 1214 3610 ἐν
1245 3559 1365 3621 ταῖς
1408 3557 1600 3621 ἄλλαις
1633 3558 1854 3612 καθολι-

275 3645 431 3710 καίς,
466 3644 613 3698 οὕτω
640 3646 734 3699 καὶ
767 3646 940 3718 ταύτῃ
963 3646 1063 3699 οὐκ
1112 3647 1268 3720 ὀλίγῃ
1300 3649 1463 3720 μοίρᾳ
1486 3650 1613 3712 τοὺς
1643 3649 1852 3714 ζῶντας

272 3737 304 3787 ὁ
335 3735 575 3804 πνιγμδς
607 3727 947 3802 ἐδικαίωσεν,
984 3725 1059 3792 ὧν
1097 3738 1126 3790 ὀ
1157 3737 1391 3808 ἀριθμὸς
1420 3738 1593 3809 ἐρίζοι
1625 3741 1692 3793 ἂν
1718 3740 1853 3810 πρὸς

271 3832 406 3891 τοὺς
430 3829 520 3883 ἐπ’
547 3830 901 3901 ἀκροπόλεως
949 3831 1412 3901 πεπνιγότας,.ὼς
1471 3836 1505 3904 ἠ
1561 3835 1710 3907 ἀρχὴ
1755 3836 1852 3890 τοῦ

272 3918 440 3987 λόγου
461 3920 794 3990 συνέγραψε.

345 4010 450 4082 ρδ.
505 4011 568 4065 Τί
601 4012 669 4084 ᾂν
697 4013 911 4085 λέγοιμι
932 4014 1058 4079 τοὺς
1110 4016 1220 4078 τῶν
1246 4017 1451 4086 τεγέων
1483 4019 1650 4072 οἴκων
1707 4020 1850 4074 ἄνωρ-

267 4105 368 4156 θεν
401 4102 836 4173 καθαλλομένους
865 4106 958 4160 ἐπὶ
985 4106 1186 4178 μελέτῃ
1208 4108 1462 4174 θανάτου,
1494 4110 1583 4162 ὅτε
1615 4110 1676 4162 τὸ
1706 4111 1852 4179 μέγα

268 4194 447 4250 κακὸν
498 4196 592 4252 καὶ
628 4197 823 4261 αὐτοὺς
863 4200 1313 4269 περιεστοίχιζενς
1349 4200 1412 4254 Οἶ
1475 4201 1852 4272 πτερύξασθαι

267 4289 355 4350 είς
398 4287 592 4358 αἰθέρα
629 4288 703 4358 μὴ
735 4289 969 4359 ἔχοντες,
1000 4283 1176 4362 οὗπερ
1237 4293 1450 4359 ἐφίεντο
1473 4292 1564 4358 ἂν,
1624 4293 1685 4346 τὸ
1741 4294 1852 4349 τῶν

271 4376 494 4445 βαρέων
525 4377 780 4448 ἔπασχον,
835 4382 929 4434 καὶ
969 4380 1196 4435 ελάκουν
1226 4384 1304 4445 εἰς
1350 4381 1602 4448 θάνατον,
1662 4386 1726 4437 ἐκ
1753 4402 1851 4454 με-

267 4467 490 4536 τεώρου
542 4469 1039 4538 κατασκήπτοντες.
1079 4470 1145 4522 Τί
1191 4470 1247 4523 δὲ
1279 4471 1402 4532 τοὺς
1429 4473 1572 4523 κατὰ
1601 4474 1851 4542 φρεάτων

1953 1998 2331 2066 velocissime,
2383 2015 2484 2055 nec
2553 2001 2846 2067 cohibuit,
2910 2002 3164 2072 equidem
3240 2001 3544 2070 prudentiae

1950 2101 2138 2154 causa,
2177 2097 2236 2144 ut
2289 2090 2372 2146 sic
2443 2105 2542 2161 per
2613 2090 2979 2161 frequentiam
3048 2089 3240 2162 populi
3326 2089 3543 2144 facilius

1952 2189 2299 2247 penetraret,
2357 2197 2693 2253 unoquoque
2751 2182 3035 2253 fugiente,
3097 2196 3167 2236 ne
3219 2195 3364 2248 equo
3409 2196 3543 2236 cou-

1951 2267 2289 2332 culcaretur,
2351 2271 2552 2340 illeque
2604 2273 2900 2329 invisibilis
2945 2272 3132 2326 videre
3167 2280 3352 2339 posset
3394 2285 3534 2340 spo-

1954 2360 2183 2418 liatores
2227 2366 2418 2435 sicque
2449 2367 2574 2420 illos
2602 2366 2866 2436 punire);
2897 2379 3130 2419 currens
3185 2377 3318 2432 ergo
3363 2377 3542 2417 eunu-

1952 2454 2088 2509 chus
2119 2455 2193 2510 ita
2231 2471 2374 2524 equo
2413 2465 2642 2516 strenuo
2674 2457 2949 2519 insidens,
2999 2469 3280 2525 manuque
3304 2456 3538 2509 ferream

1951 2544 2162 2600 clavam
2211 2555 2431 2613 tenens,
2478 2548 2648 2602 simul
2681 2548 3086 2602 auxiliantibus
3139 2546 3414 2602 ministris
3442 2546 3539 2614 qui

1951 2635 2102 2690 illum
2145 2638 2595 2704 comitabantur,
2640 2640 2854 2711 quique
2915 2638 3207 2694 fortissimi
3267 2645 3428 2693 erant
3482 2638 3540 2693 in

1953 2734 2184 2802 agendo,
2204 2733 2382 2788 caedes
2405 2733 2655 2788 cohibuit
2685 2733 2887 2789 multas
2917 2747 2984 2788 ac
3013 2732 3369 2802 spoliationes
3390 2733 3540 2788 viro-

1952 2839 2073 2878 rum
2100 2841 2165 2881 ac
2196 2826 2529 2893 mulierum;
2565 2842 2688 2897 qua:
2739 2842 2869 2882 vero
2925 2825 3200 2897 impedire
3241 2827 3381 2880 alias
3425 2841 3537 2880 non

1954 2918 2154 2986 potuit.
2219 2917 2393 2974 Fures
2439 2919 2682 2989 sepulcri
2731 2921 2908 2974 sancti
2963 2920 3197 2991 fugavit,
3246 2920 3407 2974 modo
3438 2919 3533 2986 qui

1953 3021 2064 3062 non
2120 3007 2203 3064 eis
2250 3009 2482 3078 placuit,
2542 3019 2895 3080 asportantes
2933 3021 3146 3068 tantum
3183 3013 3260 3084 (et
3311 3011 3534 3083 quidem

1953 3096 2147 3166 multa)
2189 3113 2311 3167 quae
2367 3109 2493 3156 ante
2533 3101 2827 3156 adventum
2878 3103 3023 3158 illius
3071 3111 3385 3172 rapuerant.
3416 3101 3541 3156 Cae-

1954 3189 2050 3244 des
2076 3190 2152 3244 ibi
2181 3192 2396 3260 quidem
2426 3192 2710 3247 hominum
2762 3194 2854 3249 hic
2898 3195 3182 3260 cohibuit;
3214 3204 3270 3248 at
3318 3194 3534 3263 fugien-

1955 3278 2090 3333 tium
2126 3281 2179 3334 in
2217 3283 2417 3350 templo
2449 3283 3015 3363 suﬂ‘ocationem‘non
3060 3294 3180 3340 erat
3226 3287 3319 3354 qui
3361 3286 3536 3354 impe-

1953 3370 2071 3425 dire
2102 3374 2450 3442 posset;sed
2497 3375 2963 3444 quemadmodum
3021 3376 3074 3430 in
3118 3375 3243 3431 aliis
3275 3375 3533 3442 cmtibus,

1955 3462 2036 3517 sic
2063 3472 2116 3518 et
2143 3463 2196 3517 in
2216 3463 2326 3521 isto
2343 3481 2450 3521 non
2480 3483 2686 3537 paucos
2704 3469 2949 3523 viventes
2966 3468 3032 3522 ad
3053 3475 3284 3522 mortem
3310 3469 3536 3522 damna-

1955 3552 2032 3606 vit
2068 3553 2250 3620 turba,
2287 3571 2524 3626 quorum
2556 3575 2820 3615 numerus
2859 3559 3106 3614 certabat
3137 3574 3262 3614 cum
3301 3567 3534 3613 numero

1955 3658 2144 3700 eorum
2176 3648 2269 3716 qui
2295 3649 2543 3705 snﬂ‘ocati
2580 3649 2796 3706 fuerant
2829 3651 2884 3706 in
2919 3667 3064 3720 arce,
3089 3661 3150 3707 ut
3177 3651 3232 3707 in
3263 3651 3535 3723 principio

1956 3735 2084 3793 libri
2109 3737 2269 3809 hujus
2304 3740 2511 3795 dictum
2551 3750 2658 3797 est.

2028 4007 2150 4060 104.
2203 4005 2338 4072 Quid
2381 4008 2559 4062 dicam
2607 4007 2674 4063 de
2717 4009 2802 4063 bis
2847 4009 2937 4078 qui
2969 4025 3002 4064 e
3033 4009 3194 4064 tectis
3239 4009 3528 4064 domorum

1956 4113 2068 4167 prae
2126 4101 2318 4152 mortis
2354 4109 2499 4154 metu
2548 4101 2602 4153 in
2650 4109 2801 4155 tanto
2847 4101 3090 4169 periculo
3122 4099 3534 4171 prosiliebant?

1960 4189 2065 4254 Qui
2118 4189 2173 4242 in
2218 4204 2398 4244 aerem
2451 4191 2634 4246 volare
2675 4207 2783 4246 non
2835 4193 3103 4256 valentes,
3150 4193 3292 4248 sicut
3327 4194 3531 4248 voluis-

1959 4287 2104 4344 sent,
2160 4297 2225 4334 ex
2285 4283 2524 4350 pondere
2583 4285 2830 4352 corporis
2901 4286 3274 4354 patiebantur,
3334 4287 3526 4341 mortis

1954 4371 2189 4426 sonitum
2214 4372 2438 4433 dabant.
2491 4387 2556 4428 ex
2587 4374 2698 4427 alto
2744 4374 3080 4430 decidentes.
3135 4375 3278 4442 Quid
3308 4377 3375 4430 de
3415 4377 3521 4430 illis

1961 4462 2054 4531 qui
2085 4461 2138 4516 in
2168 4464 2346 4532 puteis
2374 4465 2519 4518 velut
2554 4466 2607 4519 in
2639 4467 2797 4534 aquis
2833 4466 2998 4535 prisci
3058 4467 3204 4522 illius
3239 4469 3426 4536 Cocyti
3463 4477 3517 4521 et

269 4557 407 4610 ὡσεὶ
437 4557 533 4610 καί
582 4575 724 4620 τινος
756 4560 1002 4613 κωκυτοῦ
1039 4561 1134 4613 καὶ⁸
1185 4561 1498 4630 ἁχεροντίου
1531 4560 1724 4624 ὓδατος
1757 4561 1850 4633 βυ-

1959 4553 2281 4609 Acberontis
2357 4570 2418 4609 se
2473 4557 2865 4626 immergebant
2925 4558 3026 4612 viri
3058 4572 3151 4613 ac
3219 4559 3520 4624 mulieres;

268 4644 596 4719 θιζομένους
643 4649 838 4720 ἄνδρας
865 4667 925 4704 τε
955 4654 1046 4704 καὶ
1088 4654 1369 4720 γυναῖκαςς
1400 4653 1527 4715 τοὺς
1582 4652 1680 4723 μὲν
1704 4654 1851 4722 φόϐῳ

270 4741 372 4795 τοῦ
405 4741 481 4810 μὴ
508 4741 620 4794 ἄνω
647 4744 834 4794 πεσεῖν
865 4742 1102 4813 θανάτῳ;
1134 4743 1229 4803 τὰς
1253 4743 1309 4795 δὲ
1359 4744 1451 4796 καὶ
1485 4747 1627 4798 κατὰ
1659 4745 1852 4812 σεμνό-

273 4849 439 4901 τητα.
479 4831 678 4884 Καινδν
699 4831 754 4883 δὲ
793 4832 948 4885 οὐδὲν
978 4832 1098 4885 οὐδὲ
1135 4834 1168 4904 ἡ
1208 4833 1428 4902 τοιαύτη
1483 4834 1762 4902 ἔμπτωσίς
1790 4853 1851 4889 τε

267 4945 282 4975 ;
303 4925 365 4976 αὶ
388 4923 738 4986 κατάπτωσις
763 4926 890 4992 παρ’
920 4924 1247 4994 ἀνθρώποις.
1279 4923 1328 4977 οἶ
1355 4925 1431 4994 μὴ
1461 4926 1619 4993 μόνον
1647 4927 1849 4996 πέτρας

265 5011 500 5080 εὔχοντο
534 5011 601 5063 ἂν
665 5012 898 5080 ῥαγῆναι
929 5013 1006 5074 είς
1047 5011 1315 5082 ὑποδοχὴν
1346 5012 1548 5075 αὐτοῖς,
1600 5014 1693 5066 καὶ
1728 5015 1849 5083 βου-

266 5099 402 5157 νοὺς
435 5097 517 5158 είς
555 5096 756 5166 κρύψιν
785 5099 1265 5168 κατακυλισθῆναι,
1299 5101 1392 5154 καὶ
1417 5101 1642 5168 οὐρανὸν
1669 5103 1726 5155 δὲ
1751 5104 1849 5156 αὑ-

267 5210 274 5217 -
297 5189 363 5240 ὸν
388 5189 846 5242 ὲπικαταπεσεῖν·
877 5190 1014 5244 ἀλλά
1054 5208 1157 5245 που
1183 5193 1276 5248 καὶ
1300 5192 1430 5261 χάος
1462 5194 1554 5244 καὶ
1577 5191 1848 5262 τάρταρον

267 5280 644 5347 ἐφαντάζοντο
667 5281 747 5344 εἰς
769 5281 1060 5335 κατάδυσιν
1121 5285 1213 5336 καὶ
1266 5283 1382 5352 βίου
1422 5282 1740 5338 κατάλυσιν.
1774 5284 1846 5338 Τὸ

265 5371 386 5439 γὰρ
440 5370 566 5423 καθ’
598 5371 835 5442 ἱστορίαν
867 5372 1160 5442 βάραθρον,
1200 5376 1293 5426 καὶ
1326 5375 1375 5426 οί
1405 5374 1641 5444 κρημνοὶ
1676 5378 1853 5446 μικρὰ

267 5461 368 5512 καὶ
392 5459 534 5512 αὐτὰ
567 5455 707 5531 ἦσαν
737 5464 847 5522 τοῖς
877 5461 1262 5530 ἁφαντωθῆναι
1293 5463 1558 5517 θέλουσιν.

341 5558 445 5620 ρι’.
489 5552 555 5602 Ὠ
580 5569 670 5620 μοι
701 5553 793 5606 καὶ
821 5553 928 5606 τῶν
953 5554 1136 5620 λίθων,
1165 5554 1326 5624 οἵπερ
1358 5556 1844 5625 ὲπαφιέμενοιτοῖς

260 5640 538 5704 τοιούτοις
574 5643 712 5712 πρὸς
766 5644 875 5697 τῶν
904 5645 1217 5718 βαρϐαρων,
1249 5647 1532 5701 ἀνανεύειν
1558 5648 1658 5701 οὐκ
1687 5649 1844 5718 ἀφίε-

261 5751 396 5796 σαν,
434 5734 557 5787 ἀλλ’
593 5737 1042 5805 ἑπιπωμάζοντες
1114 5738 1482 5809 κατεχώννυον
1509 5742 1634 5803 τοὺς
1678 5741 1842 5796 ἐλεει-

262 5821 416 5887 ιούς.
473 5825 608 5879 ούαὶ
637 5826 760 5879 τότε
801 5828 896 5880 καὶ
927 5829 1046 5882 ὅσαι
1097 5833 1236 5882 κατὰ
1269 5833 1549 5900 γαστέρων
1581 5828 1744 5902 εἶχον,
1775 5833 1840 5896 ἃς

640 5924 910 5986 Ρλτιιοι..
958 5926 1069 5986 Gn.
1129 5926 1470 5990 CXXXVI.

1956 4644 2035 4699 illi
2071 4645 2261 4700 timore
2291 4661 2455 4703 casus
2509 4651 2780 4713 mortalis,
2840 4649 2922 4705 hm
2947 4659 3128 4706 autem
3177 4652 3524 4706 verecundia:

1953 4736 2157 4790 causa?
2178 4735 2285 4791 Nec
2314 4739 2486 4792 saltus
2511 4755 2609 4793 nec
2635 4755 2798 4796 casus
2825 4741 3032 4811 aliquid
3066 4748 3191 4796 novi
3224 4753 3379 4796 erant
3413 4743 3523 4796 ulla

1953 4829 2116 4884 modo
2146 4830 2479 4898 hominibus,
2511 4834 2604 4896 qui
2635 4850 2741 4888 non
2772 4835 3252 4904 solumjactabant
3286 4836 3522 4890 elisuros

1950 4929 2136 4991 petras
2165 4937 2332 4992 super
2357 4939 2494 4992 quas
2546 4925 2828 4991 caderent,
2869 4942 2900 4982 c
2931 4929 3078 4982 saxis
3107 4927 3429 4997 dilapsuros
3463 4931 3517 4982 in

1951 5015 2198 5083 abyssos,
2240 5032 2304 5071 ac
2331 5030 2503 5084 usque
2534 5016 2599 5070 ad
2629 5018 2826 5071 coelum
2875 5033 3145 5085 casuros;
3183 5022 3276 5074 sed
3317 5022 3518 5089 passim

1950 5107 2115 5161 chaos
2154 5114 2208 5158 et
2235 5115 2498 5160 tartarum
2527 5122 2586 5162 se
2613 5107 2910 5163 oﬂerebant
2935 5120 2992 5163 ut
3021 5112 3423 5179 receptaculum
3467 5120 3520 5164 et

1951 5197 2016 5250 ad
2049 5197 2378 5251 solutionem
2429 5200 2574 5253 vitae.
2623 5199 2762 5254 Nam
2810 5201 2965 5271 juxta
3024 5203 3306 5257 historiam
3360 5206 3518 5256 bara-

1949 5285 2128 5342 thrum
2183 5297 2237 5340 et
2266 5287 2449 5356 abyssi
2480 5303 2646 5357 parva
2677 5303 2832 5345 erant
2877 5293 2964 5348 his
2993 5293 3087 5363 qui
3121 5308 3182 5350 se
3212 5295 3517 5349 invisibiles

1948 5379 2130 5433 facere
2157 5377 2411 5433 volebant
2457 5427 2462 5433 .
2860 5375 2866 5381 ’

2017 5552 2141 5607 105.
2179 5553 2331 5607 lleu!
2376 5552 2506 5623 quid
2542 5553 2609 5608 de
2639 5553 2914 5624 lapidibus
2946 5555 3038 5624 qui
3060 5554 3211 5609 missi
3248 5553 3516 5608 adversus

1945 5645 2068 5701 illos
2097 5645 2422 5711 aBarbaris,
2447 5661 2553 5700 non
2575 5646 2832 5701 sinebant
2867 5662 2961 5702 eos
2985 5657 3202 5709 nutare,
3238 5647 3330 5700 sed
3364 5646 3520 5700 obie-

1942 5743 2131 5805 gentes
2160 5751 2252 5792 eos
2267 5735 2652 5798 miserabiliter
2669 5734 3118 5806 sepeliebantNae
3136 5744 3266 5791 tunc
3292 5735 3378 5790 his
3399 5754 3519 5807 qua:

1947 5835 2159 5884 uterum
2195 5827 2500 5896 gestabant,
2529 5843 2667 5899 quas
2701 5829 2753 5883 in
2791 5828 2914 5896 fuga
2957 5828 3238 5892 detinebat
3293 5829 3543 5885 charum.

2970 5927 3006 5985 Ῑι
