3906 6556
449 400 554 469 107

1190 405 1622 468 EU'STATHII
1645 407 1936 468 THESSA
1949 406 2402 469 LONHIENSIS
2437 411 2487 470 Μ
2499 408 3004 473 ETROPOLIT/E

3591 413 3686 482 108

441 520 593 591 juxta
622 528 870 575 naturam
903 532 1143 579 onus.cx
1173 521 1452 576 debilitate
1485 522 1668 578 subito
1691 520 2006 590 dejicieban-

2124 521 2182 574 ἐν
2213 523 2288 592 τῷ
2315 523 2538 592 φεύγειν
2573 525 2820 596 βαρύνων
2849 528 2876 578 ό
2905 525 3044 578 κατά
3075 523 3237 596 φύσιν
3270 525 3448 594 φίλιος
3475 525 3687 596 φόρτος.

444 613 914 676 turininfernum,
933 612 1328 682 prmvenientes
1351 623 1578 668 mortem
1597 629 1664 668 ex
1683 613 1883 684 gladio.
1899 612 2017 668 Non

446 719 579 760 vero
611 706 789 760 minus
819 714 936 760 erat
967 706 1140 760 tristis
1173 721 1294 761 sors
1341 714 1600 765 matrum,
1629 720 1769 775 quas
1805 707 1858 758 in
1892 705 2018 772 fuga

447 799 851 853 comitabantur
887 800 1096 867 pueruli
1123 815 1138 850 :
1165 813 1306 867 sape
1331 799 1474 851 enim
1503 797 1570 852 ab
1601 797 1831 851 invicem
1865 810 2022 864 sepa-

447 886 711 940 rabantur
741 903 756 939 :
807 888 1050 955 periculo
1085 888 1231 943 enim
1279 888 1536 953 instante,
1570 895 1772 940 matres
1801 895 2016 940 antece-

445 978 672 1044 debant,
717 985 773 1032 at
819 980 921 1033 hoc
957 980 1249 1036 infeliciter
1283 979 1502 1050 quidem
1559 994 1624 1034 ac
1666 979 2016 1037 infortunate.

444 1070 578 1124 Nam
620 1086 743 1125 cum
779 1073 1147 1138 adverterent,
1177 1073 1286 1142 jam
1320 1087 1427 1127 non
1462 1072 1739 1127 adhaerere
1767 1072 1872 1125 sibi
1891 1072 2018 1125 eba-

443 1177 538 1218 ros
559 1176 714 1229 suos,
735 1164 828 1219 sed
857 1165 1201 1219 aemulatores
1234 1163 1460 1219 Herodis
1491 1172 1683 1218 contra
1716 1171 1894 1231 petras
1915 1163 2016 1218 eli-

443 1254 634 1310 dentes
693 1271 820 1320 eos;
855 1257 939 1310 vel
972 1257 1238 1310 cadebant
1272 1264 1324 1309 et
1354 1255 1486 1324 ipsae
1513 1256 1568 1309 in
1601 1270 1796 1310 manus
1827 1269 2014 1310 eorum

442 1345 535 1412 qui
571 1360 668 1400 eas
699 1346 1194 1415 appreltendebant,
1222 1355 1569 1402 exsecrantes
1599 1361 1668 1402 ne
1689 1347 1746 1401 in
1771 1361 2011 1401 amorem

441 1449 632 1490 eorum
695 1437 1022 1502 inciderent,
1086 1437 1392 1506 ejulabaut,
1447 1454 1476 1493 e
1507 1448 1722 1502 contra,
1760 1454 1861 1508 per
1892 1453 2014 1492 om-

447 1543 573 1581 nem
623 1528 767 1582 viam
817 1545 923 1596 qua
979 1529 1138 1598 pueri
1179 1529 1545 1585 incesserant.
1576 1532 1768 1584 Patres
1799 1543 2017 1600 quoque

442 1617 723 1686 fugiebant
780 1629 925 1674 retro
972 1620 1345 1690 relinquentes
1400 1636 1598 1690 pueros
1629 1621 1896 1676 matribus
1929 1634 2020 1674 or-

442 1708 565 1765 bos.
611 1709 676 1764 lli
741 1721 921 1765 autem
951 1713 1269 1766 clamabant
1305 1712 1502 1769 salutis
1526 1727 1712 1776 causa,
1763 1711 1839 1766 illi
1883 1725 2016 1766 vero

445 1816 554 1856 non
621 1803 971 1858 advertentes
1036 1805 1368 1867 currebant,
1435 1812 1747 1874 naturaque
1809 1803 2012 1858 frustra

442 1891 734 1948 clamabat.
765 1893 822 1949 Si
865 1894 942 1948 illi
974 1895 1266 1965 aequabant
1301 1909 1496 1960 cursu,
1528 1895 1672 1963 quod
1715 1895 1769 1948 in
1809 1909 1869 1950 se
1895 1902 2012 1949 erat

443 1986 665 2054 quidem
705 1987 1000 2053 faciebant,
1055 1988 1272 2058 genitor
1319 2003 1450 2044 vero
1481 1987 1622 2043 idem
1661 1996 1800 2052 erat,
1827 2000 2014 2040 amore

443 2078 680 2133 naturali
743 2078 941 2135 timore
991 2080 1182 2134 mortis
1206 2080 1360 2148 juxta
1399 2079 1564 2149 pedes
1615 2087 1902 2149 superato.
1953 2077 2011 2132 Si

446 2176 628 2224 autem
663 2179 817 2240 pater
847 2169 914 2226 de
945 2169 1055 2224 vita
1084 2184 1182 2224 sua
1213 2169 1459 2233 curabat,
1497 2169 1571 2223 illi
1601 2169 1854 2236 prostrati
1880 2183 2014 2224 con-

430 2257 778 2335 ‘eulcatique,
825 2258 1080 2329 peribant
1140 2257 1194 2313 in
1243 2259 1458 2313 acervis
1516 2259 1867 2312 cadaverum.
1923 2257 2056 2327 Sic,

448 2346 705 2401 animalia
735 2347 1036 2406 domestica
1074 2348 1216 2416 lupis
1255 2349 1672 2403 accurrentibus
1716 2349 1827 2402 cito
1851 2349 2014 2403 relin-

444 2445 622 2503 quunt
649 2440 905 2508 parvulos
931 2454 1080 2507 suos,
1105 2454 1169 2494 ac
1198 2438 1448 2510 fugiunt;
1483 2441 1646 2511 lupus
1674 2450 1854 2495 autem
1880 2439 2010 2495 nulli

445 2530 552 2585 scit
583 2544 830 2600 parcere.

515 2793 641 2850 106.
702 2791 801 2848 llic
845 2805 948 2862 ego
988 2806 1169 2864 gemo,
1229 2791 1288 2847 in
1342 2791 1664 2847 memoriam
1724 2804 2006 2856 revocans,

442 2887 720 2956 quomodo
743 2884 983 2954 fugimus
1010 2899 1112 2939 nos
1140 2898 1334 2939 omnes
1363 2883 1508 2939 sicut
1545 2897 1674 2936 oves
1692 2881 2007 2948 occisionis,

444 2979 599 3034 nullo
627 2985 844 3046 pastore
874 2977 1224 3043 defendente,
1258 2989 1360 3031 nec
1392 2977 1756 3032 mercenaria.
1802 2975 2010 3030 Felices

443 3072 482 3124 ii
511 3085 742 3141 quorum
781 3069 914 3126 nihil
953 3069 1266 3125 morabatur
1303 3069 1510 3138 fugam.
1538 3067 1695 3122 Nunc
1733 3083 1862 3123 vero
1897 3072 2009 3136 ple-

2120 614 2178 679 ἐξ
2205 613 2555 684 ὀλιγηπελίης
2599 617 2934 688 κατέῤῥιπτε
2996 615 3344 684 συμποδίζων
3407 617 3487 679 εἰς
3536 617 3685 688 ᾅδην,

2121 709 2426 775 φθανούσας
2480 715 2573 762 τὸν
2613 711 2701 764 διὰ
2746 710 2915 778 ξιφῶν
2940 710 3178 779 ὀλεθρον.
3241 708 3468 780 υίκτρδν
3493 709 3548 762 δέ
3571 710 3691 765 τού-

2119 817 2228 853 των
2257 801 2354 854 οὐκ
2384 801 2606 854 ἔλαττον
2643 803 2736 855 καὶ
2800 802 3053 872 μητέρες,
3092 796 3181 864 αἷς
3239 799 3564 868 φευγούσαις
3597 805 3687 856 καὶ

2121 889 2318 943 ἁπαλοὶ
2348 892 2533 954 παῖδες
2557 892 2896 961 συνέτρεχον,
2923 892 3018 945 καὶ
3039 892 3176 951 τέως
3209 891 3310 960 μὲν
3339 891 3479 960 ὁμοῦ
3517 887 3683 962 ἦσαν’

2120 983 2541 1052 ἐπισπέρχοντος
2571 985 2626 1037 δέ
2652 983 2747 1037 τοῦ
2784 983 2976 1048 κακοῦ,
3040 983 3237 1036 ἐνίκων
3265 983 3356 1037 τὸν
3388 983 3587 1052 δρόμον
3631 987 3684 1038 ai

2124 1073 2377 1142 μητέρες,
2409 1074 2686 1144 δυστυχῶς
2707 1091 2770 1142 γε
2825 1077 2984 1128 τοῦτο
3013 1075 3108 1127 καὶ
3163 1075 3326 1144 μάλα.
3396 1076 3683 1144 Ἐπιστραο

2121 1168 2304 1230 φεῖσαι
2373 1167 2502 1237 γὰρ,
2545 1167 2576 1237 ἢ
2617 1168 2798 1221 οὐκέτ’
2863 1167 3089 1222 ἔϐλεπον
3115 1168 3242 1232 τοὺς
3297 1168 3680 1238 ποθουμένους,

2118 1255 2483 1325 ἀνθαμίλλυυς
2523 1257 2761 1328 Ἡρώδου
2791 1259 2854 1328 δή
2904 1276 3010 1314 τινι
3072 1258 3238 1329 ψήφῳ
3275 1263 3684 1331 περιπεπτωκό-

2117 1364 2244 1410 τας*
2279 1348 2311 1421 ἢ
2351 1349 2578 1403 ἔπιπτον
2607 1351 2702 1404 καὶ
2723 1350 2884 1403 αὐταὶ
2933 1351 3067 1421 πρὸς
3098 1350 3209 1402 τῶν
3241 1349 3683 1420 ἐπικαταλαμϐαι-

2116 1439 2337 1503 νόντων,
2399 1439 2741 1510 μισούμεναι,
2773 1439 2856 1492 ὅτι
2888 1438 2962 1510 μὴ
3021 1439 3249 1494 ἐκείνων
3315 1440 3453 1509 πρὸς
3507 1439 3680 1510 ἔρωτα

2117 1530 2536 1601 ἐπεστρέφοντο,
2565 1531 2680 1583 ἀλλ’
2709 1530 2922 1584 ἔκλαιον
2955 1530 3049 1584 τὸν
3084 1528 3317 1583 ὕστατον
3367 1529 3598 1600 δόλιχον,
3622 1531 3681 1584 δν

2116 1622 2440 1676 ἐστείλαντο.
2479 1621 2750 1690 Ἕφευγον
2797 1623 2894 1675 καὶ
2923 1621 3176 1691 πατέρες,
3207 1620 3402 1690 νεογνά
3433 1621 3680 1691 μητέρων

2115 1715 2328 1785 ὀρφανὰ
2367 1713 2540 1767 ὀπίσω
2572 1716 2845 1782 ἀφιέντες.
2899 1713 3008 1766 Καὶ
3048 1714 3184 1765 αὐτὰ
3222 1712 3320 1781 μὲν
3353 1713 3428 1774 ὡς
3461 1713 3556 1765 ἐπὶ⁵
3583 1731 3679 1765 σω.

2115 1807 2280 1879 τηρία
2307 1807 2570 1874 ἐγοῶντο·
2608 1808 2657 1859 oi
2691 1805 2746 1860 δὲ
2774 1805 2848 1875 μὴ
2888 1805 3344 1875 ἐπιστρεφόμενοι
3376 1804 3553 1866 ἔθεον,
3589 1808 3678 1860 καὶ

2045 1859 2086 1914 Β
2115 1859 2497 1970 ηιφύῖσιςιέϐόα
2523 1897 2681 1952 κενά.
2715 1859 2853 1950 Είιδέ
2883 1897 2976 1949 καὶ
3005 1859 3307 1965 ἐξέδραμον
3331 1897 3513 1948 ἐκεῖνα
3542 1859 3678 1966 συμ-

2115 1993 2357 2063 φεύγειν,
2392 1991 2530 2045 αὐτὰ
2564 1992 2662 2062 μὲν
2683 1989 2898 2042 ἐποίουν
2930 1988 2990 2040 τὸ
3016 1987 3243 2040 δυνατόν
3264 2002 3279 2018 ο
3309 1987 3338 2039 ό
3358 1986 3414 2038 δὲ
3441 1985 3676 2056 γενέτωρ

2111 2079 2178 2156 ἦν
2198 2086 2226 2137 ὀ
2251 2083 2430 2147 αὐτὸς,
2455 2083 2580 2146 τοὺς
2614 2083 2782 2144 πόδας
2828 2079 2922 2133 τοῦ
2957 2079 3099 2132 κατὰ
3132 2074 3358 2132 θάνατον
3387 2077 3557 2146 φόϐου
3583 2076 3676 2147 τὴν

2114 2175 2352 2246 φυσικὴν
2379 2174 2702 2236 ἐκνικῶντος
2739 2173 2991 2242 στοργήν.
3025 2171 3134 2226 Καὶ
3163 2170 3321 2240 εἴπερ
3349 2172 3377 2224 ό
3399 2170 3676 2223 τεκνωσά-

2116 2286 2274 2338 μενος
2305 2265 2721 2337 περιποιήσεται
2751 2265 2917 2336 ζωὴν,
2987 2264 3100 2318 ἀλλ’
3150 2263 3292 2317 αὐτὰ
3359 2261 3676 2330 συμπατού-

2115 2377 2270 2430 μενα,
2307 2361 2401 2412 καὶ
2433 2359 2570 2429 πρὸς
2597 2357 2715 2428 βίαν
2760 2356 3106 2426 σκαρίζοντα,
3137 2353 3431 2421 ἐξώλλυντο
3460 2355 3542 2416 είς
3565 2355 3678 2407 ἐπι-

2111 2453 2286 2523 Θήκην
2333 2451 2443 2504 τῶν
2482 2451 2601 2503 κατ’
2645 2449 2847 2520 ἄνδρας
2881 2448 3109 2518 νεκρῶν.
3139 2447 3298 2501 Οὕτω
3328 2448 3422 2500 καὶ
3451 2447 3676 2517 θρέμμα

2109 2543 2281 2614 τραχὺ
2308 2543 2487 2597 λύκων
2539 2543 2936 2614 ἐπιτρεχόντων
2976 2541 3168 2611 ἀφίησι
3229 2540 3301 2593 τὰ
3353 2541 3530 2594 οἰκεῖα
3560 2556 3675 2591 νεο-

2110 2639 2257 2708 me,
2291 2637 2384 2692 καὶ
2437 2635 2664 2706 φεύγει·
2726 2636 2822 2691 καὶ
2850 2637 2878 2689 ό
2931 2634 3094 2699 λύκος
3117 2633 3218 2688 οὐκ
3270 2628 3411 2687 οἶδεν
3464 2631 3675 2696 οὐδενὸς

2111 2728 2411 2798 φείδεσθαι.

2183 2820 2292 2894 ρς’.
2325 2821 2513 2877 Κλαίω
2540 2821 2588 2875 δ’
2615 2818 2850 2876 ἐνταῦθα
2886 2819 3020 2890 ἐγὼ,
3053 2820 3401 2892 ἁναπολὴσας
3422 2821 3501 2884 είς
3530 2820 3672 2887 νοῦν,

2108 2917 2184 2981 ὡς
2211 2917 2307 2970 καὶ
2330 2917 2492 2987 ἡμεῖς
2515 2915 2753 2978 ἅπαντες
2780 2913 2953 2977 οὕτως
2987 2913 3312 2983 ἐφεύγομεν,
3339 2904 3426 2965 οἷα
3459 2911 3675 2981 σφαγῆς

2109 3007 2378 3076 πρόϐατα,
2440 3006 2564 3061 οῦτε
2610 3006 2866 3076 ποιμένος
2901 3003 3334 3075 προμαχοῦντος,
3396 3001 3522 3057 οῦτε
3571 3001 3672 3073 μὴν

2113 3098 2401 3169 μισθωτοῦ.
2443 3098 2552 3150 Καὶ
2583 3095 2872 3167 μακάριον,
2908 3094 3066 3165 εἴπερ
3089 3093 3392 3163 ἐφεύγομεν
3446 3090 3536 3145 διά
3591 3091 3676 3143 τέ-

447 3162 606 3230 rique
639 3161 692 3216 in
734 3176 829 3216 ora
871 3160 1121 3230 luporum
1181 3174 1475 3229 parumper
1537 3158 1728 3228 dilapsi
1793 3172 2004 3211 smnus.

2112 3158 2256 3255 λους.
2303 3191 2418 3244 Νῦν
2446 3190 2502 3243 δέ
2533 3158 2669 3243 ἀλλὰ
2711 3158 2905 3260 μικροῦ
2942 3158 3057 3242 δέον
3079 3158 3142 3240 οἱ-
3183 3158 3401 3248 πλείους
3432 3187 3546 3248 τοῖς
3567 3185 3672 3237 τῶν

445 3251 635 3308 (ἔπειρε
673 3252 755 3306 ba:
802 3252 1120 3317 innumerae,
1140 3266 1260 3321 qua:
1303 3251 1444 3305 hanc
1486 3250 1672 3306 urbem
1729 3249 2006 3304 florentem

448 3356 502 3401 et
556 3346 625 3401 ab
666 3344 860 3400 incolis
895 3345 1048 3399 bona:
1096 3343 1271 3412 frugis
1325 3343 1618 3398 babitatam
1674 3341 2011 3412 depoyiulatze

445 3448 598 3496 sunt.
632 3437 739 3504 Qui
776 3439 927 3494 vario
971 3438 1130 3493 modo
1168 3438 1248 3492 sic
1281 3439 1558 3508 perierunt
1591 3446 1798 3505 septem
1841 3434 2007 3491 millia

441 3538 792 3601 superarunt,
828 3530 967 3586 adeo
1007 3537 1384 3599 persecutores
1435 3544 1624 3583 eorum
1677 3527 1818 3583 ictus
1877 3542 2008 3583 suos

443 3622 650 3692 potenti
689 3621 913 3677 solertia
960 3621 1296 3690 dirigebant,
1329 3621 1629 3676 numeratis
1673 3636 1736 3676 ex
1761 3621 2009 3690 Bulgaris

444 3712 720 3785 peditibus
773 3713 1147 3782 militibusque
1201 3714 1495 3769 exercitus.
1567 3711 1794 3768 Barbari
1844 3727 2005 3776 vero,

447 3806 541 3876 qui
568 3806 705 3860 alias
739 3802 953 3860 fuerant
976 3806 1205 3874 operati,
1227 3805 1467 3876 quinque
1489 3804 1657 3860 millia
1686 3817 2007 3859 numerave-

450 3908 580 3951 runt
605 3906 970 3962 mortuorum,
1008 3897 1115 3952 illis
1152 3911 1257 3950 non
1293 3895 1665 3951 annumeratis
1695 3896 1785 3966 qui
1836 3893 2005 3950 suffo-

446 3989 553 4047 cati
585 3989 825 4056 fuerant,
855 3990 940 4046 vel
967 3990 1021 4044 in
1054 3989 1311 4045 domibus
1349 3991 1465 4044 suis
1488 3989 1788 4060 perierant,
1815 3989 1909 4043 sed
1939 3988 2004 4042 iis

447 4091 658 4138 tantum
689 4081 986 4138 numeratis
1006 4096 1149 4153 quos
1178 4084 1258 4138 sol
1277 4083 1478 4139 ictibus
1514 4083 1757 4153 ipsorum
1790 4081 2007 4152 exposi-

448 4183 537 4232 tos
570 4174 907 4231 ostenderat.

513 4353 638 4408 1:07.
689 4352 831 4409 Ecce
866 4353 954 4408 hic
1012 4352 1160 4424 quod
1201 4352 1658 4408 remordebitcor
1722 4353 2004 4409 hominum

444 4447 879 4517 misericordium
899 4488 916 4514 ,
939 4447 1169 4512 scilicet.
1193 4463 1291 4502 eos
1318 4447 1410 4517 qui
1433 4446 1690 4517 iacebant
1722 4449 1774 4501 in
1801 4447 1902 4502 viis
1922 4456 2005 4501 at-

2111 3285 2288 3338 λύκων
2340 3283 2774 3355 περιεπίπτομεν
2832 3280 3084 3352 στόμασι.
3151 3279 3336 3350 Μυρία
3377 3278 3441 3348 δὴ
3495 3277 3670 3331 ταῦτα

2109 3373 2402 3452 πτώματα,
2433 3374 2529 3428 καὶ
2553 3367 2640 3427 οἷα
2690 3373 2846 3427 πόλιν
2875 3371 3174 3426 ἀποκενοῦν
3231 3368 3573 3440 εὑφοροῦσαν
3603 3364 3670 3438 ἦν

2108 3465 2201 3518 ὅτε
2229 3465 2528 3535 οἰκητόρων
2565 3461 2808 3532 ἀγαθῶν.
2837 3461 2948 3515 Καὶ
2995 3461 3275 3532 μετροῖντο
3327 3457 3393 3511 ἂν
3448 3459 3495 3510 οἱ
3528 3457 3670 3510 οὕτω

2108 3555 2460 3624 πολυτρόπως
2500 3553 2760 3618 πεσόντες
2820 3554 2963 3624 ὑπὲρ
2993 3553 3239 3623 χιλιάδας
3296 3550 3456 3617 ἔπτὰ,
3489 3551 3569 3613 ὡς
3618 3550 3669 3601 οἱ

2108 3647 2486 3718 περιελθόντες
2517 3646 2876 3716 ἐστοχάσαντο
2929 3645 3063 3717 πρὸς
3097 3643 3328 3714 δυνατὴν
3356 3641 3664 3714 ἀκρίϐειαν,

2109 3740 2207 3794 σύν
2231 3756 2295 3808 γε
2337 3740 2451 3801 τοῖς
2511 3740 2574 3791 ἐκ
2623 3737 2953 3810 Βουλγόιρων
3007 3737 3208 3801 πεζοῖς,
3257 3735 3352 3790 καὶ
3410 3737 3524 3789 ὅσοι
3575 3733 3666 3786 τοῦ

2108 3831 2498 3906 στρατιωτικοῦ
2536 3831 2848 3884 συνέπεσον.
2877 3827 2942 3884 Οί
2969 3829 3027 3881 δὲ
3061 3827 3328 3898 βάρϐαροι
3365 3843 3664 3897 περιεργαο

2107 3929 2331 3995 σάμενοι
2374 3924 2570 3988 ἄλλως,
2611 3923 2691 3986 είς
2744 3921 2904 3975 πέντε
2958 3920 3201 3990 χιλιάδας
3256 3919 3570 3989 ἠρίθμησαν
3605 3916 3665 3970 τδ

2105 4021 2297 4084 κακὸν,
2358 4018 2493 4087 μήτε
2515 4015 2642 4077 τοὺς
2694 4013 3098 4082 πεπνιγμένους
3179 4007 3664 4077 συγκεφαλαιωσά-

2107 4126 2257 4181 μενοι
2283 4109 2511 4171 τούτοις,
2541 4107 2676 4177 μήτε
2701 4103 2904 4174 δηλαδὴ
2925 4103 3050 4164 τοὺς
3075 4099 3161 4153 ἐπ’
3190 4101 3351 4152 οῐκων
3375 4098 3661 4161 πεσόντας.

2105 4198 2239 4254 ἀλλὰ
2276 4198 2471 4269 μόνους
2499 4195 2715 4268 ἀριθμῷ
2761 4193 3072 4258 δεδωκότες,
3108 4191 3267 4254 ὅσους
3295 4189 3476 4254 αὐτοῖς
3503 4189 3666 4243 ἐκθέ-

2103 4308 2229 4354 τους
2261 4288 2545 4360 κειμένους
2579 4289 2730 4358 ἥλιος
2761 4287 2979 4357 ἔφηνεν.

2177 4383 2277 4453 ρξ’.
2330 4380 2590 4435 Ἐνταῦθα
2614 4379 2766 4434 δάκοι
2800 4378 2866 4432 ἂν
2898 4377 3125 4447 καρδίαν
3154 4375 3344 4447 ἀνδρὸς
3385 4372 3662 4442 φιλοίκτου

2106 4475 2200 4527 καὶ
2231 4471 2312 4524 ὅτι
2342 4471 2468 4532 τοὺς
2507 4469 2790 4538 κειμένους
2829 4464 2888 4518 ἐν
2934 4482 2993 4518 τε
3029 4467 3148 4528 ταῖς
3192 4463 3455 4534 ἀμφόδοις
3488 4462 3586 4515 καὶ
3608 4463 3664 4512 ἐν

442 4555 552 4610 que
600 4540 655 4595 in
687 4539 926 4610 acrOpoli
957 4540 1286 4595 animalibus
1327 4539 1505 4594 brutis
1537 4539 1822 4596 miscentes
1870 4539 2000 4594 Bar-

2112 4565 2174 4633 τῇ
2207 4560 2500 4631 ἀκροπόλει
2530 4559 2742 4627 ἀλόγοις
2763 4555 2922 4621 ζώοις
2958 4554 3376 4624 ἀναμγινύντες,
3407 4553 3665 4616 κατέκαι-

437 4633 558 4688 bari
614 4633 952 4699 cremabant,
1004 4631 1390 4685 inhumanitati
1427 4646 1540 4686 sua:
1593 4631 1693 4686 hoc
1747 4631 1998 4686 ultimum

2112 4631 2234 4708 ονίοί
2299 4653 2484 4723 ἐχθροὶ
2529 4650 2588 4705 τὸ
2618 4648 3020 4719 μισάνθρωπον,
3053 4646 3150 4714 όψὲ
3211 4644 3308 4698 καὶ
3339 4643 3499 4698 τοῦτο
3529 4643 3662 4714 δρά-

438 4721 724 4775 ειὶιΙυηιεε.
747 4721 882 4774 Cum
899 4720 1136 4788 primum
1167 4719 1288 4774 illos
1319 4720 1518 4774 hortati
1551 4736 1796 4777 essemus
1834 4730 1893 4776 ut
1921 4721 2001 4774 in-

438 4811 725 4865 bumarent
757 4809 1023 4864 cadavera
1053 4825 1122 4863 ne
1173 4811 1274 4863 hoc
1306 4809 1458 4864 triste
1488 4812 1856 4878 spectaculum
1899 4813 1998 4866 ad-

437 4910 586 4955 esset
629 4914 967 4969 vaporesque
1018 4899 1337 4968 pestilentes
1365 4900 1774 4964 exltalarentur,
1809 4901 1998 4970 hujus-

438 4990 583 5044 modi
619 5005 679 5046 se
700 5005 821 5045 esse
851 5000 1101 5045 assuetos
1127 4989 1402 5057 dicebant,
1448 4991 1644 5061 bisque
1669 4993 1997 5064 spectaculis

435 5091 490 5137 et
517 5082 778 5137 odoribus
800 5082 1056 5152 gaudere.

512 5173 636 5228 108.
689 5173 878 5230 Caedes
907 5175 1130 5244 quidem
1171 5189 1460 5247 raptusque
1503 5178 1728 5233 violenti
1784 5193 1848 5233 ac
1880 5179 1995 5249 ple-

437 5279 610 5335 raque
655 5267 794 5319 mala
843 5281 1062 5322 cessare
1097 5270 1210 5322 visa
1259 5280 1388 5324 sunt
1421 5287 1483 5323 ex
1512 5271 1666 5339 jussu
1705 5271 1990 5339 comitum,

439 5357 508 5412 ad
578 5355 860 5416 meridiem
911 5357 1043 5426 diei,
1099 5376 1204 5429 qua
1270 5374 1576 5432 expugnata
1633 5374 1717 5420 est
1777 5365 1989 5422 civitas.

436 5446 567 5503 Erat
591 5463 716 5503 vero
763 5446 1086 5512 Sabbatum,
1132 5466 1239 5518 quo
1295 5451 1434 5522 fugae
1467 5455 1616 5511 locus
1685 5471 1791 5509 non
1848 5466 1988 5522 erat,

433 5554 597 5607 quam
632 5554 697 5593 ex
721 5537 1016 5610 Evangelia
1047 5543 1396 5611 deprecaturi
1429 5547 1678 5610 fuissent,
1707 5549 1801 5604 sed
1828 5558 1992 5605 tantae

437 5630 592 5684 urbis
628 5629 872 5685 exitium.
904 5629 1036 5695 Quae
1059 5633 1312 5702 deinceps
1360 5638 1670 5691 acciderunt
1702 5654 1861 5695 nemo
1899 5653 1991 5693 ac-

433 5731 620 5775 curate
647 5720 868 5776 dixerit.
893 5721 965 5776 Ea
993 5739 1121 5777 vero
1145 5741 1264 5794 quae
1287 5727 1483 5796 eligere
1517 5729 1812 5796 potuimus,
1844 5730 1990 5798 quod

431 5826 496 5868 ea
576 5812 817 5871 scribere
904 5816 1283 5885 potuerimus,
1343 5819 1714 5887 gloriabimur.
1787 5821 1989 5882 Omnes

2103 4761 2313 4806 σαντες.
2346 4745 2428 4797 Τὰ
2467 4742 2659 4813 πρῶτα
2684 4741 2795 4810 γὰρ
2859 4738 2949 4807 ὑφ’
2981 4739 3146 4808 ἡμῶν.
3175 4735 3661 4808 παρακαλούμενοι

2100 4835 2414 4905 καταχῶσαι
2442 4834 2568 4896 τοὺς
2596 4831 2844 4901 νεκροὺς,
2881 4830 2955 4900 μὴ
2986 4830 3081 4882 καὶ
3110 4827 3207 4881 θέα
3261 4827 3659 4896 δυσπρόσωπος

2099 4925 2392 4988 ἔκκεινται,
2419 4926 2510 4977 καὶ
2541 4922 2818 4992 ἀποφορὰς
2846 4921 2902 4974 δὲ
2932 4920 3156 4989 νοσερὰς
3178 4919 3498 4989 ἀτμίσωσιν,
3535 4918 3661 4971 ἐθά-

2096 5013 2182 5075 δες
2212 5011 2463 5065 τοιούτων
2497 5011 2650 5064 αὐτοὶ
2678 5011 2885 5079 ἔφασαν
2917 5004 3083 5073 εἶναι,
3113 5007 3207 5060 καὶ
3232 5005 3444 5076 χαίρειν
3471 5005 3660 5060 τοιαύο

2095 5119 2216 5164 ταις
2249 5101 2397 5163 θέαις
2432 5118 2490 5154 τε
2518 5101 2612 5154 καὶ
2641 5100 2853 5170 ὀδμαῖς.

2168 5191 2274 5264 ρη’.
2330 5193 2394 5245 Οἱ
2442 5192 2538 5261 μὲν
2595 5192 2658 5262 δὴ
2711 5191 2893 5244 πολλοὶ
2946 5191 3116 5259 φόνοι,
3172 5191 3268 5243 καὶ
3316 5191 3372 5241 αἱ
3422 5188 3656 5257 σφοδραὶ

2097 5284 2363 5352 ἁρπαγαὶ,
2394 5283 2486 5336 καὶ
2515 5283 2580 5334 τὰ
2612 5282 2778 5333 πλείω
2802 5281 2947 5334 κακά
2997 5281 3202 5332 δοκοῖεν
3250 5279 3316 5333 ἂν
3370 5279 3529 5346 λῆξαι
3555 5296 3656 5348 με-

2094 5377 2162 5430 τὰ
2204 5374 2549 5445 μεσημϐρίαν
2572 5373 2665 5438 τῆς
2704 5373 2935 5442 ἡμέρας,
2995 5371 3116 5424 καθ’
3143 5371 3264 5441 ἥνή
3316 5370 3534 5433 ἅλωσις,
3592 5370 3655 5434 ἐξ

2095 5467 2465 5535 ἐπιτάγματος
2482 5465 2590 5517 τῶν
2621 5464 2892 5533 κομήτων.
2923 5459 3030 5515 Ἦν
3057 5463 3111 5514 δὲ
3140 5461 3436 5525 Σάϐϐατον,
3470 5461 3530 5512 οὐ
3553 5477 3656 5527 φυ-

2092 5557 2194 5626 γὴν
2223 5556 2366 5626 ἔχον,
2395 5556 2460 5624 ἣν
2491 5553 2864 5622 εὐαγγελικῶς
2911 5551 3197 5617 ἀπεύξαιτ’
3227 5554 3292 5607 ἄν
3339 5569 3445 5615 τις,
3509 5551 3652 5604 ἀλλά

2091 5647 2420 5718 τηλικαύτης
2448 5646 2652 5708 πόλεως
2681 5644 2922 5712 ὄλεθρον.
2956 5645 3037 5696 Τά
3071 5644 3126 5696 δέ
3177 5643 3426 5695 ἐντεῦθεν
3457 5643 3555 5694 οὐκ
3579 5643 3652 5694 ἂν

2094 5737 2194 5807 μέν
2224 5753 2308 5800 τις
2354 5738 2578 5806 φράσαι,
2611 5738 2686 5799 ὡς
2744 5735 2912 5804 μηδὲν
2962 5751 3013 5786 τι
3065 5731 3328 5800 ἐλλεῖψαι.
3390 5732 3530 5784 Ὅσα
3590 5729 3652 5784 δέ

2091 5827 2235 5883 ἐστιν
2287 5828 2658 5896 ἐπιλέξασθαι,
2692 5827 3015 5898 αὑχήσωμεν
3048 5822 3114 5879 ἂν
3147 5825 3240 5878 καὶ
3289 5823 3441 5878 αὐτοὶ
3476 5822 3650 5876 ἱκανοὶ
