3968 6560
269 409 372 477 109

1055 415 1152 476 DE
1193 417 1764 483 THESSALONICA
1796 423 2009 486 URBE
2046 406 2090 486 Α
2131 427 2443 493 LATINIS
2466 433 2723 494 eam.

3416 437 3517 503 110

267 525 489 580 ἔσεσθαι
530 525 989 597 ἀπογράψασθαι.
1023 529 1235 593 Πάντες
1263 534 1312 585 οἱ
1349 532 1453 597 ἔξω
1488 535 1738 600 ἱππόται,
1762 536 1858 590 καὶ

1970 546 2172 617 equites
2219 551 2310 620 qui
2347 559 2504 606 erant
2537 561 2693 606 extra
2731 566 2940 618 muros,
2978 551 3257 622 ducesque
3291 551 3512 609 classis.

266 619 314 669 οἱ
350 616 621 689 ναύαρχοι
655 621 734 683 δὲ,
768 619 1076 684 ἀκολούθως
1106 623 1166 676 δὲ
1221 625 1316 678 καὶ
1347 626 1397 678 οἱ
1429 626 1570 694 ἀμφ’
1622 627 1845 695 αὐτοὺς,

267 709 722 779 ἀνακαθήραντες
754 712 856 782 ἤδη
886 714 954 766 τὰ
977 713 1130 782 σφίσι
1181 715 1414 784 φοόερὰ,
1451 721 1545 769 καὶ
1579 719 1848 788 μισήσαν-

267 817 356 863 τες
375 802 457 864 εἱς
486 803 654 857 πλέον
674 805 1073 874 αἱθριοκοιτεῖν,
1105 806 1345 876 ἔπλησαν
1368 808 1536 870 ἀδεῶς
1568 810 1661 872 τὰς
1695 809 1851 880 οἱκή-

273 911 383 956 σεις
415 894 517 962 τῆς
559 896 804 960 πόλεως·
845 898 941 958 τὰς
978 899 1076 966 μὲν
1135 899 1352 968 μείζους
1385 901 1528 955 κατὰ
1579 901 1846 970 κεφαλὰς,

272 987 363 1038 καὶ
391 986 510 1040 ὅσοι
544 989 676 1057 περὶ
703 989 888 1052 αὐτάς
917 989 1014 1052 τὰς
1037 991 1092 1044 δὲ
1119 992 1373 1055 ἐλάττους
1397 993 1540 1047 κατά
1559 1009 1709 1055 τινας
1733 992 1849 1058 ῖλας

273 1078 498 1147 ἑτέρας,
533 1079 690 1142 ὅσαις
716 1076 785 1150 ἦν
847 1079 1164 1152 σύμμετρον
1190 1082 1252 1135 τὸ
1306 1081 1614 1150 κατάλυμα.
1653 1084 1761 1136 Καὶ
1787 1083 1850 1137 τὸ

273 1169 524 1223 ἐντεῦθεν
544 1172 702 1224 αύτοὶ¹
735 1173 834 1238 μὲν
853 1167 994 1242 ἦσαν
1021 1174 1186 1225 οῐκων
1211 1173 1343 1226 εῐσω
1363 1189 1377 1205 ο
1430 1174 1492 1226 τὸ
1523 1173 1581 1227 δὲ
1635 1174 1848 1227 πολιτι-

273 1261 367 1314 κον
393 1261 544 1314 ἅπαν
586 1261 841 1332 σύστημα
866 1263 1154 1328 ἐπλάζετο,
1180 1265 1240 1317 ὲν
1268 1259 1350 1327 οἷς
1401 1264 1497 1317 καὶ
1524 1266 1708 1334 ἡμεῖς.
1741 1263 1850 1318 Καὶ

272 1352 333 1404 τὸ
361 1351 462 1418 μὲν
494 1351 775 1423 βάρϐαρον
821 1354 1044 1424 ἐνέμετο
1095 1353 1196 1415 τὰς
1245 1355 1334 1408 ἐπ’
1359 1353 1523 1408 οῐκων
1569 1355 1808 1418 ἐνθέσεις
1831 1369 1848 1387 ο

275 1443 322 1495 οἱ
343 1441 402 1494 δὶ
467 1444 850 1498 οἱκοδεσπόται
892 1444 1256 1513 ἀπελήλαντο,
1317 1443 1414 1498 καὶ⁵
1470 1444 1852 1515 περιενόστουν

273 1527 375 1586 ὧδε
407 1533 594 1595 κάκεῖ,
633 1535 944 1601 πεινῶντες,
968 1535 1250 1603 διψῶντες,
1303 1535 1599 1606 ῥιγοῦντες,
1634 1535 1717 1588 ότι
1756 1532 1852 1587 καὶ

279 1625 498 1692 γυμνοί.
532 1626 643 1680 Καὶ
673 1626 786 1680 εἴθε
819 1626 921 1694 μὲν
948 1627 1167 1695 γυμνοὶ,
1193 1625 1269 1689 ὡς
1300 1625 1367 1681 ἄν
1397 1643 1498 1680 που
1529 1627 1626 1680 καὶ
1657 1624 1854 1679 ἐλεοῖν-

278 1733 338 1769 το
367 1717 431 1769 ἑκ
468 1719 580 1769 τῶν
630 1719 1035 1785 γυμνωσάντων
1057 1734 1072 1749 ο
1130 1718 1225 1771 νῦν
1254 1718 1312 1771 δὲ
1382 1717 1727 1787 σοφιζόμενοι
1753 1717 1852 1786 τὴν

280 1805 514 1866 ἔνδυσιν,
548 1805 638 1858 διὰ
669 1807 731 1859 τὸ
769 1806 942 1870 άλλως
973 1808 1093 1860 κατ’
1121 1807 1244 1877 ὄψιν
1277 1809 1522 1878 αἱσχρον,
1565 1808 1666 1860 οὒκ
1702 1802 1852 1876 εἶχον

280 1895 448 1959 ἔλεον,
477 1891 566 1949 οἶα
594 1897 695 1967 τῆς
725 1899 966 1968 ἀνάγκης
991 1899 1225 1970 ἑκάστῳ,
1257 1900 1306 1952 εἱ
1337 1901 1429 1954 καὶ
1459 1899 1703 1964 ἄναλλον,
1739 1899 1851 1952 ἀλλ’
1885 1893 1926 1949 Β

279 1986 372 2041 οὖν
420 2005 544 2040 τινα
614 1987 803 2058 στολὴν
853 1989 1215 2059 άφοσιούσης⁶
1269 1989 1461 2044 όποὶαν
1521 1989 1644 2043 ἰδὼν
1698 1990 1726 2042 ό
1757 1988 1857 2058 μὲν

282 2077 386 2142 ἔξω
413 2077 667 2144 πένθους,
697 2081 914 2148 γελάσοι
969 2081 1034 2136 ἂν
1064 2082 1152 2136 διὰ
1187 2082 1249 2135 τὸ
1289 2082 1712 2152 σκηνικώτερον,
1748 2081 1776 2134 ό
1803 2081 1858 2136 δὲ

286 2169 723 2239 συγγεγευμένος
749 2169 844 2224 τοῦ
871 2171 1075 2235 πάθους
1099 2173 1198 2224 οὐκ
1223 2171 1288 2225 ἂν
1320 2172 1541 2242 ὀκνήσοι
1582 2173 1656 2242 μὴ
1695 2171 1861 2226 ὲκθα-

285 2261 396 2313 νεῖν
430 2260 793 2330 λυπούμενος.
848 2263 1158 2334 Ἐτρύπησέ
1186 2279 1271 2324 τις
1310 2262 1525 2332 ψίαθον,
1556 2265 1650 2316 καὶ
1703 2280 1859 2332 περι-

286 2352 607 2425 δαλόμενος,
637 2353 874 2422 ἔκρυπτε
901 2355 1058 2424 μόγις
1112 2354 1211 2426 τὴν
1259 2355 1526 2424 προσθίαν
1579 2354 1857 2424 αἰσχύνην.

289 2446 395 2500 Καὶ
426 2447 624 2516 ἠγάπα
656 2446 799 2500 οὕτω
843 2447 1246 2517 καλυψάμενος,
1278 2447 1551 2516 εὐδαίμων
1608 2446 1766 2508 αὐτὸς
1795 2447 1861 2516 τῇ

290 2537 429 2606 πρὸς
459 2537 684 2607 ἑτέρους
716 2537 1024 2608 παραϐολῇ,
1060 2537 1176 2592 ὅσοι
1229 2538 1291 2592 τὸ
1319 2539 1463 2592 κατὰ
1511 2539 1667 2609 χεῖρα
1697 2536 1864 2605 θέναρ

289 2632 384 2685 καὶ
409 2629 485 2682 τὰ
536 2627 778 2682 δάκτυλα
810 2629 953 2683 καθά
977 2646 1030 2682 τι
1055 2627 1472 2700 παραπέτασμα
1518 2627 1862 2698 προθέμενοι,

289 2722 382 2774 καὶ
405 2719 768 2789 κρύπτοντες,
803 2719 947 2791 άπερ
977 2720 1166 2790 ὲχρῆν,
1225 2718 1518 2791 ἠρκοῦντο,
1554 2718 1629 2788 μὴ
1655 2717 1867 2787 ἔχοντες

288 2815 318 2866 δ
347 2829 399 2867 τι
431 2813 598 2866 πλέον
649 2812 927 2882 δράσουσι.
974 2812 1087 2867 Καὶ
1113 2808 1183 2884 ἦν
1213 2814 1313 2882 μὲν
1367 2812 1462 2866 καὶ
1492 2811 1622 2865 αὐτὸ
1653 2810 1713 2864 ού
1739 2809 1868 2873 θέας

289 2904 462 2970 ἄξιον.
494 2905 560 2958 El
612 2903 669 2958 δὲ
693 2904 789 2959 καὶ
836 2905 1100 2972 γυναῖκες
1148 2905 1243 2958 τοῦ
1296 2903 1503 2966 πάθους
1549 2903 1868 2959 ἐκοινώνουν

291 2995 475 3061 τοῦδε,
503 2995 558 3050 τί
586 2995 652 3068 δὴ
686 2994 931 3068 ἐλαμπεν
961 2995 1136 3068 ἥλιος,
1176 2995 1254 3060 ὡς
1317 2997 1410 3050 καὶ
1445 2995 1669 3052 τοιαῦτα
1703 2997 1869 3050 καθο-

295 3089 415 3160 ρᾷνς

1957 653 2257 712 omnesque
2325 644 2418 713 qui
2476 659 2570 700 eos
2611 644 3036 712 comitabantur,
3070 644 3181 715 jam
3244 645 3311 698 de
3367 643 3518 698 omni

1957 733 2200 798 periculo
2247 737 2450 800 securi,
2484 738 2843 806 nolentesque
2895 736 3102 791 diutius
3147 735 3248 790 sub
3279 735 3370 790 dio
3403 751 3520 788 ma-

1957 835 2106 884 nere,
2149 823 2472 878 ﬁducialiter
2526 823 2718 878 domos
2779 823 2926 879 urbis
2970 825 3368 892 impleverunt;
3401 838 3520 876 ma-

1951 915 2102 985 jores
2157 924 2307 970 certo
2349 915 2580 971 militum
2639 932 2891 980 numero,
2931 916 3173 970 minores
3213 930 3344 970 vero
3393 917 3522 969 reli-

1955 1007 2078 1076 quis
2131 1008 2362 1062 aliorutn
2410 1010 2711 1079 agminum,
2755 1011 2914 1064 modo
2947 1024 3056 1078 quo
3090 1007 3385 1077 hospitium
3413 1007 3516 1062 ho-

1956 1099 2190 1168 spitibus
2245 1101 2783 1167 accommodaretur;
2829 1102 3083 1170 deinceps
3134 1100 3521 1154 habitaverunt

1957 1191 2096 1243 intra
2140 1189 2351 1246 domos.
2409 1191 2599 1246 Omnis
2657 1207 2789 1246 vero
2846 1189 3252 1246 administratio
3279 1189 3520 1246 civitatis

1956 1281 2220 1336 dissoluta
2255 1291 2392 1347 erat,
2445 1283 2606 1352 cujus
2659 1297 2756 1338 nos
2791 1298 3034 1338 eramus.
3082 1281 3304 1337 Barbari
3337 1281 3522 1337 domi-

1957 1373 2061 1428 bus
2116 1375 2381 1429 tributum
2438 1375 2870 1442 constituerant;
2929 1374 3137 1430 domini
3169 1388 3301 1429 vero
3329 1388 3520 1428 earum

1957 1464 2165 1534 expulsi
2215 1463 2453 1529 fuerant,
2498 1465 2596 1521 hic
2647 1473 2702 1522 et
2740 1466 2851 1520 illic
2911 1474 3185 1530 errantes,
3226 1463 3387 1529 fame,
3427 1464 3520 1518 siti

1956 1555 2212 1618 cruciati,
2266 1557 2551 1611 horrentes
2582 1571 2692 1626 pm
2741 1555 3004 1611 nuditate.
3045 1555 3112 1610 Et
3139 1555 3345 1609 utinam
3380 1553 3522 1609 fuis-

1957 1657 2081 1702 sent
2103 1649 2257 1715 nudi,
2295 1657 2356 1703 ut
2395 1647 2535 1704 forte
2567 1647 2834 1703 nudantes
2865 1649 3014 1717 ipsos
3049 1659 3400 1701 commovere
3420 1659 3523 1716 po-

1959 1739 2220 1795 tuissent!
2272 1753 2420 1794 nunc
2475 1753 2627 1802 vero,
2659 1739 2978 1794 indumento
3013 1738 3134 1792 novi
3189 1737 3402 1807 generis
3435 1737 3522 1790 in—

1960 1841 2142 1896 vento,
2177 1832 2324 1903 quod
2356 1833 2492 1888 alias
2512 1834 2629 1886 visu
2662 1842 2816 1902 turpe
2835 1840 2941 1896 est,
2975 1845 3081 1885 non
3114 1829 3370 1886 commoti
3393 1836 3523 1884 sunt

1958 1923 2248 1992 quamdam
2286 1925 2524 1978 tunicam
2569 1921 2953 1991 relinquendo,
3015 1935 3179 1990 quam
3212 1919 3519 1976 necessitas

1959 2001 2257 2085 unicuique
2295 2014 2609 2080 donaverat,
2648 2014 2772 2068 licet
2808 2012 3049 2068 unicam.
3093 2011 3332 2076 Quieam
3367 2009 3520 2064 vide-

1958 2109 2072 2173 bat,
2095 2107 2537 2178 nedumlugeret,
2559 2109 2825 2163 ridebat-e
2853 2114 3045 2162 contra
3079 2119 3146 2159 eo
3178 2103 3318 2172 quod
3350 2102 3522 2170 magis

1961 2199 2238 2255 scenicum
2269 2207 2450 2266 esset;
2500 2198 2591 2268 qui
2633 2214 2761 2254 vero
2785 2196 3063 2269 passionis
3090 2194 3365 2264 particeps
3399 2191 3523 2246 fue-

1961 2300 2069 2351 rat,
2103 2303 2211 2343 non
2245 2288 2528 2342 haesitabat
2559 2287 2756 2343 timore
2780 2287 2994 2342 mortis.
3039 2284 3288 2340 Stoream
3325 2282 3523 2350 aliquis

1962 2381 2293 2451 perforabat,
2321 2381 2778 2452 circumdansque
2823 2381 2911 2435 vix
2939 2381 3182 2434 anterius
3210 2375 3519 2446 pudendum

1963 2473 2412 2542 circnmtegebat.
2473 2471 2767 2541 Postquam
2817 2471 2889 2524 ita
2945 2471 3372 2524 circumtexerat
3417 2461 3525 2520 sibi

1967 2563 2245 2618 videbatur
2274 2579 2395 2617 esse
2424 2563 2612 2618 beatus
2641 2576 2750 2632 prae
2787 2561 3027 2625 easteris,
3057 2559 3175 2630 qui,
3208 2557 3384 2613 volam
3406 2569 3527 2608 ma-

1966 2671 2070 2712 nus
2106 2669 2168 2710 ac
2199 2654 2397 2726 digitos
2428 2657 2579 2711 velut
2610 2656 2882 2724 quoddam
2939 2653 3118 2709 velum
3155 2657 3526 2721 pr0punentes

1965 2747 2471 2818 abscondentesque
2505 2747 2650 2818 quod
2701 2757 2818 2804 erat
2855 2741 3326 2804 abscondendnm,
3379 2735 3528 2793 suffi-

1967 2851 2090 2892 cere
2140 2836 2550 2901 existimabant,
2608 2851 2718 2890 nou
2767 2835 3028 2890 habentes
3089 2831 3236 2886 unde
3288 2826 3525 2897 amplius

1968 2926 2232 2983 facerent.
2283 2927 2400 2984 lloc
2448 2927 2666 2998 quidem
2727 2935 2846 2983 erat
2897 2925 3019 2981 visu
3085 2919 3417 2978 miserabile.
3469 2917 3528 2974 Si

1967 3021 2131 3076 etiam
2185 3020 2439 3076 mulieres
2480 3035 2649 3090 passae
2687 3018 2945 3085 inerunt,
2995 3015 3125 3088 quid
3149 3010 3444 3082 solhilluxit
3469 3019 3530 3066 ut

1972 3114 2086 3169 hazc
2115 3113 2613 3184 contemplaretur?

366 3224 473 3295 ρθ’.
516 3223 658 3277 Ἀλλ’
683 3225 842 3287 αὐτὸς
882 3224 980 3294 μὲν
1009 3221 1156 3296 εἶχεν
1210 3223 1384 3288 ἄλλως
1412 3224 1780 3278 ἐνδείκνυσθαι
1815 3242 1866 3277 τι

2041 3247 2167 3304 109.
2203 3248 2273 3304 At
2328 3249 2405 3304 illi
2437 3251 2626 3306 saltem
2675 3251 2778 3308 hoc
2815 3251 3164 3309 referendum
3216 3253 3346 3309 boni
3386 3255 3533 3325 quod

296 3315 483 3380 καλόν,
541 3315 822 3384 ἐκτρέπων
849 3315 973 3378 τοὺς
998 3317 1188 3378 αὑταῖς
1241 3315 1658 3386 ἐνυϐρίζοντας.
1697 3315 1713 3336 ⁹
1746 3317 1787 3369 Ο
1813 3315 1868 3368 δὲ

297 3407 468 3462 ἐπιὼν
498 3405 733 3478 ἕσπερος
767 3407 1025 3461 πάνδεινα
1052 3408 1248 3472 ὲποίει,
1281 3408 1472 3460 σκότον
1501 3407 1873 3478 προϐαλλόμε-

299 3514 384 3560 νος
415 3498 500 3560 εἱς
554 3496 884 3568 ἀποκρυφὴν
923 3498 1016 3550 καὶ
1046 3497 1340 3552 ἀναίδειαν.
1383 3497 1449 3550 Ἦ
1479 3497 1577 3567 μὲν
1605 3497 1714 3566 γὰρ
1741 3497 1868 3568 ἠμέ-

299 3607 366 3661 ρα
393 3585 508 3659 εἱχέ
537 3605 591 3641 τι
625 3589 839 3658 σῶφρον
871 3589 978 3642 δέει
1007 3588 1116 3642 τῶν
1145 3588 1519 3660 ὑπερεχόντων
1571 3604 1586 3620 '
1615 3589 1648 3660 ἠ
1678 3589 1734 3642 δὲ
1779 3589 1874 3655 νὺξ

298 3680 678 3753 ὲπαρῥησίαζε
721 3681 790 3738 τὰ
814 3681 889 3752 μὴ
923 3682 1066 3735 ὅσια.
1113 3678 1222 3736 Ἦν
1258 3699 1342 3746 τις
1384 3681 1526 3748 τότε,
1578 3689 1670 3736 καί
1697 3681 1754 3744 ὃς
1778 3681 1874 3753 ῥά-

300 3790 391 3838 κος
419 3773 676 3844 εὑρηκὼς
711 3774 1161 3845 παρερῥιμμένον
1185 3791 1286 3827 που
1326 3773 1751 3845 ἀποκαθημένης
1777 3791 1874 3828 τυ·-

301 3869 392 3939 χδν
425 3866 461 3937 ἢ
497 3869 596 3922 καὶ
623 3866 855 3930 ἀλλοῖον,
885 3865 1093 3926 ὁποίοις
1127 3866 1342 3929 πολλοῖς
1380 3867 1430 3918 οἱ
1482 3866 1747 3937 λεωφόροι
1778 3883 1876 3920 κα-

300 3960 662 4028 τέστρωνται,
696 3956 791 4010 καὶ
821 3957 994 4026 συχνὰ
1045 3957 1273 4010 τοιαῦτα
1328 3957 1755 4026 συγκεκρουκὼς
1796 3958 1877 4022 εἱς

303 4049 507 4119 ῥαφὴν,
565 4049 642 4112 ὡς
673 4044 808 4117 εἶχε,
865 4051 960 4103 καὶ
985 4047 1194 4100 λεντίου
1233 4047 1432 4118 τρόπον
1464 4047 1878 4118 συσκευασάμε-

300 4159 407 4206 νος,
464 4142 618 4196 ἄκων
647 4140 803 4211 ἡθελε
849 4140 946 4210 τὴν
1007 4140 1251 4212 ἀσυνήθη
1294 4140 1642 4212 περιστολήν.
1695 4139 1876 4194 ¹’Δλλοι

304 4235 619 4304 συνθέματα
673 4234 806 4304 έρεᾶ
847 4232 1098 4302 μαδῶντα
1150 4232 1576 4303 ἐξευρίσκοντες,
1620 4233 1714 4287 καὶ
1753 4235 1879 4287 ἕνα·

306 4328 590 4397 πτόμενοι,
625 4324 834 4379 κοιλίαν
865 4325 964 4395 μὲν
995 4326 1085 4378 καὶ
1137 4324 1298 4395 ῥάχιν
1342 4323 1435 4378 καὶ
1488 4326 1554 4378 τὰ
1585 4325 1879 4394 κατωτέρω

308 4418 543 4472 ἔσκεπον
573 4418 767 4489 σχοίνῳ
789 4415 965 4488 σαθρᾷ
1004 4417 1098 4470 καὶ
1131 4418 1374 4488 ῥυπαρᾷ,
1416 4419 1481 4488 τῇ
1529 4417 1592 4471 ὲκ
1625 4417 1876 4488 φιλύρας,

305 4511 337 4582 ἢ
377 4510 586 4564 τοιοῦδέ
613 4524 755 4572 τινος
784 4507 1244 4579 περιζωσάμενοι,
1274 4509 1344 4562 τὰ
1402 4507 1458 4562 δὲ
1487 4507 1650 4562 λοιπὰ
1680 4509 1736 4561 ὲν
1763 4505 1878 4578 χρῷ

305 4579 426 4654 κατ’
453 4600 626 4671 αὐτὴν
652 4600 830 4672 σάρκα
869 4600 946 4670 τῷ
972 4600 1093 4669 ἀέρι
1162 4601 1454 4670 γινόμενοι.
1501 4599 1877 4671 ’ἱματισμένον
1909 4579 1950 4636 Ῑ)

302 4695 358 4749 δέ
399 4712 525 4749 τινα
551 4693 682 4747 ἱδεῖν
703 4692 764 4746 τὸ
789 4693 908 4746 ὅλον
929 4693 1114 4762 ὅμοιον
1137 4687 1206 4762 ἦν
1239 4692 1313 4757 ὡς
1346 4694 1394 4746 εἱ
1425 4693 1516 4746 καὶ
1548 4694 1691 4765 ῥῆγα
1712 4688 1874 4760 εἶδεν,

305 4787 336 4856 ἢ
371 4784 534 4838 ἄλλον
558 4783 730 4856 ἄνδρα
801 4785 1209 4856 λαμπρότητος.
1257 4785 1492 4856 Πόρναις
1525 4785 1712 4856 μόναις
1764 4786 1879 4840 ἐνέ-

304 4878 485 4946 λαμπε
513 4877 712 4940 κάλλος
752 4877 1070 4948 ἱματισμοῦ,
1107 4877 1164 4930 αἳ
1206 4879 1321 4939 τοῖς
1377 4877 1544 4948 ἱεροῖς
1573 4877 1878 4948 πεπλώμαο

307 4986 388 5023 σιν
434 4969 784 5038 ἠγλαϊζοντο,
850 4970 1158 5038 εύπάρυφοι
1185 4971 1316 5046 τοῖς,
1358 4971 1576 5040 μιαροῖς
1626 4971 1878 5039 ἐρασταῖς

306 5060 785 5132 παρομαρτοῦσαι,
815 5061 907 5114 καὶ
950 5061 1258 5132 βλεπόντων
1286 5063 1441 5132 ἡμῶν
1509 5063 1879 5134 παρῥησιαζόο

309 5170 464 5222 μεναι
485 5153 588 5224 τὴν
625 5153 919 5224 ἁμαρτίαν,
951 5157 1044 5206 καὶ
1067 5155 1657 5225 συγκαταχορεύουσαι,
1680 5155 1724 5209 ὣ
1751 5159 1880 5208 κᾶν.

310 5243 483 5297 ταῦθα
516 5245 673 5306 θείας
724 5245 942 5314 ἀνοχῆςὶ
977 5247 1040 5297 Al
1077 5245 1131 5298 δὲ
1159 5246 1390 5315 κεφαλαὶ
1418 5249 1528 5310 τοῖς
1567 5247 1667 5315 μὲν
1702 5247 1880 5301 πλείο-

312 5351 393 5388 σιν
431 5329 577 5405 ἦσαν
610 5335 1082 5401 ἀκατακάλυπτοι,
1109 5336 1216 5388 τῶν
1236 5339 1481 5390 Λατίνων
1506 5336 1648 5391 οὕτω
1679 5356 1881 5394 σκευω-

313 5429 615 5492 ρησάντων,
649 5423 723 5488 ὡς
753 5423 820 5477 ἂν
867 5424 1086 5495 ἔχοιμεν
1131 5425 1190 5478 τδ
1217 5425 1525 5496 ὁμόστολον.

381 5556 469 5627 ρι’.
515 5559 626 5612 Καὶ
655 5558 812 5611 τοῦτο
853 5558 952 5629 μὲν
1001 5560 1051 5613 οἱ
1073 5559 1360 5629 δυνάμενοι
1389 5559 1648 5630 ἔπασχον.
1693 5562 1882 5627 ’Ὀσοις

311 5646 368 5699 δὲ
385 5647 454 5702 τά
477 5651 578 5720 τῆς
609 5649 853 5720 κεφαλῆς
886 5651 988 5704 οὐκ
1027 5647 1172 5721 εἶχεν
1202 5651 1450 5720 ἀπαθῶς,
1476 5651 1590 5706 ἀλλ’
1622 5653 1728 5706 ἔδει
1781 5671 1880 5707 κα-

315 5739 721 5811 τακεκαλύφθαι
748 5743 920 5806 αὑτάς
956 5742 1038 5799 διὰ
1063 5743 1122 5796 τὸ
1160 5745 1460 5816 ἄρρωστον,
1515 5744 1630 5799 ἀλλ’
1683 5745 1881 5812 αὐτοὺς

321 5827 524 5898 βλέπδιν
560 5849 644 5895 τις
676 5835 923 5896 παντοῖος
959 5833 1024 5887 ἂν
1050 5834 1145 5903 τὴν
1197 5835 1371 5904 λύπην
1395 5837 1624 5904 γένοιτο,
1664 5840 1728 5907 τῇ
1758 5854 1878 5890 ποι-

1969 3341 2062 3410 qui
2097 3341 2202 3396 illis
2237 3340 2572 3396 insultabant
2592 3351 2880 3398 averteret.
2901 3343 3107 3414 Vesper
3129 3360 3260 3400 vero
3293 3361 3532 3414 sequens

1969 3431 2296 3501 gravissima
2347 3431 2549 3496 attulit,
2607 3433 2862 3492 tenebras
2903 3434 3200 3503 projiciens
3239 3416 3304 3490 ut
3349 3435 3534 3490 omnia

1971 3521 2437 3579 absconderentnr
2457 3523 2741 3592 omnisque
2775 3525 2946 3594 pudor
2968 3525 3206 3580 abesset.
3238 3525 3364 3581 Dies
3386 3526 3532 3580 enim

1973 3613 2312 3681 prudentiam
2331 3613 2567 3684 aliquam
2598 3614 2905 3684 imponebat
2931 3616 3000 3671 ob
3017 3626 3217 3672 metum
3247 3618 3536 3671 dominan-

1971 3703 2129 3769 tium,
2164 3703 2290 3758 dum
2348 3719 2452 3759 nox
2501 3705 2764 3776 sacrilega
2810 3716 2959 3760 esSet
2985 3716 3038 3762 et
3073 3708 3378 3762 sanctitatis
3407 3721 3540 3762 con-

1974 3796 2257 3864 temptrix.
2310 3793 2542 3862 Quidam
2619 3797 2713 3852 ubi
2774 3811 3014 3867 pannum
3079 3797 3376 3852 laceratum
3444 3807 3539 3852 aut

1975 3888 2156 3944 simile
2205 3889 2357 3957 quid,
2394 3897 2455 3944 ut
2488 3889 2670 3944 videre
2714 3897 2799 3944 est
2849 3890 2902 3942 in
2947 3889 3051 3943 viis
3103 3891 3358 3959 publicis,
3391 3890 3542 3944 inve-

1976 3979 2170 4045 nisset,
2222 3986 2408 4049 partes
2461 3981 2670 4036 laceras
2721 3995 2937 4036 summa
2994 3995 3126 4036 cura
3184 3992 3442 4036 consulas
3484 3983 3538 4036 in

1977 4073 2130 4130 lintei
2166 4074 2396 4130 formam
2438 4075 2684 4130 mutabat
2716 4083 2770 4130 et
2800 4073 2880 4128 sie
2911 4084 3114 4130 vestem
3153 4075 3424 4130 insolitam
3457 4073 3542 4128 vel

1977 4176 2170 4221 contra
2221 4169 2552 4220 voluntatem
2614 4165 2890 4221 induebat.
2930 4166 3036 4220 Alii
3090 4180 3300 4235 pannos
3352 4166 3542 4220 laneos

1978 4257 2234 4314 bumidos
2272 4271 2396 4312 cum
2444 4257 2770 4319 invenirent.
2799 4259 3156 4321 consuebant,
3181 4259 3544 4328 velabantque

1981 4336 2244 4412 ventrem,
2275 4361 2434 4402 renes
2460 4361 2525 4402 ac
2556 4356 2741 4416 partes
2773 4346 3063 4402 inferiores
3092 4348 3220 4403 fune
3251 4349 3428 4403 viliac
3450 4350 3542 4405 tle-

1981 4438 2099 4501 bili,
2121 4452 2186 4493 ex
2230 4437 2360 4492 tiliae
2381 4437 2586 4492 cortice
2607 4437 2768 4501 facta,
2797 4438 2880 4492 vel
2913 4440 3147 4507 quodam
3173 4438 3280 4493 alio
3307 4441 3542 4510 praecin-

1983 4540 2190 4599 gentes,
2229 4529 2364 4584 alias
2392 4544 2520 4585 vero
2544 4539 2722 4598 partes
2761 4530 3007 4598 corporis
3040 4530 3240 4594 nudas,
3307 4532 3422 4585 aeri
3445 4547 3545 4585 ex-

1981 4623 2207 4692 p0sitas,
2257 4621 2537 4676 habentes.
2599 4621 2696 4675 Cui
2745 4619 3126 4675 vestimentum
3151 4622 3442 4690 integrum,
3495 4623 3541 4676 is

1978 4724 2038 4768 ut
2084 4730 2174 4768 rex
2202 4713 2286 4769 vel
2315 4713 2456 4768 alius
2488 4715 2570 4766 vir
2597 4711 2830 4784 insignis
2861 4712 3183 4768 habebatur.
3228 4711 3540 4767 Meretrices

1978 4807 2108 4861 sol'e
2156 4806 2445 4875 splendore
2487 4807 2939 4860 vestimentorum
3004 4803 3304 4874 fulgebant,
3360 4806 3537 4860 sacris

1981 4898 2346 4952 velaminihus
2377 4895 2938 4966 exsplendescentes;
2971 4906 3282 4965 purpurata.-
3310 4898 3544 4966 impuris

1981 4991 2320 5044 amatoribus
2345 4989 2733 5058 jungebantur,
2761 5003 2824 5042 ac
2853 4989 2960 5042 sub
2992 4990 3164 5044 oculis
3187 4991 3393 5044 nostris
3419 5005 3546 5058 pec-

1980 5088 2162 5132 catum
2196 5080 2465 5133 audebant
2498 5078 2802 5146 chorosque
2828 5077 3048 5133 ducere.
3096 5078 3140 5132 0
3179 5089 3383 5147 quanta
3415 5089 3543 5131 tunc

1980 5172 2237 5241 patientia
2282 5170 2407 5225 Dei!
2470 5173 2646 5240 capita
2688 5187 2814 5224 vero
2863 5174 3246 5240 plerarumque
3289 5170 3540 5238 equidem

1980 5263 2186 5316 nudata
2231 5272 2402 5329 erant,
2431 5261 2642 5320 Latinis
2672 5262 2724 5317 id
2763 5264 3048 5332 agentibus
3084 5273 3143 5317 ut
3167 5263 3357 5318 eodem
3383 5262 3540 5317 modo

1985 5355 2159 5409 vestiti
2195 5373 2462 5411 essemus.

2053 5558 2174 5612 llo.
2206 5558 2318 5612 Hoc
2351 5574 2482 5613 vero
2519 5559 2868 5630 patiebantur
2901 5559 2994 5629 qui
3027 5565 3347 5627 potestatem
3383 5556 3547 5612 habe-

1983 5649 2134 5704 bant.
2169 5651 2274 5705 Eos
2312 5661 2494 5706 autem
2547 5653 2635 5721 qui
2685 5651 2862 5721 capite
2913 5651 3171 5705 dolebant
3223 5657 3278 5703 et
3319 5659 3543 5718 prepter

1991 5745 2190 5800 malam
2243 5745 2605 5801 valetudinem
2642 5746 2774 5801 illud
2828 5757 3118 5810 contegere
3169 5743 3459 5806 debebant,
3493 5746 3538 5800 si

1994 5837 2116 5908 quis
2163 5840 2469 5906 conspexit,
2509 5855 2720 5892 summo
2750 5853 2981 5892 ttzull‘ul'c
3015 5837 3240 5891 allectus
3270 5842 3413 5891 etob
3443 5849 3538 5890 νας

3159 6021 3184 6056 μ
