3906 6568
425 373 521 441 111

418 491 522 556 ria,
563 505 681 559 ηοω
714 492 870 558 vidit,
923 495 1090 554 veluti
1128 511 1352 574 stupore
1383 519 1667 579 correptus
1698 524 1803 569 est.

417 580 840 640 fortunatissimi
897 590 1102 658 quique
1136 630 1153 657 ,
1232 597 1322 650 ubi
1383 601 1584 668 pileum
1639 607 1984 662 commodum

415 673 581 735 capiti
631 674 941 747 imponendi
982 681 1214 743 facultas
1242 688 1489 758 dabatur,
1538 695 1835 752 beatissimi
1879 699 1985 754 sibi

413 759 768 829 videbantur,
809 770 935 824 dum
985 773 1231 844 plerique
1280 781 1464 834 ca’tcri
1517 783 1784 851 ejusmodi
1834 796 1986 858 tegu-

416 865 600 908 menta
651 871 712 909 ex
741 859 928 926 junco,
960 866 1250 933 arundine,
1279 870 1490 926 calamo
1519 877 1792 930 coniicere
1841 889 1988 933 sata-

417 945 635 1012 gebant,
695 965 870 1022 eaque
900 957 1250 1011 camisiarum
1291 962 1357 1015 ad
1405 962 1576 1018 instar
1604 966 1838 1036 desuper
1865 985 1988 1037 per—

419 1037 594 1094 forata
628 1046 945 1111 ponabant.
965 1049 1030 1102 Et
1061 1068 1160 1106 usu
1186 1054 1404 1124 quidem
1439 1057 1617 1112 omnia
1645 1063 1985 1129 terebantur,

416 1133 532 1189 sive
589 1135 949 1195 barbarorum
1015 1162 1192 1200 mores
1260 1148 1611 1217 redolebant,
1679 1155 1792 1211 sive
1852 1157 1986 1216 artis

347 1255 352 1260 -
415 1228 641 1298 vestigia
678 1233 1030 1301 exhibebant,
1073 1239 1165 1306 pili
1220 1240 1298 1294 sic
1352 1240 1610 1310 perforati
1645 1254 1703 1300 ut
1743 1248 1988 1305 infundi-

418 1307 604 1373 bulum
648 1337 747 1394 pro
787 1326 949 1396 signo
984 1331 1284 1400 symbolico
1311 1307 1490 1390 erant.

483 1430 508 1482 i
527 1430 608 1486 li.
633 1430 727 1489 His
744 1445 901 1490 erant
923 1453 1118 1495 omnes
1147 1442 1323 1500 induti
1356 1449 1722 1516 vestimentis,
1751 1467 1984 1523 quorum

412 1516 468 1570 in
504 1519 690 1576 multis
724 1523 1029 1594 fulgebant,
1071 1532 1226 1599 quasi
1250 1532 1454 1603 lapides
1487 1516 1782 1612 purpurei,
1818 1545 1988 1614 plagae

412 1621 729 1678 purpurata:
754 1630 821 1668 ex
869 1619 1139 1688 sanguine
1177 1637 1368 1678 eorum
1437 1627 1656 1698 cﬂ‘uso;
1702 1644 1988 1700 spectacu-

410 1698 524 1763 lum
578 1704 695 1758 visu
732 1707 1079 1780 miserabile;
1131 1716 1367 1784 primum
1424 1722 1644 1788 quidem
1694 1741 1818 1780 cum
1861 1743 1986 1783 um-

1132 394 1553 459 EUSTATHII
1583 401 2028 465 THESSALON
2042 406 2341 474 [CENSIS
2382 409 2947 481 METROPOLITE

3550 425 3650 491 112

1858 513 1990 568 Nam
2019 512 2069 572 Α
2097 525 2243 601 κιλίᾳ
2281 531 2387 584 τῶν
2435 531 2784 603 βλεπομένων
2813 533 3340 608 συμπεριαγόμενος·
3371 534 3528 589 Πῖλον
3561 541 3652 608 μὲν

2089 622 2198 688 γὰρ
2227 623 2464 691 ἀσκητόν
2498 623 2922 693 περιτεθεϊσθαι,
2965 625 3014 677 oi
3061 623 3447 694 εὐτυχέστατοι
3503 643 3654 684 κατε-

2091 711 2352 766 πλούτουν
2377 729 2390 743 ·
2423 715 2530 768 τῶν
2561 714 2606 768 δ’
2632 715 2806 768 ἄλλων
2837 717 2886 767 οι
2942 715 3158 778 πλείους
3187 715 3396 784 ψιάθων
3422 716 3657 789 πλέγμα.

2089 821 2156 858 τα
2189 803 2534 875 ἢσχοίνωνῆ
2599 806 2853 874 καλάμης
2915 805 3224 875 ἐσχεδίαζον
3273 808 3353 870 είς
3410 810 3654 882 τοιαύτην

2090 895 2321 965 σκέπην,
2353 896 2422 949 τὰ
2451 897 2622 949 πολλὰ
2678 897 2774 949 καὶ
2837 896 3240 966 διατετρημένα
3273 897 3371 966 τὴν
3422 903 3654 972 κορυφὴν

2089 987 2232 1041 κατὰ
2254 989 2607 1055 καπνοδόκην.
2649 989 2730 1042 Tit
2777 989 2874 1058 μὲν
2913 987 3122 1057 ὲϐρὼτο
3174 989 3655 1060 καταϐοσκησαμέ-

2089 1093 2204 1141 νου,
2236 1077 2304 1130 τὰ
2335 1077 2392 1130 δὲ
2425 1080 2521 1132 καὶ
2571 1079 2712 1132 κατά
2743 1077 3074 1148 βαρϐαρικὸν
3098 1077 3340 1147 ἄθυρμα,
3373 1080 3472 1131 οὐκ
3507 1080 3651 1149 ὀλίγα

2088 1166 2146 1218 δὲ
2174 1168 2267 1220 καὶ
2311 1167 2447 1238 πρὸς
2480 1167 2696 1237 τέχνην,
2731 1168 2818 1221 ἵνα
2849 1168 2939 1220 διὰ
2970 1167 3063 1219 τοῦ
3099 1168 3379 1237 τρήματος
3429 1169 3459 1220 ὀ
3487 1169 3648 1237 πῖλος,
3681 1212 3684 1215 .

2085 1253 2175 1312 οἷα
2200 1259 2294 1311 καί
2318 1275 2399 1322 τις
2434 1258 2581 1330 χὼνη
2617 1262 2725 1323 τοῖς
2750 1259 2998 1328 διψῶσιν,
3042 1259 3398 1330 ὲνερεύγηται
3465 1262 3656 1330 συμϐο-

2087 1351 2206 1422 λήν.
2801 1361 2804 1364 ’

2163 1469 2288 1534 ρια’.
2329 1463 2435 1518 Καὶ
2475 1457 2612 1533 ἦσαν
2655 1463 2704 1516 οί
2738 1461 2939 1523 πάντες
2969 1463 3032 1514 έκ
3058 1462 3165 1515 τῶν
3191 1462 3449 1516 τοιούτων
3488 1464 3651 1517 στολι-

2091 1556 2329 1626 σμάτων,
2377 1550 2454 1609 ὧν
2481 1554 2695 1615 πολλοῖς
2722 1554 3027 1620 ὲνέλαμπον
3049 1553 3123 1616 ὡς
3145 1547 3233 1606 οἶά
3278 1570 3424 1615 τινες
3445 1555 3650 1623 πορφύ-

2093 1667 2203 1718 ρεοι
2227 1648 2366 1700 λίθοι
2399 1645 2604 1716 πληγαὶ
2626 1645 3004 1716 πορφύρουσαι
3029 1645 3102 1714 τῷ
3122 1644 3182 1709 ἐξ
3210 1645 3440 1714 αἵματος
3458 1644 3648 1718 λύθρῳ,

2089 1741 2269 1810 θέαμα
2303 1741 2398 1794 καὶ
2423 1740 2834 1808 δυσπρόσοπτον
2879 1737 2974 1790 καὶ
3025 1738 3375 1791 δυσείκαστον
3397 1751 3412 1766 ⁸
3449 1737 3512 1791 τὸ
3541 1739 3649 1807 μὲν,

411 1790 524 1847 bra:
545 1808 611 1848 ex
639 1797 833 1854 inferis
865 1801 1076 1860 irruere
1122 1809 1467 1880 viderentur;
1505 1818 1804 1872 secundum
1824 1836 1975 1886 vero,

2090 1833 2162 1901 οἷς
2193 1790 2258 1890 Ξκ
2289 1833 2555 1904 νερτέρων
2583 1833 2740 1902 ἥκειν
2772 1830 2986 1883 ἐδόκουν
3015 1831 3163 1883 σκιαί
3187 1847 3331 1890 τινες
3356 1832 3650 1899 ἀΐσσουσαι,

411 1898 478 1938 eo
509 1888 654 1954 quod
689 1904 798 1944 non
822 1891 937 1962 jam
970 1897 1326 1959 characteres
1361 1907 1647 1964 naturales
1671 1910 1975 1981 habebant,

413 1989 512 2031 seu
540 1980 684 2048 quod
716 1981 864 2040 intus
887 1986 1130 2058 undique
1162 1995 1478 2060 currebant,
1516 2013 1612 2055 seu
1649 2001 1795 2070 quod
1837 1980 1979 2059 etin?

411 2068 806 2131 dissentbunc
863 2082 1166 2148 pretiosum
1235 2087 1506 2158 liquorem
1566 2068 1681 2163 quo
1726 2093 1981 2154 florescat

414 2164 600 2219 rubia.
651 2166 832 2224 Labor
866 2182 981 2233 erat
1012 2190 1144 2246 ergo
1191 2194 1524 2250 cognoscere
1575 2185 1630 2241 in
1659 2186 1768 2242 illis
1816 2205 1978 2259 quem

411 2258 649 2316 maxime
707 2262 999 2334 diligebas,
1062 2274 1448 2344 unusquisque
1528 2293 1980 2353 unumquemque

410 2348 788 2421 interrogabat
833 2361 957 2428 quis
998 2361 1139 2420 forte
1191 2377 1358 2428 esset.
1401 2384 1467 2424 eo
1499 2371 1645 2440 quod
1667 2348 1859 2430 omnes
1887 2348 1982 2430 eo-

409 2440 533 2498 dem
587 2446 770 2504 colore
807 2463 994 2510 essent
1031 2466 1194 2526 atque
1224 2459 1278 2514 in
1316 2462 1467 2517 nullo
1499 2463 1836 2524 diti‘erentes.

425 2579 432 2582 ’
485 2577 606 2634 119..
654 2578 730 2637 Ite
790 2583 844 2638 in
890 2588 1152 2646 ecclesias
1220 2592 1403 2663 ibique
1471 2612 1664 2654 omnes
1733 2601 1983 2673 inspicite

413 2679 579 2738 atque
637 2675 998 2748 interrogate,
1039 2684 1165 2751 quis
1217 2686 1428 2743 scilicet
1482 2689 1624 2744 inter
1678 2707 1776 2747 eos
1836 2703 1982 2750 esset

412 2760 587 2827 dives.
645 2769 730 2822 vel
794 2784 1002 2841 pauper
1049 2783 1102 2828 et
1165 2776 1250 2833 his
1319 2779 1543 2836 similia.
1595 2783 1664 2838 At
1719 2785 1844 2856 quis
1891 2803 1983 2841 sa-

414 2853 611 2910 cerdos
657 2858 782 2912 est?
851 2862 981 2930 quis
1038 2865 1211 2920 lector
1269 2871 1390 2925 est?
1429 2873 1550 2940 quis
1604 2890 1668 2929 ex
1731 2853 1982 2947 populo?

414 2943 680 3002 Omnibus
724 2951 869 3006 enim
908 2970 1012 3010 una
1081 2957 1280 3027 imago,
1335 2963 1634 3036 eademque
1683 2966 1880 3034 forma,
1921 2986 1984 3025 ac

414 3037 522 3092 nisi
578 3041 704 3108 quis
731 3056 795 3098 ex
830 3045 954 3101 aliis
980 3051 1378 3119 respondisset,
1409 3054 1463 3109 in
1497 3061 1871 3115 sanctuarium
1901 3062 1983 3116 in—

411 3133 638 3195 trasset,
684 3146 880 3201 preces
927 3137 1234 3204 ell‘usurus,
1279 3151 1332 3196 et
1362 3145 1564 3214 aliquis
1615 3148 1670 3202 in
1719 3151 1980 3220 templum

410 3216 628 3276 intrans
685 3227 1028 3284 ascendisset
1069 3232 1338 3300 psallendi
1369 3251 1564 3302 causa,
1602 3239 1752 3294 nulla
1782 3241 1973 3296 horum

408 3319 462 3364 et
486 3312 751 3371 laicorum
781 3331 898 3376 erat
929 3323 1237 3392 distinctio;
1265 3328 1317 3382 bi
1343 3343 1536 3386 omnes
1564 3332 1772 3401 aliquid
1807 3348 1978 3403 grave

411 3405 801 3477 ostendebant,
846 3413 975 3467 licet
1006 3415 1143 3472 alias
1169 3419 1406 3474 tristius.
1439 3422 1647 3477 Solutis
1686 3424 1831 3479 enim
1864 3427 1980 3481 cal-

410 3495 522 3551 ceis
551 3512 744 3556 omnes
775 3515 984 3561 sanctae
1012 3507 1210 3566 domus
1239 3513 1470 3583 crepidre
1498 3527 1808 3574 evaserant.

469 3774 1003 3848 ll5.lnspicier.dum
1023 3784 1176 3842 cibos
1192 3787 1704 3862 uniuscujusque,ut
1721 3809 1979 3866 agnosca-

415 3874 504 3918 tur
537 3867 681 3934 quod
714 3869 845 3923 nihil
875 3886 906 3924 a
944 3875 1348 3933 contribulibus
1365 3880 1700 3951 acciperent,
1727 3887 1978 3940 omnibus

411 3958 598 4012 eadem
636 3959 779 4016 fame
821 3964 1105 4021 cruciatis.
1159 3967 1327 4024 Pauci
1394 3987 1462 4027 ex
1520 3971 1728 4044 Latinis
1784 3978 1978 4033 obolos

410 4052 676 4117 quosdam
729 4056 870 4120 apud
919 4073 976 4113 se
1006 4059 1299 4126 habebant,
1327 4065 1470 4121 unde
1507 4083 1670 4137 parce
1701 4069 1975 4124 vivebant.

413 4143 673 4214 Plcriqne
726 4166 858 4206 vero
887 4167 954 4207 ex
991 4155 1080 4210 his
1116 4157 1401 4214 diabolum
1438 4165 1792 4233 appellabant
1826 4182 1978 4220 men-

409 4237 682 4296 dicantem
717 4245 845 4313 (hoc
906 4254 989 4301 est
1017 4249 1159 4318 apud
1215 4251 1337 4307 illos
1388 4256 1440 4308 in
1480 4257 1662 4311 medio
1713 4259 1971 4329 positum)

411 4330 661 4386 convicia
731 4334 931 4389 dabant
995 4339 1136 4392 velut
1194 4358 1387 4409 panem
1458 4356 1512 4400 et
1576 4347 1801 4416 insuper
1875 4364 1978 4417 pu-

408 4435 574 4490 gnum
603 4438 700 4490 pro
721 4428 1094 4488 condimento.
1119 4432 1490 4492 Misericordia
1518 4440 1600 4494 sic
1622 4441 1840 4507 quidem
1871 4442 1977 4496 dif-

2080 1931 2141 1985 τδ
2171 1929 2237 1996 δ’,
2269 1929 2349 1982 ὅτι
2379 1926 2504 1986 τοὺς
2537 1924 2678 1977 κατὰ
2709 1921 2867 1991 φύσιν
2897 1923 3250 1992 χαρακτῆρας
3281 1921 3459 1974 οὐκέτ’
3497 1917 3652 1990 εἶχον,

2079 2022 2168 2076 διὰ
2199 2021 2258 2074 τὸ
2285 2018 2432 2071 ἔνδον
2461 2033 2562 2068 που
2619 2014 2966 2084 ἀναχωρῆσαι
3004 2013 3036 2084 ἢ
3071 2013 3163 2066 καὶ
3189 2013 3370 2065 τέλεον
3420 2011 3652 2074 ἐκλιπεῖν

2080 2113 2171 2167 τὸν
2200 2110 2372 2179 φίλιον
2406 2106 2595 2177 χυμὸν,
2627 2096 2886 2174 διὀὖπερ
2913 2102 3130 2168 ἐξανθεῖ
3157 2103 3217 2155 τὸ
3245 2100 3519 2172 ἐρύθημα.
3549 2095 3652 2154 Ἦν

2081 2205 2173 2260 οὖν
2203 2203 2363 2276 ἔργον
2388 2199 2653 2270 γνωρίσαι
2699 2197 2791 2252 καὶ
2816 2197 2906 2250 τὸν
2937 2197 3075 2249 πάνυ
3105 2195 3162 2247 έν
3215 2195 3424 2258 τούτοις
3481 2194 3640 2264 φίλτα

2079 2313 2173 2350 τον
2196 2311 2212 2327 ο
2249 2293 2342 2348 καὶ
2398 2291 2628 2352 ἕκαστος
2657 2287 2912 2358 ἀνηρώτα
2960 2289 3213 2352 ἕκαστον,
3241 2288 3390 2351 ὅστις
3447 2286 3563 2340 ποτ’
3590 2288 3652 2351 ἂν

2089 2391 2184 2444 καὶ
2217 2387 2324 2458 εἴη,
2351 2385 2436 2439 διὰ
2462 2383 2526 2437 τὸ
2557 2383 2696 2436 κατὰ
2745 2382 2914 2452 χρόαν
2980 2380 3196 2434 πάντων
3251 2379 3512 2449 ὁμοειδὲς,
3566 2382 3652 2441 καὶ

2081 2482 2338 2553 διάφορον
2365 2477 2486 2533 κατ’
2511 2476 2687 2532 οὐδέν.

2159 2612 2285 2687 ριβ’.
2349 2612 2511 2667 Ἰτέον
2541 2612 2632 2665 ἐπὶ
2675 2612 2776 2675 τάς
2824 2609 3140 2681 ἐκκλησίας,
3203 2610 3297 2665 καὶ
3361 2609 3654 2679 θεωρητέον

2091 2708 2221 2770 τοὺς
2252 2704 2528 2766 τοιούτους
2561 2703 2655 2756 καὶ
2694 2703 2828 2766 ἐκεῖ,
2857 2701 2952 2754 καὶ
3004 2701 3327 2770 ἑρωτητέον,
3362 2699 3455 2782 τίς
3473 2699 3575 2771 ἄρα
3601 2701 3654 2756 έν

2083 2797 2292 2860 τούτοις
2319 2798 2346 2850 ὀ
2375 2794 2649 2857 πλούσιος,
2689 2794 2722 2862 ἢ
2753 2794 2943 2864 πένης,
2969 2793 3065 2846 καὶ
3112 2792 3212 2848 ὅσα
3258 2791 3508 2846 τοιαῦτα.
3545 2791 3654 2846 ’Δλ-

2082 2889 2150 2942 λὰ
2177 2886 2260 2950 τίς
2295 2885 2394 2955 μὲν
2424 2885 2654 2954 ίερᾶται;
2686 2884 2767 2946 τίς
2792 2883 2849 2936 δὲ
2877 2882 2967 2936 ἐπὶ
2987 2879 3083 2935 τοῦ
3106 2880 3502 2950 ἀναγινώσκειν
3525 2879 3652 2945 sati;

2082 2978 2164 3041 τίς
2189 2978 2245 3032 δὲ
2282 2975 2376 3030 τοῦ
2402 2974 2531 3032 λαοῦ
2567 2971 2701 3028 εῖναι
2730 2974 2934 3044 είληχε;
2975 2974 3183 3033 Πάντες
3223 2973 3332 3044 γάρ
3386 2968 3528 3036 εἶδος
3577 2970 3653 3035 ἓν,

2084 3069 2180 3123 καὶ
2214 3067 2396 3138 μορφὴ
2448 3069 2481 3137 ὴ
2513 3067 2675 3131 αὑτὴ,
2708 3065 2810 3118 κᾶν
2841 3066 2889 3118 εί
2944 3065 3016 3135 μή
3044 3081 3128 3128 τις
3183 3062 3501 3134 ἀποκριθεὶς
3551 3060 3654 3116 τῶν

2087 3161 2282 3222 ἄλλων,
2309 3159 2369 3212 τὸ
2393 3159 2535 3228 ἱερὸν
2587 3157 2821 3210 εἰσέλθοι
2879 3156 3053 3227 βῆμα,
3092 3154 3429 3224 στησάμενος
3463 3155 3544 3219 είς
3569 3157 3654 3208 εύο

2086 3251 2207 3324 χάς,
2253 3251 2348 3304 καί
2382 3269 2462 3314 τις
2490 3249 2646 3312 ἄλλος
2678 3251 2758 3311 είς
2809 3247 2898 3301 τὸν
2938 3246 3081 3317 ἱερὸν
3105 3245 3317 3299 ἀνέλθοι
3365 3245 3657 3315 ὀκρίϐαντα

2087 3343 2300 3415 ψαλμοῦ
2325 3345 2505 3413 χάριν,
2535 3343 2634 3395 ούκ
2663 3338 2732 3414 ἦν
2777 3340 3063 3429 διάκρισις-
3081 3337 3284 3392 τούτων
3314 3355 3371 3429 τε
3406 3338 3504 3392 καὶ
3548 3339 3650 3400 τῶν

2089 3437 2184 3489 τοῦ
2218 3434 2368 3489 λαοῦ.
2396 3431 2554 3504 Εἶχον
2590 3433 2646 3487 δέ
2683 3449 2736 3486 τι
2766 3433 2962 3494 πάντες
3007 3423 3150 3484 οῦτοι
3201 3425 3422 3500 σεμνὸν,
3479 3431 3528 3485 εί
3567 3431 3653 3484 καὶ

2088 3529 2265 3592 ἄλλως
2293 3527 2559 3598 λυπηρόν.
2590 3527 2889 3598 Λελυμένοι
2946 3523 3056 3596 γὰρ
3083 3525 3147 3575 ὲκ
3169 3522 3274 3576 τῶν
3305 3523 3483 3577 ποδῶν
3527 3524 3656 3577 πάν-

2085 3637 2176 3683 τες
2207 3620 2274 3672 τέι
2306 3618 2649 3691 ὑποδήματα,
2673 3619 2780 3672 τῶν
2804 3618 2898 3672 τοῦ
2984 3615 3141 3684 ἀγίου
3181 3613 3332 3667 οἴκου
3376 3615 3656 3686 κρηπίδων

2087 3713 2346 3780 ἐγίνοντο.

2163 3811 2287 3878 ριγ’.
2320 3805 2628 3874 Σκοπητέον
2693 3807 2786 3859 καὶ
2835 3805 2934 3870 τὰς
2996 3809 3241 3864 ἑκάστων
3290 3812 3521 3882 τροφὰς,
3571 3810 3655 3862 καὶ

2090 3895 2377 3963 γνωστέον,
2410 3893 2483 3957 ὼς
2514 3895 2575 3946 ἐκ
2601 3895 2709 3947 τῶν
2760 3895 3113 3964 συμφυλετῶν
3165 3899 3264 3970 μὲν
3313 3900 3414 3954 ούκ
3448 3895 3515 3971 ἦν
3547 3901 3573 3953 ὅ
3607 3916 3655 3952 τι

2087 3988 2181 4039 καὶ
2208 3986 2443 4050 λάϐοιεν,
2477 3987 2692 4039 πάντων
2731 3986 2791 4050 ὲξ
2862 3989 2979 4041 ι’σου
3051 3989 3382 4046 πεινώντων.
3437 3992 3558 4045 Τῶν
3601 3991 3653 4045 δὲ

2089 4079 2336 4134 Λατίνων
2394 4077 2562 4146 ὀλίγοι
2604 4079 2702 4147 μέν
2729 4096 2874 4139 τινες
2915 4080 3214 4150 ἐχορήγουν
3265 4081 3488 4145 ὀϐολοὺς
3534 4083 3654 4146 τοὺς

2089 4169 2241 4240 παρά
2283 4170 2480 4237 σφίσιν,
2506 4169 2626 4222 ὅθεν
2653 4166 2720 4240 ἦν
2751 4170 3022 4242 γλίσχρως
3053 4174 3299 4243 ἀποζῇν·
3329 4175 3380 4228 οί
3432 4177 3486 4228 δὲ
3511 4175 3654 4228 πλείο

2086 4279 2180 4325 ους
2209 4261 2454 4315 διάϐολον
2501 4262 2888 4326 ἐπικαλοῦντες
2929 4264 3019 4316 τὸν
3046 4264 3372 4320 ὲπαιτοῦντα
3400 4267 3579 4337 (τοῦτο
3594 4267 3654 4336 δὴ

2086 4356 2146 4410 τὸ
2182 4355 2311 4426 παρ’
2333 4357 2516 4418 αὐτοῖς
2583 4356 2993 4427 εὐχορήγητον),
3039 4356 3224 4429 ’ύϐρεις
3277 4359 3481 4413 ἐδίδουν
3528 4360 3654 4412 ὡσεὶ

2085 4450 2182 4502 καὶ
2216 4448 2428 4518 ψωμὸν,
2488 4451 2582 4502 καὶ
2647 4447 2894 4500 κόνδυλον
2925 4447 3053 4518 ὄψον
3105 4449 3196 4500 ἐπ’
3240 4452 3452 4516 αὐταῖς.
3486 4451 3594 4505 Καὶ
3627 4455 3662 4504 ὀ

410 4513 647 4570 ﬁcillima
685 4529 802 4573 erat
829 4534 1054 4592 excepto
1087 4525 1385 4600 Myroblyta
1420 4531 1536 4600 qui,
1567 4543 1626 4587 ut
1651 4549 1815 4604 supra
1844 4537 1979 4592 scri~

2091 4542 2237 4604 ἕλεος
2269 4541 2365 4609 μὲν
2403 4538 2572 4601 οὕτως
2599 4535 2665 4610 ἦν
2697 4540 3020 4612 δυσεύρετος
3071 4541 3194 4612 δίχα
3229 4559 3289 4610 γε
3314 4543 3422 4596 τῶν
3455 4545 3518 4596 ἐκ
3562 4541 3651 4595 τοῦ

409 4615 558 4672 ptum
594 4621 694 4674 est,
738 4627 932 4670 omnes
975 4617 1125 4673 cives
1182 4621 1336 4676 urbis
1392 4625 1664 4679 nutrierat
1709 4641 1977 4696 quantum

409 4710 528 4754 erat
567 4709 957 4786 necrssarium.
993 4711 1046 4764 Si
1079 4713 1220 4782 quis,
1255 4725 1310 4768 ut
1346 4731 1462 4770 mos
1494 4728 1599 4782 est,
1623 4720 1851 4788 pretium
1883 4737 1980 4790 pro

413 4793 548 4848 cibis
589 4779 830 4864 oﬂerret,
869 4799 970 4854 beu
1003 4779 1164 4870 quam
1189 4804 1419 4859 barbara
1453 4807 1854 4864 inhumanitas!
1884 4810 1978 4865 Ju.

412 4885 527 4941 dam
546 4890 691 4943 enim
717 4905 781 4946 ac
803 4892 1064 4948 Armenio
1089 4911 1226 4965 quos
1247 4898 1474 4952 finitima
1495 4901 1691 4956 Grauia
1713 4913 1766 4958 et
1783 4903 1978 4962 Zeme-

409 4976 574 5033 nicus
613 4981 863 5036 nutriunt
898 4985 1260 5041 metiebantur
1285 4997 1494 5044 tantum
1528 5004 1790 5060 quantum
1820 4997 1980 5052 dece-

407 5070 520 5135 bat,
553 5079 720 5140 atque
750 5074 914 5129 etiam
948 5077 1154 5146 aliquid
1190 5081 1446 5150 amplius,
1478 5087 1690 5155 captivo
1716 5105 1846 5144 vero
1869 5091 1974 5146 civi

416 5162 725 5233 minimmn,
760 5168 806 5221 si
841 5172 1060 5236 quando
1083 5171 1149 5226 ad
1187 5174 1334 5230 illum
1371 5193 1650 5234 reversum
1683 5181 1774 5236 sit.
1817 5182 1978 5238 Panis

410 5255 707 5311 frustulum
775 5271 1062 5316 curvatum
1124 5267 1178 5320 in
1225 5269 1412 5323 annuli
1459 5269 1692 5326 formam
1761 5282 1972 5330 tantum

406 5360 669 5417 quantum
720 5354 898 5421 pollex
945 5356 1218 5430 iudexque
1261 5362 1722 5420 circumscribere
1741 5379 1971 5436 possent

410 5443 588 5497 tribus
616 5449 784 5501 aeneis
813 5450 1109 5508 stateribus
1146 5453 1446 5512 miserabili
1495 5460 1600 5513 civi
1646 5463 1974 5528 vendebant,

409 5534 497 5589 vix
535 5539 700 5594 obolo
736 5555 845 5594 uno
880 5551 1143 5600 laxatum.

483 5730 604 5785 114.
636 5732 711 5788 De
743 5736 1018 5792 Armeniis
1061 5739 1353 5809 loquendo.
1414 5742 1801 5824 elferbuerunt.
1835 5747 1975 5802 inte-

413 5822 561 5878 riora
618 5841 739 5882 mca
803 5828 858 5883 in
904 5840 1142 5889 mentem
1196 5838 1505 5894 revocantis
1536 5854 1658 5909 quae
1691 5822 1832 5894 mala
1867 5843 1974 5897 illis

2079 4633 2457 4704 Μυροϐλύτου,
2487 4631 2566 4695 ὃς,
2595 4631 2734 4684 καθὰ
2773 4633 2867 4684 καὶ
2925 4633 3395 4703 προύγέγραπται,
3451 4635 3652 4696 πάντας

2078 4729 2204 4796 τοὺς
2233 4723 2456 4786 πολίτας
2481 4723 2729 4793 ἔθρεψεν,
2759 4726 2838 4787 εἰς
2866 4725 2989 4777 ὅσον
3022 4726 3208 4796 ἐχρῆν.
3241 4727 3303 4778 Εί
3353 4726 3408 4779 δέ
3444 4745 3528 4790 τις
3563 4728 3654 4779 καὶ

2080 4793 2400 4884 εύπνλρηκὼς
2454 4813 2616 4866 ποθεν
2655 4813 2824 4866 ἐθέλοι
2872 4793 3176 4883 τιμήματος
3225 4815 3553 4884 πορίσασθαι
3595 4819 3653 4869 τὸ

2077 4905 2297 4975 τρέῃον,
2338 4905 2499 4976 βαϐαὶ
2558 4906 2658 4974 τῆς
2699 4905 3037 4976 βαρϐαρικῆς
3074 4908 3502 4979 ἀπανθρωπίαςί
3533 4909 3656 4963 Ἰου-

2078 4995 2211 5065 δαίῳ
2269 4997 2367 5066 μὲν
2429 4997 2536 5066 γὰρ
2595 4997 3015 5068 καὶἊρμενίῳ,
3055 4996 3149 5060 οὓς
3215 4999 3248 5068 ἡ
3302 4995 3652 5071 ἀ’γχιτέρμων

2080 5087 2292 5157 Κρανία
2321 5091 2412 5141 καὶ
2452 5090 2794 5158 ὀΖεμενίκος
2848 5089 3160 5159 φέρϐουσιν,
3220 5091 3539 5161 έπεμέτρει,
3596 5093 3651 5153 ἐς

2081 5179 2205 5231 ὅσον
2239 5197 2298 5232 τε
2353 5180 2591 5249 καθῆκον
2626 5177 2714 5250 ἦν,
2771 5180 2862 5232 καί
2920 5197 2972 5231 τι
3014 5183 3108 5232 καὶ
3131 5183 3212 5244 είς
3271 5181 3650 5253 ύπέρμετρονυ

2081 5272 2345 5324 ἐαλωκότι
2392 5273 2448 5323 δὲ
2475 5272 2664 5341 πολίτῃ
2690 5271 2991 5339 ἐλάχιστον,
3023 5271 3075 5322 εἴ
3103 5288 3205 5323 που
3269 5274 3364 5326 καὶ
3394 5273 3654 5342 ἐπιστρα-

2080 5363 2204 5432 φείη
2235 5362 2420 5414 αὐτοῦ.
2463 5361 2727 5430 ’Λρτίδιον
2757 5362 2886 5429 γοῦν
2919 5363 3292 5448 περιηγμένον
3321 5362 3394 5427 ὡς
3422 5365 3504 5426 εἰς
3535 5363 3654 5434 κρί-

2077 5471 2191 5519 κον,
2226 5454 2346 5505 ὅσον
2387 5454 2450 5506 ἂν
2485 5454 2727 5523 ἀντῐχῖιρ
2758 5453 2851 5506 καὶ
2880 5453 3093 5521 λιχανὺς
3122 5454 3503 5523 διαγράψαιεν,
3541 5471 3655 5525 τρι-

2077 5545 2153 5596 ῶν
2188 5545 2401 5613 χαλκῶν
2435 5547 2718 5616 στατήρων
2772 5545 3021 5597 ἀπεδίδου
3075 5545 3152 5614 τῷ
3181 5545 3400 5616 ἐλεεινῷ
3437 5545 3651 5614 πολίτῃ,

2083 5636 2231 5704 μόλις
2267 5637 2456 5689 ὀϐολοῦ
2484 5637 2826 5704 ἀξιούμενον.

2153 5749 2267 5821 9:6'.
2318 5751 2455 5802 Ἀλλ’
2505 5750 2620 5818 ἅμα
2668 5750 3097 5821 ύπεκρουσάμην
3165 5750 3506 5819 Ἀρμενίους,
3560 5745 3652 5799 καὶ

2082 5843 2228 5905 ζέσιν
2261 5842 2457 5897 ἔπαθον
2489 5841 2860 5912 περικάρδιον,
2901 5841 3315 5913 έννοησάμενος,
3364 5827 3526 5893 ὀποῗα
3553 5853 3643 5892 κα·
