3968 6570
329 363 427 432 113

1145 374 1241 435 DE
1280 375 1850 440 THESSALONICA
1879 375 2086 436 URBE
2127 374 2174 434 A
2200 374 2510 436 LA'I’INIS
2550 376 2800 437 CAPTA.

3477 379 3579 445 114

327 483 395 536 κά
429 484 523 537 καὶ
551 483 754 547 αὖτοὺς
798 483 827 536 δ
863 484 1129 556 βάσκανος
1173 485 1381 557 δαίμων
1420 489 1550 558 ἡμῖν
1583 488 1896 560 προσέθετο,

2003 521 2218 577 quoque
2243 506 2534 562 adversum
2566 521 2666 562 nos
2709 505 2995 576 improbus
3039 506 3246 562 damon
3287 521 3580 580 suggesse-

328 575 428 641 ἐξω
457 576 559 645 μὲν
595 577 702 646 πρὸ
731 578 832 648 τῆς
865 577 1117 642 ἁλώσεως
1155 579 1215 633 ἓν
1235 579 1395 643 ὄντας
1441 584 1554 642 τοῖς
1604 581 1906 651 πολεμίοις,

330 663 421 716 καὶ
467 662 836 736 θερμοτέρους
892 667 1115 720 ἐκείνων
1145 669 1224 731 είς
1250 670 1316 721 τὰ
1347 669 1470 723 καθ’
1497 669 1655 740 ήμῶν
1695 671 1909 723 ἀποδει-

330 757 635 823 κνυμένους
672 758 840 824 κακά,
875 757 934 812 ἐν
979 759 1210 830 ἐφόδοις,
1246 763 1302 814 ἐν
1341 761 1538 832 λόχοις,
1580 764 1635 815 ἐν
1663 763 1908 832 πρνιόδοις

326 847 442 907 ταῖς
469 847 552 908 είς
581 846 754 912 λείαν,
779 850 836 901 ἐν
866 851 1156 919 μηχαναῖς,
1207 852 1263 904 ἐν
1316 852 1608 920 ἐκφάνσεσι
1649 853 1753 905 τῶν
1785 853 1909 906 λαν-

328 934 640 990 θανόντων·
670 937 778 990 Eam
829 939 884 991 δέ
923 940 1285 1005 δεσπόζοντας
1335 941 1490 1013 ἡμῶν
1552 945 1644 998 καὶ
1688 944 1901 1011 αὐτοὺς,

324 1028 772 1099 ἀπειλουμένους,
791 1032 1199 1102 ἐπιτάσσοντας,
1211 1036 1658 1108 ἀποστεροῦντας,
1676 1037 1906 1092 τύπτονο

325 1137 442 1184 τας,
479 1120 748 1192 ἀγχοντας
777 1125 890 1187 τοῖς
915 1125 1117 1187 ὠνίοις.
1161 1127 1446 1197 Ἀρτίσκον
1501 1129 1612 1199 γὰρ
1680 1129 1903 1201 παλάμῃ

327 1212 691 1282 περιληπτὸν,
727 1214 786 1268 ὃν
817 1215 1004 1270 ὀϐολοῦ
1034 1218 1099 1272 ἄν
1128 1236 1212 1282 τις
1234 1221 1550 1290 τιμήσαιτο,
1588 1219 1783 1274 πολλοῦ
1810 1220 1904 1273 αύ-

327 1305 408 1357 to“.
455 1304 833 1375 ἐσταθμῶντο,
895 1308 990 1361 καὶ
1047 1311 1352 1375 Λατινικῶς
1405 1311 1499 1364 καὶ
1545 1313 1696 1366 αὐτοὶ
1753 1315 1901 1384 ἡμᾶς

326 1393 654 1462 ἀπέπνιγον.
691 1399 800 1452 Καὶ
837 1398 1197 1470 ἀπολώλαμεν
1231 1403 1297 1455 ἂν
1358 1404 1679 1472 τηνικαῦτα,
1713 1406 1761 1457 εί
1825 1405 1900 1476 μὴ

325 1485 425 1555 τήν
452 1486 677 1556 ὀπώραν
707 1489 824 1543 κατ’
853 1490 1036 1560 ἀμμον
1059 1493 1335 1564 πληθύνας
1364 1495 1392 1547 δ
1417 1495 1550 1559 Θεὸς
1582 1496 1661 1567 (ἐν
1690 1492 1778 1559 αἷς
1806 1496 1900 1551 καὶ

326 1576 426 1640 τάς
455 1579 753 1647 σταφυλὰς,
786 1580 849 1645 ἀς
883 1583 1061 1637 ἀλλων
1095 1586 1503 1640 κεκοπιακότων
1555 1587 1736 1658 ἕτεροι
1756 1587 1901 1657 ἔδρε-

326 1687 448 1734 πον,
487 1672 570 1735 είς
599 1675 725 1738 τοὶς
759 1678 961 1740 κόπους
987 1676 1209 1732 ἐκείνων
1271 1680 1691 1750 είσερχόμενοι),
1748 1680 1899 1752 ἐθρε-

323 1761 392 1831 ψε
423 1764 520 1816 καὶ
573 1765 742 1834 ἡμᾶς.
775 1766 866 1837 Μὴ
897 1767 1005 1837 γάρ
1040 1769 1132 1821 ἐπὶ
1180 1769 1303 1822 νοῦν
1328 1770 1506 1837 ἀγέτω
1535 1787 1640 1836 τις,
1673 1770 1798 1824 ἀλλο
1842 1788 1896 1824 τι

2012 598 2104 662 rit,
2128 608 2283 652 extra
2310 598 2526 668 quidem
2553 597 2832 652 civitatem
2867 637 2883 662 ,
2915 606 3044 652 ante
3084 601 3571 669 expugnationem,

1973 740 1980 743 ,
2009 689 2062 742 in
2096 689 2290 744 mediis
2316 690 2590 755 hostibus,
2625 689 2734 744 illis
2768 689 2937 745 etiam
2981 689 3347 746 ferventiores
3377 692 3429 746 in
3457 706 3572 746 ma-

2007 781 2075 834 lis
2112 781 2403 836 adversum
2439 796 2540 836 nos
2562 782 2945 846 ostendendis,
2991 784 3043 836 in
3091 784 3573 853 aggressionibus,

2006 871 2060 925 in
2091 871 2326 938 insidiis,
2345 873 2398 927 in
2421 874 2834 928 incursionibus
2861 874 2928 928 ad
2969 875 3204 942 praedam
3228 874 3574 943 rapiendam,

2006 961 2059 1016 in
2096 963 2392 1030 machinis,
2423 963 2476 1018 in
2512 963 2942 1020 revelationibus
2967 964 3457 1029 absconditorum;
3487 965 3573 1018 in-

2001 1062 2083 1106 tra
2108 1067 2234 1108 vero
2262 1054 2539 1110 civitatem
2572 1054 2627 1108 in
2659 1069 2762 1109 nos
2799 1055 2962 1109 etiam
3002 1056 3284 1124 tyrannice
3341 1056 3574 1110 saevien-

2003 1149 2111 1208 tes,
2136 1144 2433 1212 minantes,
2458 1146 2870 1216 praecipientes,
2904 1147 3204 1216 rapientes,
3257 1147 3576 1216 percutien-

2004 1245 2108 1301 tes,
2135 1238 2186 1290 in
2242 1239 2573 1293 commercio
2639 1239 3030 1307 opprimentes.
3080 1237 3373 1295 Massulam
3429 1238 3614 1291 enim-

2001 1330 2192 1398 palma:
2222 1345 2500 1392 mensura,
2551 1346 2674 1400 quae
2711 1333 2875 1386 obolo
2919 1332 3280 1396 constitisset,
3309 1330 3463 1383 multi
3497 1329 3576 1382 illi

1997 1417 2365 1486 aestimabant,
2381 1403 2728 1488 Latiniceque
2750 1429 2803 1474 et
2822 1419 2923 1489 ipsi
2945 1434 3042 1474 nos
3057 1420 3401 1488 jngulabant.
3421 1417 3576 1472 Tunc

1998 1509 2283 1580 periissem
2294 1510 2486 1574 us,nisi
2512 1523 2830 1584 autumnum
2851 1512 3008 1567 nobis
3021 1494 3414 1566 consummatis
3431 1509 3576 1565 Deus

1999 1603 2129 1671 (quo
2151 1611 2392 1672 tempore
2414 1601 2533 1655 uvis
2565 1602 2996 1665 abundantibus,
3034 1618 3130 1672 pro
3157 1602 3354 1671 quibus
3376 1602 3468 1656 alii
3495 1603 3576 1656 la.

1996 1690 2359 1759 boraverant,
2401 1692 2491 1746 alii
2529 1692 2948 1758 vimlemiarant,
2995 1694 3052 1746 in
3103 1692 3322 1748 labores
3384 1706 3574 1746 eorum

1996 1783 2291 1852 intrantes)
2332 1799 2430 1838 nos
2455 1784 2752 1840 enutrisset
2774 1783 3029 1841 Deus.Ne
3055 1785 3179 1854 quis
3205 1786 3350 1839 enim
3380 1783 3577 1838 existi-

327 1854 384 1916 ἐς
413 1855 627 1925 τροφὴν
679 1857 776 1910 καλ⁸
823 1857 1032 1928 τρυφὴν
1085 1858 1558 1928 ἐνδεδαψιλεῦσθαι
1619 1862 1787 1930 ἡμῖν’
1819 1853 1894 1914 ὧν

2003 1883 2114 1926 met
2155 1873 2344 1944 aliquo
2379 1874 2488 1928 alio
2524 1875 2578 1928 in
2617 1875 2848 1943 primam
2885 1883 2941 1928 et
2983 1875 3278 1930 secundam
3325 1888 3574 1928 mensam

328 1945 734 2017 ἐκθλιϐομένων
768 1949 889 2016 μέν,
915 1945 1057 2002 οἶνον
1085 1950 1326 2019 είχομεν,
1360 1952 1408 2004 εί
1433 1953 1526 2004 καὶ
1557 1951 1901 2020 πνευματίαν

2002 1965 2232 2019 donatos
2269 1981 2370 2019 nos
2405 1965 2614 2032 fuiSSe;
2646 1980 2713 2041 ex
2750 1966 2867 2020 uvis
2908 1981 3047 2034 quas
3077 1980 3456 2033 presseramus
3497 1966 3576 2019 vi-

327 2038 538 2124 ἐκεῖνον
571 2041 664 2091 καὶ
695 2037 937 2110 βρόμιον,
971 2042 1064 2095 καὶ
1116 2042 1178 2095 ού
1203 2044 1447 2114 προσηνῆ
1503 2044 1638 2113 πρὸς
1668 2043 1899 2112 ὑγίειαν,

2001 2070 2131 2108 num
2159 2055 2378 2124 quidem
2425 2037 2786 2122 habebamus,
2813 2056 2940 2110 licet
2969 2065 3258 2110 ventosum
3285 2064 3338 2109 et
3374 2054 3574 2110 fetores

325 2127 439 2180 ἀλλ’
467 2123 562 2180 οὖν
592 2129 1185 2202 παραμυθητικώτερον
1223 2132 1412 2196 ὓδατος
1431 2149 1444 2163 '
1471 2135 1562 2186 καὶ
1597 2133 1813 2188 ἀλλοίαν
1845 2132 1901 2188 δέ

2004 2123 2275 2215 generatis
2301 2160 2402 2200 nec
2430 2146 2651 2200 sanitati
2683 2144 2894 2212 favens,
2928 2147 3023 2202 sed
3058 2161 3199 2216 aqua
3223 2146 3534 2215 jucundius
3556 2184 3572 2209 ,

322 2225 551 2293 τροφὴν,
591 2224 681 2277 ναὶ
711 2225 766 2278 δέ
798 2227 889 2278 καὶ
921 2227 1212 2296 ἱματισμὸν
1243 2231 1309 2298 τῇ
1383 2228 1779 2298 ἀπεμπολήσει,
1806 2224 1900 2280 καὶ¹

2001 2237 2212 2307 alioque
2235 2237 2361 2292 cibo
2393 2247 2488 2292 aut
2519 2239 2846 2292 vestimento
2902 2252 2968 2292 ex
3016 2237 3155 2302 foro,
3209 2252 3274 2292 ac
3323 2237 3369 2291 si
3420 2235 3576 2306 quod

325 2313 379 2367 εἴ
397 2332 451 2368 τι
481 2315 539 2368 δὲ
564 2316 692 2370 ἄλλο
723 2317 903 2388 ῥᾴδιον
925 2319 1019 2372 καὶ
1077 2319 1372 2390 πρόχειρον
1427 2320 1773 2392 πορίσασθαι.
1831 2319 1896 2372 Ol

2001 2328 2145 2382 aliud
2179 2337 2424 2398 paratum
2461 2342 2525 2384 ac
2547 2329 2706 2384 facile
2735 2337 3075 2399 comparatu.
3115 2329 3380 2384 Scelerati
3407 2329 3572 2382 etiam

323 2401 382 2456 δὲ
440 2401 664 2470 ἐξώλεις
705 2405 982 2476 Ἀρμένιοι
1051 2405 1306 2473 λέγονται
1357 2407 1453 2461 καὶ
1519 2406 1900 2478 καταμιαίνειν

327 2492 614 2561 ﬂamma;
665 2491 1017 2564 ἀρτους-Ἦν
1071 2496 1128 2549 δὲ
1181 2496 1312 2550 αὐτὸ
1346 2497 1442 2567 οὐχ
1504 2498 1707 2564 εκανδνν
1768 2501 1896 2564 τοὺς

330 2585 580 2654 πτωχοὺς
616 2586 906 2655 ἐκτρέπειν
930 2587 1024 2640 τοῦ
1080 2589 1398 2658 προσίεσθαι
1429 2589 1498 2642 τὰ
1546 2589 1893 2660 πωλούμενα.

330 2674 488 2745 Δεινὴ
515 2675 626 2746 γὰρ
648 2679 682 2748 ή
714 2677 949 2748 ἀνάγκη,
976 2679 1038 2731 τὺ
1091 2679 1330 2748 καθῆκον
1362 2679 1745 2750 ἐκκρούετθαι,
1801 2683 1894 2736 καὶ

334 2768 497 2834 μόνου
526 2768 622 2820 τοῦ
673 2758 804 2838 προς
829 2767 950 2837 βίαν
981 2771 1303 2840 ἐγκειμένου
1338 2771 1604 2837 γίνεσθαι.
1636 2770 1890 2826 Τοιοῦτον

327 2856 380 2910 δέ
410 2875 536 2912 τινα
565 2858 804 2928 μιασμὸν
833 2859 1073 2931 διαρρέει
1107 2862 1260 2932 φήμη
1293 2862 1386 2914 καὶ
1413 2863 1476 2916 ἐκ
1508 2861 1617 2915 τῶν
1650 2862 1896 2919 Λατίνων

329 2947 562 3016 πάσχειν
617 2948 784 3018 ἡμᾶς.
837 2947 1053 3004 Ἔλαιον
1073 2949 1180 3021 γὰρ
1233 2952 1486 3020 πιμελαῖς
1536 2953 1628 3006 καὶ
1681 2953 1894 3008 στέασιν

329 3038 921 3109 ἐγκατακεραννύντες,
949 3040 1192 3109 ἐγίνοντο
1214 3044 1348 3105 τοῖς
1379 3042 1602 3110 ἀγαθοῖς
1637 3045 1896 3115 Χριστια-

331 3131 439 3191 νοῖς
479 3129 644 3182 αῐτιοι
674 3129 767 3184 τοῦ
804 3133 1141 3202 παρανομεῖν
1165 3131 1262 3202 τὴν
1320 3134 1576 3203 νηστείαν
1605 3135 1705 3204 τὴν
1753 3134 1892 3188 κατά

329 3219 426 3284 τὰς
486 3221 746 3290 τετράδας
777 3222 871 3276 καὶ
931 3223 1288 3295 παρασκευάς
1313 3237 1328 3255 ⁸
1360 3225 1445 3279 ἵνα
1479 3226 1553 3296 μὴ
1586 3228 1743 3293 μόνον
1799 3228 1897 3300 τὴν
1922 3204 1967 3266 C

327 3313 499 3381 τύχην
538 3315 672 3382 ἡμῖν
709 3313 1093 3382 ἀλλοιώσωσιν,
1123 3313 1204 3381 οἷς
1230 3318 1376 3386 ἡμᾶς
1409 3318 1895 3382 κατεδουλώσαντο,

329 3403 462 3457 ἀλλά
487 3405 582 3457 καὶ
617 3409 682 3476 τῇ
713 3405 844 3477 ἁγίᾳ
894 3405 1160 3480 θρησκεία
1189 3407 1766 3481 ἐμπαροινήσωσιν.Ὢ
1814 3410 1899 3475 τίς

330 3491 391 3547 ἀν
419 3494 712 3566 ἀνάσχοιτο
740 3497 964 3552 ἐκείνων
980 3518 994 3567 ;

418 3584 540 3658 ριε’.
601 3588 714 3642 Καὶ
766 3588 854 3642 ὅτε
899 3592 1060 3662 ἡμεῖς
1108 3592 1209 3662 μὲν
1261 3594 1320 3648 ἐν
1373 3592 1452 3663 τῷ
1503 3593 1597 3648 τοῦ
1653 3591 1897 3666 μεγάλου

331 3677 676 3749 μυροϐλύτου
716 3682 830 3752 ναῷ
861 3682 1061 3754 ὕμνους
1085 3686 1266 3756 ίεροὺς
1299 3687 1590 3755 ἐτελοῦμεν
1621 3689 1902 3760 περιιστά-

330 3789 487 3842 μενοι
519 3773 616 3826 τὸν
649 3775 1000 3846 περιώνυμον
1035 3777 1324 3846 ἐλεήμονα,
1361 3780 1410 3833 οί
1439 3780 1483 3833 δ’
1526 3781 1584 3833 ἐν
1615 3782 1737 3844 ταῖς
1766 3781 1902 3836 πλα-

327 3864 479 3933 γίαις
509 3863 607 3918 τοῦ
644 3865 790 3936 ἱεροῦ
841 3867 1088 3939 βήματος
1130 3870 1198 3924 τά
1238 3870 1447 3923 ἑαυτῶν
1488 3871 1726 3943 ἐτέλουν,
1755 3874 1901 3927 ἀντι-

328 3954 638 4027 φωνοῦντες
678 3957 831 4026 ἡμῖν,
885 3958 981 4011 καὶ
1038 3957 1138 4023 τάς
1181 3959 1457 4023 πολίτιδας
1505 3959 1688 4028 φωνὰς
1728 3961 1902 4031 ὕπερ·

328 4049 527 4114 φωνεῖν
579 4048 857 4112 ἐθέλοντες
909 4049 1059 4120 βοαῖς
1119 4050 1464 4121 κορυξώσαις
1500 4054 1594 4106 καὶ
1638 4054 1899 4124 ἀπηχέσι,

327 4138 590 4202 πολλάκις
618 4139 677 4192 δέ
701 4140 794 4192 καὶ
823 4142 946 4205 ταῖς
979 4141 1088 4194 τῶν
1127 4143 1250 4196 καθ’
1281 4145 1427 4213 ἡμᾶς
1458 4142 1617 4196 θείων
1649 4143 1900 4212 Εὐαγγε-

327 4226 459 4280 λίων
497 4230 868 4302 ἐκφωνήσεσι,
906 4232 1043 4303 πρὸς
1077 4232 1190 4302 ἔριν
1240 4237 1289 4287 οί
1330 4233 1902 4304 ἀχαριτώτατοιάντε-

335 4319 728 4390 πεξσγὸμενοι,
763 4323 858 4376 καὶ
890 4325 1208 4394 συγχέοντες
1238 4323 1378 4377 οὕτω
1408 4325 1464 4378 τὸ
1489 4324 1771 4392 εὔτακτον,
1805 4327 1898 4380 καὶ

327 4409 424 4480 τὴν
451 4413 606 4481 ἱερὰν
645 4414 910 4484 ἁρμονίαν
951 4416 1193 4479 λύοντες.
1246 4417 1357 4468 Καὶ
1406 4415 1645 4486 ἐλάλησα
1681 4416 1780 4486 μὲν
1808 4417 1898 4470 εύ-

326 4502 509 4568 λαδῶς
539 4507 636 4558 καὶ
662 4505 794 4576 περὶ
820 4505 972 4561 τοῦδε
1005 4506 1084 4578 τῷ
1113 4507 1314 4580 κόμητι
1352 4508 1661 4582 Ἀλδουῖνῳ,
1695 4512 1748 4564 εἴ
1780 4528 1896 4575 πως
1927 4533 1970 4590 ι)

326 4595 556 4667 γένηται
583 4596 758 4660 τάξις,
791 4601 883 4653 καὶ
913 4598 988 4670 μὴ
1013 4599 1247 4668 γελῶντο
1271 4599 1340 4654 τά
1365 4599 1483 4653 θεῖα
1505 4603 1571 4672 τῇ
1602 4602 1896 4672 αὐτονομίᾳ

328 4685 437 4739 τῶν
475 4688 610 4756 παρ’
640 4689 824 4752 αὐτοῖς
859 4689 1074 4760 ἱερέων.
1114 4689 1330 4745 Ἀνύσαι
1367 4691 1424 4745 δὲ
1459 4691 1615 4762 ἔσχον
1644 4693 1816 4755 οὐδὲν,
1848 4692 1896 4744 εί

331 4780 421 4832 καὶ
475 4780 653 4842 ἄλλως
702 4782 907 4845 ἐκεῖνος
938 4782 1099 4854 ἐῴκει
1139 4785 1198 4836 ἐν
1223 4783 1324 4838 οὐκ
1354 4783 1560 4853 ὀλίγοις
1596 4785 1797 4838 ἐθέλειν
1831 4784 1898 4838 τά

337 4869 625 4939 Ῥωμαῖκά
650 4871 894 4938 τάσσειν,
927 4874 1001 4936 ὡς
1033 4873 1108 4946 μὴ
1142 4875 1528 4932 καταλύεσθαι.
1571 4877 1670 4940 Ὃς
1699 4893 1762 4945 γε
1801 4877 1897 4931 καὶ

330 4958 748 5033 δικαιοπραγεῖν
794 4963 906 5016 είτε
961 4967 1448 5037 προσποιούμενος,
1482 4969 1590 5022 εἴτε
1625 4970 1716 5022 καὶ
1763 4967 1898 5037 πρὸς

331 5050 591 5120 ἀλήθειαν
619 5051 964 5124 βουλόμενος,
1007 5055 1064 5108 ἐν
1093 5074 1151 5110 τε
1180 5058 1257 5128 τῷ
1292 5057 1500 5130 κρίνειν
1524 5061 1616 5112 καὶ
1647 5059 1896 5122 κολάζειν

329 5139 450 5200 τοὺς
488 5139 797 5209 ὑπαιτίους,
836 5145 930 5209 καὶ
982 5149 1200 5218 ἰσότητα
1237 5149 1517 5218 διανέμειν
1547 5152 1640 5202 καὶ
1670 5150 1898 5221 μώλωψι

334 5229 424 5282 καὶ
453 5230 671 5297 λοιπαῖς
723 5234 952 5301 αἰκίαις,
993 5237 1124 5290 ἀλλᾶ
1176 5239 1271 5292 καὶ
1306 5240 1533 5310 σκόλοψι
1574 5243 1682 5295 τῶν
1741 5260 1898 5307 τινας

333 5323 658 5396 κακούργων
677 5327 964 5397 τιμᾶσθαι,
993 5331 1087 5383 καὶ
1114 5331 1192 5402 τῷ
1225 5333 1318 5386 τοῦ
1346 5334 1503 5402 ἀγίου
1539 5335 1694 5407 τάφῳ
1729 5339 1900 5408 ἀργυ-

337 5429 425 5483 ρον
467 5419 568 5472 καὶ
613 5419 816 5487 χρυσὸν
847 5421 1154 5493 ἐχορήγησε
1181 5424 1271 5477 τὸν
1321 5424 1596 5494 ἀρκοῦντα
1644 5431 1724 5492 εἰς
1763 5431 1899 5483 ἀνα-

334 5504 550 5576 ποίησιν
580 5507 678 5560 τοῦ
705 5508 1074 5579 ἐλλείψαντοςο
1107 5514 1202 5566 καὶ
1243 5513 1458 5582 βίϐλους
1483 5516 1558 5582 δὲ,
1601 5519 1648 5571 εί
1687 5521 1781 5574 καὶ
1824 5520 1899 5591 μὴ

333 5595 429 5660 τὰς
491 5599 863 5671 ἀφῃρημένας
917 5605 1009 5656 καὶ
1057 5603 1178 5658 ούδέ
1227 5607 1369 5660 πάνυ
1425 5625 1478 5660 τι
1534 5608 1895 5680 εὐχρήστους,

332 5689 446 5742 ἀλλ’
487 5687 604 5757 οὖν,
642 5693 776 5756 ὅσας
816 5694 1184 5768 εύηρεστήθη,
1222 5698 1644 5770 ἐφιλοτιμήσατο
1695 5701 1898 5755 δοῦναι·

332 5783 425 5835 καὶ
477 5786 744 5856 πήγματα
801 5786 856 5840 δὲ
909 5789 1096 5860 κηρῶν
1143 5791 1387 5862 ἀργύρεα
1435 5794 1793 5865 μεταφορητά
1842 5795 1900 5851 ἐν

1997 2416 2240 2473 Armenii
2267 2434 2434 2488 panes
2457 2420 2616 2477 nobis
2634 2423 2957 2490 corrupisse
2985 2422 3267 2476 dicuntur.
3306 2419 3420 2475 Hoc
3447 2432 3577 2492 vero

1994 2507 2205 2577 justum
2244 2525 2354 2565 non
2386 2518 2504 2565 erat
2537 2527 2804 2582 pauperes
2857 2513 2927 2566 ab
2965 2511 3215 2567 emendis
3250 2511 3575 2566 necessariis

1997 2609 2263 2657 avertere.
2318 2602 2609 2659 Terribilis
2659 2603 2965 2660 necessitas
2993 2613 3079 2659 est
3117 2619 3147 2656 a
3177 2604 3332 2678 justo
3381 2603 3572 2673 prohi-

1997 2694 2135 2761 beri,
2167 2694 2453 2765 solumque
2479 2697 2812 2766 prohibitum
2849 2696 2989 2751 fieri.
3027 2695 3181 2749 Talia
3232 2695 3397 2749 etiam
3431 2695 3576 2750 fama

1997 2783 2098 2838 fuit
2125 2798 2224 2840 nos
2275 2799 2306 2839 a
2357 2783 2568 2844 Latinis
2600 2784 2772 2842 fuisse
2817 2799 3030 2854 passos.
3059 2784 3287 2854 Adipem
3334 2786 3480 2839 enim
3515 2794 3569 2839 et

1997 2875 2188 2930 sebum
2217 2889 2340 2930 cum
2375 2875 2498 2930 oleo
2531 2875 2828 2931 miscentes
2861 2889 3025 2930 causa
3067 2875 3290 2930 fuerunt
3318 2889 3417 2930 cur
3447 2876 3576 2930 boni

1994 2963 2291 3022 Christiani
2352 2969 2559 3038 jejunia
2613 2967 3050 3038 Quadragesimas
3117 2983 3182 3022 ac
3242 2967 3615 3024 Parasccves'

1999 3073 2108 3112 non
2155 3059 2522 3123 observarint,
2583 3060 2658 3114 ita
2703 3068 2911 3127 utnon
2972 3059 3149 3114 solum
3209 3076 3318 3114 non
3374 3060 3578 3115 liberos

1997 3165 2124 3206 esse
2185 3150 2428 3206 sinerent
2467 3152 2521 3205 in
2571 3150 2840 3206 electione
2877 3158 3086 3207 nostras
3142 3153 3424 3206 servitutis
3481 3152 3578 3207 sed

1999 3243 2160 3296 etiam
2212 3244 2384 3297 cultui
2429 3258 2589 3298 sacro
2633 3242 2985 3298 insultarent.
3015 3243 3152 3308 Quis
3205 3242 3317 3297 haec
3354 3243 3576 3299 tandem

1999 3334 2324 3391 sustineret?

2069 3593 2192 3649 H5.
2211 3593 2346 3649 Cum
2368 3593 2421 3648 in
2448 3593 2648 3664 templo
2672 3596 2850 3666 magni
2879 3595 3196 3669 Myroblyta:
3223 3594 3459 3666 hymnos
3487 3611 3576 3652 sa-

2003 3700 2132 3742 cros
2163 3696 2531 3752 cantaremus,
2574 3687 2844 3742 celebrem
2874 3689 3366 3759 eleemosynarium
3397 3689 3570 3743 colcnv

2001 3783 2107 3840 les,
2167 3775 2244 3830 illi
2299 3791 2425 3831 vero
2461 3776 2515 3829 in
2553 3775 2814 3844 gradibus
2842 3777 3148 3832 sanctuarii
3185 3791 3283 3830 sua
3316 3776 3576 3844 perlicie-

2001 3867 2154 3933 bant,
2188 3868 2394 3922 nosuis
2431 3867 2658 3923 vocibus
2685 3881 2813 3923 suas
2832 3876 3197 3937 opponentes,
3237 3866 3403 3920 altius
3425 3881 3563 3920 can-

2000 3967 2091 4013 tus
2118 3957 2377 4029 profanos
2411 3972 2608 4012 canere
2637 3959 2884 4014 volentes
2915 3958 3096 4012 raucis
3132 3959 3471 4015 clamoribus
3503 3974 3577 4014 ac

2009 4049 2440 4114 dissonantibus,
2487 4063 2730 4118 persaepe
2781 4050 3123 4104 enuntiando
3155 4064 3313 4103 saera
3338 4064 3578 4118 evange-

2002 4142 2074 4196 lia
2127 4151 2333 4207 nostra,
2387 4141 2460 4194 ita
2499 4141 2658 4210 longe
2709 4155 2736 4192 a
2794 4140 3060 4194 eharitate
3111 4139 3178 4194 ad
3241 4140 3388 4195 rixas
3447 4154 3577 4210 pro-

2000 4239 2278 4295 vocantes,
2320 4240 2530 4286 rectum
2566 4231 2812 4285 ordinem
2858 4231 3144 4284 turbantes
3203 4231 3579 4285 harmoniam-

1998 4339 2104 4393 que
2165 4332 2408 4377 sanctam
2463 4322 2855 4376 dissolventes.
2902 4320 3208 4376 Prudenter
3257 4329 3438 4376 autem
3510 4322 3577 4375 de

2000 4413 2122 4467 istis
2157 4411 2341 4466 comiti
2398 4410 2636 4466 Alduino
2689 4411 2906 4467 loculus
2959 4427 3102 4474 sum,
3131 4412 3173 4465 si
3206 4412 3428 4481 quando
3485 4412 3580 4466 fie-

2000 4514 2081 4560 ret
2116 4504 2294 4568 ordo,
2340 4518 2403 4558 ac
2459 4518 2526 4557 ne
2587 4501 2936 4557 sacerdotum
3000 4517 3221 4558 suorum
3281 4502 3578 4571 privilegiis

1998 4595 2305 4651 illuderent.
2361 4591 2505 4646 Nihil
2562 4592 2806 4647 obtinere
2881 4593 3070 4662 potui,
3133 4593 3256 4646 licet
3329 4591 3418 4646 ille
3495 4590 3581 4646 vi-

1997 4703 2090 4743 sus
2147 4688 2341 4742 fuisset
2385 4686 2522 4740 alias
2582 4701 2688 4739 non
2750 4687 2807 4740 in
2876 4686 3064 4755 p'aucis
3125 4683 3374 4738 Romana
3419 4685 3582 4738 resti-

2000 4791 2151 4836 tuere
2216 4780 2374 4841 velle,
2434 4794 2544 4833 non
2596 4788 2777 4833 autem
2832 4779 3151 4834 dissolvere.
3199 4778 3461 4848 Equidem
3495 4777 3582 4846 ju-

1999 4882 2116 4928 stus
2171 4872 2262 4926 ille
2312 4869 2490 4925 fuerat
2541 4871 2692 4924 visus
2751 4873 2866 4925 sive
2925 4870 2978 4924 in
3024 4870 3107 4924 bis
3147 4885 3269 4939 qua:
3313 4869 3378 4923 ad
3409 4869 3582 4938 ipsum

2000 4962 2344 5033 spectabant,
2393 4963 2510 5017 sive
2560 4961 2628 5015 ad
2678 4961 2986 5023 veritatem,
3033 4961 3334 5030 judicando
3382 4976 3446 5014 ac
3473 4976 3574 5028 pu-

2000 5055 2205 5110 niendo
2269 5064 2548 5115 nocentes,
2629 5064 2791 5120 atque
2863 5052 2930 5106 ad
2983 5053 3350 5122 aequalitatem
3396 5065 3588 5120 pmna-

1999 5163 2119 5202 rum
2146 5162 2242 5216 pro
2272 5145 2442 5215 plagis
2460 5144 2782 5214 caaterisque
2806 5146 3007 5199 ictibus
3032 5145 3312 5210 violentis,
3334 5153 3388 5200 et
3418 5147 3581 5198 etiam

2001 5240 2066 5293 ad
2137 5241 2316 5309 palum
2385 5239 2651 5308 quosdam
2736 5237 3152 5292 malefactorum
3229 5235 3576 5299 damnando;

2002 5331 2179 5388 sancti
2234 5329 2468 5400 sepulcri
2519 5339 2804 5399 argentum
2851 5345 3071 5399 quoque
3121 5337 3176 5384 et
3211 5342 3407 5382 aurum
3441 5340 3578 5394 pra:-

2006 5425 2124 5480 buit
2189 5432 2454 5494 quantum
2514 5422 2787 5478 suﬂiceret
2838 5422 2903 5474 ad
2955 5422 3314 5491 supplendum
3348 5419 3394 5473 ci
3428 5415 3576 5486 quod

2001 5520 2210 5575 deerat.
2248 5518 2446 5572 Libros
2474 5515 2660 5580 etiam,
2706 5515 2832 5567 licet
2864 5528 2970 5566 non
3005 5513 3240 5575 ablatos,
3272 5523 3372 5562 nec
3397 5507 3575 5561 omni-

2005 5627 2077 5664 no
2115 5611 2296 5676 utiles,
2349 5608 2445 5664 sed
2479 5608 2567 5678 qui
2615 5606 2754 5678 grati
2793 5620 2914 5661 esse
2943 5612 3184 5675 possent,
3218 5603 3346 5656 dare
3369 5600 3577 5668 gloria-

2004 5710 2240 5766 tusest;
2302 5699 2525 5754 donavit
2561 5713 2782 5768 quoque
2835 5710 2976 5750 cera:
3029 5694 3231 5762 figuras
3281 5701 3575 5761 argenteas

2005 5793 2331 5866 symboliaas
2365 5792 2418 5846 in
2455 5791 2614 5845 atriis
2661 5787 2862 5846 sanctis
2904 5785 3125 5858 positas,
3159 5793 3459 5840 memoratu
3491 5784 3572 5838 di:
