3906 6554
421 377 521 441 115

1115 389 1537 453 EUSTATHII
1569 392 2314 456 THESSALONICENSIS
2353 391 2916 455 METROPOLlTrE

3553 389 3656 458 116

417 508 576 564 guas.
595 492 811 549 Cibaria
839 510 966 552 vero
983 513 1205 570 quoque
1231 504 1392 559 nobis
1415 504 1649 574 praebuit
1671 504 1834 560 simul
1862 518 1987 558 cum

2099 505 2268 576 ίεραῖς
2297 507 2548 566 είσόδοις,
2579 505 2742 575 λόγου
2773 503 2921 569 ἄξια,
2953 503 3265 573 ἐχαρίσατο·
3299 499 3395 555 καὶ
3435 501 3566 572 ήμῑν
3597 505 3656 559 δέ

417 583 580 639 libris
610 599 748 653 quos
784 602 890 641 non
911 589 1066 644 valde
1096 593 1511 662 appetebamus,
1540 595 1755 650 divinas
1789 594 1988 662 imagi-

417 690 516 730 nes
549 691 777 746 quarum
810 680 982 748 rogati
1018 684 1350 752 exemplaria
1385 686 1793 740 accuratissima
1819 685 1992 740 comi-

421 767 566 822 tibus
601 768 746 823 illius
779 773 965 838 partiti
1004 789 1217 838 sumus,
1253 792 1350 830 nec
1395 792 1648 831 recusare
1693 778 1986 847 quivimns,

417 858 594 912 adhuc
625 869 678 914 et
708 871 952 916 sanctam
979 865 1370 933 supellectilem
1408 868 1540 935 (non
1573 869 1719 924 enim
1759 869 1986 924 celanda

415 958 504 1004 est
539 953 787 1022 veritas),
817 969 880 1008 ex
922 971 1029 1024 qua
1073 959 1277 1029 aliquot
1315 970 1640 1018 ornamenta
1673 961 1859 1034 partiti
1905 976 1990 1016 su-

417 1054 539 1097 mus
563 1043 748 1101 multis
783 1057 1093 1104 sanctarum
1126 1051 1510 1110 ecclesiarum.

489 1221 611 1277 116.
647 1225 705 1278 ln
757 1226 845 1288 his
876 1228 1182 1288 laudandus
1227 1243 1311 1290 est
1351 1249 1534 1293 comes
1572 1235 1824 1303 Latinus,
1862 1237 1992 1293 licet

427 1309 563 1364 alias
613 1312 829 1388 aliquid
870 1319 997 1375 mali
1044 1321 1266 1376 mistum
1302 1322 1581 1393 habuerit,
1616 1334 1813 1382 natura
1841 1328 1988 1382 enim

413 1398 574 1474 juxta
604 1406 806 1491 bonum
851 1413 1052 1466 malum
1105 1425 1460 1484 opposuerat,
1494 1430 1764 1475 craterem
1795 1419 1993 1489 hujus-

421 1498 566 1554 modi
585 1499 637 1554 in
665 1500 758 1555 illo
776 1503 1160 1561 commiscens.
1183 1506 1336 1562 Clam
1364 1511 1509 1564 enim
1529 1510 1773 1568 Latinice
1796 1513 1992 1584 agebat

419 1604 545 1645 cum
619 1595 990 1662 nostratibus,
1046 1613 1110 1653 ac
1173 1616 1315 1672 saepe
1398 1602 1612 1659 dicebat
1680 1605 1788 1662 illis
1843 1607 1986 1662 inter

419 1681 632 1750 dentes,
665 1687 804 1754 quod
845 1689 1181 1747 abominatio
1241 1695 1320 1749 eis
1361 1695 1556 1751 fuisset
1584 1696 1730 1767 quod
1761 1698 1850 1753 die
1894 1713 1992 1754 ex-

419 1778 772 1847 pugnationis
820 1795 1034 1838 omnem
1091 1785 1364 1841 civitatem
1411 1804 1520 1842 non
1567 1789 1912 1860 jugulassent
1963 1808 1978 1845 :

2092 615 2213 652 τινα
2242 601 2464 669 ζωαρκῆ
2499 601 2756 666 ἐπένειμε
2787 597 2884 650 σύν
2924 613 2988 664 γε
3035 596 3130 648 καὶ
3174 593 3399 662 βίϐλοις,
3430 593 3500 658 ἃς
3539 595 3658 650 οῦτι

2089 689 2212 743 λίαν
2238 689 2564 760 ὲποθοῦμεν,
2621 690 2718 743 καὶ
2750 689 3111 757 είκονίσματα
3143 687 3283 750 θεῖα,
3325 680 3401 740 ὦν
3447 685 3516 740 τὰ
3565 704 3660 740 πε-

2092 783 2461 853 φροντισμένα
2502 785 2614 848 τοῖς
2648 782 2862 835 ἐκείνου
2919 782 3084 852 ήμεῖς
3130 779 3286 842 αὖθις
3323 779 3660 849 ὲπεμερίσα-

2097 890 2220 942 μεν,
2247 874 2581 943 αἰτηθέντες,
2616 874 2716 928 καὶ
2743 873 2818 943 μὴ
2848 872 3065 942 ἔχοντες
3097 872 3542 940 ἀπαρνήσασθαιο
3579 871 3658 925 ἔτι

2088 964 2147 1017 δὲ
2179 967 2272 1018 καὶ
2291 967 2410 1034 ίερὰ
2438 965 2642 1019 ἔπιπλα
2669 963 2768 1036 (μὴ
2799 963 2908 1033 γὰρ
2931 963 3205 1034 κρυπτέον
3239 962 3298 1015 τὸ
3323 961 3569 1032 ἀληθὲς),
3602 961 3658 1026 ἐξ

2090 1047 2166 1110 ὧν
2193 1057 2646 1126 ὲπικοσμήματός
2674 1074 2728 1110 τι
2765 1056 2989 1119 πολλαῖς
3017 1054 3125 1112 τῶν
3155 1053 3325 1124 ἁγίων
3352 1052 3659 1126 ἐκκλησιῶν

2089 1145 2580 1216 διεμοιρασάμεθα.

2163 1233 2299 1305 ρις’.
2341 1235 2449 1290 Τοῦ
2503 1235 2561 1290 δὲ
2610 1237 2849 1307 κόμητος
2885 1235 3075 1290 τούτου
3107 1234 3284 1288 έκεῖνο
3328 1232 3564 1304 μάλιστα
3598 1233 3660 1286 ea

2090 1330 2289 1396 καλὸν,
2317 1331 2365 1384 εί
2419 1329 2514 1384 καὶ
2544 1329 2720 1394 ἄλλως
2759 1325 2872 1401 εἶχέ
2918 1347 2972 1382 τι
3017 1328 3115 1382 καὶ
3157 1325 3330 1382 κακὸν
3361 1326 3658 1397 συμμιγὲς,

2089 1422 2242 1493 παρὰ
2277 1421 2372 1476 καὶ
2403 1421 2555 1492 καλῷ
2591 1422 2762 1476 κακὸν
2815 1419 3050 1492 θεμένης
3103 1419 3204 1488 τῆς
3255 1417 3495 1488 φύσεως,
3527 1433 3662 1486 κρα-

2088 1513 2257 1584 τῆρος
2288 1514 2530 1567 τοιοῦτον
2568 1511 2961 1584 κερασαμένης
3003 1510 3174 1582 αὐτῷ.
3227 1505 3357 1581 Είχε
3407 1508 3505 1574 μὲν
3554 1509 3661 1578 γὰρ

2088 1602 2149 1656 τὸ
2201 1603 2492 1656 Λατινικὸν
2539 1602 2789 1664 ὑπούλως
2837 1603 2970 1671 περὶ
3011 1601 3134 1663 τοὺς
3174 1598 3297 1652 καθ’
3345 1599 3515 1668 ήμᾶς,
3569 1599 3662 1651 καὶ

2092 1694 2287 1763 συχνὸν
2331 1693 2516 1756 αὐτοῖς
2570 1693 2663 1746 ὑπ’
2712 1693 2954 1757 ὀδόντας,
3001 1692 3078 1756 ὡς
3120 1691 3367 1759 ἀνάθεμα
3415 1691 3530 1754 τοῖς
3587 1690 3659 1760 μή

2091 1784 2236 1837 κατὰ
2287 1785 2385 1854 τήν
2413 1784 2632 1856 ἡμέραν
2676 1785 2778 1854 τῆς
2822 1782 3081 1847 ἁλώσεως
3112 1783 3260 1837 άπαν
3293 1782 3354 1836 τὸ
3382 1781 3661 1836 πολιτικὸν

419 1867 500 1920 Ad
562 1868 694 1936 quid
745 1872 919 1942 capita
975 1874 1176 1930 talibus
1239 1853 1987 1950 corporibusimponuntur?

2099 1853 2497 1944 κατασφάξωσι,
2532 1853 2641 1930 ’καὶ
2673 1853 2755 1930 τό·
2796 1876 2950 1930 Διατί
2983 1875 3217 1943 κεφαλαὶ
3238 1876 3507 1938 τοιούτοις
3539 1876 3661 1928 ἐπι-

427 1960 752 2029 sanguinem
789 1977 977 2018 eorum
1032 1981 1157 2020 cum
1223 1979 1415 2024 nostro
1442 1985 1547 2023 non
1587 1986 1706 2026 esse
1761 1972 1987 2027 commi-

421 2058 603 2118 stum;
637 2065 819 2122 regem
854 2070 958 2109 non
989 2070 1112 2111 esse
1137 2059 1525 2123 advocaturos,
1567 2061 1776 2131 hosque
1799 2078 1990 2120 omnes

422 2156 485 2196 se
519 2156 642 2198 esse
684 2145 1079 2214 submissuros,
1131 2148 1354 2206 Latinos
1389 2167 1514 2206 vero
1549 2153 1693 2207 solos
1738 2169 1829 2208 eos
1869 2169 1992 2209 esse

421 2243 805 2300 renovaturos,
859 2237 1048 2308 sicque
1090 2243 1272 2296 omnia
1308 2242 1443 2297 bene
1485 2259 1607 2300 esse
1667 2244 1869 2298 futura.
1899 2244 1991 2298 Han

420 2332 607 2379 autem
639 2329 1012 2397 sequebantur
1030 2332 1186 2387 minre
1207 2335 1498 2389 adversum
1523 2349 1644 2400 nos,
1671 2352 1730 2389 ac
1748 2353 1992 2404 unaqua-

420 2429 531 2484 que
583 2416 716 2471 bora
763 2419 842 2473 ira
889 2423 1078 2477 comiti
1122 2424 1548 2493 inspirabatura
1579 2427 1820 2492 diabolo,
1862 2431 1989 2483 dum

420 2519 583 2562 voces
627 2507 743 2564 haec
782 2511 1102 2567 audirentur
1139 2530 1154 2568 :
1192 2515 1351 2581 Cras,
1391 2533 1534 2581 cras,
1569 2528 1622 2574 et
1653 2520 1838 2573 statim
1871 2534 1992 2574 om-

422 2595 512 2650 nis
539 2596 633 2653 Dei
668 2599 908 2670 populus
941 2604 1246 2660 nobiscum.
1278 2605 1513 2663 Necesse
1544 2625 1674 2682 ergo
1707 2619 1824 2666 erat
1851 2627 1992 2684 opus

422 2683 602 2740 facere
663 2701 729 2744 ac
789 2689 974 2759 loqui,
1031 2691 1111 2746 sic
1156 2709 1375 2764 quoque
1423 2712 1564 2766 saepe
1620 2700 1870 2769 egimus,
1910 2702 1991 2756 di-

420 2788 584 2830 verso
616 2777 777 2833 modo
827 2779 1164 2837 laborantes.
1227 2784 1318 2839 Dei
1378 2788 1553 2856 gratia
1588 2788 1689 2844 hoc
1721 2791 1992 2846 suadeba-

421 2880 545 2921 mus
575 2882 817 2939 persaepe
844 2873 1064 2942 eoquod
1101 2875 1209 2928 dux
1243 2875 1376 2932 illuc
1406 2878 1689 2948 irreperet,
1728 2891 1854 2936 ante
1883 2897 1993 2937 non

352 2963 356 2966 ’
421 2975 522 3018 nos
546 2964 980 3033 produxeramus
1029 2970 1336 3040 usquedum
1360 2973 1589 3026 omnino
1619 2976 1810 3030 mutati
1847 2977 1986 3044 (haec

422 3069 533 3109 non
562 3055 687 3111 dico
717 3056 770 3110 in
823 3058 1132 3126 homiliam,
1163 3062 1260 3116 sed
1299 3061 1353 3116 in
1387 3065 1735 3136 concionem)
1768 3083 1990 3125 causam

2090 1966 2357 2035 κάθηνται
2389 1966 2640 2036 σώμασι;
2674 1969 2767 2020 καὶ
2799 1968 2880 2021 ὃτι
2911 1967 2968 2020 τὸ
2997 1966 3203 2020 τούτων
3243 1960 3380 2038 αἷμα
3407 1966 3467 2020 οὐ
3517 1965 3662 2019 ποιεῖ

2093 2057 2396 2127 σύγκρασιν
2445 2057 2582 2128 πρὸς
2608 2058 2669 2111 τὸ
2701 2058 2993 2128 ἡμέτερον·
3034 2060 3126 2111 καὶ
3161 2058 3243 2112 ὅτι
3279 2055 3664 2129 παρακλητεύο

2093 2165 2259 2218 σομεν
2287 2147 2377 2201 τὸν
2421 2149 2588 2218 ρἧα,
2622 2151 2719 2204 καὶ
2764 2149 3059 2203 πεσοῦνται
3097 2149 3196 2220 μὲν
3248 2149 3450 2212 πάντες
3489 2139 3662 2211 οὗτοι,

2092 2239 2689 2308 ἀντεισοικισθήσονται
2724 2238 2778 2293 δὲ
2814 2240 3132 2309 καταμόνας
3168 2240 3414 2301 Λατῖνοι,
3444 2238 3540 2292 καὶ
3577 2238 3664 2292 οῦ-

2091 2343 2200 2390 τως
2246 2326 2461 2381 ἅπαντα
2498 2327 2641 2380 καλὰ
2675 2328 2912 2383 ἔσονται.
2963 2327 3176 2382 Οὐκοῦν
3225 2327 3508 2382 ἀκόλουθοι
3540 2327 3664 2380 τού-

2091 2435 2205 2480 τοις
2251 2417 2472 2470 ἀπειλαὶ
2501 2419 2624 2472 καθ’
2657 2418 2818 2488 ήμῶν
2849 2419 2944 2473 καὶ
2975 2420 3214 2492 ρίπισμα
3241 2422 3362 2473 ὅσαι
3389 2414 3533 2490 ὧραι
3569 2418 3661 2473 τοῦ

2093 2510 2236 2564 κατὰ
2276 2510 2369 2563 τὸν
2425 2511 2644 2581 κόμητα
2686 2510 2860 2579 θυμοῦ
2901 2512 2965 2564 ὲκ
3005 2511 3284 2578 διαῦολῶν,
3315 2511 3409 2565 καὶ
3438 2511 3662 2580 ἀναφώ-

2095 2617 2253 2670 νησις
2285 2601 2394 2654 τῶν
2425 2601 2884 2656 ένδιαὸαλλόντων
2927 2603 3008 2656 τό·
3051 2602 3273 2674 Δῦριον,
3325 2602 3536 2674 αὔριον,
3571 2604 3665 2657 καὶ

2093 2695 2122 2747 δ
2152 2693 2247 2748 τοῦ
2301 2693 2437 2746 Θεοῦ
2484 2691 2614 2758 λαὸς
2675 2694 2820 2757 ἅπας
2871 2693 3034 2758 εὐθὺς
3084 2694 3214 2764 περὶ¹
3255 2695 3422 2766 ήμᾶς.
3457 2694 3572 2748 Kal
3598 2690 3664 2767 ἦν

2094 2783 2308 2856 ἀνάγκη
2362 2785 2560 2855 κοπιᾷν
2608 2784 2702 2839 καὶ
2741 2784 2962 2839 λαλεῖν·
3023 2784 3119 2839 καὶ
3171 2784 3467 2856 ἐποιοῦμεν
3517 2783 3665 2839 οὕτω

2096 2874 2288 2945 συχνὰ,
2347 2875 2709 2947 πολυτρόπως
2761 2879 3111 2948 πονοῦμενοι.
3162 2877 3274 2932 Kal
3328 2875 3462 2930 Θεοῦ
3500 2894 3666 2948 χαρι-

2094 2964 2315 3030 τοῦντος
2358 2966 2652 3034 ὲπιίθομεν
2682 2969 2777 3022 καὶ
2804 2969 2965 3023 τοῦτο
3001 2969 3316 3032 πλειστάκις
3349 2968 3437 3022 διὰ
3481 2968 3544 3022 τὸ
3575 2968 3664 3022 τδν

2095 3060 2334 3130 ἄρχοντα
2383 3061 2574 3131 ῥέπειν
2615 3061 2826 3115 ἐκεῖσεο
2866 3060 2960 3114 καὶ
3013 3061 3072 3143 οῦ
3110 3062 3304 3130 πρώην
3351 3059 3662 3131 άνήκαμαν,

425 3152 672 3200 nostram
705 3144 1157 3213 defendebamus,
1209 3165 1316 3203 non
1348 3149 1662 3206 adulatione
1699 3153 1989 3208 abstinen-

2099 3151 2204 3215 ἓως
2247 3151 2310 3206 τὸ
2341 3151 2651 3207 τελευταῖον
2710 3155 2954 3206 παντοῖοι
2985 3152 3069 3225 (οῦ
3105 3152 3248 3221 λέγω
3289 3151 3361 3205 τὰ
3412 3152 3495 3213 είς
3547 3153 3668 3221 ὁμι-

422 3243 525 3301 tes,
581 3251 888 3292 sermonem
940 3249 1120 3294 autem
1154 3241 1462 3310 jucundum
1502 3243 1824 3310 efﬁcientes,
1859 3246 1996 3302 dure

422 3336 600 3382 tamen
623 3329 827 3398 aliquid
859 3330 1125 3395 dicentes,
1183 3335 1464 3403 querendo
1491 3337 1558 3390 de
1587 3338 1876 3394 atrocitate
1897 3355 1998 3397 oc-

422 3421 733 3487 cupationis
765 3424 1111 3490 Latinorum,
1157 3428 1474 3484 extollendo
1527 3446 1656 3486 vero
1693 3442 1998 3502 opportune

423 3513 639 3568 laudem
706 3514 1465 3586 Thessalonicensiuun,rbos
1531 3537 1814 3580 sermones
1859 3526 1998 3579 mul-

422 3603 673 3659 tiformcs
736 3608 961 3661 omnino
1024 3611 1424 3666 cont-inuentes
1489 3614 1999 3672 accommodantes-

423 3709 531 3762 quc
577 3696 809 3752 rudibus
851 3699 1190 3762 hominibus,
1227 3702 1300 3755 ita
1326 3711 1384 3756 ut
1412 3718 1536 3757 cum
1575 3705 1836 3759 cautione
1864 3707 1999 3760 scri-

425 3784 597 3852 ptoris
629 3789 1102 3854 convinceremus,
1134 3792 1595 3860 vituperarcmus,
1639 3809 1702 3849 ac
1738 3795 1995 3852 exhorta-

424 3890 612 3930 remur
638 3877 780 3944 illos,
819 3881 911 3949 qui
945 3891 1191 3950 tempore
1242 3885 1394 3953 pacis
1433 3900 1497 3938 ex
1531 3886 1740 3941 nostris
1776 3889 1998 3944 monitis

423 3965 606 4034 ignavi
663 3966 884 4024 fuerant
926 3971 979 4025 in
1019 3972 1389 4042 adimplendis
1446 3975 1659 4045 integre
1711 3978 1998 4046 praeceptis

423 4058 775 4129 evangelicis,
817 4076 884 4116 ne
945 4063 1101 4118 inviti
1137 4074 1477 4134 pateremur,
1525 4068 1702 4122 virum
1743 4067 2000 4124 ﬁrmave-

424 4161 630 4213 ramus,
667 4166 905 4222 cumque
939 4154 1170 4211 ﬁrmiter
1205 4158 1488 4214 stabilitus
1515 4159 1735 4226 fuisset,
1766 4159 1999 4215 adduxi-

423 4252 550 4295 mus
581 4241 648 4296 ad
672 4241 997 4314 jurandum,
1026 4249 1282 4317 equidem
1311 4248 1423 4319 jam
1457 4266 1565 4305 non
1597 4261 1805 4305 metum
1835 4253 1998 4308 caedis

423 4331 509 4385 vel
545 4331 770 4388 alterius
799 4336 926 4390 mali
959 4338 1136 4392 victos
1164 4339 1588 4395 sollicitaturum
1616 4357 1760 4398 esse.
1794 4342 1998 4400 Deinde

422 4423 736 4491 quievimus
784 4427 1086 4497 usquedum
1121 4430 1359 4485 licuerit.
1419 4431 1539 4486 Non
1591 4447 1724 4486 vero
1768 4434 1995 4488 omnino

421 4513 618 4570 licebat
648 4531 774 4572 cum
807 4517 1018 4576 Latinis
1057 4519 1428 4577 Romanorum
1459 4523 1737 4578 osoribus.

2098 3241 2240 3308 λίαν,
2283 3243 2421 3296 ἀλλὰ
2443 3243 2812 3315 δημηγορίαν)
2843 3244 3150 3315 γενόμενοι,
3181 3241 3278 3296 καὶ
3320 3241 3666 3313 δικαιολογη-

2099 3334 2352 3404 σᾶμενοι,
2400 3334 2496 3388 καὶ
2537 3335 2656 3388 οὐδὲ
2692 3335 2985 3398 κολακείας
3014 3335 3392 3405 ἀπεσχημένοι
3428 3334 3526 3388 καὶ
3562 3351 3665 3404 χα-

2099 3427 2522 3498 ριεντισάμενοι,
2563 3427 2658 3482 καὶ
2703 3427 2979 3497 ὲμϐριθῶς
3014 3426 3071 3481 δέ
3099 3445 3153 3480 τι
3186 3426 3543 3497 λαλήσαντες,
3573 3425 3666 3480 καὶ

2101 3517 2452 3588 μεμψάμενοι
2477 3518 2574 3588 μὲν
2606 3517 2704 3589 τὴν
2744 3519 2852 3572 τῶν
2881 3517 3195 3586 συγκλύδων
3225 3519 3473 3573 Λατίνων
3503 3517 3669 3572 δεινό-

2097 3625 2234 3676 τητα
2258 3647 2273 3670 ,
2307 3608 2525 3660 ἔπαινον
2560 3607 2617 3660 δὲ
2664 3608 2773 3661 τῶν
2813 3609 3253 3663 Θεσσαλονικέων
3301 3607 3668 3680 προενεγκόν-

2095 3714 2186 3761 τες
2242 3699 2475 3768 καίριον,
2525 3699 2620 3754 καὶ
2673 3701 2810 3762 ὅλως
2840 3701 2967 3763 τοὺς
3012 3699 3204 3768 λόγους
3231 3698 3526 3762 πολυειδῶς
3563 3699 3664 3770 άρ-

2101 3791 2400 3860 μοσόιμενοι
2461 3791 2557 3844 καὶ
2632 3792 3087 3861 οἱκονομήσαντες
3147 3791 3285 3862 πρὸς
3343 3788 3665 3861 ἀνθρώπους

2097 3881 2345 3951 ἀγρίους,
2369 3881 2514 3934 κατά
2537 3897 2590 3933 τι
2621 3881 2862 3951 ἀμυδρὸν
2893 3881 3167 3952 ἁπήχημα
3193 3881 3472 3952 γραφικῆς
3505 3879 3666 3946 ὲλέγ⁴

2099 3971 2234 4036 ξεως
2285 3972 2378 4024 καὶ
2417 3971 2792 4042 ἐπιτιμήσεως
2830 3971 2926 4026 καὶ
2973 3971 3374 4043 παρακλήσεως
3405 4012 3420 4037 ,
3477 3974 3529 4025 οί
3575 3974 3670 4027 καὶ

2097 4062 2238 4116 κατὰ
2262 4063 2452 4134 καιρὸν
2473 4064 2696 4135 είρήνης
2722 4061 2939 4117 ἐπὶτῶν
2957 4063 3245 4134 ἡμετέρων
3269 4053 3491 4133 ἄτολμοι
3515 4063 3669 4128 ὄντες

2100 4156 2274 4207 ποιεῖν
2313 4154 2382 4208 τὰ
2427 4155 2762 4223 εὐαγγελικά
2794 4156 2872 4218 είς
2908 4153 3168 4224 ἄκρατον,
3196 4153 3282 4206 ἵνα
3330 4153 3406 4224 μή
3436 4155 3671 4224 πάσχοι·

2101 4262 2200 4313 μεν
2221 4244 2516 4315 ἀϐούλητα,
2549 4244 2956 4316 ἑὸεϐαιὼσαμεν
2987 4245 3077 4298 τὸν
3106 4244 3299 4313 ἄνδρα,
3328 4245 3421 4298 καὶ
3452 4245 3531 4307 είς
3563 4245 3668 4315 εμ-

2099 4338 2261 4392 πεδον
2317 4339 2782 4409 καταστήσαντες,
2839 4337 3256 4407 περιηγάγομεν
3307 4335 3672 4403 διομόσασθαι

2098 4424 2135 4500 ἦ
2175 4429 2281 4501 μὴν
2313 4427 2512 4501 μηκέτι
2553 4427 2719 4497 φόϐον
2745 4426 3223 4498 ἐπαρτηθήσεσθαι
3264 4425 3429 4495 φόνου
3461 4426 3495 4496 ἦ
3526 4443 3673 4489 τινος

2020 4511 2069 4570 D
2097 4519 2284 4591 ἐτέρου
2319 4518 2489 4572 κακοῦ
2537 4519 2650 4581 τοῖς
2699 4517 2988 4571 ἑαλωκόσι.
3013 4516 3122 4569 Kal
3155 4515 3215 4569 τὸ
3243 4511 3498 4570 ἐντεῦθεν
3535 4516 3668 4570 avs-

423 4608 736 4679 παυόμεθα,
773 4612 853 4676 είς
883 4613 1008 4666 ὅσον
1037 4607 1106 4682 ἦν
1143 4612 1446 4685 ἐγχωροῦν.
1485 4615 1776 4687 Ἐνεχὼρει
1817 4618 1873 4670 δὲ
1905 4615 1980 4686 μὴ
2019 4616 2100 4678 είς
2125 4614 2188 4667 τὸ
2231 4613 2340 4666 πᾶν
2369 4611 2522 4683 παρά
2564 4627 2629 4678 γε
2692 4611 2807 4674 τοῖς
2870 4608 3013 4663 οὕτω
3062 4609 3462 4682 μισορωμαίοις
3513 4608 3674 4664 ΛατΓ

424 4723 558 4766 νοις.

497 4795 623 4850 117.
668 4794 774 4850 Sed
825 4797 1203 4852 revertendum
1239 4806 1324 4854 est
1372 4799 1439 4854 ad
1474 4801 1656 4870 priora
1705 4810 1996 4872 postquam

425 4901 514 4942 res
567 4887 785 4941 comitis
836 4889 1212 4956 exposuimus,
1269 4891 1392 4946 vitae
1451 4893 1865 4962 operationibus
1912 4893 1998 4947 di-

429 4979 564 5033 visis
596 4977 648 5031 in
683 4983 837 5031 actus
883 4979 988 5034 diei
1030 4988 1083 5035 et
1132 4988 1290 5037 actus
1327 4990 1649 5038 nocturnos.
1681 4983 1806 5039 Dies
1839 4983 2000 5052 equi-

430 5070 552 5125 dem
585 5070 802 5126 mentiti
840 5070 1056 5126 fuerant
1102 5073 1494 5140 urbanitatem,
1554 5085 1760 5132 attenta
1787 5075 2001 5130 rustici-

430 5169 544 5215 tate
577 5161 895 5217 Latinorum
933 5181 1098 5233 quam
1133 5166 1552 5223 dissimulabant
1582 5187 1594 5233 ;
1637 5171 1728 5237 qui
1770 5183 1898 5237 ergo
1924 5166 2002 5237 ip-

433 5255 510 5309 sis
556 5265 608 5309 et
641 5255 804 5310 nobis
831 5256 1089 5311 mundum
1125 5258 1373 5314 sufﬁcere
1399 5275 1504 5314 non
1540 5260 1881 5329 judicabant,
1903 5276 1999 5312 no-

433 5347 516 5399 bis
539 5349 901 5411 occurrendo,
958 5365 1060 5404 nos
1113 5354 1546 5421 consputabant,
1594 5353 1997 5422 propcllcbant,

435 5440 880 5510 supplantabant,
917 5445 1280 5513 aspergebant
1338 5445 1582 5514 injuriis.
1623 5444 1736 5498 lloc
1767 5460 1909 5512 saepe
1942 5445 1998 5498 in

432 5544 528 5584 ore
587 5544 776 5585 eormn
851 5533 1174 5589 versabatur
1235 5543 1294 5589 ut
1346 5551 1538 5590 Versus
1595 5535 1994 5590 intercalaris:

440 5640 460 5672 ι
505 5619 659 5689 Veni,
713 5623 854 5678 bene
911 5623 1172 5680 Joannes.
1225 5644 1243 5676 ι
1306 5625 1417 5680 Hoc
1480 5627 1734 5680 cavillum
1785 5627 2003 5681 orieba-

438 5722 522 5765 tur
545 5729 610 5768 οι
641 5729 706 5769 eo
740 5717 881 5784 quod
913 5724 1159 5785 tempore
1194 5716 1499 5772 obsidionis
1530 5719 1741 5787 gloriati
1784 5733 2001 5773 eraums

436 5820 619 5877 regem
649 5807 917 5864 Joannem
953 5808 1102 5864 brevi
1140 5810 1300 5866 nobis
1331 5825 1454 5866 esse
1494 5812 1910 5882 cpitulaturum.
1943 5810 1999 5866 Si

2173 4795 2295 4865 ptC’.
2341 4792 2482 4844 Ἀλλ’
2511 4788 2794 4843 ἐπανιτέον
2827 4787 2988 4841 πάλιν
3041 4789 3104 4840 ὲκ
3147 4788 3256 4840 τῶν
3291 4785 3383 4841 τοῦ
3426 4786 3672 4855 κόμητος

2101 4890 2194 4942 ἐπὶ
2229 4886 2296 4939 τὰ
2331 4883 2624 4954 πρότερον,
2668 4881 2787 4951 διχῆ
2843 4880 3190 4951 διῃρημένων
3226 4878 3335 4932 τῶν
3383 4878 3524 4932 κατὰ
3557 4878 3674 4947 βίον

2106 4979 2185 5042 είς
2213 4994 2273 5030 τε
2309 4977 2378 5028 τὰ
2409 4973 2761 5043 καθ’ήμέραν
2788 4972 2883 5024 καὶ
2914 4971 2980 5024 τὰ
3011 4970 3268 5040 νύκτερα.
3299 4971 3366 5022 Al
3401 4972 3499 5039 μὲν
3534 4971 3674 5040 ἡμέ-

2107 5089 2199 5142 ραι
2228 5069 2360 5138 ήμῖν
2389 5066 2673 5135 ἐψεύδοντο
2701 5065 2761 5116 τὸ
2788 5063 2994 5133 ἥμερον
3027 5061 3114 5114 διὰ
3139 5063 3240 5131 τὴν
3269 5063 3326 5114 ἐν
3360 5063 3472 5124 τοῖς
3505 5059 3677 5114 Λατί-

2105 5180 2217 5226 νοις
2246 5161 2570 5230 ἀγριότητα,
2603 5156 2701 5226 τὴν
2732 5155 2991 5225 ἀμυδρῶς
3026 5153 3485 5222 ὑπολαληθεῖσαν’
3513 5152 3562 5205 οἳ
3595 5153 3673 5221 μὴ

2107 5255 2355 5326 χωρητὸν
2381 5253 2561 5314 αὐτοῖς
2595 5251 2690 5305 καὶ
2712 5250 2845 5318 ἡμῖν
2868 5249 2957 5300 τὸν
2984 5247 3188 5315 κόσμον
3223 5241 3362 5298 εἶναι
3395 5245 3670 5315 κρίνουσι,

2105 5346 2472 5404 συναντῶντες
2494 5342 2624 5412 γοῦν
2648 5342 2972 5403 κατέπτυον,
2992 5339 3187 5400 ὤθουν,
3207 5338 3510 5402 ὲσκέλιζον,
3536 5355 3675 5390 κατ-

2103 5441 2330 5511 έὸρεχον
2379 5437 2589 5508 ῦΰρεις.
2621 5436 2821 5507 Συχνδν
2873 5431 2940 5504 ἦν
2990 5435 3173 5497 αὐτοῖς
3223 5433 3296 5495 ὡς
3331 5434 3411 5496 είς
3467 5431 3676 5500 ἐπῳδδν

2103 5534 2185 5586 τό⁶
2222 5532 2398 5596 Ἐλθὲ,
2426 5529 2836 5598 Καλοῖωάννης.
2856 5526 3086 5595 Μυκτὴρ
3116 5520 3290 5590 οὗτος,
3324 5524 3398 5585 ὡς
3425 5522 3580 5591 ήμῶν
3618 5522 3678 5574 ὲν

2103 5623 2170 5700 τῇ
2205 5626 2490 5696 πολιορκίᾳ
2522 5622 2928 5693 γαυρουμένων,
2957 5617 3153 5688 μικρὸν
3179 5618 3300 5668 ὅσον
3332 5613 3676 5685 τδνῖβασιλέα

2125 5716 2383 5783 Ἰωάννην
2415 5711 2590 5764 ἐλθεῖν
2625 5712 2757 5780 ἡμῖν
2785 5710 3092 5777 ἐπίκουρον.
3127 5706 3190 5758 Εἰ
3222 5705 3278 5758 δέ
3302 5723 3384 5767 τις
3414 5704 3522 5756 τῶν
3551 5719 3681 5753 συνι-

2113 5805 2471 5880 αιχμαλὼτων
2521 5802 2662 5871 πεζῆ
2696 5802 2795 5872 τὴν
2827 5799 3100 5870 λεωφόρον
3133 5797 3307 5870 τρίδοι
3341 5796 3444 5867 (τίς
3505 5796 3561 5850 δὲ
3611 5793 3678 5849 οὐ
