  <div class='ocr_page' id='page_1' title='image "/cluster/home/n/w/nwhite01/storage/ocr_20150623/136/hvd.32044019208305/066.png"; bbox 0 0 3968 6578; ppageno 0'>
   <div class='ocr_carea' id='block_1_1' title="bbox 283 397 379 468">
    <p class='ocr_par' dir='ltr' id='par_1_1' title="bbox 283 397 379 468">
     <span class='ocr_line' id='line_1_1' title="bbox 283 397 379 468; baseline 0.031 -3"><span class='ocrx_word' id='word_1_1' title='bbox 283 397 379 468; x_wconf 75' lang='grc'><strong>117</strong></span> 
     </span>
    </p>
   </div>
   <div class='ocr_carea' id='block_1_2' title="bbox 1088 391 2757 469">
    <p class='ocr_par' dir='ltr' id='par_1_2' title="bbox 1088 391 2757 469">
     <span class='ocr_line' id='line_1_2' title="bbox 1088 391 2757 469; baseline -0.008 -1"><span class='ocrx_word' id='word_1_2' title='bbox 1088 404 1190 469; x_wconf 91' lang='lat' dir='ltr'><strong>DE</strong></span> <span class='ocrx_word' id='word_1_3' title='bbox 1228 400 1804 465; x_wconf 77' lang='lat' dir='ltr'><strong>THESSALONICA</strong></span> <span class='ocrx_word' id='word_1_4' title='bbox 1831 396 2037 459; x_wconf 81' lang='lat' dir='ltr'>URBE</span> <span class='ocrx_word' id='word_1_5' title='bbox 2077 397 2119 454; x_wconf 77' lang='grc' dir='ltr'>Α</span> <span class='ocrx_word' id='word_1_6' title='bbox 2159 391 2466 454; x_wconf 79' lang='lat' dir='ltr'><strong>LATlNlS</strong></span> <span class='ocrx_word' id='word_1_7' title='bbox 2501 391 2757 454; x_wconf 83' lang='lat' dir='ltr'><strong>CAPTA.</strong></span> 
     </span>
    </p>
   </div>
   <div class='ocr_carea' id='block_1_3' title="bbox 3437 385 3538 451">
    <p class='ocr_par' dir='ltr' id='par_1_3' title="bbox 3437 385 3538 451">
     <span class='ocr_line' id='line_1_3' title="bbox 3437 385 3538 451; baseline 0.01 -1"><span class='ocrx_word' id='word_1_8' title='bbox 3437 385 3538 451; x_wconf 72' lang='grc'>118</span> 
     </span>
    </p>
   </div>
   <div class='ocr_carea' id='block_1_4' title="bbox 280 506 1875 594">
    <p class='ocr_par' dir='ltr' id='par_1_4' title="bbox 280 521 1856 594">
     <span class='ocr_line' id='line_1_4' title="bbox 280 521 1856 594; baseline -0.001 -19"><span class='ocrx_word' id='word_1_9' title='bbox 280 523 523 587; x_wconf 78' lang='grc' dir='ltr'>τοιοῦτος</span> <span class='ocrx_word' id='word_1_10' title='bbox 559 523 724 590; x_wconf 74' lang='grc' dir='ltr'>τότες</span> <span class='ocrx_word' id='word_1_11' title='bbox 767 525 856 578; x_wconf 83' lang='grc' dir='ltr'>ὅτε</span> <span class='ocrx_word' id='word_1_12' title='bbox 887 523 987 577; x_wconf 75' lang='grc' dir='ltr'>καὶ</span> <span class='ocrx_word' id='word_1_13' title='bbox 1018 524 1179 594; x_wconf 75' lang='grc' dir='ltr'>ἡμεῖς</span> <span class='ocrx_word' id='word_1_14' title='bbox 1211 522 1530 594; x_wconf 73' lang='grc' dir='ltr'><strong>ἐπάσχομεν</strong></span> <span class='ocrx_word' id='word_1_15' title='bbox 1565 521 1728 582; x_wconf 73' lang='grc' dir='ltr'>οὕτω,</span> <span class='ocrx_word' id='word_1_16' title='bbox 1760 536 1856 573; x_wconf 78' lang='grc' dir='ltr'>κα-</span> 
     </span>
    </p>
   </div>
   <div class='ocr_carea' id='block_1_5' title="bbox 1982 506 3538 594">
    <p class='ocr_par' dir='ltr' id='par_1_5' title="bbox 1982 506 3538 586">
     <span class='ocr_line' id='line_1_5' title="bbox 1982 506 3538 586; baseline -0.006 -16"><span class='ocrx_word' id='word_1_17' title='bbox 1982 514 2093 586; x_wconf 70' lang='grc' dir='ltr'>ιυὶε</span> <span class='ocrx_word' id='word_1_18' title='bbox 2153 528 2282 568; x_wconf 87' lang='lat' dir='ltr'><strong>vero</strong></span> <span class='ocrx_word' id='word_1_19' title='bbox 2335 513 2784 581; x_wconf 81' lang='lat' dir='ltr'><strong>concaptivormn</strong></span> <span class='ocrx_word' id='word_1_20' title='bbox 2839 507 2926 563; x_wconf 86' lang='lat' dir='ltr'><strong>via</strong></span> <span class='ocrx_word' id='word_1_21' title='bbox 2967 507 3178 576; x_wconf 87' lang='lat' dir='ltr'><strong>publica</strong></span> <span class='ocrx_word' id='word_1_22' title='bbox 3217 506 3383 577; x_wconf 80' lang='lat' dir='ltr'><strong>pedes</strong></span> <span class='ocrx_word' id='word_1_23' title='bbox 3416 521 3538 560; x_wconf 82' lang='lat' dir='ltr'><strong>ain-</strong></span> 
     </span>
    </p>
   </div>
   <div class='ocr_carea' id='block_1_6' title="bbox 281 612 1864 686">
    <p class='ocr_par' dir='ltr' id='par_1_6' title="bbox 281 612 1864 686">
     <span class='ocr_line' id='line_1_6' title="bbox 281 612 1864 686; baseline -0.004 -18"><span class='ocrx_word' id='word_1_24' title='bbox 281 614 543 678; x_wconf 81' lang='grc' dir='ltr'>τάκοποι,</span> <span class='ocrx_word' id='word_1_25' title='bbox 577 619 676 669; x_wconf 80' lang='grc' dir='ltr'>καὶ</span> <span class='ocrx_word' id='word_1_26' title='bbox 721 616 793 668; x_wconf 75' lang='grc' dir='ltr'>τὰ</span> <span class='ocrx_word' id='word_1_27' title='bbox 834 615 997 682; x_wconf 81' lang='grc' dir='ltr'><strong>σκέλη</strong></span> <span class='ocrx_word' id='word_1_28' title='bbox 1035 616 1367 686; x_wconf 83' lang='grc' dir='ltr'>παράφοροι,</span> <span class='ocrx_word' id='word_1_29' title='bbox 1399 617 1495 670; x_wconf 79' lang='grc' dir='ltr'>καὶ</span> <span class='ocrx_word' id='word_1_30' title='bbox 1520 612 1864 683; x_wconf 78' lang='grc' dir='ltr'>τεταραγμε·</span> 
     </span>
    </p>
   </div>
   <div class='ocr_carea' id='block_1_7' title="bbox 236 704 1866 778">
    <p class='ocr_par' dir='ltr' id='par_1_7' title="bbox 236 704 1866 778">
     <span class='ocr_line' id='line_1_7' title="bbox 236 704 1866 778; baseline -0.002 -18"><span class='ocrx_word' id='word_1_31' title='bbox 236 751 238 753; x_wconf 82' lang='lat'><strong>.</strong></span> <span class='ocrx_word' id='word_1_32' title='bbox 287 724 389 770; x_wconf 85' lang='grc' dir='ltr'>νοι,</span> <span class='ocrx_word' id='word_1_33' title='bbox 438 710 539 763; x_wconf 76' lang='grc' dir='ltr'>καὶ</span> <span class='ocrx_word' id='word_1_34' title='bbox 577 707 969 778; x_wconf 85' lang='grc' dir='ltr'>σεσαλευμένοι</span> <span class='ocrx_word' id='word_1_35' title='bbox 1009 707 1149 760; x_wconf 83' lang='grc' dir='ltr'>κατὰ</span> <span class='ocrx_word' id='word_1_36' title='bbox 1189 705 1544 776; x_wconf 85' lang='grc' dir='ltr'>μεθύοντας),</span> <span class='ocrx_word' id='word_1_37' title='bbox 1596 708 1645 758; x_wconf 86' lang='grc' dir='ltr'><strong>εί</strong></span> <span class='ocrx_word' id='word_1_38' title='bbox 1685 704 1866 758; x_wconf 87' lang='grc' dir='ltr'>τοίνυν</span> 
     </span>
    </p>
   </div>
   <div class='ocr_carea' id='block_1_8' title="bbox 291 797 1866 868">
    <p class='ocr_par' dir='ltr' id='par_1_8' title="bbox 291 797 1866 868">
     <span class='ocr_line' id='line_1_8' title="bbox 291 797 1866 868; baseline -0.003 -17"><span class='ocrx_word' id='word_1_39' title='bbox 291 799 430 851; x_wconf 72' lang='grc' dir='ltr'>οὕτω</span> <span class='ocrx_word' id='word_1_40' title='bbox 457 817 543 861; x_wconf 88' lang='grc' dir='ltr'><strong>τις</strong></span> <span class='ocrx_word' id='word_1_41' title='bbox 585 801 719 868; x_wconf 79' lang='grc' dir='ltr'>περὶ</span> <span class='ocrx_word' id='word_1_42' title='bbox 762 799 1038 852; x_wconf 78' lang='grc' dir='ltr'>στενωπὸν</span> <span class='ocrx_word' id='word_1_43' title='bbox 1069 797 1266 862; x_wconf 84' lang='grc' dir='ltr'>ὁδεύοι,</span> <span class='ocrx_word' id='word_1_44' title='bbox 1310 800 1405 852; x_wconf 70' lang='grc' dir='ltr'>καὶ</span> <span class='ocrx_word' id='word_1_45' title='bbox 1448 798 1602 868; x_wconf 86' lang='grc' dir='ltr'><strong>τύχοι</strong></span> <span class='ocrx_word' id='word_1_46' title='bbox 1638 799 1866 850; x_wconf 82' lang='grc' dir='ltr'>Λατῖνον</span> 
     </span>
    </p>
   </div>
   <div class='ocr_carea' id='block_1_9' title="bbox 295 890 1868 959">
    <p class='ocr_par' dir='ltr' id='par_1_9' title="bbox 295 890 1868 959">
     <span class='ocr_line' id='line_1_9' title="bbox 295 890 1868 959; baseline 0 -17"><span class='ocrx_word' id='word_1_47' title='bbox 295 891 640 959; x_wconf 75' lang='grc' dir='ltr'><strong>παρέχεσθαι</strong></span> <span class='ocrx_word' id='word_1_48' title='bbox 683 893 947 958; x_wconf 76' lang='grc' dir='ltr'>ἔφιππον,</span> <span class='ocrx_word' id='word_1_49' title='bbox 1004 891 1103 943; x_wconf 86' lang='grc' dir='ltr'>οὑκ</span> <span class='ocrx_word' id='word_1_50' title='bbox 1154 891 1220 944; x_wconf 82' lang='grc' dir='ltr'>ἂν</span> <span class='ocrx_word' id='word_1_51' title='bbox 1255 892 1462 954; x_wconf 83' lang='grc' dir='ltr'>ἐκεῖνος</span> <span class='ocrx_word' id='word_1_52' title='bbox 1490 890 1738 958; x_wconf 80' lang='grc' dir='ltr'><strong>φείσαιτο</strong></span> <span class='ocrx_word' id='word_1_53' title='bbox 1771 905 1868 942; x_wconf 85' lang='grc' dir='ltr'>κα-</span> 
     </span>
    </p>
   </div>
   <div class='ocr_carea' id='block_1_10' title="bbox 291 978 1866 1049">
    <p class='ocr_par' dir='ltr' id='par_1_10' title="bbox 291 978 1866 1049">
     <span class='ocr_line' id='line_1_10' title="bbox 291 978 1866 1049; baseline 0.001 -19"><span class='ocrx_word' id='word_1_54' title='bbox 291 981 612 1044; x_wconf 73' lang='grc' dir='ltr'>ταπατῆσαι</span> <span class='ocrx_word' id='word_1_55' title='bbox 654 981 753 1034; x_wconf 75' lang='grc' dir='ltr'><strong>καὶ</strong></span> <span class='ocrx_word' id='word_1_56' title='bbox 785 980 1073 1049; x_wconf 78' lang='grc' dir='ltr'>συντρίψαι</span> <span class='ocrx_word' id='word_1_57' title='bbox 1101 979 1190 1032; x_wconf 76' lang='grc' dir='ltr'>τὸν</span> <span class='ocrx_word' id='word_1_58' title='bbox 1217 979 1523 1049; x_wconf 81' lang='grc' dir='ltr'>ἄνθρωπον,</span> <span class='ocrx_word' id='word_1_59' title='bbox 1571 978 1866 1048; x_wconf 75' lang='grc' dir='ltr'><strong>κεντρίζων</strong></span> 
     </span>
    </p>
   </div>
   <div class='ocr_carea' id='block_1_11' title="bbox 291 1069 1868 1141">
    <p class='ocr_par' dir='ltr' id='par_1_11' title="bbox 291 1069 1868 1141">
     <span class='ocr_line' id='line_1_11' title="bbox 291 1069 1868 1141; baseline -0.001 -17"><span class='ocrx_word' id='word_1_60' title='bbox 291 1073 379 1124; x_wconf 51' lang='grc' dir='ltr'>τῖον</span> <span class='ocrx_word' id='word_1_61' title='bbox 412 1072 589 1124; x_wconf 72' lang='grc' dir='ltr'>ἵππον</span> <span class='ocrx_word' id='word_1_62' title='bbox 634 1073 718 1136; x_wconf 75' lang='grc' dir='ltr'><strong>εἰς</strong></span> <span class='ocrx_word' id='word_1_63' title='bbox 751 1071 1197 1141; x_wconf 85' lang='grc' dir='ltr'>κατασκίρτημα.</span> <span class='ocrx_word' id='word_1_64' title='bbox 1231 1070 1418 1133; x_wconf 75' lang='grc' dir='ltr'>Οὕτως</span> <span class='ocrx_word' id='word_1_65' title='bbox 1469 1070 1688 1139; x_wconf 76' lang='grc' dir='ltr'><strong>ἐφίλουν</strong></span> <span class='ocrx_word' id='word_1_66' title='bbox 1719 1069 1868 1138; x_wconf 77' lang='grc' dir='ltr'>ἡμᾶς</span> 
     </span>
    </p>
   </div>
   <div class='ocr_carea' id='block_1_12' title="bbox 287 1163 1867 1235">
    <p class='ocr_par' dir='ltr' id='par_1_12' title="bbox 287 1163 1867 1235">
     <span class='ocr_line' id='line_1_12' title="bbox 287 1163 1867 1235; baseline -0.001 -19"><span class='ocrx_word' id='word_1_67' title='bbox 287 1165 336 1216; x_wconf 84' lang='grc' dir='ltr'><strong>οί</strong></span> <span class='ocrx_word' id='word_1_68' title='bbox 365 1164 674 1234; x_wconf 81' lang='grc' dir='ltr'>ἄνθρωποι,</span> <span class='ocrx_word' id='word_1_69' title='bbox 722 1165 894 1235; x_wconf 77' lang='grc' dir='ltr'>συχνὰ</span> <span class='ocrx_word' id='word_1_70' title='bbox 953 1164 1093 1234; x_wconf 76' lang='grc' dir='ltr'>πρὸς</span> <span class='ocrx_word' id='word_1_71' title='bbox 1153 1165 1334 1217; x_wconf 83' lang='grc' dir='ltr'>πάντα</span> <span class='ocrx_word' id='word_1_72' title='bbox 1383 1163 1541 1232; x_wconf 79' lang='grc' dir='ltr'>λόγον</span> <span class='ocrx_word' id='word_1_73' title='bbox 1583 1163 1678 1217; x_wconf 77' lang='grc' dir='ltr'>καὶ</span> <span class='ocrx_word' id='word_1_74' title='bbox 1732 1164 1867 1234; x_wconf 81' lang='grc' dir='ltr'>πρὸς</span> 
     </span>
    </p>
   </div>
   <div class='ocr_carea' id='block_1_13' title="bbox 289 1254 1869 1327">
    <p class='ocr_par' dir='ltr' id='par_1_13' title="bbox 289 1254 1869 1327">
     <span class='ocr_line' id='line_1_13' title="bbox 289 1254 1869 1327; baseline -0.001 -19"><span class='ocrx_word' id='word_1_75' title='bbox 289 1257 398 1309; x_wconf 71' lang='grc' dir='ltr'>πᾶν</span> <span class='ocrx_word' id='word_1_76' title='bbox 442 1257 614 1326; x_wconf 74' lang='grc' dir='ltr'>ἔργον</span> <span class='ocrx_word' id='word_1_77' title='bbox 650 1258 1035 1327; x_wconf 80' lang='grc' dir='ltr'><strong>προϊσχόμενοι</strong></span> <span class='ocrx_word' id='word_1_78' title='bbox 1067 1258 1145 1319; x_wconf 88' lang='grc' dir='ltr'><strong>είς</strong></span> <span class='ocrx_word' id='word_1_79' title='bbox 1170 1257 1452 1309; x_wconf 82' lang='grc' dir='ltr'><strong>δικαίωσιν</strong></span> <span class='ocrx_word' id='word_1_80' title='bbox 1485 1254 1576 1308; x_wconf 78' lang='grc' dir='ltr'>τοῦ</span> <span class='ocrx_word' id='word_1_81' title='bbox 1630 1272 1869 1322; x_wconf 82' lang='grc' dir='ltr'>κακουρ-</span> 
     </span>
    </p>
   </div>
   <div class='ocr_carea' id='block_1_14' title="bbox 287 1345 1868 1419">
    <p class='ocr_par' dir='ltr' id='par_1_14' title="bbox 287 1345 1868 1419">
     <span class='ocr_line' id='line_1_14' title="bbox 287 1345 1868 1419; baseline 0 -20"><span class='ocrx_word' id='word_1_82' title='bbox 287 1351 405 1414; x_wconf 81' lang='grc' dir='ltr'>γεῖν</span> <span class='ocrx_word' id='word_1_83' title='bbox 456 1351 522 1400; x_wconf 84' lang='grc' dir='ltr'>τὸ</span> <span class='ocrx_word' id='word_1_84' title='bbox 573 1349 686 1402; x_wconf 83' lang='grc' dir='ltr'><strong>ἀπὸ</strong></span> <span class='ocrx_word' id='word_1_85' title='bbox 724 1349 938 1417; x_wconf 83' lang='grc' dir='ltr'>σπάθης</span> <span class='ocrx_word' id='word_1_86' title='bbox 987 1350 1137 1419; x_wconf 74' lang='grc' dir='ltr'>ἡμᾶς</span> <span class='ocrx_word' id='word_1_87' title='bbox 1189 1347 1355 1399; x_wconf 79' lang='grc' dir='ltr'>ἑλεῖν·</span> <span class='ocrx_word' id='word_1_88' title='bbox 1409 1347 1510 1399; x_wconf 84' lang='grc' dir='ltr'>οὐκ</span> <span class='ocrx_word' id='word_1_89' title='bbox 1545 1345 1868 1416; x_wconf 82' lang='grc' dir='ltr'>ἀνθρώπινα</span> 
     </span>
    </p>
   </div>
   <div class='ocr_carea' id='block_1_15' title="bbox 288 1435 1871 1506">
    <p class='ocr_par' dir='ltr' id='par_1_15' title="bbox 288 1435 1871 1506">
     <span class='ocr_line' id='line_1_15' title="bbox 288 1435 1871 1506; baseline -0.001 -17"><span class='ocrx_word' id='word_1_90' title='bbox 288 1436 606 1499; x_wconf 79' lang='grc' dir='ltr'>λαλοῦντες,</span> <span class='ocrx_word' id='word_1_91' title='bbox 637 1439 754 1490; x_wconf 84' lang='grc' dir='ltr'>ἀλλ’</span> <span class='ocrx_word' id='word_1_92' title='bbox 799 1438 933 1490; x_wconf 79' lang='grc' dir='ltr'>ὡσεὶ</span> <span class='ocrx_word' id='word_1_93' title='bbox 965 1439 1057 1490; x_wconf 82' lang='grc' dir='ltr'>καὶ</span> <span class='ocrx_word' id='word_1_94' title='bbox 1107 1437 1244 1491; x_wconf 89' lang='grc' dir='ltr'>λέων</span> <span class='ocrx_word' id='word_1_95' title='bbox 1292 1437 1469 1506; x_wconf 79' lang='grc' dir='ltr'>ἄγραν</span> <span class='ocrx_word' id='word_1_96' title='bbox 1514 1435 1649 1488; x_wconf 86' lang='grc' dir='ltr'>ἐλὼν</span> <span class='ocrx_word' id='word_1_97' title='bbox 1697 1435 1871 1488; x_wconf 78' lang='grc' dir='ltr'>ἐθέλει</span> 
     </span>
    </p>
   </div>
   <div class='ocr_carea' id='block_1_16' title="bbox 288 1524 1870 1598">
    <p class='ocr_par' dir='ltr' id='par_1_16' title="bbox 288 1524 1870 1598">
     <span class='ocr_line' id='line_1_16' title="bbox 288 1524 1870 1598; baseline -0.003 -18"><span class='ocrx_word' id='word_1_98' title='bbox 288 1527 530 1598; x_wconf 76' lang='grc' dir='ltr'>διασπᾷν</span> <span class='ocrx_word' id='word_1_99' title='bbox 562 1527 760 1597; x_wconf 81' lang='grc' dir='ltr'>αὐτὴν,</span> <span class='ocrx_word' id='word_1_100' title='bbox 793 1527 892 1596; x_wconf 83' lang='grc' dir='ltr'>οὐχ</span> <span class='ocrx_word' id='word_1_101' title='bbox 933 1528 1016 1578; x_wconf 78' lang='grc' dir='ltr'>ὅτι</span> <span class='ocrx_word' id='word_1_102' title='bbox 1038 1526 1248 1596; x_wconf 84' lang='grc' dir='ltr'>πεινῲη</span> <span class='ocrx_word' id='word_1_103' title='bbox 1283 1527 1380 1578; x_wconf 72' lang='grc' dir='ltr'>καὶ</span> <span class='ocrx_word' id='word_1_104' title='bbox 1408 1524 1602 1593; x_wconf 81' lang='grc' dir='ltr'>ποθοίη</span> <span class='ocrx_word' id='word_1_105' title='bbox 1636 1524 1870 1594; x_wconf 77' lang='grc' dir='ltr'><strong>σάρκας,</strong></span> 
     </span>
    </p>
   </div>
   <div class='ocr_carea' id='block_1_17' title="bbox 287 1610 1874 1687">
    <p class='ocr_par' dir='ltr' id='par_1_17' title="bbox 287 1610 1874 1687">
     <span class='ocr_line' id='line_1_17' title="bbox 287 1610 1874 1687; baseline -0.003 -15"><span class='ocrx_word' id='word_1_106' title='bbox 287 1618 422 1672; x_wconf 75' lang='grc' dir='ltr'>ἀλλὰ</span> <span class='ocrx_word' id='word_1_107' title='bbox 454 1618 656 1687; x_wconf 84' lang='grc' dir='ltr'>δικαίῳ</span> <span class='ocrx_word' id='word_1_108' title='bbox 708 1617 804 1670; x_wconf 78' lang='grc' dir='ltr'>τοῦ</span> <span class='ocrx_word' id='word_1_109' title='bbox 843 1619 1066 1685; x_wconf 83' lang='grc' dir='ltr'>συσχεῖν</span> <span class='ocrx_word' id='word_1_110' title='bbox 1114 1616 1282 1684; x_wconf 82' lang='grc' dir='ltr'>αὐτὴν</span> <span class='ocrx_word' id='word_1_111' title='bbox 1311 1615 1512 1680; x_wconf 75' lang='grc' dir='ltr'>ὄνυξιν.</span> <span class='ocrx_word' id='word_1_112' title='bbox 1546 1616 1660 1668; x_wconf 84' lang='grc' dir='ltr'><strong>Οὐκ</strong></span> <span class='ocrx_word' id='word_1_113' title='bbox 1683 1610 1753 1686; x_wconf 76' lang='grc' dir='ltr'>ἦν</span> <span class='ocrx_word' id='word_1_114' title='bbox 1781 1616 1874 1668; x_wconf 72' lang='grc' dir='ltr'>ἐπὶ</span> 
     </span>
    </p>
   </div>
   <div class='ocr_carea' id='block_1_18' title="bbox 285 1705 1872 1778">
    <p class='ocr_par' dir='ltr' id='par_1_18' title="bbox 285 1705 1872 1778">
     <span class='ocr_line' id='line_1_18' title="bbox 285 1705 1872 1778; baseline -0.001 -16"><span class='ocrx_word' id='word_1_115' title='bbox 285 1710 502 1772; x_wconf 84' lang='grc' dir='ltr'>τούτοις</span> <span class='ocrx_word' id='word_1_116' title='bbox 554 1710 681 1763; x_wconf 74' lang='grc' dir='ltr'>οὐδὲ</span> <span class='ocrx_word' id='word_1_117' title='bbox 737 1710 1058 1764; x_wconf 82' lang='grc' dir='ltr'>ύποστένειν</span> <span class='ocrx_word' id='word_1_118' title='bbox 1099 1709 1282 1778; x_wconf 79' lang='grc' dir='ltr'>ἡμᾶς,</span> <span class='ocrx_word' id='word_1_119' title='bbox 1333 1705 1532 1760; x_wconf 81' lang='grc' dir='ltr'>ούκουν</span> <span class='ocrx_word' id='word_1_120' title='bbox 1586 1706 1708 1760; x_wconf 76' lang='grc' dir='ltr'>οὐδὲ</span> <span class='ocrx_word' id='word_1_121' title='bbox 1750 1707 1872 1760; x_wconf 81' lang='grc' dir='ltr'>κατ’</span> 
     </span>
    </p>
   </div>
   <div class='ocr_carea' id='block_1_19' title="bbox 286 1799 1870 1872">
    <p class='ocr_par' dir='ltr' id='par_1_19' title="bbox 286 1799 1870 1872">
     <span class='ocr_line' id='line_1_19' title="bbox 286 1799 1870 1872; baseline -0.001 -18"><span class='ocrx_word' id='word_1_122' title='bbox 286 1803 408 1870; x_wconf 56' lang='grc' dir='ltr'>ἆᾲιν</span> <span class='ocrx_word' id='word_1_123' title='bbox 445 1802 893 1872; x_wconf 79' lang='grc' dir='ltr'>σκυθρωπάζειν,</span> <span class='ocrx_word' id='word_1_124' title='bbox 923 1800 960 1855; x_wconf 76' lang='grc' dir='ltr'>ἃ.</span> <span class='ocrx_word' id='word_1_125' title='bbox 991 1801 1056 1871; x_wconf 78' lang='grc' dir='ltr'>δὴ</span> <span class='ocrx_word' id='word_1_126' title='bbox 1086 1802 1201 1860; x_wconf 81' lang='grc' dir='ltr'>τοῖς</span> <span class='ocrx_word' id='word_1_127' title='bbox 1223 1801 1280 1853; x_wconf 82' lang='grc' dir='ltr'>ἐν</span> <span class='ocrx_word' id='word_1_128' title='bbox 1305 1799 1536 1853; x_wconf 82' lang='grc' dir='ltr'><strong>κλύδωνι</strong></span> <span class='ocrx_word' id='word_1_129' title='bbox 1571 1800 1870 1869; x_wconf 82' lang='grc' dir='ltr'>συμφορῶν</span> 
     </span>
    </p>
   </div>
   <div class='ocr_carea' id='block_1_20' title="bbox 1967 599 3540 678">
    <p class='ocr_par' dir='ltr' id='par_1_20' title="bbox 1967 599 3540 678">
     <span class='ocr_line' id='line_1_20' title="bbox 1967 599 3540 678; baseline -0.007 -15"><span class='ocrx_word' id='word_1_130' title='bbox 1967 608 2182 664; x_wconf 89' lang='lat' dir='ltr'><strong>bularet</strong></span> <span class='ocrx_word' id='word_1_131' title='bbox 2213 606 2359 678; x_wconf 85' lang='lat' dir='ltr'><strong>(quis</strong></span> <span class='ocrx_word' id='word_1_132' title='bbox 2413 613 2543 659; x_wconf 89' lang='lat' dir='ltr'><strong>tunc</strong></span> <span class='ocrx_word' id='word_1_133' title='bbox 2585 617 2695 658; x_wconf 91' lang='lat' dir='ltr'><strong>non</strong></span> <span class='ocrx_word' id='word_1_134' title='bbox 2748 602 2828 656; x_wconf 88' lang='lat' dir='ltr'><strong>ita</strong></span> <span class='ocrx_word' id='word_1_135' title='bbox 2875 599 3225 656; x_wconf 88' lang='lat' dir='ltr'><strong>ambulabat?</strong></span> <span class='ocrx_word' id='word_1_136' title='bbox 3255 614 3380 653; x_wconf 88' lang='lat' dir='ltr'><strong>cum</strong></span> <span class='ocrx_word' id='word_1_137' title='bbox 3439 611 3540 653; x_wconf 84' lang='lat' dir='ltr'><strong>nos</strong></span> 
     </span>
    </p>
   </div>
   <div class='ocr_carea' id='block_1_21' title="bbox 1968 692 3636 769">
    <p class='ocr_par' dir='ltr' id='par_1_21' title="bbox 1968 692 3636 769">
     <span class='ocr_line' id='line_1_21' title="bbox 1968 692 3636 769; baseline -0.007 -11"><span class='ocrx_word' id='word_1_138' title='bbox 1968 703 2074 769; x_wconf 87' lang='lat' dir='ltr'><strong>ipsi</strong></span> <span class='ocrx_word' id='word_1_139' title='bbox 2117 703 2220 756; x_wconf 92' lang='lat' dir='ltr'><strong>hoc</strong></span> <span class='ocrx_word' id='word_1_140' title='bbox 2277 699 2702 760; x_wconf 85' lang='lat' dir='ltr'><strong>sustineremus,</strong></span> <span class='ocrx_word' id='word_1_141' title='bbox 2761 696 2918 760; x_wconf 82' lang='lat' dir='ltr'><strong>fessi,</strong></span> <span class='ocrx_word' id='word_1_142' title='bbox 2973 695 3233 749; x_wconf 90' lang='lat' dir='ltr'><strong>cruribus</strong></span> <span class='ocrx_word' id='word_1_143' title='bbox 3285 692 3535 758; x_wconf 63' lang='lat' dir='ltr'><strong>incertis,-</strong></span> <span class='ocrx_word' id='word_1_144' title='bbox 3631 751 3636 754; x_wconf 96' lang='lat'><em>_</em></span> 
     </span>
    </p>
   </div>
   <div class='ocr_carea' id='block_1_22' title="bbox 1971 785 3543 860">
    <p class='ocr_par' dir='ltr' id='par_1_22' title="bbox 1971 785 3543 860">
     <span class='ocr_line' id='line_1_22' title="bbox 1971 785 3543 860; baseline -0.007 -12"><span class='ocrx_word' id='word_1_145' title='bbox 1971 794 2177 849; x_wconf 87' lang='lat' dir='ltr'><strong>turbati</strong></span> <span class='ocrx_word' id='word_1_146' title='bbox 2249 794 2668 860; x_wconf 84' lang='lat' dir='ltr'><strong>titubantcsque</strong></span> <span class='ocrx_word' id='word_1_147' title='bbox 2726 789 2874 844; x_wconf 85' lang='lat' dir='ltr'><strong>sicut</strong></span> <span class='ocrx_word' id='word_1_148' title='bbox 2947 787 3130 857; x_wconf 82' lang='lat' dir='ltr'><strong>ebrii),</strong></span> <span class='ocrx_word' id='word_1_149' title='bbox 3187 786 3232 840; x_wconf 88' lang='lat' dir='ltr'><strong>si</strong></span> <span class='ocrx_word' id='word_1_150' title='bbox 3289 798 3424 853; x_wconf 80' lang='lat' dir='ltr'><strong>ergo</strong></span> <span class='ocrx_word' id='word_1_151' title='bbox 3461 785 3543 838; x_wconf 89' lang='lat' dir='ltr'><strong>sic</strong></span> 
     </span>
    </p>
   </div>
   <div class='ocr_carea' id='block_1_23' title="bbox 1969 875 3543 954">
    <p class='ocr_par' dir='ltr' id='par_1_23' title="bbox 1969 875 3543 954">
     <span class='ocr_line' id='line_1_23' title="bbox 1969 875 3543 954; baseline -0.008 -14"><span class='ocrx_word' id='word_1_152' title='bbox 1969 885 2164 954; x_wconf 84' lang='lat' dir='ltr'><strong>aliquis</strong></span> <span class='ocrx_word' id='word_1_153' title='bbox 2194 885 2280 938; x_wconf 95' lang='lat' dir='ltr'><strong>via</strong></span> <span class='ocrx_word' id='word_1_154' title='bbox 2308 893 2461 938; x_wconf 89' lang='lat' dir='ltr'><strong>arcta</strong></span> <span class='ocrx_word' id='word_1_155' title='bbox 2502 883 2606 936; x_wconf 89' lang='lat' dir='ltr'><strong>iter</strong></span> <span class='ocrx_word' id='word_1_156' title='bbox 2634 883 2841 936; x_wconf 80' lang='lat' dir='ltr'><strong>faceret</strong></span> <span class='ocrx_word' id='word_1_157' title='bbox 2871 886 3299 948; x_wconf 88' lang='lat' dir='ltr'><strong>occurreretque</strong></span> <span class='ocrx_word' id='word_1_158' title='bbox 3343 875 3543 929; x_wconf 84' lang='lat' dir='ltr'><strong>Latino</strong></span> 
     </span>
    </p>
   </div>
   <div class='ocr_carea' id='block_1_24' title="bbox 1969 968 3546 1046">
    <p class='ocr_par' dir='ltr' id='par_1_24' title="bbox 1969 968 3546 1046">
     <span class='ocr_line' id='line_1_24' title="bbox 1969 968 3546 1046; baseline -0.004 -16"><span class='ocrx_word' id='word_1_159' title='bbox 1969 980 2024 1030; x_wconf 86' lang='lat' dir='ltr'><strong>in</strong></span> <span class='ocrx_word' id='word_1_160' title='bbox 2096 991 2241 1046; x_wconf 89' lang='lat' dir='ltr'><strong>equo</strong></span> <span class='ocrx_word' id='word_1_161' title='bbox 2295 975 2530 1040; x_wconf 85' lang='lat' dir='ltr'><strong>sedenti,</strong></span> <span class='ocrx_word' id='word_1_162' title='bbox 2579 975 2666 1028; x_wconf 91' lang='lat' dir='ltr'><strong>hic</strong></span> <span class='ocrx_word' id='word_1_163' title='bbox 2733 986 2839 1027; x_wconf 92' lang='lat' dir='ltr'><strong>non</strong></span> <span class='ocrx_word' id='word_1_164' title='bbox 2879 971 3167 1026; x_wconf 77' lang='lat' dir='ltr'><strong>dubitabat</strong></span> <span class='ocrx_word' id='word_1_165' title='bbox 3218 968 3546 1024; x_wconf 70' lang='lat' dir='ltr'><strong>conculcare</strong></span> 
     </span>
    </p>
   </div>
   <div class='ocr_carea' id='block_1_25' title="bbox 1969 1061 3543 1138">
    <p class='ocr_par' dir='ltr' id='par_1_25' title="bbox 1969 1061 3543 1138">
     <span class='ocr_line' id='line_1_25' title="bbox 1969 1061 3543 1138; baseline -0.008 -14"><span class='ocrx_word' id='word_1_166' title='bbox 1969 1069 2242 1138; x_wconf 90' lang='lat' dir='ltr'><strong>illumque</strong></span> <span class='ocrx_word' id='word_1_167' title='bbox 2281 1067 2511 1132; x_wconf 87' lang='lat' dir='ltr'><strong>elidere,</strong></span> <span class='ocrx_word' id='word_1_168' title='bbox 2550 1081 2749 1135; x_wconf 88' lang='lat' dir='ltr'><strong>equum</strong></span> <span class='ocrx_word' id='word_1_169' title='bbox 2784 1064 3121 1120; x_wconf 81' lang='lat' dir='ltr'><strong>stimulando</strong></span> <span class='ocrx_word' id='word_1_170' title='bbox 3151 1070 3210 1116; x_wconf 92' lang='lat' dir='ltr'><strong>ut</strong></span> <span class='ocrx_word' id='word_1_171' title='bbox 3239 1061 3543 1118; x_wconf 87' lang='lat' dir='ltr'><strong>subsiliret.</strong></span> 
     </span>
    </p>
   </div>
   <div class='ocr_carea' id='block_1_26' title="bbox 1974 1155 3602 1230">
    <p class='ocr_par' dir='ltr' id='par_1_26' title="bbox 1974 1155 3602 1230">
     <span class='ocr_line' id='line_1_26' title="bbox 1974 1155 3602 1230; baseline -0.006 -16"><span class='ocrx_word' id='word_1_172' title='bbox 1974 1160 2240 1214; x_wconf 74' lang='lat' dir='ltr'><strong>llot&#39;nines</strong></span> <span class='ocrx_word' id='word_1_173' title='bbox 2289 1159 2606 1214; x_wconf 84' lang='lat' dir='ltr'><strong>istiusmodi</strong></span> <span class='ocrx_word' id='word_1_174' title='bbox 2663 1158 2736 1212; x_wconf 87' lang='lat' dir='ltr'><strong>ita</strong></span> <span class='ocrx_word' id='word_1_175' title='bbox 2795 1173 2898 1212; x_wconf 92' lang='lat' dir='ltr'><strong>nos</strong></span> <span class='ocrx_word' id='word_1_176' title='bbox 2929 1155 3229 1226; x_wconf 78' lang='lat' dir='ltr'><strong>diligebant</strong></span> <span class='ocrx_word' id='word_1_177' title='bbox 3263 1155 3402 1207; x_wconf 83' lang='lat' dir='ltr'><strong>utin</strong></span> <span class='ocrx_word' id='word_1_178' title='bbox 3425 1167 3545 1208; x_wconf 68' lang='lat' dir='ltr'><strong>vero</strong></span> <span class='ocrx_word' id='word_1_179' title='bbox 3595 1226 3602 1230; x_wconf 27' lang='lat'><em>&#39;</em></span> 
     </span>
    </p>
   </div>
   <div class='ocr_carea' id='block_1_27' title="bbox 1970 1244 3544 1316">
    <p class='ocr_par' dir='ltr' id='par_1_27' title="bbox 1970 1244 3544 1316">
     <span class='ocr_line' id='line_1_27' title="bbox 1970 1244 3544 1316; baseline -0.004 -14"><span class='ocrx_word' id='word_1_180' title='bbox 1970 1247 2058 1302; x_wconf 86' lang='lat' dir='ltr'><strong>bis</strong></span> <span class='ocrx_word' id='word_1_181' title='bbox 2091 1255 2186 1301; x_wconf 91' lang='lat' dir='ltr'><strong>aut</strong></span> <span class='ocrx_word' id='word_1_182' title='bbox 2219 1246 2378 1301; x_wconf 79' lang='lat' dir='ltr'><strong>factis</strong></span> <span class='ocrx_word' id='word_1_183' title='bbox 2411 1261 2508 1316; x_wconf 89' lang='lat' dir='ltr'><strong>pro</strong></span> <span class='ocrx_word' id='word_1_184' title='bbox 2541 1246 2900 1302; x_wconf 83' lang='lat' dir='ltr'><strong>excusatione</strong></span> <span class='ocrx_word' id='word_1_185' title='bbox 2927 1245 3111 1300; x_wconf 85' lang='lat' dir='ltr'><strong>delicti</strong></span> <span class='ocrx_word' id='word_1_186' title='bbox 3142 1244 3399 1298; x_wconf 81' lang='lat' dir='ltr'><strong>dicebant</strong></span> <span class='ocrx_word' id='word_1_187' title='bbox 3442 1257 3544 1296; x_wconf 87' lang='lat' dir='ltr'><strong>nos</strong></span> 
     </span>
    </p>
   </div>
   <div class='ocr_carea' id='block_1_28' title="bbox 1973 1336 3542 1408">
    <p class='ocr_par' dir='ltr' id='par_1_28' title="bbox 1973 1336 3542 1408">
     <span class='ocr_line' id='line_1_28' title="bbox 1973 1336 3542 1408; baseline -0.003 -14"><span class='ocrx_word' id='word_1_188' title='bbox 1973 1342 2086 1394; x_wconf 89' lang='lat' dir='ltr'><strong>sica</strong></span> <span class='ocrx_word' id='word_1_189' title='bbox 2138 1339 2380 1404; x_wconf 81' lang='lat' dir='ltr'><strong>feriisse,</strong></span> <span class='ocrx_word' id='word_1_190' title='bbox 2419 1355 2525 1394; x_wconf 92' lang='lat' dir='ltr'><strong>non</strong></span> <span class='ocrx_word' id='word_1_191' title='bbox 2571 1339 2684 1408; x_wconf 88' lang='lat' dir='ltr'><strong>jam</strong></span> <span class='ocrx_word' id='word_1_192' title='bbox 2717 1353 2866 1393; x_wconf 91' lang='lat' dir='ltr'><strong>more</strong></span> <span class='ocrx_word' id='word_1_193' title='bbox 2911 1337 3191 1391; x_wconf 88' lang='lat' dir='ltr'><strong>hominum</strong></span> <span class='ocrx_word' id='word_1_194' title='bbox 3231 1336 3542 1405; x_wconf 88' lang='lat' dir='ltr'><strong>loquentes,</strong></span> 
     </span>
    </p>
   </div>
   <div class='ocr_carea' id='block_1_29' title="bbox 1973 1429 3540 1503">
    <p class='ocr_par' dir='ltr' id='par_1_29' title="bbox 1973 1429 3540 1503">
     <span class='ocr_line' id='line_1_29' title="bbox 1973 1429 3540 1503; baseline -0.003 -16"><span class='ocrx_word' id='word_1_195' title='bbox 1973 1431 2068 1487; x_wconf 67' lang='grc' dir='ltr'><strong>δυο</strong></span> <span class='ocrx_word' id='word_1_196' title='bbox 2093 1433 2238 1488; x_wconf 88' lang='lat' dir='ltr'><strong>sicut</strong></span> <span class='ocrx_word' id='word_1_197' title='bbox 2256 1432 2363 1499; x_wconf 90' lang='lat' dir='ltr'><strong>leo,</strong></span> <span class='ocrx_word' id='word_1_198' title='bbox 2401 1432 2519 1503; x_wconf 90' lang='lat' dir='ltr'><strong>qui,</strong></span> <span class='ocrx_word' id='word_1_199' title='bbox 2544 1441 2704 1502; x_wconf 88' lang='lat' dir='ltr'><strong>capta</strong></span> <span class='ocrx_word' id='word_1_200' title='bbox 2726 1432 2932 1501; x_wconf 61' lang='lat' dir='ltr'><strong>praeda,</strong></span> <span class='ocrx_word' id='word_1_201' title='bbox 2964 1446 3084 1487; x_wconf 90' lang='lat' dir='ltr'><strong>eam</strong></span> <span class='ocrx_word' id='word_1_202' title='bbox 3113 1429 3379 1485; x_wconf 88' lang='lat' dir='ltr'><strong>dilaniare</strong></span> <span class='ocrx_word' id='word_1_203' title='bbox 3405 1429 3540 1490; x_wconf 83' lang='lat' dir='ltr'><strong>vult.</strong></span> 
     </span>
    </p>
   </div>
   <div class='ocr_carea' id='block_1_30' title="bbox 1973 1521 3544 1594">
    <p class='ocr_par' dir='ltr' id='par_1_30' title="bbox 1973 1521 3544 1594">
     <span class='ocr_line' id='line_1_30' title="bbox 1973 1521 3544 1594; baseline 0 -17"><span class='ocrx_word' id='word_1_204' title='bbox 1973 1538 2081 1578; x_wconf 90' lang='lat' dir='ltr'><strong>non</strong></span> <span class='ocrx_word' id='word_1_205' title='bbox 2121 1539 2186 1579; x_wconf 93' lang='lat' dir='ltr'><strong>eo</strong></span> <span class='ocrx_word' id='word_1_206' title='bbox 2225 1525 2374 1594; x_wconf 89' lang='lat' dir='ltr'><strong>quod</strong></span> <span class='ocrx_word' id='word_1_207' title='bbox 2406 1527 2614 1579; x_wconf 86' lang='lat' dir='ltr'><strong>esuriat</strong></span> <span class='ocrx_word' id='word_1_208' title='bbox 2665 1527 2752 1578; x_wconf 88' lang='lat' dir='ltr'><strong>vel</strong></span> <span class='ocrx_word' id='word_1_209' title='bbox 2790 1535 3010 1594; x_wconf 88' lang='lat' dir='ltr'><strong>appetat</strong></span> <span class='ocrx_word' id='word_1_210' title='bbox 3046 1538 3294 1587; x_wconf 90' lang='lat' dir='ltr'><strong>carnem,</strong></span> <span class='ocrx_word' id='word_1_211' title='bbox 3326 1521 3424 1578; x_wconf 90' lang='lat' dir='ltr'><strong>sed</strong></span> <span class='ocrx_word' id='word_1_212' title='bbox 3483 1532 3544 1577; x_wconf 88' lang='lat' dir='ltr'><strong>ut</strong></span> 
     </span>
    </p>
   </div>
   <div class='ocr_carea' id='block_1_31' title="bbox 1971 1611 3540 1682">
    <p class='ocr_par' dir='ltr' id='par_1_31' title="bbox 1971 1611 3540 1682">
     <span class='ocr_line' id='line_1_31' title="bbox 1971 1611 3540 1682; baseline 0.002 -19"><span class='ocrx_word' id='word_1_213' title='bbox 1971 1624 2095 1664; x_wconf 87' lang='lat' dir='ltr'><strong>eam</strong></span> <span class='ocrx_word' id='word_1_214' title='bbox 2129 1611 2410 1682; x_wconf 80' lang='lat' dir='ltr'><strong>unguibus</strong></span> <span class='ocrx_word' id='word_1_215' title='bbox 2445 1613 2697 1666; x_wconf 85' lang='lat' dir='ltr'><strong>retineat.</strong></span> <span class='ocrx_word' id='word_1_216' title='bbox 2727 1613 2786 1666; x_wconf 91' lang='lat' dir='ltr'><strong>ln</strong></span> <span class='ocrx_word' id='word_1_217' title='bbox 2820 1613 2904 1667; x_wconf 81' lang='lat' dir='ltr'><strong>his</strong></span> <span class='ocrx_word' id='word_1_218' title='bbox 2934 1628 3036 1668; x_wconf 83' lang='lat' dir='ltr'><strong>nec</strong></span> <span class='ocrx_word' id='word_1_219' title='bbox 3064 1613 3236 1666; x_wconf 90' lang='lat' dir='ltr'><strong>ullum</strong></span> <span class='ocrx_word' id='word_1_220' title='bbox 3275 1613 3540 1682; x_wconf 83' lang='lat' dir='ltr'><strong>gemitum</strong></span> 
     </span>
    </p>
   </div>
   <div class='ocr_carea' id='block_1_32' title="bbox 1973 1702 3547 1773">
    <p class='ocr_par' dir='ltr' id='par_1_32' title="bbox 1973 1702 3547 1773">
     <span class='ocr_line' id='line_1_32' title="bbox 1973 1702 3547 1773; baseline 0.002 -17"><span class='ocrx_word' id='word_1_221' title='bbox 1973 1702 2138 1756; x_wconf 79' lang='lat' dir='ltr'><strong>edere</strong></span> <span class='ocrx_word' id='word_1_222' title='bbox 2163 1711 2505 1772; x_wconf 84' lang='lat' dir='ltr'><strong>poteramus,</strong></span> <span class='ocrx_word' id='word_1_223' title='bbox 2528 1718 2629 1758; x_wconf 88' lang='lat' dir='ltr'><strong>nec</strong></span> <span class='ocrx_word' id='word_1_224' title='bbox 2655 1703 2826 1758; x_wconf 88' lang='lat' dir='ltr'><strong>videri</strong></span> <span class='ocrx_word' id='word_1_225' title='bbox 2848 1711 3164 1769; x_wconf 59' lang='lat' dir='ltr'><strong>maerentes,</strong></span> <span class='ocrx_word' id='word_1_226' title='bbox 3192 1703 3337 1773; x_wconf 91' lang='lat' dir='ltr'><strong>quod</strong></span> <span class='ocrx_word' id='word_1_227' title='bbox 3361 1704 3547 1773; x_wconf 80' lang='lat' dir='ltr'><strong>utique</strong></span> 
     </span>
    </p>
   </div>
   <div class='ocr_carea' id='block_1_33' title="bbox 1974 1793 3548 1865">
    <p class='ocr_par' dir='ltr' id='par_1_33' title="bbox 1974 1793 3548 1865">
     <span class='ocr_line' id='line_1_33' title="bbox 1974 1793 3548 1865; baseline 0.001 -17"><span class='ocrx_word' id='word_1_228' title='bbox 1974 1793 2028 1848; x_wconf 91' lang='lat' dir='ltr'><strong>in</strong></span> <span class='ocrx_word' id='word_1_229' title='bbox 2065 1798 2358 1850; x_wconf 85' lang='lat' dir='ltr'><strong>tormentis</strong></span> <span class='ocrx_word' id='word_1_230' title='bbox 2397 1806 2696 1850; x_wconf 86' lang='lat' dir='ltr'><strong>eventuum</strong></span> <span class='ocrx_word' id='word_1_231' title='bbox 2737 1796 2806 1851; x_wconf 88' lang='lat' dir='ltr'><strong>ad</strong></span> <span class='ocrx_word' id='word_1_232' title='bbox 2846 1797 3041 1850; x_wconf 85' lang='lat' dir='ltr'><strong>animae</strong></span> <span class='ocrx_word' id='word_1_233' title='bbox 3075 1811 3354 1865; x_wconf 72' lang='lat' dir='ltr'><strong>oppressa:</strong></span> <span class='ocrx_word' id='word_1_234' title='bbox 3404 1795 3548 1850; x_wconf 86' lang='lat' dir='ltr'><strong>leva-</strong></span> 
     </span>
    </p>
   </div>
   <div class='ocr_carea' id='block_1_34' title="bbox 289 1881 1875 1961">
    <p class='ocr_par' dir='ltr' id='par_1_34' title="bbox 289 1887 1865 1961">
     <span class='ocr_line' id='line_1_34' title="bbox 289 1887 1865 1961; baseline -0.003 -15"><span class='ocrx_word' id='word_1_235' title='bbox 289 1894 504 1946; x_wconf 76' lang='grc' dir='ltr'><strong>ἀνεῖται</strong></span> <span class='ocrx_word' id='word_1_236' title='bbox 547 1891 688 1961; x_wconf 83' lang='grc' dir='ltr'>πρὸς</span> <span class='ocrx_word' id='word_1_237' title='bbox 721 1891 949 1960; x_wconf 77' lang='grc' dir='ltr'>ἐκϐολὴν</span> <span class='ocrx_word' id='word_1_238' title='bbox 965 1889 1058 1942; x_wconf 80' lang='grc' dir='ltr'>τοῦ</span> <span class='ocrx_word' id='word_1_239' title='bbox 1084 1892 1223 1942; x_wconf 80' lang='grc' dir='ltr'>κατὰ</span> <span class='ocrx_word' id='word_1_240' title='bbox 1253 1888 1432 1958; x_wconf 74' lang='grc' dir='ltr'>ψυχὴν</span> <span class='ocrx_word' id='word_1_241' title='bbox 1467 1887 1686 1958; x_wconf 75' lang='grc' dir='ltr'>ἄχθους.</span> <span class='ocrx_word' id='word_1_242' title='bbox 1726 1889 1865 1942; x_wconf 80' lang='grc' dir='ltr'>Πολὺ</span> 
     </span>
    </p>
   </div>
   <div class='ocr_carea' id='block_1_35' title="bbox 1982 1881 3547 1961">
    <p class='ocr_par' dir='ltr' id='par_1_35' title="bbox 1982 1883 3547 1956">
     <span class='ocr_line' id='line_1_35' title="bbox 1982 1883 3547 1956; baseline 0.002 -18"><span class='ocrx_word' id='word_1_243' title='bbox 1982 1902 2118 1940; x_wconf 87' lang='lat' dir='ltr'><strong>men.</strong></span> <span class='ocrx_word' id='word_1_244' title='bbox 2148 1883 2303 1940; x_wconf 90' lang='lat' dir='ltr'><strong>Tunc</strong></span> <span class='ocrx_word' id='word_1_245' title='bbox 2335 1886 2481 1941; x_wconf 91' lang='lat' dir='ltr'><strong>enim</strong></span> <span class='ocrx_word' id='word_1_246' title='bbox 2515 1887 2869 1956; x_wconf 87' lang='lat' dir='ltr'><strong>repetebant:</strong></span> <span class='ocrx_word' id='word_1_247' title='bbox 2926 1907 2945 1939; x_wconf 75' lang='grc' dir='ltr'><strong>ι</strong></span> <span class='ocrx_word' id='word_1_248' title='bbox 3005 1888 3256 1950; x_wconf 89' lang='lat' dir='ltr'><strong>Diabole,</strong></span> <span class='ocrx_word' id='word_1_249' title='bbox 3293 1903 3390 1941; x_wconf 86' lang='lat' dir='ltr'><strong>cur</strong></span> <span class='ocrx_word' id='word_1_250' title='bbox 3450 1903 3547 1956; x_wconf 58' lang='lat' dir='ltr'><strong>ge-</strong></span> 
     </span>
    </p>
   </div>
   <div class='ocr_carea' id='block_1_36' title="bbox 291 1977 1866 2051">
    <p class='ocr_par' dir='ltr' id='par_1_36' title="bbox 291 1977 1866 2051">
     <span class='ocr_line' id='line_1_36' title="bbox 291 1977 1866 2051; baseline -0.003 -17"><span class='ocrx_word' id='word_1_251' title='bbox 291 1982 400 2051; x_wconf 74' lang='grc' dir='ltr'><strong>γὰρ</strong></span> <span class='ocrx_word' id='word_1_252' title='bbox 457 1982 648 2044; x_wconf 84' lang='grc' dir='ltr'>αὐτοῖς</span> <span class='ocrx_word' id='word_1_253' title='bbox 707 1981 942 2034; x_wconf 66' lang='grc' dir='ltr'>ἐνταῦθα</span> <span class='ocrx_word' id='word_1_254' title='bbox 984 1981 1046 2032; x_wconf 80' lang='grc' dir='ltr'>τὸ</span> <span class='ocrx_word' id='word_1_255' title='bbox 1092 1997 1111 2032; x_wconf 80' lang='grc' dir='ltr'><strong>ι</strong></span> <span class='ocrx_word' id='word_1_256' title='bbox 1161 1978 1411 2043; x_wconf 77' lang='grc' dir='ltr'>Διάϐολε,</span> <span class='ocrx_word' id='word_1_257' title='bbox 1441 1978 1496 2032; x_wconf 86' lang='grc' dir='ltr'><strong>τί</strong></span> <span class='ocrx_word' id='word_1_258' title='bbox 1545 1977 1866 2042; x_wconf 75' lang='grc' dir='ltr'>στενάζειςς</span> 
     </span>
    </p>
   </div>
   <div class='ocr_carea' id='block_1_37' title="bbox 302 2069 1870 2142">
    <p class='ocr_par' dir='ltr' id='par_1_37' title="bbox 302 2069 1870 2142">
     <span class='ocr_line' id='line_1_37' title="bbox 302 2069 1870 2142; baseline -0.001 -17"><span class='ocrx_word' id='word_1_259' title='bbox 302 2072 624 2125; x_wconf 75' lang='grc' dir='ltr'>Ἐὅούλοντο</span> <span class='ocrx_word' id='word_1_260' title='bbox 655 2071 764 2142; x_wconf 77' lang='grc' dir='ltr'><strong>γὰρ</strong></span> <span class='ocrx_word' id='word_1_261' title='bbox 791 2071 1139 2142; x_wconf 81' lang='grc' dir='ltr'>ἀναισθητεῖν</span> <span class='ocrx_word' id='word_1_262' title='bbox 1163 2071 1310 2140; x_wconf 83' lang='grc' dir='ltr'>ἡμᾶς</span> <span class='ocrx_word' id='word_1_263' title='bbox 1343 2071 1437 2124; x_wconf 76' lang='grc' dir='ltr'>καὶ</span> <span class='ocrx_word' id='word_1_264' title='bbox 1458 2069 1870 2139; x_wconf 77' lang='grc' dir='ltr'>φρενοϐλαϐεῖν,</span> 
     </span>
    </p>
   </div>
   <div class='ocr_carea' id='block_1_38' title="bbox 294 2160 1873 2236">
    <p class='ocr_par' dir='ltr' id='par_1_38' title="bbox 294 2160 1873 2236">
     <span class='ocr_line' id='line_1_38' title="bbox 294 2160 1873 2236; baseline -0.003 -18"><span class='ocrx_word' id='word_1_265' title='bbox 294 2164 368 2227; x_wconf 76' lang='grc' dir='ltr'>ὥς</span> <span class='ocrx_word' id='word_1_266' title='bbox 401 2166 501 2218; x_wconf 78' lang='grc' dir='ltr'>καὶ</span> <span class='ocrx_word' id='word_1_267' title='bbox 537 2165 775 2236; x_wconf 75' lang='grc' dir='ltr'>χαίρειν,</span> <span class='ocrx_word' id='word_1_268' title='bbox 810 2164 897 2234; x_wconf 75' lang='grc' dir='ltr'><strong>ἐφ’</strong></span> <span class='ocrx_word' id='word_1_269' title='bbox 944 2160 1025 2227; x_wconf 77' lang='grc' dir='ltr'>οἷς</span> <span class='ocrx_word' id='word_1_270' title='bbox 1082 2164 1269 2226; x_wconf 84' lang='grc' dir='ltr'>κακῶς</span> <span class='ocrx_word' id='word_1_271' title='bbox 1321 2163 1658 2232; x_wconf 81' lang='grc' dir='ltr'>ἐπάσχομεν.</span> <span class='ocrx_word' id='word_1_272' title='bbox 1718 2162 1780 2216; x_wconf 79' lang='lat' dir='ltr'><strong>Ei</strong></span> <span class='ocrx_word' id='word_1_273' title='bbox 1815 2163 1873 2215; x_wconf 84' lang='grc' dir='ltr'><em>δέ</em></span> 
     </span>
    </p>
   </div>
   <div class='ocr_carea' id='block_1_39' title="bbox 294 2251 1869 2327">
    <p class='ocr_par' dir='ltr' id='par_1_39' title="bbox 294 2251 1869 2327">
     <span class='ocr_line' id='line_1_39' title="bbox 294 2251 1869 2327; baseline -0.004 -17"><span class='ocrx_word' id='word_1_274' title='bbox 294 2275 370 2326; x_wconf 75' lang='grc' dir='ltr'><strong>πη</strong></span> <span class='ocrx_word' id='word_1_275' title='bbox 401 2255 687 2327; x_wconf 77' lang='grc' dir='ltr'>ξυμπεσδν</span> <span class='ocrx_word' id='word_1_276' title='bbox 719 2251 823 2311; x_wconf 79' lang='grc' dir='ltr'><strong>ὧδε</strong></span> <span class='ocrx_word' id='word_1_277' title='bbox 851 2257 1016 2327; x_wconf 81' lang='grc' dir='ltr'>γελᾷν</span> <span class='ocrx_word' id='word_1_278' title='bbox 1066 2257 1178 2309; x_wconf 73' lang='grc' dir='ltr'>εἴτε</span> <span class='ocrx_word' id='word_1_279' title='bbox 1215 2255 1428 2327; x_wconf 78' lang='grc' dir='ltr'>μειδιᾷν</span> <span class='ocrx_word' id='word_1_280' title='bbox 1477 2254 1694 2308; x_wconf 82' lang='grc' dir='ltr'>ἐπέλθοι</span> <span class='ocrx_word' id='word_1_281' title='bbox 1738 2255 1869 2318; x_wconf 68' lang='grc' dir='ltr'>τινὶ,</span> 
     </span>
    </p>
   </div>
   <div class='ocr_carea' id='block_1_40' title="bbox 293 2345 1874 2421">
    <p class='ocr_par' dir='ltr' id='par_1_40' title="bbox 293 2345 1874 2421">
     <span class='ocr_line' id='line_1_40' title="bbox 293 2345 1874 2421; baseline -0.003 -19"><span class='ocrx_word' id='word_1_282' title='bbox 293 2349 426 2421; x_wconf 83' lang='grc' dir='ltr'>χολὴ</span> <span class='ocrx_word' id='word_1_283' title='bbox 460 2351 557 2402; x_wconf 74' lang='grc' dir='ltr'>καὶ</span> <span class='ocrx_word' id='word_1_284' title='bbox 597 2348 758 2402; x_wconf 79' lang='grc' dir='ltr'>τοῦτο</span> <span class='ocrx_word' id='word_1_285' title='bbox 797 2348 1020 2419; x_wconf 84' lang='grc' dir='ltr'>δριμεῖα</span> <span class='ocrx_word' id='word_1_286' title='bbox 1049 2347 1127 2415; x_wconf 81' lang='grc' dir='ltr'><strong>τῷ</strong></span> <span class='ocrx_word' id='word_1_287' title='bbox 1157 2348 1430 2400; x_wconf 82' lang='grc' dir='ltr'>κατιδόντι</span> <span class='ocrx_word' id='word_1_288' title='bbox 1454 2345 1688 2416; x_wconf 79' lang='grc' dir='ltr'><strong>Λατίνῳ.</strong></span> <span class='ocrx_word' id='word_1_289' title='bbox 1729 2345 1874 2398; x_wconf 83' lang='grc' dir='ltr'><strong>Ἐνό-</strong></span> 
     </span>
    </p>
   </div>
   <div class='ocr_carea' id='block_1_41' title="bbox 300 2438 1876 2511">
    <p class='ocr_par' dir='ltr' id='par_1_41' title="bbox 300 2438 1876 2511">
     <span class='ocr_line' id='line_1_41' title="bbox 300 2438 1876 2511; baseline -0.001 -19"><span class='ocrx_word' id='word_1_290' title='bbox 300 2442 424 2511; x_wconf 72' lang='grc' dir='ltr'>μιζε</span> <span class='ocrx_word' id='word_1_291' title='bbox 447 2441 582 2510; x_wconf 72' lang='grc' dir='ltr'>γὰρ,</span> <span class='ocrx_word' id='word_1_292' title='bbox 614 2441 691 2504; x_wconf 85' lang='grc' dir='ltr'><strong>ὡς</strong></span> <span class='ocrx_word' id='word_1_293' title='bbox 719 2440 918 2504; x_wconf 77' lang='grc' dir='ltr'>ἔοικεν,</span> <span class='ocrx_word' id='word_1_294' title='bbox 944 2441 976 2507; x_wconf 85' lang='grc' dir='ltr'><strong>ἦ</strong></span> <span class='ocrx_word' id='word_1_295' title='bbox 1009 2439 1317 2508; x_wconf 75' lang='grc' dir='ltr'>καταγελᾷν</span> <span class='ocrx_word' id='word_1_296' title='bbox 1347 2439 1495 2508; x_wconf 78' lang='grc' dir='ltr'>ἡμᾶς</span> <span class='ocrx_word' id='word_1_297' title='bbox 1515 2438 1625 2492; x_wconf 84' lang='grc' dir='ltr'><strong>τῶν</strong></span> <span class='ocrx_word' id='word_1_298' title='bbox 1657 2438 1876 2491; x_wconf 81' lang='grc' dir='ltr'>Λατινι-</span> 
     </span>
    </p>
   </div>
   <div class='ocr_carea' id='block_1_42' title="bbox 301 2527 1876 2602">
    <p class='ocr_par' dir='ltr' id='par_1_42' title="bbox 301 2527 1876 2602">
     <span class='ocr_line' id='line_1_42' title="bbox 301 2527 1876 2602; baseline -0.003 -17"><span class='ocrx_word' id='word_1_299' title='bbox 301 2535 412 2585; x_wconf 82' lang='grc' dir='ltr'>κῶν</span> <span class='ocrx_word' id='word_1_300' title='bbox 437 2531 723 2602; x_wconf 80' lang='grc' dir='ltr'>πράξεων,</span> <span class='ocrx_word' id='word_1_301' title='bbox 748 2532 782 2602; x_wconf 82' lang='grc' dir='ltr'><strong>ἦ</strong></span> <span class='ocrx_word' id='word_1_302' title='bbox 805 2531 986 2599; x_wconf 79' lang='grc' dir='ltr'>ἀγαθά</span> <span class='ocrx_word' id='word_1_303' title='bbox 1015 2527 1452 2599; x_wconf 68' lang='grc' dir='ltr'>καραδοκοῦντας</span> <span class='ocrx_word' id='word_1_304' title='bbox 1483 2531 1510 2582; x_wconf 86' lang='grc' dir='ltr'>ὁ</span> <span class='ocrx_word' id='word_1_305' title='bbox 1541 2528 1876 2598; x_wconf 85' lang='grc' dir='ltr'>χαιρέκακος</span> 
     </span>
    </p>
   </div>
   <div class='ocr_carea' id='block_1_43' title="bbox 299 2619 1875 2690">
    <p class='ocr_par' dir='ltr' id='par_1_43' title="bbox 299 2619 1875 2690">
     <span class='ocr_line' id='line_1_43' title="bbox 299 2619 1875 2690; baseline -0.003 -15"><span class='ocrx_word' id='word_1_306' title='bbox 299 2627 409 2677; x_wconf 72' lang='grc' dir='ltr'>εἴτε</span> <span class='ocrx_word' id='word_1_307' title='bbox 451 2625 551 2676; x_wconf 76' lang='grc' dir='ltr'>καὶ</span> <span class='ocrx_word' id='word_1_308' title='bbox 605 2623 945 2684; x_wconf 83' lang='grc' dir='ltr'>πεπονθότας</span> <span class='ocrx_word' id='word_1_309' title='bbox 1000 2621 1363 2690; x_wconf 79' lang='grc' dir='ltr'>ἀγαλλιᾶσθαι</span> <span class='ocrx_word' id='word_1_310' title='bbox 1391 2660 1405 2684; x_wconf 92' lang='grc'><strong>,</strong></span> <span class='ocrx_word' id='word_1_311' title='bbox 1443 2621 1471 2673; x_wconf 79' lang='grc' dir='ltr'><strong>ὃ</strong></span> <span class='ocrx_word' id='word_1_312' title='bbox 1514 2622 1625 2682; x_wconf 87' lang='grc' dir='ltr'>τοῖς</span> <span class='ocrx_word' id='word_1_313' title='bbox 1660 2619 1875 2689; x_wconf 81' lang='grc' dir='ltr'>ἐχθροῖς</span> 
     </span>
    </p>
   </div>
   <div class='ocr_carea' id='block_1_44' title="bbox 301 2708 1878 2782">
    <p class='ocr_par' dir='ltr' id='par_1_44' title="bbox 301 2708 1878 2782">
     <span class='ocr_line' id='line_1_44' title="bbox 301 2708 1878 2782; baseline -0.003 -15"><span class='ocrx_word' id='word_1_314' title='bbox 301 2715 664 2782; x_wconf 73' lang='grc' dir='ltr'>ἀπενέεραινε.</span> <span class='ocrx_word' id='word_1_315' title='bbox 702 2713 813 2766; x_wconf 90' lang='lat' dir='ltr'><strong>Kal</strong></span> <span class='ocrx_word' id='word_1_316' title='bbox 843 2714 1023 2766; x_wconf 86' lang='grc' dir='ltr'>τοίνυν</span> <span class='ocrx_word' id='word_1_317' title='bbox 1054 2710 1353 2773; x_wconf 82' lang='grc' dir='ltr'>δακτύλους</span> <span class='ocrx_word' id='word_1_318' title='bbox 1397 2711 1475 2773; x_wconf 84' lang='grc' dir='ltr'><strong>είς</strong></span> <span class='ocrx_word' id='word_1_319' title='bbox 1513 2711 1738 2778; x_wconf 80' lang='grc' dir='ltr'>γρόνθον</span> <span class='ocrx_word' id='word_1_320' title='bbox 1780 2708 1878 2762; x_wconf 81' lang='grc' dir='ltr'>ἐπ-</span> 
     </span>
    </p>
   </div>
   <div class='ocr_carea' id='block_1_45' title="bbox 301 2798 1876 2874">
    <p class='ocr_par' dir='ltr' id='par_1_45' title="bbox 301 2798 1876 2874">
     <span class='ocr_line' id='line_1_45' title="bbox 301 2798 1876 2874; baseline -0.001 -18"><span class='ocrx_word' id='word_1_321' title='bbox 301 2822 526 2868; x_wconf 87' lang='grc' dir='ltr'>τυσσον,</span> <span class='ocrx_word' id='word_1_322' title='bbox 574 2805 672 2858; x_wconf 71' lang='grc' dir='ltr'>καὶ</span> <span class='ocrx_word' id='word_1_323' title='bbox 717 2804 819 2874; x_wconf 82' lang='grc' dir='ltr'>τὴν</span> <span class='ocrx_word' id='word_1_324' title='bbox 863 2805 1022 2874; x_wconf 80' lang='grc' dir='ltr'>χεῖρα</span> <span class='ocrx_word' id='word_1_325' title='bbox 1073 2801 1514 2871; x_wconf 76' lang='grc' dir='ltr'>γογγυλίξοντες,</span> <span class='ocrx_word' id='word_1_326' title='bbox 1545 2798 1876 2872; x_wconf 72' lang='grc' dir='ltr'>ἐρρύθμιζον</span> 
     </span>
    </p>
   </div>
   <div class='ocr_carea' id='block_1_46' title="bbox 304 2887 1879 2966">
    <p class='ocr_par' dir='ltr' id='par_1_46' title="bbox 304 2887 1879 2966">
     <span class='ocr_line' id='line_1_46' title="bbox 304 2887 1879 2966; baseline -0.003 -18"><span class='ocrx_word' id='word_1_327' title='bbox 304 2897 412 2960; x_wconf 78' lang='grc' dir='ltr'><strong>πὺξ</strong></span> <span class='ocrx_word' id='word_1_328' title='bbox 448 2897 734 2966; x_wconf 87' lang='grc' dir='ltr'>πλήττειν,</span> <span class='ocrx_word' id='word_1_329' title='bbox 764 2914 782 2946; x_wconf 82' lang='grc' dir='ltr'><strong>ι</strong></span> <span class='ocrx_word' id='word_1_330' title='bbox 829 2896 894 2948; x_wconf 87' lang='grc' dir='ltr'>Τί</span> <span class='ocrx_word' id='word_1_331' title='bbox 933 2895 1096 2966; x_wconf 78' lang='grc' dir='ltr'>γελᾷς</span> <span class='ocrx_word' id='word_1_332' title='bbox 1118 2935 1132 2960; x_wconf 92' lang='grc'><strong>,</strong></span> <span class='ocrx_word' id='word_1_333' title='bbox 1176 2887 1220 2946; x_wconf 81' lang='grc' dir='ltr'><strong>ὦ</strong></span> <span class='ocrx_word' id='word_1_334' title='bbox 1255 2893 1468 2946; x_wconf 81' lang='grc' dir='ltr'>διὰὂολε</span> <span class='ocrx_word' id='word_1_335' title='bbox 1496 2930 1512 2956; x_wconf 88' lang='grc'><strong>,</strong></span> <span class='ocrx_word' id='word_1_336' title='bbox 1565 2911 1584 2944; x_wconf 78' lang='grc' dir='ltr'><strong>ι</strong></span> <span class='ocrx_word' id='word_1_337' title='bbox 1622 2889 1879 2961; x_wconf 72' lang='grc' dir='ltr'>βατταρί-</span> 
     </span>
    </p>
   </div>
   <div class='ocr_carea' id='block_1_47' title="bbox 301 2982 1878 3057">
    <p class='ocr_par' dir='ltr' id='par_1_47' title="bbox 301 2982 1878 3057">
     <span class='ocr_line' id='line_1_47' title="bbox 301 2982 1878 3057; baseline -0.004 -18"><span class='ocrx_word' id='word_1_338' title='bbox 301 2989 514 3051; x_wconf 81' lang='grc' dir='ltr'>ζοντες.</span> <span class='ocrx_word' id='word_1_339' title='bbox 553 2989 666 3040; x_wconf 74' lang='grc' dir='ltr'><strong>Καὶ</strong></span> <span class='ocrx_word' id='word_1_340' title='bbox 706 2987 848 3039; x_wconf 78' lang='grc' dir='ltr'>οὕτω</span> <span class='ocrx_word' id='word_1_341' title='bbox 885 2987 984 3056; x_wconf 77' lang='grc' dir='ltr'>τὴν</span> <span class='ocrx_word' id='word_1_342' title='bbox 1019 2986 1235 3057; x_wconf 81' lang='grc' dir='ltr'>αἰθρίαν</span> <span class='ocrx_word' id='word_1_343' title='bbox 1262 2985 1354 3037; x_wconf 82' lang='grc' dir='ltr'>τοῦ</span> <span class='ocrx_word' id='word_1_344' title='bbox 1406 2982 1762 3052; x_wconf 79' lang='grc' dir='ltr'>μειδιάματος</span> <span class='ocrx_word' id='word_1_345' title='bbox 1797 2982 1878 3046; x_wconf 86' lang='grc' dir='ltr'><strong>είς</strong></span> 
     </span>
    </p>
   </div>
   <div class='ocr_carea' id='block_1_48' title="bbox 307 3077 1874 3153">
    <p class='ocr_par' dir='ltr' id='par_1_48' title="bbox 307 3077 1874 3153">
     <span class='ocr_line' id='line_1_48' title="bbox 307 3077 1874 3153; baseline -0.005 -19"><span class='ocrx_word' id='word_1_346' title='bbox 307 3086 470 3149; x_wconf 72' lang='grc' dir='ltr'>νέφος</span> <span class='ocrx_word' id='word_1_347' title='bbox 502 3081 776 3153; x_wconf 84' lang='grc' dir='ltr'>δακρυόεν</span> <span class='ocrx_word' id='word_1_348' title='bbox 805 3083 1192 3151; x_wconf 79' lang='grc' dir='ltr'>μετέστρεφον,</span> <span class='ocrx_word' id='word_1_349' title='bbox 1228 3079 1260 3150; x_wconf 85' lang='grc' dir='ltr'>ἢ</span> <span class='ocrx_word' id='word_1_350' title='bbox 1295 3078 1390 3132; x_wconf 79' lang='grc' dir='ltr'>καὶ</span> <span class='ocrx_word' id='word_1_351' title='bbox 1435 3078 1637 3148; x_wconf 77' lang='grc' dir='ltr'>ἑτέρως</span> <span class='ocrx_word' id='word_1_352' title='bbox 1679 3077 1874 3141; x_wconf 84' lang='grc' dir='ltr'>είπεῖν,</span> 
     </span>
    </p>
   </div>
   <div class='ocr_carea' id='block_1_49' title="bbox 301 3170 1874 3242">
    <p class='ocr_par' dir='ltr' id='par_1_49' title="bbox 301 3170 1874 3242">
     <span class='ocr_line' id='line_1_49' title="bbox 301 3170 1874 3242; baseline -0.002 -18"><span class='ocrx_word' id='word_1_353' title='bbox 301 3172 392 3224; x_wconf 70' lang='grc' dir='ltr'>τὸν</span> <span class='ocrx_word' id='word_1_354' title='bbox 444 3173 696 3240; x_wconf 84' lang='grc' dir='ltr'>γελῶντα</span> <span class='ocrx_word' id='word_1_355' title='bbox 762 3172 1106 3242; x_wconf 81' lang='grc' dir='ltr'>Δημόκριτον</span> <span class='ocrx_word' id='word_1_356' title='bbox 1166 3173 1246 3235; x_wconf 83' lang='grc' dir='ltr'>εἰς</span> <span class='ocrx_word' id='word_1_357' title='bbox 1294 3170 1650 3241; x_wconf 82' lang='grc' dir='ltr'>Ἠράκλειτον</span> <span class='ocrx_word' id='word_1_358' title='bbox 1709 3185 1874 3237; x_wconf 79' lang='grc' dir='ltr'>μετεο</span> 
     </span>
    </p>
   </div>
   <div class='ocr_carea' id='block_1_50' title="bbox 304 3264 852 3333">
    <p class='ocr_par' dir='ltr' id='par_1_50' title="bbox 304 3264 852 3333">
     <span class='ocr_line' id='line_1_50' title="bbox 304 3264 852 3333; baseline -0.002 -17"><span class='ocrx_word' id='word_1_359' title='bbox 304 3264 496 3318; x_wconf 82' lang='grc' dir='ltr'>ποιουν</span> <span class='ocrx_word' id='word_1_360' title='bbox 520 3264 852 3333; x_wconf 79' lang='grc' dir='ltr'>δακρύοντα.</span> 
     </span>
    </p>
   </div>
   <div class='ocr_carea' id='block_1_51' title="bbox 372 3353 1879 3426">
    <p class='ocr_par' dir='ltr' id='par_1_51' title="bbox 372 3353 1879 3426">
     <span class='ocr_line' id='line_1_51' title="bbox 372 3353 1879 3426; baseline -0.003 -18"><span class='ocrx_word' id='word_1_361' title='bbox 372 3362 506 3426; x_wconf 77' lang='grc' dir='ltr'>ριη’.</span> <span class='ocrx_word' id='word_1_362' title='bbox 559 3356 1017 3424; x_wconf 77' lang='grc' dir='ltr'>Ἀνεψηλαφῶντο</span> <span class='ocrx_word' id='word_1_363' title='bbox 1053 3356 1183 3426; x_wconf 77' lang='grc' dir='ltr'>παρ’</span> <span class='ocrx_word' id='word_1_364' title='bbox 1215 3355 1392 3410; x_wconf 77' lang='grc' dir='ltr'>αὐτῶν</span> <span class='ocrx_word' id='word_1_365' title='bbox 1422 3357 1514 3407; x_wconf 83' lang='grc' dir='ltr'>καὶ</span> <span class='ocrx_word' id='word_1_366' title='bbox 1543 3353 1613 3407; x_wconf 80' lang='grc' dir='ltr'><strong>τὰ</strong></span> <span class='ocrx_word' id='word_1_367' title='bbox 1633 3354 1879 3406; x_wconf 85' lang='grc' dir='ltr'>τῶνπα-</span> 
     </span>
    </p>
   </div>
   <div class='ocr_carea' id='block_1_52' title="bbox 304 3441 1876 3517">
    <p class='ocr_par' dir='ltr' id='par_1_52' title="bbox 304 3441 1876 3517">
     <span class='ocr_line' id='line_1_52' title="bbox 304 3441 1876 3517; baseline -0.001 -18"><span class='ocrx_word' id='word_1_368' title='bbox 304 3447 639 3517; x_wconf 73' lang='grc' dir='ltr'>ροδευόντων</span> <span class='ocrx_word' id='word_1_369' title='bbox 687 3445 1018 3516; x_wconf 88' lang='grc' dir='ltr'>προκόλπια,</span> <span class='ocrx_word' id='word_1_370' title='bbox 1056 3449 1152 3500; x_wconf 74' lang='grc' dir='ltr'>καὶ</span> <span class='ocrx_word' id='word_1_371' title='bbox 1196 3446 1564 3512; x_wconf 79' lang='grc' dir='ltr'>ἐξεκενοῦντο,</span> <span class='ocrx_word' id='word_1_372' title='bbox 1604 3441 1660 3496; x_wconf 71' lang='lat' dir='ltr'><strong>ei</strong></span> <span class='ocrx_word' id='word_1_373' title='bbox 1686 3445 1741 3496; x_wconf 86' lang='grc' dir='ltr'><strong>τί</strong></span> <span class='ocrx_word' id='word_1_374' title='bbox 1775 3460 1876 3497; x_wconf 86' lang='grc' dir='ltr'><strong>που</strong></span> 
     </span>
    </p>
   </div>
   <div class='ocr_carea' id='block_1_53' title="bbox 304 3531 1876 3609">
    <p class='ocr_par' dir='ltr' id='par_1_53' title="bbox 304 3531 1876 3609">
     <span class='ocr_line' id='line_1_53' title="bbox 304 3531 1876 3609; baseline -0.003 -17"><span class='ocrx_word' id='word_1_375' title='bbox 304 3539 403 3592; x_wconf 64' lang='grc' dir='ltr'>καὶ</span> <span class='ocrx_word' id='word_1_376' title='bbox 437 3538 638 3607; x_wconf 69' lang='grc' dir='ltr'>ἔφερον</span> <span class='ocrx_word' id='word_1_377' title='bbox 669 3537 1083 3609; x_wconf 82' lang='grc' dir='ltr'>χρηματισμοῦ,</span> <span class='ocrx_word' id='word_1_378' title='bbox 1111 3538 1160 3590; x_wconf 83' lang='lat' dir='ltr'><strong>sl</strong></span> <span class='ocrx_word' id='word_1_379' title='bbox 1193 3537 1289 3590; x_wconf 75' lang='grc' dir='ltr'>καὶ</span> <span class='ocrx_word' id='word_1_380' title='bbox 1323 3535 1496 3607; x_wconf 85' lang='grc' dir='ltr'>βραχύ</span> <span class='ocrx_word' id='word_1_381' title='bbox 1523 3552 1573 3588; x_wconf 91' lang='grc' dir='ltr'><strong>τι</strong></span> <span class='ocrx_word' id='word_1_382' title='bbox 1595 3536 1770 3587; x_wconf 86' lang='grc' dir='ltr'>ἐκεῖνο</span> <span class='ocrx_word' id='word_1_383' title='bbox 1788 3531 1876 3604; x_wconf 81' lang='grc' dir='ltr'><strong>ἦν.</strong></span> 
     </span>
    </p>
   </div>
   <div class='ocr_carea' id='block_1_54' title="bbox 308 3627 1880 3702">
    <p class='ocr_par' dir='ltr' id='par_1_54' title="bbox 308 3627 1880 3702">
     <span class='ocr_line' id='line_1_54' title="bbox 308 3627 1880 3702; baseline -0.006 -17"><span class='ocrx_word' id='word_1_384' title='bbox 308 3629 776 3702; x_wconf 78' lang='grc' dir='ltr'>Περιειργάζοντο</span> <span class='ocrx_word' id='word_1_385' title='bbox 823 3631 918 3684; x_wconf 74' lang='grc' dir='ltr'>καὶ</span> <span class='ocrx_word' id='word_1_386' title='bbox 976 3628 1184 3700; x_wconf 80' lang='grc' dir='ltr'>μηροὺς</span> <span class='ocrx_word' id='word_1_387' title='bbox 1225 3668 1240 3694; x_wconf 95' lang='grc'><strong>,</strong></span> <span class='ocrx_word' id='word_1_388' title='bbox 1305 3630 1380 3698; x_wconf 82' lang='grc' dir='ltr'>μή</span> <span class='ocrx_word' id='word_1_389' title='bbox 1442 3644 1544 3680; x_wconf 85' lang='grc' dir='ltr'><strong>που</strong></span> <span class='ocrx_word' id='word_1_390' title='bbox 1605 3627 1880 3696; x_wconf 76' lang='grc' dir='ltr'>μαχαίρας</span> 
     </span>
    </p>
   </div>
   <div class='ocr_carea' id='block_1_55' title="bbox 301 3716 1879 3789">
    <p class='ocr_par' dir='ltr' id='par_1_55' title="bbox 301 3716 1879 3789">
     <span class='ocr_line' id='line_1_55' title="bbox 301 3716 1879 3789; baseline -0.001 -19"><span class='ocrx_word' id='word_1_391' title='bbox 301 3720 712 3789; x_wconf 80' lang='grc' dir='ltr'>παρήρτηνται.</span> <span class='ocrx_word' id='word_1_392' title='bbox 769 3720 881 3773; x_wconf 83' lang='lat' dir='ltr'><strong>Kal</strong></span> <span class='ocrx_word' id='word_1_393' title='bbox 939 3719 993 3772; x_wconf 80' lang='grc' dir='ltr'><strong>εί</strong></span> <span class='ocrx_word' id='word_1_394' title='bbox 1057 3737 1162 3772; x_wconf 87' lang='grc' dir='ltr'><strong>που</strong></span> <span class='ocrx_word' id='word_1_395' title='bbox 1233 3717 1486 3787; x_wconf 83' lang='grc' dir='ltr'>εὑρεθείη</span> <span class='ocrx_word' id='word_1_396' title='bbox 1547 3716 1879 3786; x_wconf 80' lang='grc' dir='ltr'>ἐγχειρίδιον</span> 
     </span>
    </p>
   </div>
   <div class='ocr_carea' id='block_1_56' title="bbox 301 3803 1880 3880">
    <p class='ocr_par' dir='ltr' id='par_1_56' title="bbox 301 3803 1880 3880">
     <span class='ocr_line' id='line_1_56' title="bbox 301 3803 1880 3880; baseline -0.002 -18"><span class='ocrx_word' id='word_1_397' title='bbox 301 3811 612 3876; x_wconf 73' lang='grc' dir='ltr'>ὁποιονοῦν,</span> <span class='ocrx_word' id='word_1_398' title='bbox 641 3811 700 3863; x_wconf 90' lang='grc' dir='ltr'><strong>αί</strong></span> <span class='ocrx_word' id='word_1_399' title='bbox 736 3809 836 3880; x_wconf 84' lang='grc' dir='ltr'><strong>μὲν</strong></span> <span class='ocrx_word' id='word_1_400' title='bbox 885 3809 1082 3880; x_wconf 78' lang='grc' dir='ltr'>κύρσαι</span> <span class='ocrx_word' id='word_1_401' title='bbox 1131 3808 1226 3862; x_wconf 77' lang='grc' dir='ltr'><strong>τοῦ</strong></span> <span class='ocrx_word' id='word_1_402' title='bbox 1279 3808 1536 3878; x_wconf 83' lang='grc' dir='ltr'>φέροντος</span> <span class='ocrx_word' id='word_1_403' title='bbox 1564 3803 1710 3877; x_wconf 76' lang='grc' dir='ltr'>εἶχον</span> <span class='ocrx_word' id='word_1_404' title='bbox 1741 3807 1880 3878; x_wconf 85' lang='grc' dir='ltr'>πλη-</span> 
     </span>
    </p>
   </div>
   <div class='ocr_carea' id='block_1_57' title="bbox 308 3899 1882 3974">
    <p class='ocr_par' dir='ltr' id='par_1_57' title="bbox 308 3899 1882 3974">
     <span class='ocr_line' id='line_1_57' title="bbox 308 3899 1882 3974; baseline -0.015 -5"><span class='ocrx_word' id='word_1_405' title='bbox 308 3907 426 3970; x_wconf 55' lang='grc' dir='ltr'><strong>γᾶς,</strong></span> <span class='ocrx_word' id='word_1_406' title='bbox 449 3903 478 3955; x_wconf 75' lang='grc' dir='ltr'>δ</span> <span class='ocrx_word' id='word_1_407' title='bbox 507 3902 566 3956; x_wconf 73' lang='grc' dir='ltr'><strong>δὲ</strong></span> <span class='ocrx_word' id='word_1_408' title='bbox 595 3903 830 3964; x_wconf 80' lang='grc' dir='ltr'>Λατῖνος</span> <span class='ocrx_word' id='word_1_409' title='bbox 861 3902 961 3974; x_wconf 80' lang='grc' dir='ltr'>τὴν</span> <span class='ocrx_word' id='word_1_410' title='bbox 988 3902 1290 3973; x_wconf 83' lang='grc' dir='ltr'>μάχαιραν.</span> <span class='ocrx_word' id='word_1_411' title='bbox 1318 3901 1466 3953; x_wconf 84' lang='grc' dir='ltr'>Ἔδει</span> <span class='ocrx_word' id='word_1_412' title='bbox 1496 3899 1590 3952; x_wconf 77' lang='grc' dir='ltr'>καὶ</span> <span class='ocrx_word' id='word_1_413' title='bbox 1626 3900 1882 3970; x_wconf 62' lang='grc' dir='ltr'>διερρηγ-</span> 
     </span>
    </p>
   </div>
   <div class='ocr_carea' id='block_1_58' title="bbox 305 3991 1882 4064">
    <p class='ocr_par' dir='ltr' id='par_1_58' title="bbox 305 3991 1882 4064">
     <span class='ocr_line' id='line_1_58' title="bbox 305 3991 1882 4064; baseline -0.001 -18"><span class='ocrx_word' id='word_1_414' title='bbox 305 3997 445 4062; x_wconf 82' lang='grc' dir='ltr'>μένα</span> <span class='ocrx_word' id='word_1_415' title='bbox 472 3995 689 4057; x_wconf 85' lang='grc' dir='ltr'>πάντας</span> <span class='ocrx_word' id='word_1_416' title='bbox 731 3996 879 4064; x_wconf 78' lang='grc' dir='ltr'>ἡμᾶς</span> <span class='ocrx_word' id='word_1_417' title='bbox 919 3992 1324 4064; x_wconf 81' lang='grc' dir='ltr'>περιδεδύσθαι.</span> <span class='ocrx_word' id='word_1_418' title='bbox 1355 3993 1418 4046; x_wconf 79' lang='lat' dir='ltr'><strong>Ei</strong></span> <span class='ocrx_word' id='word_1_419' title='bbox 1461 3991 1567 4061; x_wconf 87' lang='grc' dir='ltr'>γάρ</span> <span class='ocrx_word' id='word_1_420' title='bbox 1589 4009 1671 4055; x_wconf 80' lang='grc' dir='ltr'><strong>τις</strong></span> <span class='ocrx_word' id='word_1_421' title='bbox 1699 3991 1882 4060; x_wconf 86' lang='grc' dir='ltr'>ίματί-</span> 
     </span>
    </p>
   </div>
   <div class='ocr_carea' id='block_1_59' title="bbox 304 4081 1880 4153">
    <p class='ocr_par' dir='ltr' id='par_1_59' title="bbox 304 4081 1880 4153">
     <span class='ocr_line' id='line_1_59' title="bbox 304 4081 1880 4153; baseline -0.002 -17"><span class='ocrx_word' id='word_1_422' title='bbox 304 4084 428 4148; x_wconf 82' lang='grc' dir='ltr'>ζετο</span> <span class='ocrx_word' id='word_1_423' title='bbox 459 4085 544 4144; x_wconf 80' lang='grc' dir='ltr'><strong>είς</strong></span> <span class='ocrx_word' id='word_1_424' title='bbox 577 4084 866 4153; x_wconf 81' lang='grc' dir='ltr'>ἀκέραιον,</span> <span class='ocrx_word' id='word_1_425' title='bbox 899 4082 1326 4153; x_wconf 78' lang='grc' dir='ltr'>ἁνεθεματίζετο</span> <span class='ocrx_word' id='word_1_426' title='bbox 1374 4081 1502 4152; x_wconf 87' lang='grc' dir='ltr'>παρ’</span> <span class='ocrx_word' id='word_1_427' title='bbox 1536 4082 1716 4144; x_wconf 80' lang='grc' dir='ltr'>αὐτοῖς</span> <span class='ocrx_word' id='word_1_428' title='bbox 1747 4083 1775 4134; x_wconf 83' lang='grc' dir='ltr'>ὁ</span> <span class='ocrx_word' id='word_1_429' title='bbox 1805 4081 1880 4151; x_wconf 83' lang='grc' dir='ltr'>μὴ</span> 
     </span>
    </p>
   </div>
   <div class='ocr_carea' id='block_1_60' title="bbox 302 4176 1178 4246">
    <p class='ocr_par' dir='ltr' id='par_1_60' title="bbox 302 4176 1178 4246">
     <span class='ocr_line' id='line_1_60' title="bbox 302 4176 1178 4246; baseline 0.001 -18"><span class='ocrx_word' id='word_1_430' title='bbox 302 4176 702 4246; x_wconf 74' lang='grc' dir='ltr'>λωποδυτῆσας</span> <span class='ocrx_word' id='word_1_431' title='bbox 728 4176 821 4228; x_wconf 76' lang='grc' dir='ltr'><strong>τὸν</strong></span> <span class='ocrx_word' id='word_1_432' title='bbox 853 4176 1178 4244; x_wconf 64' lang='grc' dir='ltr'>ἄνθρωπον.</span> 
     </span>
    </p>
   </div>
   <div class='ocr_carea' id='block_1_61' title="bbox 374 4265 1882 4340">
    <p class='ocr_par' dir='ltr' id='par_1_61' title="bbox 374 4265 1882 4340">
     <span class='ocr_line' id='line_1_61' title="bbox 374 4265 1882 4340; baseline -0.003 -18"><span class='ocrx_word' id='word_1_433' title='bbox 374 4269 502 4340; x_wconf 82' lang='grc' dir='ltr'>ριθ¹.</span> <span class='ocrx_word' id='word_1_434' title='bbox 532 4268 671 4321; x_wconf 86' lang='grc' dir='ltr'>Ὀτε</span> <span class='ocrx_word' id='word_1_435' title='bbox 696 4267 757 4321; x_wconf 81' lang='grc' dir='ltr'>δὲ</span> <span class='ocrx_word' id='word_1_436' title='bbox 797 4268 964 4321; x_wconf 79' lang='grc' dir='ltr'>τᾶλλα</span> <span class='ocrx_word' id='word_1_437' title='bbox 986 4270 1353 4338; x_wconf 79' lang='grc' dir='ltr'>παρήσουσιγ,</span> <span class='ocrx_word' id='word_1_438' title='bbox 1384 4265 1739 4320; x_wconf 77' lang='grc' dir='ltr'>ἐπεϐούλευον</span> <span class='ocrx_word' id='word_1_439' title='bbox 1765 4266 1882 4328; x_wconf 85' lang='grc' dir='ltr'>ταῖς</span> 
     </span>
    </p>
   </div>
   <div class='ocr_carea' id='block_1_62' title="bbox 306 4358 1882 4429">
    <p class='ocr_par' dir='ltr' id='par_1_62' title="bbox 306 4358 1882 4429">
     <span class='ocr_line' id='line_1_62' title="bbox 306 4358 1882 4429; baseline -0.003 -15"><span class='ocrx_word' id='word_1_440' title='bbox 306 4362 552 4415; x_wconf 74' lang='grc' dir='ltr'>ἑκάστων</span> <span class='ocrx_word' id='word_1_441' title='bbox 583 4361 871 4429; x_wconf 80' lang='grc' dir='ltr'>κεφαλαῖς,</span> <span class='ocrx_word' id='word_1_442' title='bbox 905 4359 1100 4428; x_wconf 82' lang='grc' dir='ltr'>ἐπίσης</span> <span class='ocrx_word' id='word_1_443' title='bbox 1143 4360 1427 4429; x_wconf 76' lang='grc' dir='ltr'>μισοῦντες</span> <span class='ocrx_word' id='word_1_444' title='bbox 1456 4358 1580 4420; x_wconf 81' lang='grc' dir='ltr'>τούς</span> <span class='ocrx_word' id='word_1_445' title='bbox 1625 4375 1684 4411; x_wconf 88' lang='grc' dir='ltr'><strong>τε</strong></span> <span class='ocrx_word' id='word_1_446' title='bbox 1727 4359 1882 4411; x_wconf 79' lang='grc' dir='ltr'>άκειο</span> 
     </span>
    </p>
   </div>
   <div class='ocr_carea' id='block_1_63' title="bbox 307 4446 1880 4521">
    <p class='ocr_par' dir='ltr' id='par_1_63' title="bbox 307 4446 1880 4521">
     <span class='ocr_line' id='line_1_63' title="bbox 307 4446 1880 4521; baseline -0.003 -19"><span class='ocrx_word' id='word_1_447' title='bbox 307 4453 574 4521; x_wconf 71' lang='grc' dir='ltr'>ρειόμας,</span> <span class='ocrx_word' id='word_1_448' title='bbox 606 4449 733 4512; x_wconf 81' lang='grc' dir='ltr'>τούς</span> <span class='ocrx_word' id='word_1_449' title='bbox 763 4466 822 4502; x_wconf 89' lang='grc' dir='ltr'><strong>τε</strong></span> <span class='ocrx_word' id='word_1_450' title='bbox 861 4448 1300 4518; x_wconf 85' lang='grc' dir='ltr'>βαθυπώγωνας.</span> <span class='ocrx_word' id='word_1_451' title='bbox 1333 4449 1445 4504; x_wconf 76' lang='grc' dir='ltr'><strong>Καὶ</strong></span> <span class='ocrx_word' id='word_1_452' title='bbox 1492 4449 1591 4502; x_wconf 83' lang='grc' dir='ltr'>οὐκ</span> <span class='ocrx_word' id='word_1_453' title='bbox 1639 4446 1706 4521; x_wconf 76' lang='grc' dir='ltr'><strong>ἦν</strong></span> <span class='ocrx_word' id='word_1_454' title='bbox 1752 4448 1880 4500; x_wconf 81' lang='grc' dir='ltr'>ἰδεῖν</span> 
     </span>
    </p>
   </div>
   <div class='ocr_carea' id='block_1_64' title="bbox 1977 1977 3546 2042">
    <p class='ocr_par' dir='ltr' id='par_1_64' title="bbox 1977 1977 3546 2042">
     <span class='ocr_line' id='line_1_64' title="bbox 1977 1977 3546 2042; baseline 0.001 -11"><span class='ocrx_word' id='word_1_455' title='bbox 1977 1978 2123 2032; x_wconf 79' lang='lat' dir='ltr'><strong>mis?</strong></span> <span class='ocrx_word' id='word_1_456' title='bbox 2146 1997 2164 2030; x_wconf 80' lang='grc' dir='ltr'><strong>ι</strong></span> <span class='ocrx_word' id='word_1_457' title='bbox 2198 1977 2472 2032; x_wconf 78' lang='lat' dir='ltr'><strong>Yolebant</strong></span> <span class='ocrx_word' id='word_1_458' title='bbox 2506 1981 2667 2033; x_wconf 90' lang='lat' dir='ltr'><strong>enim.</strong></span> <span class='ocrx_word' id='word_1_459' title='bbox 2689 1993 2792 2034; x_wconf 90' lang='lat' dir='ltr'><strong>nos</strong></span> <span class='ocrx_word' id='word_1_460' title='bbox 2826 1993 2934 2034; x_wconf 92' lang='lat' dir='ltr'><strong>non</strong></span> <span class='ocrx_word' id='word_1_461' title='bbox 2969 1980 3176 2034; x_wconf 88' lang='lat' dir='ltr'><strong>sentire</strong></span> <span class='ocrx_word' id='word_1_462' title='bbox 3200 1990 3251 2034; x_wconf 91' lang='lat' dir='ltr'><strong>et</strong></span> <span class='ocrx_word' id='word_1_463' title='bbox 3283 1979 3546 2042; x_wconf 78' lang='lat' dir='ltr'><strong>insanire,</strong></span> 
     </span>
    </p>
   </div>
   <div class='ocr_carea' id='block_1_65' title="bbox 1977 2068 3551 2142">
    <p class='ocr_par' dir='ltr' id='par_1_65' title="bbox 1977 2068 3551 2142">
     <span class='ocr_line' id='line_1_65' title="bbox 1977 2068 3551 2142; baseline -0.001 -17"><span class='ocrx_word' id='word_1_464' title='bbox 1977 2085 2039 2125; x_wconf 88' lang='lat' dir='ltr'><strong>ac</strong></span> <span class='ocrx_word' id='word_1_465' title='bbox 2077 2071 2231 2140; x_wconf 86' lang='lat' dir='ltr'><strong>quasi</strong></span> <span class='ocrx_word' id='word_1_466' title='bbox 2269 2071 2500 2141; x_wconf 73' lang='lat' dir='ltr'><strong>gaudere</strong></span> <span class='ocrx_word' id='word_1_467' title='bbox 2537 2071 2699 2127; x_wconf 86' lang='lat' dir='ltr'><strong>malis</strong></span> <span class='ocrx_word' id='word_1_468' title='bbox 2732 2086 2855 2140; x_wconf 69' lang='lat' dir='ltr'><strong>quae</strong></span> <span class='ocrx_word' id='word_1_469' title='bbox 2881 2071 3252 2142; x_wconf 80' lang='lat' dir='ltr'><strong>patiebamur.</strong></span> <span class='ocrx_word' id='word_1_470' title='bbox 3289 2068 3346 2123; x_wconf 92' lang='lat' dir='ltr'><strong>Si</strong></span> <span class='ocrx_word' id='word_1_471' title='bbox 3403 2072 3551 2124; x_wconf 85' lang='lat' dir='ltr'><strong>acci-</strong></span> 
     </span>
    </p>
   </div>
   <div class='ocr_carea' id='block_1_66' title="bbox 1975 2161 3552 2228">
    <p class='ocr_par' dir='ltr' id='par_1_66' title="bbox 1975 2161 3552 2228">
     <span class='ocr_line' id='line_1_66' title="bbox 1975 2161 3552 2228; baseline -0.003 -10"><span class='ocrx_word' id='word_1_472' title='bbox 1975 2163 2129 2219; x_wconf 88' lang='lat' dir='ltr'><strong>deret</strong></span> <span class='ocrx_word' id='word_1_473' title='bbox 2161 2163 2404 2228; x_wconf 89' lang='lat' dir='ltr'><strong>cuidam,</strong></span> <span class='ocrx_word' id='word_1_474' title='bbox 2463 2163 2584 2218; x_wconf 85' lang='lat' dir='ltr'><strong>viso</strong></span> <span class='ocrx_word' id='word_1_475' title='bbox 2619 2163 2858 2226; x_wconf 87' lang='lat' dir='ltr'><strong>labente,</strong></span> <span class='ocrx_word' id='word_1_476' title='bbox 2895 2172 2952 2216; x_wconf 92' lang='lat' dir='ltr'><strong>ut</strong></span> <span class='ocrx_word' id='word_1_477' title='bbox 3007 2162 3212 2217; x_wconf 87' lang='lat' dir='ltr'><strong>rideret</strong></span> <span class='ocrx_word' id='word_1_478' title='bbox 3245 2162 3332 2217; x_wconf 91' lang='lat' dir='ltr'><strong>vel</strong></span> <span class='ocrx_word' id='word_1_479' title='bbox 3366 2161 3552 2216; x_wconf 84' lang='lat' dir='ltr'><strong>subri-</strong></span> 
     </span>
    </p>
   </div>
   <div class='ocr_carea' id='block_1_67' title="bbox 1975 2252 3550 2323">
    <p class='ocr_par' dir='ltr' id='par_1_67' title="bbox 1975 2252 3550 2323">
     <span class='ocr_line' id='line_1_67' title="bbox 1975 2252 3550 2323; baseline -0.003 -14"><span class='ocrx_word' id='word_1_480' title='bbox 1975 2255 2148 2323; x_wconf 81' lang='lat' dir='ltr'><strong>deret,</strong></span> <span class='ocrx_word' id='word_1_481' title='bbox 2200 2255 2429 2310; x_wconf 82' lang='lat' dir='ltr'><strong>Latinus</strong></span> <span class='ocrx_word' id='word_1_482' title='bbox 2480 2255 2827 2310; x_wconf 84' lang='lat' dir='ltr'><strong>irascebatur</strong></span> <span class='ocrx_word' id='word_1_483' title='bbox 2856 2255 3021 2310; x_wconf 86' lang='lat' dir='ltr'><strong>etiam</strong></span> <span class='ocrx_word' id='word_1_484' title='bbox 3083 2255 3435 2308; x_wconf 81' lang='lat' dir='ltr'><strong>vehementer</strong></span> <span class='ocrx_word' id='word_1_485' title='bbox 3466 2252 3550 2306; x_wconf 85' lang='lat' dir='ltr'><strong>illi</strong></span> 
     </span>
    </p>
   </div>
   <div class='ocr_carea' id='block_1_68' title="bbox 1976 2345 3552 2413">
    <p class='ocr_par' dir='ltr' id='par_1_68' title="bbox 1976 2345 3552 2413">
     <span class='ocr_line' id='line_1_68' title="bbox 1976 2345 3552 2413; baseline 0.002 -17"><span class='ocrx_word' id='word_1_486' title='bbox 1976 2347 2066 2413; x_wconf 89' lang='lat' dir='ltr'><strong>qui</strong></span> <span class='ocrx_word' id='word_1_487' title='bbox 2124 2345 2358 2400; x_wconf 85' lang='lat' dir='ltr'><strong>viderat.</strong></span> <span class='ocrx_word' id='word_1_488' title='bbox 2410 2345 2772 2402; x_wconf 71' lang='lat' dir='ltr'><strong>Existimabat</strong></span> <span class='ocrx_word' id='word_1_489' title='bbox 2823 2347 2994 2411; x_wconf 89' lang='lat' dir='ltr'><strong>enim,</strong></span> <span class='ocrx_word' id='word_1_490' title='bbox 3052 2355 3112 2400; x_wconf 89' lang='lat' dir='ltr'><strong>ut</strong></span> <span class='ocrx_word' id='word_1_491' title='bbox 3158 2345 3399 2410; x_wconf 89' lang='lat' dir='ltr'><strong>videtur,</strong></span> <span class='ocrx_word' id='word_1_492' title='bbox 3435 2345 3552 2399; x_wconf 84' lang='lat' dir='ltr'><strong>sive</strong></span> 
     </span>
    </p>
   </div>
   <div class='ocr_carea' id='block_1_69' title="bbox 1977 2436 3552 2502">
    <p class='ocr_par' dir='ltr' id='par_1_69' title="bbox 1977 2436 3552 2502">
     <span class='ocr_line' id='line_1_69' title="bbox 1977 2436 3552 2502; baseline -0.001 -12"><span class='ocrx_word' id='word_1_493' title='bbox 1977 2451 2078 2490; x_wconf 92' lang='lat' dir='ltr'><strong>nos</strong></span> <span class='ocrx_word' id='word_1_494' title='bbox 2142 2447 2296 2491; x_wconf 89' lang='lat' dir='ltr'><strong>actus</strong></span> <span class='ocrx_word' id='word_1_495' title='bbox 2334 2436 2652 2491; x_wconf 85' lang='lat' dir='ltr'><strong>Latinorum</strong></span> <span class='ocrx_word' id='word_1_496' title='bbox 2702 2437 2973 2502; x_wconf 88' lang='lat' dir='ltr'><strong>deridere,</strong></span> <span class='ocrx_word' id='word_1_497' title='bbox 3035 2437 3150 2492; x_wconf 85' lang='lat' dir='ltr'><strong>sive</strong></span> <span class='ocrx_word' id='word_1_498' title='bbox 3198 2438 3402 2491; x_wconf 88' lang='lat' dir='ltr'><strong>bonum</strong></span> <span class='ocrx_word' id='word_1_499' title='bbox 3454 2451 3552 2491; x_wconf 78' lang='lat' dir='ltr'><strong>ex-</strong></span> 
     </span>
    </p>
   </div>
   <div class='ocr_carea' id='block_1_70' title="bbox 1979 2527 3552 2598">
    <p class='ocr_par' dir='ltr' id='par_1_70' title="bbox 1979 2527 3552 2598">
     <span class='ocr_line' id='line_1_70' title="bbox 1979 2527 3552 2598; baseline 0.002 -17"><span class='ocrx_word' id='word_1_500' title='bbox 1979 2537 2291 2596; x_wconf 87' lang='lat' dir='ltr'><strong>spectantes</strong></span> <span class='ocrx_word' id='word_1_501' title='bbox 2315 2537 2375 2581; x_wconf 93' lang='lat' dir='ltr'><strong>ut</strong></span> <span class='ocrx_word' id='word_1_502' title='bbox 2423 2528 2564 2582; x_wconf 84' lang='lat' dir='ltr'><strong>malo</strong></span> <span class='ocrx_word' id='word_1_503' title='bbox 2592 2529 2919 2598; x_wconf 81' lang='lat' dir='ltr'><strong>gaudentes,</strong></span> <span class='ocrx_word' id='word_1_504' title='bbox 2963 2527 3082 2583; x_wconf 88' lang='lat' dir='ltr'><strong>sive</strong></span> <span class='ocrx_word' id='word_1_505' title='bbox 3136 2529 3355 2583; x_wconf 85' lang='lat' dir='ltr'><strong>tandem</strong></span> <span class='ocrx_word' id='word_1_506' title='bbox 3383 2529 3447 2584; x_wconf 88' lang='lat' dir='ltr'><strong>de</strong></span> <span class='ocrx_word' id='word_1_507' title='bbox 3484 2543 3552 2584; x_wconf 90' lang='lat' dir='ltr'><strong>co</strong></span> 
     </span>
    </p>
   </div>
   <div class='ocr_carea' id='block_1_71' title="bbox 1977 2617 3552 2690">
    <p class='ocr_par' dir='ltr' id='par_1_71' title="bbox 1977 2617 3552 2690">
     <span class='ocr_line' id='line_1_71' title="bbox 1977 2617 3552 2690; baseline 0.003 -18"><span class='ocrx_word' id='word_1_508' title='bbox 1977 2617 2218 2690; x_wconf 79' lang='lat' dir='ltr'><strong>gaudere</strong></span> <span class='ocrx_word' id='word_1_509' title='bbox 2283 2619 2429 2687; x_wconf 88' lang='lat' dir='ltr'><strong>quod</strong></span> <span class='ocrx_word' id='word_1_510' title='bbox 2481 2619 2666 2674; x_wconf 83' lang='lat' dir='ltr'><strong>hostes</strong></span> <span class='ocrx_word' id='word_1_511' title='bbox 2712 2619 2934 2675; x_wconf 87' lang='lat' dir='ltr'><strong>latebat.</strong></span> <span class='ocrx_word' id='word_1_512' title='bbox 2982 2620 3189 2688; x_wconf 74' lang='lat' dir='ltr'><strong>Digitos</strong></span> <span class='ocrx_word' id='word_1_513' title='bbox 3243 2620 3408 2690; x_wconf 80' lang='lat' dir='ltr'><strong>igitur</strong></span> <span class='ocrx_word' id='word_1_514' title='bbox 3455 2620 3552 2677; x_wconf 83' lang='lat' dir='ltr'><strong>ﬂe-</strong></span> 
     </span>
    </p>
   </div>
   <div class='ocr_carea' id='block_1_72' title="bbox 1981 2711 3548 2784">
    <p class='ocr_par' dir='ltr' id='par_1_72' title="bbox 1981 2711 3548 2784">
     <span class='ocr_line' id='line_1_72' title="bbox 1981 2711 3548 2784; baseline 0.004 -19"><span class='ocrx_word' id='word_1_515' title='bbox 1981 2713 2206 2766; x_wconf 86' lang='lat' dir='ltr'><strong>ctebant</strong></span> <span class='ocrx_word' id='word_1_516' title='bbox 2228 2711 2282 2766; x_wconf 92' lang='lat' dir='ltr'><strong>in</strong></span> <span class='ocrx_word' id='word_1_517' title='bbox 2303 2712 2522 2767; x_wconf 90' lang='lat' dir='ltr'><strong>modum</strong></span> <span class='ocrx_word' id='word_1_518' title='bbox 2551 2713 2810 2778; x_wconf 87' lang='lat' dir='ltr'><strong>tibicinis,</strong></span> <span class='ocrx_word' id='word_1_519' title='bbox 2833 2729 3165 2784; x_wconf 90' lang='lat' dir='ltr'><strong>manumque</strong></span> <span class='ocrx_word' id='word_1_520' title='bbox 3191 2716 3548 2771; x_wconf 85' lang='lat' dir='ltr'><strong>rotundantes</strong></span> 
     </span>
    </p>
   </div>
   <div class='ocr_carea' id='block_1_73' title="bbox 1979 2804 3545 2881">
    <p class='ocr_par' dir='ltr' id='par_1_73' title="bbox 1979 2804 3545 2881">
     <span class='ocr_line' id='line_1_73' title="bbox 1979 2804 3545 2881; baseline 0.004 -21"><span class='ocrx_word' id='word_1_521' title='bbox 1979 2804 2036 2860; x_wconf 85' lang='lat' dir='ltr'><strong>in</strong></span> <span class='ocrx_word' id='word_1_522' title='bbox 2100 2820 2389 2860; x_wconf 84' lang='lat' dir='ltr'><strong>numerum</strong></span> <span class='ocrx_word' id='word_1_523' title='bbox 2420 2808 2700 2876; x_wconf 76' lang='lat' dir='ltr'><strong>agitabant</strong></span> <span class='ocrx_word' id='word_1_524' title='bbox 2724 2808 2792 2864; x_wconf 82' lang='lat' dir='ltr'><strong>ad</strong></span> <span class='ocrx_word' id='word_1_525' title='bbox 2827 2823 3067 2878; x_wconf 78' lang='lat' dir='ltr'><strong>pugnum</strong></span> <span class='ocrx_word' id='word_1_526' title='bbox 3099 2809 3506 2881; x_wconf 83' lang='lat' dir='ltr'><strong>impingendum</strong></span> <span class='ocrx_word' id='word_1_527' title='bbox 3527 2829 3545 2866; x_wconf 86' lang='lat'><strong>:</strong></span> 
     </span>
    </p>
   </div>
   <div class='ocr_carea' id='block_1_74' title="bbox 1986 2895 3548 2972">
    <p class='ocr_par' dir='ltr' id='par_1_74' title="bbox 1986 2895 3548 2972">
     <span class='ocr_line' id='line_1_74' title="bbox 1986 2895 3548 2972; baseline 0.005 -26"><span class='ocrx_word' id='word_1_528' title='bbox 1986 2914 2005 2946; x_wconf 74' lang='grc' dir='ltr'><strong>ι</strong></span> <span class='ocrx_word' id='word_1_529' title='bbox 2075 2895 2186 2951; x_wconf 89' lang='lat' dir='ltr'><strong>Cur</strong></span> <span class='ocrx_word' id='word_1_530' title='bbox 2220 2897 2385 2960; x_wconf 86' lang='lat' dir='ltr'><strong>rides,</strong></span> <span class='ocrx_word' id='word_1_531' title='bbox 2431 2912 2465 2952; x_wconf 92' lang='grc' dir='ltr'><strong>ο</strong></span> <span class='ocrx_word' id='word_1_532' title='bbox 2504 2899 2758 2954; x_wconf 84' lang='lat' dir='ltr'><strong>diabole?</strong></span> <span class='ocrx_word' id='word_1_533' title='bbox 2809 2917 2829 2952; x_wconf 77' lang='grc' dir='ltr'><strong>ι</strong></span> <span class='ocrx_word' id='word_1_534' title='bbox 2889 2900 3286 2957; x_wconf 83' lang='lat' dir='ltr'><strong>balbutiebant.</strong></span> <span class='ocrx_word' id='word_1_535' title='bbox 3347 2900 3548 2972; x_wconf 76' lang='lat' dir='ltr'><strong>Sicque</strong></span> 
     </span>
    </p>
   </div>
   <div class='ocr_carea' id='block_1_75' title="bbox 1981 2990 3547 3064">
    <p class='ocr_par' dir='ltr' id='par_1_75' title="bbox 1981 2990 3547 3064">
     <span class='ocr_line' id='line_1_75' title="bbox 1981 2990 3547 3064; baseline 0.002 -21"><span class='ocrx_word' id='word_1_536' title='bbox 1981 2990 2334 3044; x_wconf 86' lang='lat' dir='ltr'><strong>serenitatem</strong></span> <span class='ocrx_word' id='word_1_537' title='bbox 2388 2990 2535 3046; x_wconf 70' lang='lat' dir='ltr'><strong>risus</strong></span> <span class='ocrx_word' id='word_1_538' title='bbox 2583 2991 2718 3047; x_wconf 90' lang='lat' dir='ltr'><strong>lenis</strong></span> <span class='ocrx_word' id='word_1_539' title='bbox 2771 2992 2824 3045; x_wconf 90' lang='lat' dir='ltr'><strong>in</strong></span> <span class='ocrx_word' id='word_1_540' title='bbox 2867 2992 3121 3047; x_wconf 87' lang='lat' dir='ltr'><strong>nebulam</strong></span> <span class='ocrx_word' id='word_1_541' title='bbox 3177 2993 3547 3064; x_wconf 82' lang='lat' dir='ltr'><strong>lacrymarum</strong></span> 
     </span>
    </p>
   </div>
   <div class='ocr_carea' id='block_1_76' title="bbox 1981 3083 3552 3151">
    <p class='ocr_par' dir='ltr' id='par_1_76' title="bbox 1981 3083 3552 3151">
     <span class='ocr_line' id='line_1_76' title="bbox 1981 3083 3552 3151; baseline 0.005 -17"><span class='ocrx_word' id='word_1_542' title='bbox 1981 3083 2400 3148; x_wconf 86' lang='lat' dir='ltr'><strong>convertebant,</strong></span> <span class='ocrx_word' id='word_1_543' title='bbox 2441 3085 2581 3148; x_wconf 87' lang='lat' dir='ltr'><strong>sive,</strong></span> <span class='ocrx_word' id='word_1_544' title='bbox 2654 3093 2716 3138; x_wconf 86' lang='lat' dir='ltr'><strong>ut</strong></span> <span class='ocrx_word' id='word_1_545' title='bbox 2760 3084 2922 3138; x_wconf 79' lang='lat' dir='ltr'><strong>aliter</strong></span> <span class='ocrx_word' id='word_1_546' title='bbox 2979 3085 3212 3151; x_wconf 82' lang='lat' dir='ltr'><strong>dicatur,</strong></span> <span class='ocrx_word' id='word_1_547' title='bbox 3282 3087 3552 3142; x_wconf 87' lang='lat' dir='ltr'><strong>ridentem</strong></span> 
     </span>
    </p>
   </div>
   <div class='ocr_carea' id='block_1_77' title="bbox 1985 3171 3420 3234">
    <p class='ocr_par' dir='ltr' id='par_1_77' title="bbox 1985 3171 3420 3234">
     <span class='ocr_line' id='line_1_77' title="bbox 1985 3171 3420 3234; baseline 0.006 -10"><span class='ocrx_word' id='word_1_548' title='bbox 1985 3171 2357 3228; x_wconf 85' lang='lat' dir='ltr'><strong>Democritum</strong></span> <span class='ocrx_word' id='word_1_549' title='bbox 2411 3177 2463 3230; x_wconf 90' lang='lat' dir='ltr'><strong>in</strong></span> <span class='ocrx_word' id='word_1_550' title='bbox 2505 3173 2842 3232; x_wconf 79' lang='lat' dir='ltr'><strong>Heraclitum</strong></span> <span class='ocrx_word' id='word_1_551' title='bbox 2865 3176 3082 3233; x_wconf 84' lang='lat' dir='ltr'><strong>ﬂentem</strong></span> <span class='ocrx_word' id='word_1_552' title='bbox 3115 3180 3420 3234; x_wconf 85' lang='lat' dir='ltr'><strong>mutabant.</strong></span> 
     </span>
    </p>
   </div>
   <div class='ocr_carea' id='block_1_78' title="bbox 2053 3355 3558 3428">
    <p class='ocr_par' dir='ltr' id='par_1_78' title="bbox 2053 3355 3558 3428">
     <span class='ocr_line' id='line_1_78' title="bbox 2053 3355 3558 3428; baseline 0.002 -17"><span class='ocrx_word' id='word_1_553' title='bbox 2053 3357 2175 3411; x_wconf 77' lang='grc'><strong>118.</strong></span> <span class='ocrx_word' id='word_1_554' title='bbox 2222 3355 2680 3412; x_wconf 84' lang='lat' dir='ltr'><strong>Vestimentorum</strong></span> <span class='ocrx_word' id='word_1_555' title='bbox 2730 3360 2886 3414; x_wconf 87' lang='lat' dir='ltr'><strong>sinus</strong></span> <span class='ocrx_word' id='word_1_556' title='bbox 2941 3359 3206 3414; x_wconf 83' lang='lat' dir='ltr'><strong>viatorum</strong></span> <span class='ocrx_word' id='word_1_557' title='bbox 3257 3359 3558 3428; x_wconf 70' lang='lat' dir='ltr'><strong>tangcbant</strong></span> 
     </span>
    </p>
   </div>
   <div class='ocr_carea' id='block_1_79' title="bbox 1980 3448 3556 3521">
    <p class='ocr_par' dir='ltr' id='par_1_79' title="bbox 1980 3448 3556 3521">
     <span class='ocr_line' id='line_1_79' title="bbox 1980 3448 3556 3521; baseline 0.003 -17"><span class='ocrx_word' id='word_1_558' title='bbox 1980 3448 2458 3518; x_wconf 84' lang='lat' dir='ltr'><strong>evacuabantque,</strong></span> <span class='ocrx_word' id='word_1_559' title='bbox 2504 3450 2549 3504; x_wconf 91' lang='lat' dir='ltr'><strong>si</strong></span> <span class='ocrx_word' id='word_1_560' title='bbox 2601 3449 2732 3520; x_wconf 92' lang='lat' dir='ltr'><strong>quid</strong></span> <span class='ocrx_word' id='word_1_561' title='bbox 2809 3450 2939 3505; x_wconf 89' lang='lat' dir='ltr'><strong>utile</strong></span> <span class='ocrx_word' id='word_1_562' title='bbox 3014 3459 3161 3504; x_wconf 81' lang='lat' dir='ltr'><strong>esset</strong></span> <span class='ocrx_word' id='word_1_563' title='bbox 3215 3450 3341 3504; x_wconf 87' lang='lat' dir='ltr'><strong>licet</strong></span> <span class='ocrx_word' id='word_1_564' title='bbox 3402 3448 3556 3521; x_wconf 80' lang='lat' dir='ltr'><strong>parvi</strong></span> 
     </span>
    </p>
   </div>
   <div class='ocr_carea' id='block_1_80' title="bbox 1984 3540 3554 3610">
    <p class='ocr_par' dir='ltr' id='par_1_80' title="bbox 1984 3540 3554 3610">
     <span class='ocr_line' id='line_1_80' title="bbox 1984 3540 3554 3610; baseline 0.001 -17"><span class='ocrx_word' id='word_1_565' title='bbox 1984 3541 2265 3593; x_wconf 87' lang='lat' dir='ltr'><strong>momenti.</strong></span> <span class='ocrx_word' id='word_1_566' title='bbox 2314 3540 2542 3594; x_wconf 80' lang='lat' dir='ltr'><strong>Curiose</strong></span> <span class='ocrx_word' id='word_1_567' title='bbox 2568 3541 2961 3595; x_wconf 86' lang='lat' dir='ltr'><strong>scrutabantur</strong></span> <span class='ocrx_word' id='word_1_568' title='bbox 2995 3555 3157 3594; x_wconf 85' lang='lat' dir='ltr'><strong>crura</strong></span> <span class='ocrx_word' id='word_1_569' title='bbox 3214 3555 3282 3594; x_wconf 91' lang='lat' dir='ltr'><strong>ne</strong></span> <span class='ocrx_word' id='word_1_570' title='bbox 3330 3541 3554 3610; x_wconf 88' lang='lat' dir='ltr'><strong>quando</strong></span> 
     </span>
    </p>
   </div>
   <div class='ocr_carea' id='block_1_81' title="bbox 1981 3629 3556 3702">
    <p class='ocr_par' dir='ltr' id='par_1_81' title="bbox 1981 3629 3556 3702">
     <span class='ocr_line' id='line_1_81' title="bbox 1981 3629 3556 3702; baseline 0.004 -20"><span class='ocrx_word' id='word_1_571' title='bbox 1981 3630 2240 3698; x_wconf 82' lang='lat' dir='ltr'><strong>penderet</strong></span> <span class='ocrx_word' id='word_1_572' title='bbox 2267 3629 2499 3698; x_wconf 82' lang='lat' dir='ltr'><strong>gladius.</strong></span> <span class='ocrx_word' id='word_1_573' title='bbox 2529 3629 2586 3685; x_wconf 90' lang='lat' dir='ltr'><strong>Si</strong></span> <span class='ocrx_word' id='word_1_574' title='bbox 2611 3632 2826 3698; x_wconf 88' lang='lat' dir='ltr'><strong>quando</strong></span> <span class='ocrx_word' id='word_1_575' title='bbox 2856 3631 3020 3700; x_wconf 73' lang='lat' dir='ltr'><strong>pugio</strong></span> <span class='ocrx_word' id='word_1_576' title='bbox 3047 3632 3556 3702; x_wconf 65' lang='lat' dir='ltr'><strong>quantuluscunque</strong></span> 
     </span>
    </p>
   </div>
   <div class='ocr_carea' id='block_1_82' title="bbox 1982 3718 3545 3790">
    <p class='ocr_par' dir='ltr' id='par_1_82' title="bbox 1982 3718 3545 3790">
     <span class='ocr_line' id='line_1_82' title="bbox 1982 3718 3545 3790; baseline 0.002 -17"><span class='ocrx_word' id='word_1_577' title='bbox 1982 3718 2337 3786; x_wconf 86' lang='lat' dir='ltr'><strong>inveniretur,</strong></span> <span class='ocrx_word' id='word_1_578' title='bbox 2376 3736 2530 3790; x_wconf 60' lang='lat' dir='ltr'><strong>genae</strong></span> <span class='ocrx_word' id='word_1_579' title='bbox 2545 3722 2765 3790; x_wconf 87' lang='lat' dir='ltr'><strong>quidem</strong></span> <span class='ocrx_word' id='word_1_580' title='bbox 2787 3723 3014 3778; x_wconf 81' lang='lat' dir='ltr'><strong>ferentis</strong></span> <span class='ocrx_word' id='word_1_581' title='bbox 3041 3723 3184 3778; x_wconf 91' lang='lat' dir='ltr'><strong>ictus</strong></span> <span class='ocrx_word' id='word_1_582' title='bbox 3215 3723 3545 3787; x_wconf 87' lang='lat' dir='ltr'><strong>sentiebant,</strong></span> 
     </span>
    </p>
   </div>
   <div class='ocr_carea' id='block_1_83' title="bbox 1981 3811 3557 3884">
    <p class='ocr_par' dir='ltr' id='par_1_83' title="bbox 1981 3811 3557 3884">
     <span class='ocr_line' id='line_1_83' title="bbox 1981 3811 3557 3884; baseline 0.002 -19"><span class='ocrx_word' id='word_1_583' title='bbox 1981 3811 2208 3866; x_wconf 90' lang='lat' dir='ltr'><strong>Latinus</strong></span> <span class='ocrx_word' id='word_1_584' title='bbox 2255 3827 2384 3866; x_wconf 90' lang='lat' dir='ltr'><strong>vero</strong></span> <span class='ocrx_word' id='word_1_585' title='bbox 2411 3813 2694 3882; x_wconf 79' lang='lat' dir='ltr'><strong>pugionem</strong></span> <span class='ocrx_word' id='word_1_586' title='bbox 2733 3815 2996 3884; x_wconf 83' lang='lat' dir='ltr'><strong>rapiebat.</strong></span> <span class='ocrx_word' id='word_1_587' title='bbox 3037 3813 3196 3881; x_wconf 84' lang='lat' dir='ltr'><strong>Quod</strong></span> <span class='ocrx_word' id='word_1_588' title='bbox 3241 3831 3369 3870; x_wconf 92' lang='lat' dir='ltr'><strong>vero</strong></span> <span class='ocrx_word' id='word_1_589' title='bbox 3420 3816 3557 3870; x_wconf 84' lang='lat' dir='ltr'><strong>dila-</strong></span> 
     </span>
    </p>
   </div>
   <div class='ocr_carea' id='block_1_84' title="bbox 1983 3903 3555 3962">
    <p class='ocr_par' dir='ltr' id='par_1_84' title="bbox 1983 3903 3555 3962">
     <span class='ocr_line' id='line_1_84' title="bbox 1983 3903 3555 3962; baseline 0.004 -6"><span class='ocrx_word' id='word_1_590' title='bbox 1983 3911 2225 3956; x_wconf 89' lang='lat' dir='ltr'><strong>ceratum</strong></span> <span class='ocrx_word' id='word_1_591' title='bbox 2267 3903 2500 3956; x_wconf 76' lang='lat' dir='ltr'><strong>fucrata</strong></span> <span class='ocrx_word' id='word_1_592' title='bbox 2527 3905 2686 3959; x_wconf 90' lang='lat' dir='ltr'><strong>nobis</strong></span> <span class='ocrx_word' id='word_1_593' title='bbox 2717 3906 2977 3961; x_wconf 84' lang='lat' dir='ltr'><strong>omnibus</strong></span> <span class='ocrx_word' id='word_1_594' title='bbox 3026 3905 3360 3962; x_wconf 86' lang='lat' dir='ltr'><strong>induendum</strong></span> <span class='ocrx_word' id='word_1_595' title='bbox 3413 3916 3555 3962; x_wconf 82' lang='lat' dir='ltr'><strong>erat.</strong></span> 
     </span>
    </p>
   </div>
   <div class='ocr_carea' id='block_1_85' title="bbox 1985 3993 3557 4068">
    <p class='ocr_par' dir='ltr' id='par_1_85' title="bbox 1985 3993 3557 4068">
     <span class='ocr_line' id='line_1_85' title="bbox 1985 3993 3557 4068; baseline 0.005 -22"><span class='ocrx_word' id='word_1_596' title='bbox 1985 3993 2041 4047; x_wconf 90' lang='lat' dir='ltr'><strong>Si</strong></span> <span class='ocrx_word' id='word_1_597' title='bbox 2059 4003 2238 4048; x_wconf 88' lang='lat' dir='ltr'><strong>autem</strong></span> <span class='ocrx_word' id='word_1_598' title='bbox 2261 3994 2457 4063; x_wconf 89' lang='lat' dir='ltr'><strong>aliquis</strong></span> <span class='ocrx_word' id='word_1_599' title='bbox 2480 3995 2742 4050; x_wconf 85' lang='lat' dir='ltr'><strong>induebat</strong></span> <span class='ocrx_word' id='word_1_600' title='bbox 2764 3997 3020 4066; x_wconf 89' lang='lat' dir='ltr'><strong>puritatis</strong></span> <span class='ocrx_word' id='word_1_601' title='bbox 3042 3999 3234 4068; x_wconf 74' lang='lat' dir='ltr'><strong>gratia,</strong></span> <span class='ocrx_word' id='word_1_602' title='bbox 3259 3998 3449 4054; x_wconf 89' lang='lat' dir='ltr'><strong>abillis</strong></span> <span class='ocrx_word' id='word_1_603' title='bbox 3463 3998 3557 4053; x_wconf 57' lang='lat' dir='ltr'><strong>da.</strong></span> 
     </span>
    </p>
   </div>
   <div class='ocr_carea' id='block_1_86' title="bbox 1984 4087 3448 4160">
    <p class='ocr_par' dir='ltr' id='par_1_86' title="bbox 1984 4087 3448 4160">
     <span class='ocr_line' id='line_1_86' title="bbox 1984 4087 3448 4160; baseline 0.003 -21"><span class='ocrx_word' id='word_1_604' title='bbox 1984 4087 2268 4140; x_wconf 83' lang='lat' dir='ltr'><strong>mnabatur</strong></span> <span class='ocrx_word' id='word_1_605' title='bbox 2286 4088 2376 4156; x_wconf 87' lang='lat' dir='ltr'><strong>qui</strong></span> <span class='ocrx_word' id='word_1_606' title='bbox 2399 4088 2676 4143; x_wconf 87' lang='lat' dir='ltr'><strong>nonhunc</strong></span> <span class='ocrx_word' id='word_1_607' title='bbox 2714 4088 2987 4144; x_wconf 89' lang='lat' dir='ltr'><strong>hominem</strong></span> <span class='ocrx_word' id='word_1_608' title='bbox 3027 4089 3448 4160; x_wconf 79' lang='lat' dir='ltr'><strong>despoliaverat.</strong></span> 
     </span>
    </p>
   </div>
   <div class='ocr_carea' id='block_1_87' title="bbox 2053 4264 3558 4336">
    <p class='ocr_par' dir='ltr' id='par_1_87' title="bbox 2053 4264 3558 4336">
     <span class='ocr_line' id='line_1_87' title="bbox 2053 4264 3558 4336; baseline 0.001 -16"><span class='ocrx_word' id='word_1_609' title='bbox 2053 4264 2176 4320; x_wconf 78' lang='lat' dir='ltr'><strong>H9.</strong></span> <span class='ocrx_word' id='word_1_610' title='bbox 2197 4265 2367 4319; x_wconf 78' lang='lat' dir='ltr'><strong>Athis</strong></span> <span class='ocrx_word' id='word_1_611' title='bbox 2391 4279 2499 4319; x_wconf 91' lang='lat' dir='ltr'><strong>non</strong></span> <span class='ocrx_word' id='word_1_612' title='bbox 2524 4267 2790 4332; x_wconf 75' lang='lat' dir='ltr'><strong>contenti,</strong></span> <span class='ocrx_word' id='word_1_613' title='bbox 2812 4266 3244 4336; x_wconf 74' lang='lat' dir='ltr'><strong>uniuscujusque</strong></span> <span class='ocrx_word' id='word_1_614' title='bbox 3269 4281 3332 4320; x_wconf 78' lang='lat' dir='ltr'><strong>ex</strong></span> <span class='ocrx_word' id='word_1_615' title='bbox 3355 4267 3558 4322; x_wconf 79' lang='lat' dir='ltr'><strong>nostris</strong></span> 
     </span>
    </p>
   </div>
   <div class='ocr_carea' id='block_1_88' title="bbox 1983 4355 3557 4429">
    <p class='ocr_par' dir='ltr' id='par_1_88' title="bbox 1983 4355 3557 4429">
     <span class='ocr_line' id='line_1_88' title="bbox 1983 4355 3557 4429; baseline 0.001 -19"><span class='ocrx_word' id='word_1_616' title='bbox 1983 4355 2145 4425; x_wconf 84' lang='lat' dir='ltr'><strong>capiti</strong></span> <span class='ocrx_word' id='word_1_617' title='bbox 2174 4356 2350 4408; x_wconf 88' lang='lat' dir='ltr'><strong>dicam</strong></span> <span class='ocrx_word' id='word_1_618' title='bbox 2381 4361 2691 4419; x_wconf 85' lang='lat' dir='ltr'><strong>movebant.</strong></span> <span class='ocrx_word' id='word_1_619' title='bbox 2719 4358 2910 4425; x_wconf 69' lang='lat' dir='ltr'><strong>aaquali</strong></span> <span class='ocrx_word' id='word_1_620' title='bbox 2945 4373 3168 4429; x_wconf 75' lang='lat' dir='ltr'><strong>pruisus</strong></span> <span class='ocrx_word' id='word_1_621' title='bbox 3198 4357 3324 4412; x_wconf 92' lang='lat' dir='ltr'><strong>odio</strong></span> <span class='ocrx_word' id='word_1_622' title='bbox 3350 4358 3557 4412; x_wconf 80' lang='lat' dir='ltr'><strong>haben-</strong></span> 
     </span>
    </p>
   </div>
   <div class='ocr_carea' id='block_1_89' title="bbox 1985 4447 3555 4519">
    <p class='ocr_par' dir='ltr' id='par_1_89' title="bbox 1985 4447 3555 4519">
     <span class='ocr_line' id='line_1_89' title="bbox 1985 4447 3555 4519; baseline 0.002 -20"><span class='ocrx_word' id='word_1_623' title='bbox 1985 4454 2060 4500; x_wconf 91' lang='lat' dir='ltr'><strong>tet</strong></span> <span class='ocrx_word' id='word_1_624' title='bbox 2087 4455 2140 4500; x_wconf 86' lang='lat' dir='ltr'><strong>et</strong></span> <span class='ocrx_word' id='word_1_625' title='bbox 2161 4462 2254 4502; x_wconf 86' lang='lat' dir='ltr'><strong>eos</strong></span> <span class='ocrx_word' id='word_1_626' title='bbox 2300 4447 2390 4517; x_wconf 91' lang='lat' dir='ltr'><strong>qui</strong></span> <span class='ocrx_word' id='word_1_627' title='bbox 2425 4447 2598 4518; x_wconf 81' lang='lat' dir='ltr'><strong>longis</strong></span> <span class='ocrx_word' id='word_1_628' title='bbox 2630 4451 2842 4519; x_wconf 85' lang='lat' dir='ltr'><strong>capillis</strong></span> <span class='ocrx_word' id='word_1_629' title='bbox 2876 4458 2929 4504; x_wconf 91' lang='lat' dir='ltr'><strong>et</strong></span> <span class='ocrx_word' id='word_1_630' title='bbox 2969 4463 3063 4504; x_wconf 92' lang='lat' dir='ltr'><strong>eos</strong></span> <span class='ocrx_word' id='word_1_631' title='bbox 3088 4449 3182 4518; x_wconf 90' lang='lat' dir='ltr'><strong>qui</strong></span> <span class='ocrx_word' id='word_1_632' title='bbox 3233 4448 3400 4503; x_wconf 86' lang='lat' dir='ltr'><strong>densa</strong></span> <span class='ocrx_word' id='word_1_633' title='bbox 3425 4449 3555 4502; x_wconf 88' lang='lat' dir='ltr'><strong>bar-</strong></span> 
     </span>
    </p>
   </div>
   <div class='ocr_carea' id='block_1_90' title="bbox 304 4537 1875 4636">
    <p class='ocr_par' dir='ltr' id='par_1_90' title="bbox 304 4538 1875 4612">
     <span class='ocr_line' id='line_1_90' title="bbox 304 4538 1875 4612; baseline -0.003 -16"><span class='ocrx_word' id='word_1_634' title='bbox 304 4544 472 4612; x_wconf 74' lang='grc' dir='ltr'>ἄνδρα</span> <span class='ocrx_word' id='word_1_635' title='bbox 508 4541 623 4594; x_wconf 76' lang='grc' dir='ltr'>εἴτε</span> <span class='ocrx_word' id='word_1_636' title='bbox 659 4543 755 4593; x_wconf 78' lang='grc' dir='ltr'>καὶ</span> <span class='ocrx_word' id='word_1_637' title='bbox 787 4541 952 4593; x_wconf 85' lang='grc' dir='ltr'>παῖδα</span> <span class='ocrx_word' id='word_1_638' title='bbox 980 4539 1150 4609; x_wconf 87' lang='grc' dir='ltr'>τύχης</span> <span class='ocrx_word' id='word_1_639' title='bbox 1177 4542 1274 4610; x_wconf 83' lang='grc' dir='ltr'>τῆς</span> <span class='ocrx_word' id='word_1_640' title='bbox 1297 4539 1516 4594; x_wconf 79' lang='grc' dir='ltr'>οἱασοῦν</span> <span class='ocrx_word' id='word_1_641' title='bbox 1550 4538 1624 4610; x_wconf 81' lang='grc' dir='ltr'>μὴ</span> <span class='ocrx_word' id='word_1_642' title='bbox 1651 4538 1875 4608; x_wconf 85' lang='grc' dir='ltr'>κουρίαν</span> 
     </span>
    </p>
   </div>
   <div class='ocr_carea' id='block_1_91' title="bbox 1982 4537 3558 4636">
    <p class='ocr_par' dir='ltr' id='par_1_91' title="bbox 1986 4537 3558 4609">
     <span class='ocr_line' id='line_1_91' title="bbox 1986 4537 3558 4609; baseline 0.001 -18"><span class='ocrx_word' id='word_1_643' title='bbox 1986 4537 2053 4591; x_wconf 90' lang='lat' dir='ltr'><strong>ba</strong></span> <span class='ocrx_word' id='word_1_644' title='bbox 2088 4538 2399 4594; x_wconf 88' lang='lat' dir='ltr'><strong>utebantur.</strong></span> <span class='ocrx_word' id='word_1_645' title='bbox 2435 4539 2550 4594; x_wconf 86' lang='lat' dir='ltr'><strong>Non</strong></span> <span class='ocrx_word' id='word_1_646' title='bbox 2597 4539 2783 4594; x_wconf 89' lang='lat' dir='ltr'><strong>videre</strong></span> <span class='ocrx_word' id='word_1_647' title='bbox 2826 4548 2944 4593; x_wconf 87' lang='lat' dir='ltr'><strong>erat</strong></span> <span class='ocrx_word' id='word_1_648' title='bbox 2974 4540 3148 4594; x_wconf 92' lang='lat' dir='ltr'><strong>virum</strong></span> <span class='ocrx_word' id='word_1_649' title='bbox 3178 4547 3270 4594; x_wconf 86' lang='lat' dir='ltr'><strong>aut</strong></span> <span class='ocrx_word' id='word_1_650' title='bbox 3328 4553 3558 4609; x_wconf 87' lang='lat' dir='ltr'><strong>puerum</strong></span> 
     </span>
    </p>
   </div>
   <div class='ocr_carea' id='block_1_92' title="bbox 308 4628 1878 4702">
    <p class='ocr_par' dir='ltr' id='par_1_92' title="bbox 308 4628 1878 4702">
     <span class='ocr_line' id='line_1_92' title="bbox 308 4628 1878 4702; baseline -0.001 -17"><span class='ocrx_word' id='word_1_651' title='bbox 308 4635 450 4686; x_wconf 80' lang='grc' dir='ltr'>κατὰ</span> <span class='ocrx_word' id='word_1_652' title='bbox 479 4633 708 4696; x_wconf 76' lang='grc' dir='ltr'>κύκλον,</span> <span class='ocrx_word' id='word_1_653' title='bbox 733 4633 894 4684; x_wconf 79' lang='grc' dir='ltr'>ὁποῖά</span> <span class='ocrx_word' id='word_1_654' title='bbox 921 4649 1004 4694; x_wconf 88' lang='grc' dir='ltr'><strong>τις</strong></span> <span class='ocrx_word' id='word_1_655' title='bbox 1028 4628 1185 4701; x_wconf 71' lang='grc' dir='ltr'>οἶμαι</span> <span class='ocrx_word' id='word_1_656' title='bbox 1213 4631 1306 4685; x_wconf 75' lang='grc' dir='ltr'>καὶ</span> <span class='ocrx_word' id='word_1_657' title='bbox 1334 4633 1367 4702; x_wconf 87' lang='grc' dir='ltr'><strong>ἡ</strong></span> <span class='ocrx_word' id='word_1_658' title='bbox 1401 4631 1878 4702; x_wconf 77' lang='grc' dir='ltr'>παροιμιαζομένη</span> 
     </span>
    </p>
   </div>
   <div class='ocr_carea' id='block_1_93' title="bbox 316 4721 1882 4793">
    <p class='ocr_par' dir='ltr' id='par_1_93' title="bbox 316 4721 1882 4793">
     <span class='ocr_line' id='line_1_93' title="bbox 316 4721 1882 4793; baseline -0.002 -16"><span class='ocrx_word' id='word_1_659' title='bbox 316 4723 631 4793; x_wconf 72' lang='grc' dir='ltr'>Ἐκτὸρειος</span> <span class='ocrx_word' id='word_1_660' title='bbox 671 4723 867 4791; x_wconf 73' lang='grc' dir='ltr'>κουρά,</span> <span class='ocrx_word' id='word_1_661' title='bbox 911 4723 1011 4775; x_wconf 78' lang='grc' dir='ltr'>εἶτ’</span> <span class='ocrx_word' id='word_1_662' title='bbox 1039 4722 1130 4775; x_wconf 76' lang='grc' dir='ltr'><strong>οὖν</strong></span> <span class='ocrx_word' id='word_1_663' title='bbox 1160 4724 1193 4792; x_wconf 87' lang='grc' dir='ltr'><strong>ἡ</strong></span> <span class='ocrx_word' id='word_1_664' title='bbox 1225 4725 1366 4775; x_wconf 81' lang='grc' dir='ltr'>κατὰ</span> <span class='ocrx_word' id='word_1_665' title='bbox 1400 4723 1582 4792; x_wconf 84' lang='grc' dir='ltr'>Θησέα</span> <span class='ocrx_word' id='word_1_666' title='bbox 1608 4721 1677 4774; x_wconf 83' lang='grc' dir='ltr'>τὰ</span> <span class='ocrx_word' id='word_1_667' title='bbox 1711 4721 1882 4792; x_wconf 89' lang='grc' dir='ltr'>πρόσ-</span> 
     </span>
    </p>
   </div>
   <div class='ocr_carea' id='block_1_94' title="bbox 309 4810 1884 4884">
    <p class='ocr_par' dir='ltr' id='par_1_94' title="bbox 309 4810 1884 4884">
     <span class='ocr_line' id='line_1_94' title="bbox 309 4810 1884 4884; baseline -0.001 -17"><span class='ocrx_word' id='word_1_668' title='bbox 309 4815 418 4867; x_wconf 86' lang='grc' dir='ltr'>θια·</span> <span class='ocrx_word' id='word_1_669' title='bbox 450 4814 528 4878; x_wconf 81' lang='grc' dir='ltr'><strong>ὡς</strong></span> <span class='ocrx_word' id='word_1_670' title='bbox 562 4813 686 4866; x_wconf 85' lang='grc' dir='ltr'>τότε</span> <span class='ocrx_word' id='word_1_671' title='bbox 731 4813 1012 4867; x_wconf 83' lang='grc' dir='ltr'>ἀντίθετον</span> <span class='ocrx_word' id='word_1_672' title='bbox 1053 4813 1267 4884; x_wconf 86' lang='grc' dir='ltr'>βαθεῖαι</span> <span class='ocrx_word' id='word_1_673' title='bbox 1297 4810 1438 4884; x_wconf 83' lang='grc' dir='ltr'>ἦσαν</span> <span class='ocrx_word' id='word_1_674' title='bbox 1486 4815 1542 4868; x_wconf 78' lang='grc' dir='ltr'>αἱ</span> <span class='ocrx_word' id='word_1_675' title='bbox 1599 4813 1766 4869; x_wconf 87' lang='grc' dir='ltr'>πάλαι</span> <span class='ocrx_word' id='word_1_676' title='bbox 1793 4814 1884 4866; x_wconf 78' lang='grc' dir='ltr'><strong>κό-</strong></span> 
     </span>
    </p>
   </div>
   <div class='ocr_carea' id='block_1_95' title="bbox 313 4904 1883 4975">
    <p class='ocr_par' dir='ltr' id='par_1_95' title="bbox 313 4904 1883 4975">
     <span class='ocr_line' id='line_1_95' title="bbox 313 4904 1883 4975; baseline -0.001 -18"><span class='ocrx_word' id='word_1_677' title='bbox 313 4923 407 4975; x_wconf 82' lang='grc' dir='ltr'><strong>μαι</strong></span> <span class='ocrx_word' id='word_1_678' title='bbox 436 4905 586 4959; x_wconf 75' lang='grc' dir='ltr'>κατὰ</span> <span class='ocrx_word' id='word_1_679' title='bbox 621 4908 747 4966; x_wconf 65' lang='grc' dir='ltr'>τοὺς</span> <span class='ocrx_word' id='word_1_680' title='bbox 783 4904 1081 4968; x_wconf 71' lang='grc' dir='ltr'>Ἄϐαντας,</span> <span class='ocrx_word' id='word_1_681' title='bbox 1132 4904 1228 4958; x_wconf 80' lang='grc' dir='ltr'>καὶ</span> <span class='ocrx_word' id='word_1_682' title='bbox 1279 4905 1338 4957; x_wconf 89' lang='grc' dir='ltr'><strong>ού</strong></span> <span class='ocrx_word' id='word_1_683' title='bbox 1375 4907 1517 4958; x_wconf 73' lang='grc' dir='ltr'>κατὰ</span> <span class='ocrx_word' id='word_1_684' title='bbox 1552 4905 1680 4969; x_wconf 81' lang='grc' dir='ltr'>τοὺς</span> <span class='ocrx_word' id='word_1_685' title='bbox 1721 4907 1883 4959; x_wconf 88' lang='grc' dir='ltr'>Λατί-</span> 
     </span>
    </p>
   </div>
   <div class='ocr_carea' id='block_1_96' title="bbox 309 4995 1881 5066">
    <p class='ocr_par' dir='ltr' id='par_1_96' title="bbox 309 4995 1881 5066">
     <span class='ocr_line' id='line_1_96' title="bbox 309 4995 1881 5066; baseline 0.003 -19"><span class='ocrx_word' id='word_1_686' title='bbox 309 5013 428 5058; x_wconf 77' lang='grc' dir='ltr'>νους</span> <span class='ocrx_word' id='word_1_687' title='bbox 483 4996 746 5060; x_wconf 77' lang='grc' dir='ltr'>τούτους,</span> <span class='ocrx_word' id='word_1_688' title='bbox 807 4995 1047 5050; x_wconf 87' lang='grc' dir='ltr'>κύκλωθι</span> <span class='ocrx_word' id='word_1_689' title='bbox 1101 4997 1361 5066; x_wconf 80' lang='grc' dir='ltr'>τροχαλαὶ</span> <span class='ocrx_word' id='word_1_690' title='bbox 1389 5037 1403 5062; x_wconf 86' lang='grc'><strong>,</strong></span> <span class='ocrx_word' id='word_1_691' title='bbox 1444 4999 1539 5050; x_wconf 74' lang='grc' dir='ltr'>καὶ</span> <span class='ocrx_word' id='word_1_692' title='bbox 1587 4997 1662 5061; x_wconf 86' lang='grc' dir='ltr'>ὡς</span> <span class='ocrx_word' id='word_1_693' title='bbox 1706 4999 1881 5052; x_wconf 76' lang='grc' dir='ltr'>εἰπεῖν</span> 
     </span>
    </p>
   </div>
   <div class='ocr_carea' id='block_1_97' title="bbox 309 5085 1882 5158">
    <p class='ocr_par' dir='ltr' id='par_1_97' title="bbox 309 5085 1882 5158">
     <span class='ocr_line' id='line_1_97' title="bbox 309 5085 1882 5158; baseline 0.003 -22"><span class='ocrx_word' id='word_1_694' title='bbox 309 5086 632 5154; x_wconf 69' lang='grc' dir='ltr'>ἀκρόκομοι.</span> <span class='ocrx_word' id='word_1_695' title='bbox 667 5086 780 5138; x_wconf 86' lang='lat' dir='ltr'><strong>Kal</strong></span> <span class='ocrx_word' id='word_1_696' title='bbox 811 5085 1079 5156; x_wconf 86' lang='grc' dir='ltr'>ύπούργει</span> <span class='ocrx_word' id='word_1_697' title='bbox 1110 5087 1247 5155; x_wconf 71' lang='grc' dir='ltr'>πρὸς</span> <span class='ocrx_word' id='word_1_698' title='bbox 1286 5086 1456 5138; x_wconf 79' lang='grc' dir='ltr'>ταῦτα</span> <span class='ocrx_word' id='word_1_699' title='bbox 1492 5088 1604 5150; x_wconf 81' lang='grc' dir='ltr'>τοῖς</span> <span class='ocrx_word' id='word_1_700' title='bbox 1634 5087 1743 5140; x_wconf 87' lang='grc' dir='ltr'>τῶν</span> <span class='ocrx_word' id='word_1_701' title='bbox 1768 5106 1882 5158; x_wconf 88' lang='grc' dir='ltr'>τρι-</span> 
     </span>
    </p>
   </div>
   <div class='ocr_carea' id='block_1_98' title="bbox 310 5176 1881 5250">
    <p class='ocr_par' dir='ltr' id='par_1_98' title="bbox 310 5176 1881 5250">
     <span class='ocr_line' id='line_1_98' title="bbox 310 5176 1881 5250; baseline 0.005 -24"><span class='ocrx_word' id='word_1_702' title='bbox 310 5179 418 5245; x_wconf 83' lang='grc' dir='ltr'><strong>χῶν</strong></span> <span class='ocrx_word' id='word_1_703' title='bbox 467 5177 825 5246; x_wconf 76' lang='grc' dir='ltr'>ἐπιστρόφοις</span> <span class='ocrx_word' id='word_1_704' title='bbox 876 5178 1124 5241; x_wconf 86' lang='grc' dir='ltr'>Λατίνοις</span> <span class='ocrx_word' id='word_1_705' title='bbox 1164 5180 1244 5246; x_wconf 83' lang='grc' dir='ltr'><strong>πῆ</strong></span> <span class='ocrx_word' id='word_1_706' title='bbox 1299 5180 1398 5248; x_wconf 85' lang='grc' dir='ltr'>μὲν</span> <span class='ocrx_word' id='word_1_707' title='bbox 1445 5176 1625 5250; x_wconf 77' lang='grc' dir='ltr'>ξυρὺς,</span> <span class='ocrx_word' id='word_1_708' title='bbox 1691 5181 1766 5249; x_wconf 77' lang='grc' dir='ltr'>πῆ</span> <span class='ocrx_word' id='word_1_709' title='bbox 1825 5180 1881 5235; x_wconf 80' lang='grc' dir='ltr'>δὲ</span> 
     </span>
    </p>
   </div>
   <div class='ocr_carea' id='block_1_99' title="bbox 313 5268 1876 5340">
    <p class='ocr_par' dir='ltr' id='par_1_99' title="bbox 313 5268 1876 5340">
     <span class='ocr_line' id='line_1_99' title="bbox 313 5268 1876 5340; baseline 0.002 -21"><span class='ocrx_word' id='word_1_710' title='bbox 313 5271 558 5338; x_wconf 80' lang='grc' dir='ltr'>μάχαιρα</span> <span class='ocrx_word' id='word_1_711' title='bbox 583 5284 598 5298; x_wconf 75' lang='grc'><strong><em>⁸</em></strong></span> <span class='ocrx_word' id='word_1_712' title='bbox 629 5270 740 5330; x_wconf 79' lang='grc' dir='ltr'>τοῖς</span> <span class='ocrx_word' id='word_1_713' title='bbox 779 5268 832 5321; x_wconf 79' lang='grc' dir='ltr'>δὲ</span> <span class='ocrx_word' id='word_1_714' title='bbox 883 5268 1237 5340; x_wconf 79' lang='grc' dir='ltr'>θερμοτέροις</span> <span class='ocrx_word' id='word_1_715' title='bbox 1296 5270 1390 5323; x_wconf 76' lang='grc' dir='ltr'>καὶ</span> <span class='ocrx_word' id='word_1_716' title='bbox 1430 5270 1600 5338; x_wconf 78' lang='grc' dir='ltr'>ξίφος.</span> <span class='ocrx_word' id='word_1_717' title='bbox 1638 5271 1750 5323; x_wconf 83' lang='lat' dir='ltr'><strong>Kal</strong></span> <span class='ocrx_word' id='word_1_718' title='bbox 1782 5271 1876 5322; x_wconf 78' lang='grc' dir='ltr'>αύ·</span> 
     </span>
    </p>
   </div>
   <div class='ocr_carea' id='block_1_100' title="bbox 310 5359 1880 5430">
    <p class='ocr_par' dir='ltr' id='par_1_100' title="bbox 310 5359 1880 5430">
     <span class='ocr_line' id='line_1_100' title="bbox 310 5359 1880 5430; baseline 0.001 -20"><span class='ocrx_word' id='word_1_719' title='bbox 310 5362 435 5412; x_wconf 83' lang='grc' dir='ltr'>τίκα</span> <span class='ocrx_word' id='word_1_720' title='bbox 476 5361 573 5411; x_wconf 74' lang='grc' dir='ltr'>καὶ</span> <span class='ocrx_word' id='word_1_721' title='bbox 615 5360 644 5410; x_wconf 82' lang='grc' dir='ltr'><strong>ὁ</strong></span> <span class='ocrx_word' id='word_1_722' title='bbox 691 5359 890 5426; x_wconf 77' lang='grc' dir='ltr'>πώγων</span> <span class='ocrx_word' id='word_1_723' title='bbox 925 5359 1266 5428; x_wconf 78' lang='grc' dir='ltr'>ηλαφρύνετο</span> <span class='ocrx_word' id='word_1_724' title='bbox 1301 5360 1378 5430; x_wconf 71' lang='grc' dir='ltr'><strong>τῷ</strong></span> <span class='ocrx_word' id='word_1_725' title='bbox 1403 5359 1544 5412; x_wconf 77' lang='grc' dir='ltr'>οὕτω</span> <span class='ocrx_word' id='word_1_726' title='bbox 1568 5361 1880 5430; x_wconf 79' lang='grc' dir='ltr'>κειραμένῳ</span> 
     </span>
    </p>
   </div>
   <div class='ocr_carea' id='block_1_101' title="bbox 314 5445 1880 5522">
    <p class='ocr_par' dir='ltr' id='par_1_101' title="bbox 314 5445 1880 5522">
     <span class='ocr_line' id='line_1_101' title="bbox 314 5445 1880 5522; baseline 0.003 -22"><span class='ocrx_word' id='word_1_727' title='bbox 314 5449 485 5518; x_wconf 81' lang='grc' dir='ltr'>ἀνδρί.</span> <span class='ocrx_word' id='word_1_728' title='bbox 517 5450 630 5501; x_wconf 83' lang='grc' dir='ltr'><strong>Καὶ</strong></span> <span class='ocrx_word' id='word_1_729' title='bbox 670 5445 737 5519; x_wconf 73' lang='grc' dir='ltr'>ἦν</span> <span class='ocrx_word' id='word_1_730' title='bbox 764 5450 944 5521; x_wconf 84' lang='grc' dir='ltr'>πάντη</span> <span class='ocrx_word' id='word_1_731' title='bbox 971 5451 1197 5504; x_wconf 87' lang='grc' dir='ltr'>σπάνιον</span> <span class='ocrx_word' id='word_1_732' title='bbox 1229 5451 1355 5505; x_wconf 80' lang='grc' dir='ltr'>ἰδεῖν</span> <span class='ocrx_word' id='word_1_733' title='bbox 1386 5453 1556 5522; x_wconf 77' lang='grc' dir='ltr'>ἄνδρα</span> <span class='ocrx_word' id='word_1_734' title='bbox 1607 5451 1880 5520; x_wconf 83' lang='grc' dir='ltr'>Ῥωμαῖον</span> 
     </span>
    </p>
   </div>
   <div class='ocr_carea' id='block_1_102' title="bbox 315 5537 1881 5613">
    <p class='ocr_par' dir='ltr' id='par_1_102' title="bbox 315 5537 1881 5613">
     <span class='ocr_line' id='line_1_102' title="bbox 315 5537 1881 5613; baseline 0.002 -22"><span class='ocrx_word' id='word_1_735' title='bbox 315 5541 498 5609; x_wconf 78' lang='grc' dir='ltr'>ἄρτιον</span> <span class='ocrx_word' id='word_1_736' title='bbox 533 5541 633 5611; x_wconf 80' lang='grc' dir='ltr'>τὴν</span> <span class='ocrx_word' id='word_1_737' title='bbox 666 5542 925 5610; x_wconf 67' lang='grc' dir='ltr'>κεφαλήν.</span> <span class='ocrx_word' id='word_1_738' title='bbox 960 5537 1118 5611; x_wconf 74' lang='grc' dir='ltr'>Εἶχον</span> <span class='ocrx_word' id='word_1_739' title='bbox 1144 5543 1248 5613; x_wconf 79' lang='grc' dir='ltr'><strong>γὰρ</strong></span> <span class='ocrx_word' id='word_1_740' title='bbox 1285 5543 1554 5596; x_wconf 84' lang='grc' dir='ltr'>ἀνάπαλιν</span> <span class='ocrx_word' id='word_1_741' title='bbox 1584 5543 1680 5613; x_wconf 78' lang='grc' dir='ltr'><strong>τῴο</strong></span> <span class='ocrx_word' id='word_1_742' title='bbox 1710 5563 1727 5594; x_wconf 84' lang='grc' dir='ltr'><strong>ι</strong></span> <span class='ocrx_word' id='word_1_743' title='bbox 1748 5543 1881 5613; x_wconf 71' lang='grc' dir='ltr'><strong>Θρὶξ</strong></span> 
     </span>
    </p>
   </div>
   <div class='ocr_carea' id='block_1_103' title="bbox 311 5632 1876 5707">
    <p class='ocr_par' dir='ltr' id='par_1_103' title="bbox 311 5632 1876 5707">
     <span class='ocr_line' id='line_1_103' title="bbox 311 5632 1876 5707; baseline 0.004 -25"><span class='ocrx_word' id='word_1_744' title='bbox 311 5632 370 5682; x_wconf 77' lang='grc' dir='ltr'><strong>ἐκ</strong></span> <span class='ocrx_word' id='word_1_745' title='bbox 392 5632 489 5700; x_wconf 80' lang='grc' dir='ltr'>τῆς</span> <span class='ocrx_word' id='word_1_746' title='bbox 513 5634 758 5703; x_wconf 75' lang='grc' dir='ltr'>κεφαλῆς</span> <span class='ocrx_word' id='word_1_747' title='bbox 777 5634 934 5703; x_wconf 78' lang='grc' dir='ltr'><strong>ἡμῶν</strong></span> <span class='ocrx_word' id='word_1_748' title='bbox 955 5635 1016 5688; x_wconf 87' lang='grc' dir='ltr'><strong>ού</strong></span> <span class='ocrx_word' id='word_1_749' title='bbox 1044 5637 1118 5704; x_wconf 82' lang='grc' dir='ltr'>μὴ</span> <span class='ocrx_word' id='word_1_750' title='bbox 1141 5635 1436 5689; x_wconf 78' lang='grc' dir='ltr'>ἀπόλλυται</span> <span class='ocrx_word' id='word_1_751' title='bbox 1458 5634 1841 5707; x_wconf 72' lang='grc' dir='ltr'>[ἅπολεῖται9].</span> <span class='ocrx_word' id='word_1_752' title='bbox 1859 5655 1876 5687; x_wconf 81' lang='grc' dir='ltr'><strong>ι</strong></span> 
     </span>
    </p>
   </div>
   <div class='ocr_carea' id='block_1_104' title="bbox 321 5722 1884 5798">
    <p class='ocr_par' dir='ltr' id='par_1_104' title="bbox 321 5722 1884 5798">
     <span class='ocr_line' id='line_1_104' title="bbox 321 5722 1884 5798; baseline 0.003 -25"><span class='ocrx_word' id='word_1_753' title='bbox 321 5722 384 5774; x_wconf 76' lang='grc' dir='ltr'><strong>Ἠ</strong></span> <span class='ocrx_word' id='word_1_754' title='bbox 424 5725 534 5792; x_wconf 77' lang='grc' dir='ltr'><strong>γὰρ</strong></span> <span class='ocrx_word' id='word_1_755' title='bbox 586 5723 757 5794; x_wconf 83' lang='grc' dir='ltr'>πολλὴ</span> <span class='ocrx_word' id='word_1_756' title='bbox 803 5723 1071 5793; x_wconf 82' lang='grc' dir='ltr'>ἁμαρτία,</span> <span class='ocrx_word' id='word_1_757' title='bbox 1102 5725 1168 5778; x_wconf 83' lang='grc' dir='ltr'>δι’</span> <span class='ocrx_word' id='word_1_758' title='bbox 1214 5726 1282 5796; x_wconf 84' lang='grc' dir='ltr'><strong>ἢν</strong></span> <span class='ocrx_word' id='word_1_759' title='bbox 1315 5727 1410 5780; x_wconf 77' lang='lat' dir='ltr'><strong>xal</strong></span> <span class='ocrx_word' id='word_1_760' title='bbox 1440 5726 1584 5798; x_wconf 75' lang='grc' dir='ltr'>πρωῒ</span> <span class='ocrx_word' id='word_1_761' title='bbox 1629 5743 1884 5794; x_wconf 80' lang='grc' dir='ltr'>πεποινη-</span> 
     </span>
    </p>
   </div>
   <div class='ocr_carea' id='block_1_105' title="bbox 311 5814 1880 5888">
    <p class='ocr_par' dir='ltr' id='par_1_105' title="bbox 311 5814 1880 5888">
     <span class='ocr_line' id='line_1_105' title="bbox 311 5814 1880 5888; baseline -0.011 -2"><span class='ocrx_word' id='word_1_762' title='bbox 311 5814 609 5886; x_wconf 68' lang='grc' dir='ltr'>λειτήμεθα,</span> <span class='ocrx_word' id='word_1_763' title='bbox 646 5816 787 5887; x_wconf 78' lang='grc' dir='ltr'><strong>κατᾲ</strong></span> <span class='ocrx_word' id='word_1_764' title='bbox 816 5817 911 5871; x_wconf 81' lang='grc' dir='ltr'>τὸν</span> <span class='ocrx_word' id='word_1_765' title='bbox 956 5818 1290 5888; x_wconf 81' lang='grc' dir='ltr'>αύχήσαντα,</span> <span class='ocrx_word' id='word_1_766' title='bbox 1324 5820 1389 5874; x_wconf 80' lang='grc' dir='ltr'>τὰ</span> <span class='ocrx_word' id='word_1_767' title='bbox 1431 5822 1509 5883; x_wconf 81' lang='grc' dir='ltr'>εἰς</span> <span class='ocrx_word' id='word_1_768' title='bbox 1545 5820 1637 5882; x_wconf 71' lang='grc' dir='ltr'><strong>τὰς</strong></span> <span class='ocrx_word' id='word_1_769' title='bbox 1671 5819 1880 5888; x_wconf 64' lang='grc' dir='ltr'>πρωῖας</span> 
     </span>
    </p>
   </div>
   <div class='ocr_carea' id='block_1_106' title="bbox 1987 4632 3556 4700">
    <p class='ocr_par' dir='ltr' id='par_1_106' title="bbox 1987 4632 3556 4700">
     <span class='ocr_line' id='line_1_106' title="bbox 1987 4632 3556 4700; baseline 0 -18"><span class='ocrx_word' id='word_1_770' title='bbox 1987 4643 2370 4700; x_wconf 86' lang='lat' dir='ltr'><strong>quemcunque</strong></span> <span class='ocrx_word' id='word_1_771' title='bbox 2403 4646 2512 4686; x_wconf 91' lang='lat' dir='ltr'><strong>non</strong></span> <span class='ocrx_word' id='word_1_772' title='bbox 2574 4632 2860 4686; x_wconf 83' lang='lat' dir='ltr'><strong>habentem</strong></span> <span class='ocrx_word' id='word_1_773' title='bbox 2898 4640 3178 4686; x_wconf 86' lang='lat' dir='ltr'><strong>tonsuram</strong></span> <span class='ocrx_word' id='word_1_774' title='bbox 3241 4632 3556 4696; x_wconf 89' lang='lat' dir='ltr'><strong>rotundam,</strong></span> 
     </span>
    </p>
   </div>
   <div class='ocr_carea' id='block_1_107' title="bbox 1985 4721 3561 4793">
    <p class='ocr_par' dir='ltr' id='par_1_107' title="bbox 1985 4721 3561 4793">
     <span class='ocr_line' id='line_1_107' title="bbox 1985 4721 3561 4793; baseline 0.004 -22"><span class='ocrx_word' id='word_1_775' title='bbox 1985 4721 2163 4790; x_wconf 88' lang='lat' dir='ltr'><strong>qualis</strong></span> <span class='ocrx_word' id='word_1_776' title='bbox 2210 4732 2345 4788; x_wconf 87' lang='lat' dir='ltr'><strong>erat,</strong></span> <span class='ocrx_word' id='word_1_777' title='bbox 2401 4732 2552 4791; x_wconf 89' lang='lat' dir='ltr'><strong>puto,</strong></span> <span class='ocrx_word' id='word_1_778' title='bbox 2593 4730 2818 4777; x_wconf 88' lang='lat' dir='ltr'><strong>tonsura</strong></span> <span class='ocrx_word' id='word_1_779' title='bbox 2872 4738 2992 4793; x_wconf 81' lang='lat' dir='ltr'><strong>quae</strong></span> <span class='ocrx_word' id='word_1_780' title='bbox 3027 4727 3078 4776; x_wconf 92' lang='lat' dir='ltr'><strong>in</strong></span> <span class='ocrx_word' id='word_1_781' title='bbox 3127 4722 3411 4792; x_wconf 88' lang='lat' dir='ltr'><strong>proverbio</strong></span> <span class='ocrx_word' id='word_1_782' title='bbox 3451 4721 3561 4778; x_wconf 87' lang='lat' dir='ltr'><strong>He-</strong></span> 
     </span>
    </p>
   </div>
   <div class='ocr_carea' id='block_1_108' title="bbox 1987 4817 3562 4888">
    <p class='ocr_par' dir='ltr' id='par_1_108' title="bbox 1987 4817 3562 4888">
     <span class='ocr_line' id='line_1_108' title="bbox 1987 4817 3562 4888; baseline 0.003 -20"><span class='ocrx_word' id='word_1_783' title='bbox 1987 4823 2193 4881; x_wconf 87' lang='lat' dir='ltr'><strong>ctorea,</strong></span> <span class='ocrx_word' id='word_1_784' title='bbox 2231 4826 2455 4872; x_wconf 83' lang='lat' dir='ltr'><strong>tonsura</strong></span> <span class='ocrx_word' id='word_1_785' title='bbox 2487 4819 2665 4874; x_wconf 87' lang='lat' dir='ltr'><strong>antica</strong></span> <span class='ocrx_word' id='word_1_786' title='bbox 2697 4817 2890 4874; x_wconf 85' lang='lat' dir='ltr'><strong>Thesei</strong></span> <span class='ocrx_word' id='word_1_787' title='bbox 2927 4835 2942 4873; x_wconf 87' lang='lat'><strong>:</strong></span> <span class='ocrx_word' id='word_1_788' title='bbox 2976 4829 3105 4873; x_wconf 87' lang='lat' dir='ltr'><strong>tunc</strong></span> <span class='ocrx_word' id='word_1_789' title='bbox 3135 4818 3292 4888; x_wconf 86' lang='lat' dir='ltr'><strong>quasi</strong></span> <span class='ocrx_word' id='word_1_790' title='bbox 3337 4833 3404 4873; x_wconf 76' lang='lat' dir='ltr'><strong>ex</strong></span> <span class='ocrx_word' id='word_1_791' title='bbox 3461 4832 3562 4872; x_wconf 86' lang='lat' dir='ltr'><strong>an-</strong></span> 
     </span>
    </p>
   </div>
   <div class='ocr_carea' id='block_1_109' title="bbox 1987 4903 3557 4976">
    <p class='ocr_par' dir='ltr' id='par_1_109' title="bbox 1987 4903 3557 4976">
     <span class='ocr_line' id='line_1_109' title="bbox 1987 4903 3557 4976; baseline 0.003 -22"><span class='ocrx_word' id='word_1_792' title='bbox 1987 4903 2172 4958; x_wconf 86' lang='lat' dir='ltr'><strong>tithesi</strong></span> <span class='ocrx_word' id='word_1_793' title='bbox 2223 4904 2403 4958; x_wconf 70' lang='lat' dir='ltr'><strong>densa:</strong></span> <span class='ocrx_word' id='word_1_794' title='bbox 2455 4914 2612 4959; x_wconf 90' lang='lat' dir='ltr'><strong>erant</strong></span> <span class='ocrx_word' id='word_1_795' title='bbox 2660 4921 2726 4960; x_wconf 81' lang='lat' dir='ltr'><strong>ex</strong></span> <span class='ocrx_word' id='word_1_796' title='bbox 2772 4907 2931 4976; x_wconf 76' lang='lat' dir='ltr'><strong>longo</strong></span> <span class='ocrx_word' id='word_1_797' title='bbox 2986 4921 3152 4961; x_wconf 72' lang='lat' dir='ltr'><strong>coma:</strong></span> <span class='ocrx_word' id='word_1_798' title='bbox 3200 4906 3557 4971; x_wconf 81' lang='lat' dir='ltr'><strong>Abantarum,</strong></span> 
     </span>
    </p>
   </div>
   <div class='ocr_carea' id='block_1_110' title="bbox 1986 4995 3554 5068">
    <p class='ocr_par' dir='ltr' id='par_1_110' title="bbox 1986 4995 3554 5068">
     <span class='ocr_line' id='line_1_110' title="bbox 1986 4995 3554 5068; baseline 0.003 -20"><span class='ocrx_word' id='word_1_799' title='bbox 1986 5010 2095 5048; x_wconf 83' lang='lat' dir='ltr'><strong>non</strong></span> <span class='ocrx_word' id='word_1_800' title='bbox 2125 5009 2252 5048; x_wconf 90' lang='lat' dir='ltr'><strong>vero</strong></span> <span class='ocrx_word' id='word_1_801' title='bbox 2286 5011 2454 5050; x_wconf 76' lang='lat' dir='ltr'><strong>coma:</strong></span> <span class='ocrx_word' id='word_1_802' title='bbox 2491 4995 2808 5052; x_wconf 85' lang='lat' dir='ltr'><strong>Latinorum</strong></span> <span class='ocrx_word' id='word_1_803' title='bbox 2847 4998 3040 5051; x_wconf 88' lang='lat' dir='ltr'><strong>hormn</strong></span> <span class='ocrx_word' id='word_1_804' title='bbox 3097 5013 3220 5068; x_wconf 74' lang='lat' dir='ltr'><strong>quae</strong></span> <span class='ocrx_word' id='word_1_805' title='bbox 3279 5009 3450 5052; x_wconf 71' lang='lat' dir='ltr'><strong>tonsa:</strong></span> <span class='ocrx_word' id='word_1_806' title='bbox 3496 4997 3554 5052; x_wconf 86' lang='lat' dir='ltr'><strong>in</strong></span> 
     </span>
    </p>
   </div>
   <div class='ocr_carea' id='block_1_111' title="bbox 1986 5085 3554 5159">
    <p class='ocr_par' dir='ltr' id='par_1_111' title="bbox 1986 5085 3554 5159">
     <span class='ocr_line' id='line_1_111' title="bbox 1986 5085 3554 5159; baseline 0.003 -21"><span class='ocrx_word' id='word_1_807' title='bbox 1986 5089 2101 5138; x_wconf 72' lang='lat' dir='ltr'><strong>tom</strong></span> <span class='ocrx_word' id='word_1_808' title='bbox 2161 5085 2395 5142; x_wconf 88' lang='lat' dir='ltr'><strong>circuitu</strong></span> <span class='ocrx_word' id='word_1_809' title='bbox 2441 5087 2709 5156; x_wconf 91' lang='lat' dir='ltr'><strong>quoddam</strong></span> <span class='ocrx_word' id='word_1_810' title='bbox 2767 5104 2940 5159; x_wconf 82' lang='lat' dir='ltr'><strong>genus</strong></span> <span class='ocrx_word' id='word_1_811' title='bbox 2971 5090 3142 5159; x_wconf 89' lang='lat' dir='ltr'><strong>apicis</strong></span> <span class='ocrx_word' id='word_1_812' title='bbox 3172 5088 3554 5144; x_wconf 67' lang='lat' dir='ltr'><strong>edormabant.</strong></span> 
     </span>
    </p>
   </div>
   <div class='ocr_carea' id='block_1_112' title="bbox 1986 5175 3554 5248">
    <p class='ocr_par' dir='ltr' id='par_1_112' title="bbox 1986 5175 3554 5248">
     <span class='ocr_line' id='line_1_112' title="bbox 1986 5175 3554 5248; baseline 0.003 -20"><span class='ocrx_word' id='word_1_813' title='bbox 1986 5175 2066 5229; x_wconf 82' lang='lat' dir='ltr'><strong>Ad</strong></span> <span class='ocrx_word' id='word_1_814' title='bbox 2101 5177 2235 5231; x_wconf 69' lang='lat' dir='ltr'><strong>&#39;haec</strong></span> <span class='ocrx_word' id='word_1_815' title='bbox 2271 5177 2470 5247; x_wconf 54' lang='lat' dir='ltr'><strong>Latini.</strong></span> <span class='ocrx_word' id='word_1_816' title='bbox 2501 5179 2568 5234; x_wconf 90' lang='lat' dir='ltr'><strong>de</strong></span> <span class='ocrx_word' id='word_1_817' title='bbox 2610 5181 2822 5248; x_wconf 89' lang='lat' dir='ltr'><strong>capillis</strong></span> <span class='ocrx_word' id='word_1_818' title='bbox 2862 5182 2977 5236; x_wconf 91' lang='lat' dir='ltr'><strong>suis</strong></span> <span class='ocrx_word' id='word_1_819' title='bbox 3023 5182 3266 5246; x_wconf 89' lang='lat' dir='ltr'><strong>solliciti,</strong></span> <span class='ocrx_word' id='word_1_820' title='bbox 3309 5192 3554 5248; x_wconf 84' lang='lat' dir='ltr'><strong>utuntur,</strong></span> 
     </span>
    </p>
   </div>
   <div class='ocr_carea' id='block_1_113' title="bbox 1989 5266 3556 5341">
    <p class='ocr_par' dir='ltr' id='par_1_113' title="bbox 1989 5266 3556 5341">
     <span class='ocr_line' id='line_1_113' title="bbox 1989 5266 3556 5341; baseline 0.004 -23"><span class='ocrx_word' id='word_1_821' title='bbox 1989 5266 2078 5318; x_wconf 83' lang='lat' dir='ltr'><strong>alii</strong></span> <span class='ocrx_word' id='word_1_822' title='bbox 2128 5270 2413 5333; x_wconf 88' lang='lat' dir='ltr'><strong>novacula,</strong></span> <span class='ocrx_word' id='word_1_823' title='bbox 2472 5271 2563 5324; x_wconf 86' lang='lat' dir='ltr'><strong>alii</strong></span> <span class='ocrx_word' id='word_1_824' title='bbox 2619 5271 2832 5341; x_wconf 73' lang='lat' dir='ltr'><strong>gladio,</strong></span> <span class='ocrx_word' id='word_1_825' title='bbox 2888 5272 2977 5326; x_wconf 90' lang='lat' dir='ltr'><strong>alii</strong></span> <span class='ocrx_word' id='word_1_826' title='bbox 3035 5273 3393 5328; x_wconf 82' lang='lat' dir='ltr'><strong>ferventiores</strong></span> <span class='ocrx_word' id='word_1_827' title='bbox 3443 5272 3556 5326; x_wconf 90' lang='lat' dir='ltr'><strong>aci-</strong></span> 
     </span>
    </p>
   </div>
   <div class='ocr_carea' id='block_1_114' title="bbox 1985 5361 3556 5429">
    <p class='ocr_par' dir='ltr' id='par_1_114' title="bbox 1985 5361 3556 5429">
     <span class='ocr_line' id='line_1_114' title="bbox 1985 5361 3556 5429; baseline 0.004 -21"><span class='ocrx_word' id='word_1_828' title='bbox 1985 5371 2152 5420; x_wconf 84' lang='lat' dir='ltr'><strong>nace;</strong></span> <span class='ocrx_word' id='word_1_829' title='bbox 2183 5361 2478 5429; x_wconf 90' lang='lat' dir='ltr'><strong>statimque</strong></span> <span class='ocrx_word' id='word_1_830' title='bbox 2512 5373 2668 5415; x_wconf 87' lang='lat' dir='ltr'><strong>tonso</strong></span> <span class='ocrx_word' id='word_1_831' title='bbox 2702 5363 2783 5417; x_wconf 82' lang='lat' dir='ltr'><strong>sic</strong></span> <span class='ocrx_word' id='word_1_832' title='bbox 2815 5363 2929 5417; x_wconf 79' lang='lat' dir='ltr'><strong>viro</strong></span> <span class='ocrx_word' id='word_1_833' title='bbox 2971 5361 3136 5416; x_wconf 86' lang='lat' dir='ltr'><strong>barba</strong></span> <span class='ocrx_word' id='word_1_834' title='bbox 3177 5364 3556 5418; x_wconf 84' lang='lat' dir='ltr'><strong>alleviabatur.</strong></span> 
     </span>
    </p>
   </div>
   <div class='ocr_carea' id='block_1_115' title="bbox 1988 5448 3558 5520">
    <p class='ocr_par' dir='ltr' id='par_1_115' title="bbox 1988 5448 3558 5520">
     <span class='ocr_line' id='line_1_115' title="bbox 1988 5448 3558 5520; baseline 0.004 -20"><span class='ocrx_word' id='word_1_835' title='bbox 1988 5448 2118 5502; x_wconf 81' lang='lat' dir='ltr'><strong>Erat</strong></span> <span class='ocrx_word' id='word_1_836' title='bbox 2155 5465 2282 5520; x_wconf 74' lang='lat' dir='ltr'><strong>ergo</strong></span> <span class='ocrx_word' id='word_1_837' title='bbox 2317 5467 2495 5504; x_wconf 90' lang='lat' dir='ltr'><strong>rarum</strong></span> <span class='ocrx_word' id='word_1_838' title='bbox 2524 5454 2754 5508; x_wconf 90' lang='lat' dir='ltr'><strong>omnino</strong></span> <span class='ocrx_word' id='word_1_839' title='bbox 2796 5454 2980 5507; x_wconf 86' lang='lat' dir='ltr'><strong>videre</strong></span> <span class='ocrx_word' id='word_1_840' title='bbox 3019 5453 3325 5508; x_wconf 79' lang='lat' dir='ltr'><strong>Romanum</strong></span> <span class='ocrx_word' id='word_1_841' title='bbox 3358 5455 3558 5519; x_wconf 88' lang='lat' dir='ltr'><strong>virum,</strong></span> 
     </span>
    </p>
   </div>
   <div class='ocr_carea' id='block_1_116' title="bbox 1989 5541 3561 5613">
    <p class='ocr_par' dir='ltr' id='par_1_116' title="bbox 1989 5541 3561 5613">
     <span class='ocr_line' id='line_1_116' title="bbox 1989 5541 3561 5613; baseline 0.005 -23"><span class='ocrx_word' id='word_1_842' title='bbox 1989 5541 2163 5607; x_wconf 77' lang='lat' dir='ltr'><strong>rapite</strong></span> <span class='ocrx_word' id='word_1_843' title='bbox 2183 5542 2410 5610; x_wconf 77' lang='lat' dir='ltr'><strong>integro.</strong></span> <span class='ocrx_word' id='word_1_844' title='bbox 2439 5541 2790 5598; x_wconf 80' lang='lat' dir='ltr'><strong>i’roverbium</strong></span> <span class='ocrx_word' id='word_1_845' title='bbox 2813 5547 3086 5613; x_wconf 87' lang='lat' dir='ltr'><strong>quoddam</strong></span> <span class='ocrx_word' id='word_1_846' title='bbox 3103 5555 3218 5600; x_wconf 86' lang='lat' dir='ltr'><strong>erat</strong></span> <span class='ocrx_word' id='word_1_847' title='bbox 3235 5547 3316 5598; x_wconf 90' lang='lat' dir='ltr'><strong>eis</strong></span> <span class='ocrx_word' id='word_1_848' title='bbox 3337 5551 3561 5598; x_wconf 80' lang='lat' dir='ltr'><strong>eontra-</strong></span> 
     </span>
    </p>
   </div>
   <div class='ocr_carea' id='block_1_117' title="bbox 1986 5633 3560 5705">
    <p class='ocr_par' dir='ltr' id='par_1_117' title="bbox 1986 5633 3560 5705">
     <span class='ocr_line' id='line_1_117' title="bbox 1986 5633 3560 5705; baseline 0.004 -19"><span class='ocrx_word' id='word_1_849' title='bbox 1986 5634 2126 5686; x_wconf 85' lang='lat' dir='ltr'><strong>rium</strong></span> <span class='ocrx_word' id='word_1_850' title='bbox 2153 5650 2164 5685; x_wconf 91' lang='lat'><strong>:</strong></span> <span class='ocrx_word' id='word_1_851' title='bbox 2201 5650 2217 5682; x_wconf 82' lang='grc' dir='ltr'><strong>ι</strong></span> <span class='ocrx_word' id='word_1_852' title='bbox 2247 5633 2488 5702; x_wconf 78' lang='lat' dir='ltr'><strong>Capillus</strong></span> <span class='ocrx_word' id='word_1_853' title='bbox 2509 5635 2575 5689; x_wconf 94' lang='lat' dir='ltr'><strong>de</strong></span> <span class='ocrx_word' id='word_1_854' title='bbox 2591 5637 2767 5705; x_wconf 87' lang='lat' dir='ltr'><strong>capite</strong></span> <span class='ocrx_word' id='word_1_855' title='bbox 2785 5646 2976 5692; x_wconf 84' lang='lat' dir='ltr'><strong>nostro</strong></span> <span class='ocrx_word' id='word_1_856' title='bbox 3000 5651 3104 5690; x_wconf 89' lang='lat' dir='ltr'><strong>non</strong></span> <span class='ocrx_word' id='word_1_857' title='bbox 3135 5636 3350 5704; x_wconf 76' lang='lat' dir='ltr'><strong>peribit.</strong></span> <span class='ocrx_word' id='word_1_858' title='bbox 3375 5653 3392 5686; x_wconf 79' lang='grc' dir='ltr'><strong>ι</strong></span> <span class='ocrx_word' id='word_1_859' title='bbox 3419 5636 3560 5702; x_wconf 80' lang='lat' dir='ltr'><strong>Quia</strong></span> 
     </span>
    </p>
   </div>
   <div class='ocr_carea' id='block_1_118' title="bbox 1989 5725 3561 5799">
    <p class='ocr_par' dir='ltr' id='par_1_118' title="bbox 1989 5725 3561 5799">
     <span class='ocr_line' id='line_1_118' title="bbox 1989 5725 3561 5799; baseline 0.004 -21"><span class='ocrx_word' id='word_1_860' title='bbox 1989 5725 2157 5778; x_wconf 87' lang='lat' dir='ltr'><strong>multa</strong></span> <span class='ocrx_word' id='word_1_861' title='bbox 2179 5735 2336 5779; x_wconf 85' lang='lat' dir='ltr'><strong>erant</strong></span> <span class='ocrx_word' id='word_1_862' title='bbox 2357 5737 2598 5795; x_wconf 87' lang='lat' dir='ltr'><strong>peccata,</strong></span> <span class='ocrx_word' id='word_1_863' title='bbox 2617 5727 2737 5782; x_wconf 90' lang='lat' dir='ltr'><strong>ideo</strong></span> <span class='ocrx_word' id='word_1_864' title='bbox 2753 5746 2782 5785; x_wconf 91' lang='lat' dir='ltr'><strong>e</strong></span> <span class='ocrx_word' id='word_1_865' title='bbox 2806 5745 2962 5783; x_wconf 88' lang='lat' dir='ltr'><strong>mane</strong></span> <span class='ocrx_word' id='word_1_866' title='bbox 2986 5743 3174 5798; x_wconf 81' lang='lat' dir='ltr'><strong>poenas</strong></span> <span class='ocrx_word' id='word_1_867' title='bbox 3192 5729 3441 5784; x_wconf 74' lang='lat' dir='ltr'><strong>dedimus</strong></span> <span class='ocrx_word' id='word_1_868' title='bbox 3466 5746 3561 5799; x_wconf 82' lang='lat' dir='ltr'><strong>per</strong></span> 
     </span>
    </p>
   </div>
   <div class='ocr_carea' id='block_1_119' title="bbox 1990 5824 3562 5896">
    <p class='ocr_par' dir='ltr' id='par_1_119' title="bbox 1990 5824 3562 5896">
     <span class='ocr_line' id='line_1_119' title="bbox 1990 5824 3562 5896; baseline 0.001 -19"><span class='ocrx_word' id='word_1_869' title='bbox 1990 5838 2113 5877; x_wconf 88' lang='lat' dir='ltr'><strong>cum</strong></span> <span class='ocrx_word' id='word_1_870' title='bbox 2145 5824 2236 5891; x_wconf 88' lang='lat' dir='ltr'><strong>qui</strong></span> <span class='ocrx_word' id='word_1_871' title='bbox 2272 5824 2602 5893; x_wconf 74' lang='lat' dir='ltr'><strong>gloriabatur</strong></span> <span class='ocrx_word' id='word_1_872' title='bbox 2625 5842 2652 5881; x_wconf 93' lang='lat' dir='ltr'><strong>e</strong></span> <span class='ocrx_word' id='word_1_873' title='bbox 2685 5841 2839 5880; x_wconf 88' lang='lat' dir='ltr'><strong>mane</strong></span> <span class='ocrx_word' id='word_1_874' title='bbox 2868 5835 3178 5896; x_wconf 87' lang='lat' dir='ltr'><strong>peccatores</strong></span> <span class='ocrx_word' id='word_1_875' title='bbox 3203 5835 3360 5880; x_wconf 75' lang='lat' dir='ltr'><strong>terra:</strong></span> <span class='ocrx_word' id='word_1_876' title='bbox 3390 5824 3562 5880; x_wconf 87' lang='lat' dir='ltr'><strong>inter-</strong></span> 
     </span>
    </p>
   </div>
  </div>
