3968 6578
413 393 520 458 ll!)

1161 386 1579 448 EUSTATHII
1622 381 1996 445 THESSALC

2109 381 2379 442 CENSIS
2419 382 2975 444 ΜΕἸἮΟΡΟΙᾸΤᾸΞ

3554 383 3658 450 120

411 509 575 559 licere
604 516 668 556 ac
697 499 878 556 delere
910 515 939 554 e
965 498 1186 552 civitate
1215 499 1430 552 Domini
1461 505 1751 566 Operautes
1787 493 1992 562 iniqui-

2100 493 2445 548 ἀποκτείνειν
2488 497 2614 555 τοὺς
2658 495 3016 566 ἁμαρτωλοὺς
3066 496 3164 567 τῆς
3198 497 3322 566 γῆς,
3353 499 3448 553 καὶ
3484 499 3660 564 ἐξολοο

410 605 601 660 tatem,
627 608 801 662 usque
831 591 898 644 ad
925 592 1074 660 ipsos
1101 591 1330 659 capillos
1359 589 1559 642 malum
1589 585 1746 640 nobis
1779 582 1985 637 exalta-

408 689 508 751 vit,
543 695 602 741 ut
647 695 758 740 toto
793 683 1117 753 frigeremus
1146 695 1402 750 corpore,
1433 675 1619 732 nudati
1652 674 1884 742 capillis.
1926 670 1983 726 Si

408 794 541 834 vero
605 775 773 832 alicui
807 775 975 830 barba
1012 772 1162 827 salva
1221 772 1407 836 fuerit,
1444 769 1651 823 decens
1679 775 1798 820 erat
1833 764 1980 817 velut

409 887 474 929 ex
505 879 729 934 natura,
766 868 896 922 mali
931 876 1187 922 tonsores
1215 879 1340 921 eum
1382 871 1663 931 tangentes
1718 872 1828 912 una
1875 869 1988 908 ma-

409 981 508 1032 nu,
561 963 732 1017 altera
763 975 892 1015 vero
923 958 1122 1027 capitis
1153 957 1402 1027 capillos,
1454 953 1569 1008 ba~c
1595 951 1813 1021 quidem
1846 947 1987 1003 bona

409 1073 535 1114 esse
565 1056 846 1118 dicebant,
877 1053 970 1108 illa
995 1066 1122 1108 vero
1144 1051 1312 1116 mala,
1339 1046 1520 1104 barbae
1541 1043 1778 1106 scilicet,
1799 1039 1996 1111 jocan-

412 1168 492 1213 tes
522 1158 576 1212 in
606 1171 712 1212 non
738 1152 968 1225 iocosis.

486 1434 612 1489 120.
642 1430 904 1488 Volentes
934 1444 1062 1485 vero
1089 1429 1170 1483 sic
1207 1427 1260 1482 in
1289 1423 1602 1482 istiusmodi
1629 1437 1730 1478 nos
1755 1419 1891 1490 ipsis
1911 1417 1990 1473 sio

414 1529 574 1584 miles
607 1540 754 1590 esse,
791 1525 1023 1580 oderant
1056 1531 1235 1577 tamen
1267 1532 1612 1574 communem
1649 1515 1812 1568 vitam
1861 1526 1986 1566 cum

413 1621 563 1682 illis;
611 1619 734 1674 ideo
764 1616 1046 1671 nobiscum
1081 1613 1262 1666 vivere
1292 1626 1399 1664 non
1438 1607 1824 1679 dignabantur.
1884 1603 1988 1658 Sed

414 1727 541 1768 cum
599 1709 825 1780 quidam
864 1708 1234 1768 dominorum,
1271 1703 1377 1756 huc
1404 1712 1460 1755 et
1493 1701 1622 1754 illuc
1644 1712 1860 1760 errans,
1893 1697 1986 1750 do-

415 1820 568 1860 mum
616 1803 674 1857 in
733 1801 1052 1856 memoriam
1085 1804 1394 1858 revocaret,
1443 1809 1541 1848 sua
1574 1792 1990 1860 imaginaretur,

414 1898 548 1953 illuc
573 1895 729 1949 adire
754 1892 1122 1954 desideraret,
1149 1887 1458 1952 accederet,
1514 1885 1804 1953 respiceret
1823 1882 1992 1943 intus,

422 1983 906 2050 interrogatusque
938 1976 1064 2046 quis
1094 1984 1238 2030 esset
1268 1983 1328 2028 ut
1351 1976 1424 2028 ita
1457 1981 1662 2043 ageret,
1691 1969 1992 2039 responde-

416 2082 502 2129 ret
537 2073 716 2142 ipsum
746 2085 866 2125 esse
897 2066 1221 2139 jamdudum
1259 2067 1456 2122 domus
1509 2064 1817 2130 dominum,
1873 2062 1992 2118 laete

417 2165 811 2236 recipiebatur,
843 2163 1091 2218 abnuens
1120 2176 1230 2232 prae
1255 2159 1586 2225 reverentia,
1612 2158 1810 2213 deinde
1839 2159 1990 2213 intus

417 2259 815 2328 circumspecte
899 2253 1233 2318 ambulabat,
1291 2251 1669 2319 dabanturque
1721 2250 1871 2303 salus
1940 2258 1994 2304 et

417 2351 598 2414 sedes,
630 2349 792 2402 cibus
850 2355 907 2402 et
952 2355 1153 2415 potus;
1192 2341 1504 2410 hujusmodi
1553 2354 1682 2394 vero
1735 2341 1994 2394 observa-

418 2443 602 2496 tiones
643 2448 705 2494 ιιι
758 2438 829 2492 ab
897 2435 1121 2492 homine
1193 2435 1428 2489 barbaro
1494 2430 1762 2487 letltiferae
1813 2439 1990 2485 erant.

418 2535 632 2589 Etenim
698 2547 800 2603 pro
863 2531 1134 2586 bonorum
1199 2528 1516 2582 ostensione
1571 2540 1634 2580 ac
1699 2523 1996 2579 donatione

419 2629 691 2692 ciborum,
749 2622 1000 2694 injuria},
1065 2636 1096 2676 e
1145 2620 1318 2691 paleis
1375 2619 1561 2674 fumus
1615 2627 1672 2672 et
1734 2618 1841 2671 alia
1892 2630 1994 2670 no-

418 2719 474 2773 vi
510 2717 732 2788 generis
769 2717 934 2782 mala;
969 2727 1089 2782 qua:
1123 2711 1291 2766 semel
1323 2710 1448 2765 data
1497 2709 1745 2764 ordinate
1777 2720 1993 2762 rursum

421 2811 718 2868 dabantur;
753 2806 931 2859 adhuc
956 2813 1011 2858 et
1043 2803 1349 2858 ansietates
1375 2800 1586 2865 miseri,
1625 2799 1996 2854 intolerabiles

419 2903 626 2957 ictuum
681 2899 1134 2961 sustentationes,
1208 2895 1512 2964 usquedum
1560 2891 1848 2947 carniﬁces
1908 2889 1994 2944 vel

422 2993 732 3050 crudelitati
806 2989 1242 3051 satisfecissent,
1300 2987 1386 3041 vel
1462 2985 1697 3040 fuissent
1763 2984 1994 3037 miserti.

421 3084 558 3140 Nam
620 3083 726 3137 hoc
774 3081 1072 3151 aliquando
1132 3079 1335 3144 evenit,
1385 3073 1844 3147 quemadmodum
1912 3075 1996 3128 leo

423 3177 696 3239 esuriens,
717 3190 842 3230 cum
875 3174 1115 3244 prazdam.
1149 3170 1556 3236 dilaceraverit,
1593 3166 1788 3222 deinde
1835 3166 1996 3220 mise-

2094 585 2314 653 θρεύειν
2373 589 2438 642 ἐκ
2491 589 2698 651 πόλεως
2735 591 2942 659 Κυρίου
2993 589 3118 654 τοὺς
3151 589 3554 661 ἐργαζομένους
3596 594 3690 646 τὸ.

2092 675 2294 746 ἄνομον
2326 680 2487 750 μέχρι
2526 681 2617 732 καὶ
2662 683 2743 742 εἰς
2791 682 2964 745 αὑτὰς
2985 681 3177 751 τρίχας
3219 682 3278 734 τὺ
3320 682 3491 734 κακὸν
3527 683 3660 753 ἡμῖν

2093 768 2468 836 ἐκορύφωσεν,
2506 772 2594 825 ἵνα
2644 773 2723 832 εἰς
2769 772 2828 824 τὸ
2862 774 2974 826 πᾶν
3030 775 3277 842 ῥιγῶμεν
3328 772 3656 842 ἑψιλωμένοι

2094 861 2189 912 καὶ
2222 860 2318 923 τὰς
2355 862 2617 929 κεφαλάς.
2655 862 2771 916 Κᾶν
2791 865 2843 917 εῐ
2871 879 2973 917 που
3002 864 3368 932 διαπέφευγέ
3408 881 3515 916 τινι
3547 863 3660 916 πῶ-

2100 967 2238 1016 γων,
2269 953 2370 1006 καὶ
2401 948 2468 1023 ἦν
2515 954 2839 1023 καθιέμενος
2872 956 3133 1024 κοσμίως,
3163 957 3240 1019 ὡς
3271 952 3384 1026 εἶχε
3423 955 3661 1024 φύσεως,

2101 1037 2402 1108 ἁπτόμενοι
2438 1041 2634 1095 τούτου
2653 1045 2701 1096 oi
2735 1042 2928 1112 φαῦλοι
2959 1047 3172 1116 κουρεῖς
3197 1047 3262 1115 τῇ
3297 1045 3460 1116 ἑτέρᾳ
3490 1045 3658 1115 χειρὶ,

2099 1135 2303 1207 θατέρᾳ
2339 1137 2394 1190 δὲ
2427 1139 2536 1192 τῶν
2587 1140 2729 1194 κατά
2778 1142 3020 1212 κεφαλὴν
3076 1142 3279 1212 τριχῶν
3305 1183 3318 1207 ,
3349 1142 3522 1196 ταῦτα
3561 1142 3662 1213 μὲν

2088 1223 2234 1284 εἶναι
2263 1231 2404 1284 καλὰ
2434 1232 2642 1301 ἔλεγον,
2673 1236 2856 1288 ἐκεῖνα
2887 1237 2943 1288 δὲ
2967 1238 3136 1304 κακὰ,
3163 1237 3231 1290 τὰ
3252 1236 3346 1289 τοῦ
3373 1235 3658 1305 πώγωνος,

2081 1321 2463 1392 ἀστιῖζόμενοι
2490 1327 2548 1378 ὲν
2575 1326 2637 1379 ού
2675 1330 2947 1392 παικτοῖς.

2168 1424 2274 1488 ρκ’.
2306 1421 2632 1491 Στέργοντες
2679 1423 2736 1476 δὲ
2775 1423 2916 1477 οὕτω
2957 1423 3056 1495 τὴν
3087 1423 3178 1476 ἐπὶ
3213 1422 3474 1488 τοιούτοις
3521 1422 3662 1490 πρὸς

2093 1509 2290 1574 αὐτοὺς
2312 1513 2591 1583 ἡμετέραν
2629 1515 2968 1586 ἐξομοίωσιν,
2999 1517 3059 1569 τδ
3096 1515 3263 1584 συζῇν
3297 1515 3480 1579 αὐτοῖς
3509 1516 3662 1584 ὅμως

2097 1600 2459 1674 ἀπέστεργονο
2494 1605 2683 1674 διόπερ
2721 1607 2843 1660 οὐδὲ
2880 1605 3264 1676 συμϐιοτεύειν
3303 1607 3438 1677 ἡμῖν
3460 1605 3662 1678 ᾑροῦνο

2094 1708 2178 1746 το.
2219 1695 2356 1748 Ἀλλ’
2404 1697 2492 1749 ὅτε
2549 1715 2633 1762 τις
2687 1698 2796 1752 τῶν
2843 1697 3387 1763 οἰκοδεσποτούντων,
3432 1692 3534 1753 ῶδε
3564 1699 3660 1754 καὶ

2091 1787 2211 1842 ἐκεῖ
2239 1789 2582 1858 πλαζόμενος
2633 1791 2968 1860 ἀναπολήσει
3023 1791 3124 1862 τὴν
3174 1792 3354 1845 οἰκίαν
3392 1793 3473 1855 εἰς
3508 1791 3658 1857 νοῦν,

2022 1881 2069 1944 Β
2098 1883 2188 1934 καὶ
2219 1883 2553 1948 φαντάσεται
2605 1883 2670 1935 τὰ
2725 1883 2940 1948 ἑαυτοῦ,
2973 1884 3070 1938 καὶ
3103 1884 3430 1954 ἐπιθυμήσει
3457 1885 3663 1956 παρελ-

2093 1971 2205 2023 θεῖν
2253 1974 2390 2036 ἐκεῖ,
2441 1974 2534 2026 καὶ
2589 1974 2824 2041 ἐγγίσει,
2876 1975 2974 2028 καὶ
3026 1975 3662 2045 παρακύψειὲντδς,καὶ

2094 2065 2423 2134 ἑρωτηθείη,
2459 2066 2542 2129 τίς
2563 2064 2637 2120 ὢν
2662 2066 2804 2119 οὕτω
2831 2069 2993 2130 ποιεῖ,
3025 2069 3118 2122 καὶ
3143 2066 3336 2140 ἐξείπῃ
3367 2068 3530 2132 αὐτὸς
3562 2069 3660 2124 τοῦ

2091 2155 2242 2210 οἴκου
2280 2157 2470 2228 κύριός
2512 2176 2640 2210 ποτε
2671 2155 2835 2224 εἶναι,
2859 2160 3316 2231 παρελαμόἀνετο
3345 2162 3440 2229 μὲν
3465 2162 3661 2231 ἡδέως,

2092 2250 2186 2303 καὶ
2213 2251 2638 2320 ύπανεχόμενος,
2672 2251 2749 2316 ὠς
2782 2253 2874 2306 ἐπὶ
2903 2229 3058 2324 τιμῇ,
3084 2229 3300 2306 ἔϐαινεν
3332 2229 3500 2322 ἁϐρὸς
3526 2253 3659 2321 ἔσω,

2092 2346 2185 2397 καὶ
2219 2339 2364 2413 εἶχεν
2406 2346 2700 2416 ἀσπασμὸν
2729 2347 2826 2400 καὶ
2860 2347 3153 2416 προεδρίαν
3183 2350 3277 2403 καὶ
3327 2347 3532 2420 βρῶσιν
3566 2352 3663 2405 καὶ

2091 2435 2152 2488 τὸ
2190 2439 2354 2487 πιεῖνο
2381 2438 2449 2490 τὰ
2487 2437 2534 2490 δ’
2558 2439 2650 2490 ἐπὶ
2678 2437 2889 2500 τούτοις
2926 2439 3003 2508 τῷ
3034 2439 3186 2509 ἀνδρὶ
3219 2441 3283 2494 ὲκ
3305 2441 3413 2493 τῶν
3441 2441 3652 2512 βαρσά·

2096 2545 2204 2596 ρων
2255 2527 2566 2598 δεξιώματα
2623 2528 2932 2600 θανατηρά.
2981 2531 3308 2602 Κρεμάθραι
3372 2533 3517 2603 γὰρ,
3568 2535 3662 2587 καὶ

2093 2621 2362 2688 αἰκισμοὶ,
2398 2621 2493 2671 καὶ
2530 2621 2588 2686 ἐξ
2621 2619 2845 2691 ἀχύρων
2879 2621 3102 2688 καπνοὶ,
3139 2622 3234 2674 καὶ
3271 2622 3436 2689 ἕτερα
3467 2623 3661 2675 καινό-

2093 2725 2271 2780 τροπα
2307 2711 2474 2774 κακὰ,
2507 2711 2600 2763 ἐπὶ
2643 2712 2944 2782 χρημάτων
2975 2712 3241 2781 ἑκφάνσει
3267 2713 3364 2766 καὶ
3393 2711 3554 2766 δύσει·
3585 2707 3662 2767 ὧν

2093 2800 2402 2870 διδομένων,
2431 2803 2591 2855 πάλιν
2613 2805 2810 2867 κύκλος
2834 2805 2892 2855 ἒν
2919 2806 3032 2867 τοῖς
3057 2805 3260 2868 αὐτοῖς.
3307 2805 3662 2876 Ἀναρτήσεις

2095 2891 2204 2962 γὰρ
2230 2891 2324 2944 τοῦ
2353 2892 2538 2946 ἀθλίου
2568 2895 2663 2948 καὶ
2696 2896 3004 2966 καταφοραὶ
3036 2895 3250 2966 βαρεῖαι
3284 2896 3526 2964 πληγῶν,
3557 2897 3664 2958 ἕως

2096 2983 2233 3054 ἄνῆ
2288 2984 2651 3055 ἐμπλησθῶσι
2703 2987 2813 3039 τῶν
2861 2986 3208 3056 ποθουμένων
3265 2988 3315 3040 oi
3359 2988 3564 3057 δήμιοι,
3627 2988 3662 3058 ἢ

2099 3075 2413 3146 ὲλεήσωσιν.
2465 3077 2716 3144 Ἐγένετο
2750 3077 2859 3147 γάρ
2893 3095 3023 3131 ποτε
3055 3078 3150 3131 καὶ
3179 3078 3380 3131 τοιόνδε
3427 3095 3499 3142 τι,
3527 3076 3664 3132 ὡσεὶ

2099 3169 2194 3220 καὶ
2218 3167 2355 3221 λέων
2379 3169 2578 3220 πεινῶν
2613 3171 2705 3224 καὶ
2732 3167 2994 3233 ἐνδακὼν,
3030 3167 3147 3224 εἶτα
3179 3170 3417 3241 ἐλεήσει,
3454 3171 3488 3241 ἢ
3519 3173 3662 3242 ἀφή-

422 3277 580 3323 ratur
628 3275 722 3322 aut
771 3267 878 3319 vita
932 3273 1177 3319 vexatam
1238 3262 1588 3332 derelinquit.
1621 3258 1894 3326 Quosdam
1929 3274 1994 3313 ex

2101 3277 2182 3314 σει
2214 3261 2305 3314 τὸν
2333 3262 2678 3327 αἰκιζόμενον
2712 3263 2738 3332 ἡ
2767 3261 2900 3330 ζωή.
2939 3262 3060 3316 Τῶν
3094 3280 3246 3326 τινας
3282 3263 3338 3316 δὲ
3375 3261 3516 3317 οὕτω
3549 3283 3660 3318 πα-

331 3350 340 3358 ’
422 3361 512 3416 his
532 3361 622 3429 Qui
657 3363 738 3414 sic
769 3367 826 3412 et
849 3357 1008 3413 aliter
1034 3356 1384 3426 patiebantur
1408 3351 1801 3409 transtulerunt
1829 3366 1859 3407 e
1887 3361 1995 3406 vna

424 3459 829 3522 persecutores,
884 3451 1141 3504 timentes
1227 3463 1318 3512 ne,
1383 3455 1666 3516 postquam
1738 3458 1994 3514 magnum

425 3544 742 3594 thesaurum
781 3539 920 3608 apud
957 3537 1206 3591 victimas
1253 3537 1609 3599 invenissent,
1652 3534 1786 3604 ipsis
1833 3549 1861 3586 a
1900 3549 1996 3588 co-

422 3631 656 3684 mitibus
737 3635 1193 3694 extorqueretur,
1262 3625 1405 3677 sicut
1478 3632 1807 3676 conventum
1877 3621 1999 3674 fue-

423 3729 530 3774 rat.
598 3717 828 3782 Quidam
890 3714 1280 3770 Constantinus
1362 3713 1618 3783 (nomiue
1679 3711 1858 3778 solo),
1915 3713 2000 3764 vir

425 3812 626 3876 bonus,
678 3809 884 3863 divitiis
942 3805 1278 3870 cumulatus,
1333 3805 1474 3858 bona
1508 3803 1726 3873 propria
1755 3805 1996 3872 iactans,

427 3907 628 3976 quibus
653 3919 749 3958 cor
771 3918 930 3959 suum
966 3902 1312 3964 devinxerat,
1347 3900 1537 3968 sicque
1565 3898 1833 3953 desiderio
1854 3897 1998 3952 domi

427 4009 643 4069 captus,
661 4013 785 4050 cum
813 3995 1006 4049 fuisset
1027 4007 1349 4063 suspensus,
1366 3992 1618 4060 milleque
1643 3991 1826 4060 plagas
1848 4005 2002 4044 acce-

427 4093 616 4161 pisset,
639 4083 1160 4159 adiunamquamque
1180 4089 1595 4157 suspensionem
1636 4087 1775 4140 bona
1822 4085 1999 4156 proje-

428 4185 614 4244 eisset,
658 4181 846 4250 sicque
892 4182 945 4233 in
998 4187 1208 4232 tantum
1249 4187 1308 4233 ut
1356 4188 1535 4232 mente
1599 4188 1792 4247 captus
1844 4178 1999 4232 vide-

426 4278 616 4335 retur;
660 4283 782 4323 cum
816 4269 1104 4337 inquirens
1136 4280 1305 4321 novas
1333 4277 1481 4320 artes
1509 4265 1576 4320 ab
1629 4268 1708 4321 eis
1735 4264 1996 4335 depulsus

428 4361 644 4426 fuisset,
677 4375 741 4414 ac
778 4359 970 4414 fuisset
991 4361 1234 4412 minatus
1263 4371 1322 4412 se
1342 4372 1453 4412 rem
1473 4359 1766 4413 comitibus
1796 4358 1998 4411 denun-

429 4455 716 4516 tiaturum,
771 4467 878 4507 non
917 4452 1026 4522 iam
1074 4458 1237 4519 caput
1269 4449 1496 4515 habuit;
1526 4449 1619 4504 sed
1662 4457 1998 4518 amputatum

430 4560 496 4599 ac
537 4545 806 4614 sepultum
833 4552 918 4598 est
959 4543 1011 4595 in
1061 4551 1244 4604 terra;
1289 4540 1534 4607 reliquus
1561 4555 1690 4595 vero
1731 4542 2000 4595 Constan-

431 4636 580 4686 tinus
611 4633 858 4702 abjectus
887 4639 974 4685 est
999 4631 1232 4684 cadaver
1259 4630 1463 4684 auxilio
1492 4630 1808 4686 destitutus.

504 4812 628 4865 121.
669 4811 844 4865 Aliam
877 4811 1390 4869 immoderationem
1423 4812 1661 4867 habebat
1689 4815 1865 4868 adhuc
1897 4813 2002 4870 hoc

429 4900 658 4958 malum.
711 4900 904 4955 Allecti
939 4901 1085 4957 enim
1140 4903 1293 4958 lucro
1340 4903 1686 4957 dominorqu
1752 4903 2000 4971 Barbari,

431 4995 574 5048 intra
621 5005 806 5063 portas
841 4995 1070 5048 insidias
1110 5004 1394 5064 pararunt.
1423 4995 1502 5050 Ac
1527 4996 1571 5050 si
1615 5009 1775 5064 quem
1822 5006 2003 5052 trans-

429 5091 644 5140 euntem
670 5083 942 5150 viderent,
997 5086 1230 5155 speciem
1273 5096 1479 5142 certam
1518 5087 1620 5142 viri
1645 5086 1834 5142 divitis
1865 5076 2002 5158 pite-

429 5176 670 5242 bentem,
691 5179 1168 5247 apprehendebant
1214 5194 1336 5232 eum
1364 5181 1533 5248 intus,
1564 5180 1710 5235 velut
1732 5181 2003 5251 pleraeque

429 5266 702 5322 terribiles
752 5265 879 5322 fera:
911 5283 980 5323 ex
1035 5277 1194 5324 antro
1252 5269 1582 5337 irruentes;
1651 5280 2004 5340 terrentesque

427 5373 554 5414 eum
601 5359 929 5427 turquebant
991 5360 1297 5430 usquedum
1333 5375 1557 5430 scopum
1590 5363 1920 5434 attigissent.
1946 5350 2018 5417 Si.

428 5467 559 5508 vero
589 5452 811 5524 quidam
853 5452 1037 5508 vivere
1088 5469 1211 5509 cum
1251 5455 1479 5522 captivis
1513 5455 2008 5521 volebant,deinde

428 5544 663 5599 habebat
711 5559 930 5614 quoque
989 5546 1093 5600 hoc
1155 5547 1586 5610 incommodum,
1627 5549 1842 5602 scilicet
1902 5548 2006 5602 hoc

429 5636 900 5692 libentersuﬂ'erre
927 5638 1280 5704 dicebantur;
1314 5638 1457 5710 quod
1483 5651 1599 5694 erat
1619 5640 1790 5709 magis
1809 5639 2007 5695 frater.

431 5744 570 5782 nutu
595 5739 652 5784 et
678 5729 1165 5788 bumanius.Tunc
1199 5750 1302 5786 non
1341 5739 1460 5786 erat
1493 5733 1746 5800 possibile
1786 5733 1838 5785 in
1871 5742 2008 5786 tem-

432 5821 540 5890 plis
566 5821 740 5879 sacris
777 5829 969 5893 sponte
1004 5823 1237 5893 hymnos
1280 5839 1516 5891 canere;
1560 5824 1653 5880 sed
1701 5824 1826 5878 huic
1861 5825 2006 5880 bono

2032 4585 2079 4645 ι)

2099 3351 2336 3421 σχόντων
2369 3353 2466 3404 καὶ
2511 3351 2682 3413 ἄλλως
2726 3353 2817 3404 τοῦ
2850 3351 2950 3420 ζῇν
2997 3353 3340 3424 μετέστησαν
3377 3354 3428 3407 oi
3455 3353 3668 3418 αῑκιζό-

2102 3457 2275 3512 μενοι,
2317 3440 2618 3504 δείσαντες,
2657 3441 2729 3510 μὴ
2762 3439 2931 3493 πολὺν
2965 3441 3242 3512 θησαυρὸν
3275 3443 3336 3494 ὲκ
3370 3441 3462 3494 τοῦ
3499 3442 3666 3495 κολα-

2099 3532 2333 3601 ζομένου
2367 3533 2746 3603 ὲξευρηκότες,
2780 3533 3118 3604 ἀφαιρεθῶσι
3153 3534 3291 3603 πρὸς
3334 3532 3446 3586 τῶν
3491 3537 3668 3605 κομή-

2097 3641 2204 3676 των
2256 3625 2317 3676 τὸ
2362 3624 2685 3694 εὑρημένον,
2741 3623 2883 3678 καθά
2931 3626 3226 3679 συνέκειτο.
3265 3627 3668 3689 Κωνσταντῑνος

2099 3718 2232 3785 γοῦν
2265 3735 2350 3780 τις
2401 3719 2448 3789 (ὁ
2492 3718 2727 3786 ἐπίκλην
2785 3719 3242 3789 κεκαὶεσμένος),
3291 3721 3428 3790 ἀνὴρ
3463 3721 3668 3790 ἀγαθὸς

2101 3812 2194 3864 καὶ
2228 3810 2453 3882 πλήθων
2489 3810 2588 3873 τὰς
2623 3812 2809 3881 χεῖρας
2835 3849 2849 3874 ,
2898 3812 3308 3881 φαντασάμενος
3346 3813 3412 3865 τὰ
3460 3813 3664 3874 οἰκεῖα,

2099 3898 2181 3967 οἷς
2228 3903 2326 3974 τὴν
2382 3903 2609 3974 καρδίαν
2665 3903 2996 3973 κεκόλλητο,
3047 3905 3141 3957 καὶ
3189 3902 3329 3957 οὕτω
3381 3903 3533 3974 πόθῳ
3570 3901 3664 3956 τοῦ

2099 3996 2250 4048 οῐκου
2305 3994 2640 4064 ἀγρευθεὶς,
2705 3977 2812 4049 καί
2856 3994 3255 4065 ἀπαιωρηθεὶς,
3307 3995 3406 4048 καὶ
3465 3997 3668 4068 μυρίας

2101 4085 2318 4155 πληγὰς
2370 4083 2661 4155 ὲντριόεὶς,
2703 4085 2800 4138 καὶ
2853 4083 2994 4138 κατά
3031 4085 3270 4156 ἑκάστην
3304 4083 3660 4154 ἀπαιώρησιν

2103 4178 2370 4246 ὲξεράσας
2397 4179 2679 4247 χρήματα,
2716 4177 2805 4228 καὶ
2832 4179 2913 4239 εἱς
2945 4176 3117 4230 πολλά
3147 4175 3470 4245 κορυφώσας
3503 4177 3664 4240 αὑτὰ,

2102 4265 2217 4322 εἶτα
2245 4271 2338 4322 καὶ
2367 4269 2634 4338 ὲλαφρίαν
2663 4266 2850 4320 παθὼν
2873 4267 3159 4336 λογισμοῦ,
3191 4269 3283 4321 καὶ
3311 4269 3368 4319 ὲν
3395 4266 3472 4337 τῷ
3501 4265 3669 4334 ζητῆ-

2105 4375 2195 4413 σαι
2228 4360 2416 4414 λαϐεῖν
2457 4377 2508 4412 τι
2559 4359 2770 4412 ἐκεῖθεν
2804 4359 3267 4430 παρακρουσθεὶς,
3301 4358 3394 4411 καὶ
3441 4359 3668 4428 ἀπειλη-

2104 4452 2375 4522 σάμενος,
2425 4451 2813 4521 καταμηνύσαι
2858 4449 2921 4503 ’τὸ
2981 4451 3212 4521 πρᾶγμα
3256 4452 3369 4512 τοῖς
3409 4450 3667 4519 κόμησιν,

2105 4545 2204 4598 οὐκ
2242 4545 2402 4614 ἔσχεν
2461 4545 2540 4598 ἔτι
2585 4543 2850 4612 κεφαλὴν,
2879 4543 2998 4597 ἀλλ’
3027 4543 3165 4613 αὐτὴ
3203 4542 3300 4611 μὲν
3342 4541 3666 4612 κατεχώσθη

2105 4655 2210 4691 που
2237 4639 2552 4690 ἐκκοπεῖσα·
2585 4638 2613 4688 ὁ
2641 4637 2696 4690 δὲ
2743 4635 2929 4698 λοιπὸς
2975 4637 3382 4698 Κωνσταντῑνος
3407 4634 3665 4706 ἐξερρίφη

2105 4729 2297 4799 νεκρὸς
2327 4729 2653 4798 ἀϐοήθητος.

2175 4820 2317 4892 ρκα¹.
2352 4822 2515 4888 Ἔσχε
2545 4820 2604 4873 δὲ
2650 4819 2745 4873 καὶ
2790 4818 2947 4873 τοῦτο
2974 4819 3036 4872 τδ
3073 4819 3240 4873 κακδν
3268 4818 3512 4888 ἑτεροίαν
3552 4819 3670 4872 επι-

2103 4926 2278 4965 τασιν.
2313 4911 2709 4973 Γλυκανθέντες
2744 4911 2852 4978 γὰρ
2881 4911 3023 4964 οὕτω
3062 4909 3140 4975 τῷ
3183 4910 3362 4981 κέρδει
3395 4911 3502 4964 τῶν
3529 4912 3671 4962 οἱκο-

2103 5001 2507 5056 δεσποτούντων
2539 5003 2588 5055 oi
2639 5001 2930 5073 βάρϐαροι,
2986 4999 3252 5071 ἑνελὸχων
3293 4999 3402 5054 εσω
3459 4999 3665 5053 πυλῶν.

2105 5093 2217 5148 Καὶ
2257 5095 2310 5146 εῐ
2354 5110 2476 5148 τινα
2533 5093 2905 5165 παροδεύοντα
2961 5092 3156 5156 ἴδοιεν,
3206 5092 3428 5162 δόκησιν
3475 5091 3669 5161 ἀνδρὸς

2105 5188 2393 5255 πέμποντα
2445 5183 2802 5246 πλουτοῦντὸς
2853 5201 3004 5250 ποτε,
3052 5183 3297 5256 ἧρπαζον
3344 5183 3507 5237 αύτδν
3541 5184 3668 5248 ἔσω,

2104 5275 2193 5331 οἶά
2213 5295 2358 5340 τινες
2405 5277 2570 5330 δεινοὶ
2611 5275 2776 5347 θῆρες
2813 5277 2875 5330 ὲκ
2923 5277 3132 5346 φωλεοῦ
3156 5293 3170 5308 ο
3209 5277 3304 5331 καὶ
3359 5276 3668 5347 βιαζόμενοι

2106 5369 2454 5439 ἐτυράννουν,
2484 5369 2589 5430 ’ἐως
2627 5385 2678 5421 τι
2713 5366 2820 5421 τῶν
2863 5369 3004 5422 κατά
3053 5368 3255 5422 σκοπὸν
3299 5365 3575 5421 ἀνύσαιεν.
3608 5367 3671 5421 Ei

2107 5462 2165 5516 δέ
2193 5478 2339 5525 τινες
2368 5461 2461 5514 καὶ
2499 5461 2877 5532 συμϐιοτεύειν
2909 5460 3275 5532 αἰχμαλώτοις
3319 5460 3528 5532 ἤθελον.
3556 5457 3670 5528 εἶχε

2111 5553 2211 5622 μέν
2237 5570 2290 5605 τι
2319 5554 2410 5606 καὶ
2441 5552 2599 5605 τοῦτο
2632 5552 2796 5623 βάρος
2821 5552 2897 5613 ὡς
2925 5554 2973 5606 οἱ
3014 5552 3076 5605 εὖ
3116 5553 3346 5622 πάσχειν
3387 5550 3672 5614 δοκοῦντες

2110 5646 2507 5716 περιηγοῦντοκ
2535 5641 2602 5716 ἦν
2627 5646 2682 5699 δέ
2710 5663 2825 5708 πως
2848 5643 3172 5714 φιλάλληλον
3195 5643 3326 5695 αὐτὸ
3349 5643 3441 5695 καὶ
3466 5643 3674 5709 ἀνθρω-

2109 5734 2432 5804 πικώτερον.
2465 5735 2576 5788 Οὐκ
2623 5729 2690 5805 ἦν
2741 5733 2861 5787 οὐδὲ
2893 5733 3019 5796 τοὺς
3069 5731 3249 5795 θείους
3278 5731 3441 5793 ναοὺς
3483 5727 3673 5797 ὕμνοις

2113 5825 2396 5890 ἀσκύλτως
2432 5825 2781 5897 περιᾴδεσθαι
2813 5825 2932 5880 τότε
2953 5841 2966 5857 ο
2999 5823 3112 5880 ἀλλ’
3145 5821 3256 5896 εἶχε
3299 5816 3401 5878 καῖ
3421 5822 3482 5876 τὸ
3511 5820 3674 5877 καλὸν
