3968 6602
386 349 490 415 123

1147 347 1571 410 EUSTATHII
1601 347 2354 414 THESSALONlCENSIS
2386 347 2952 414 METRUI’OLITJE

3529 352 3634 418 124

380 468 640 536 libusque
664 435 686 525 ἰ
717 463 855 531 Quid
892 464 1002 536 agit
1046 464 1300 519 dominus
1329 465 1476 534 quod
1523 478 1631 518 non
1662 477 1722 518 se
1767 477 1960 518 somno

2067 469 2268 536 κηνῶν,
2297 469 2392 523 καὶ
2422 455 2485 520 εἷ’
2500 484 2642 531 τινες
2670 466 2726 521 δὲ
2755 465 2904 521 ἄλλοι
2940 463 3060 520 κατ’
3097 464 3294 530 αὐτοὺς
3327 467 3632 540 κακοῦργοι

382 558 628 613 tradat?
687 556 986 626 fractisque
1058 556 1276 626 portis,
1334 556 1480 610 intus
1542 563 1826 624 penetrant
1878 553 1959 608 fa-

382 652 646 720 ciuntque
677 650 819 718 quod
873 650 1006 718 ipsis
1037 647 1292 703 inbuerit.
1313 646 1610 702 Dicendum
1642 663 1771 702 vero
1799 648 1958 703 nobis

382 751 466 798 est
486 757 593 796 non
613 742 746 797 istos
769 742 918 796 solos
939 755 1058 796 esse
1083 741 1173 810 qui
1196 741 1335 795 male
1363 747 1756 805 tractarentur,
1779 739 1960 810 splen-

385 836 519 890 dore
563 835 707 902 ignis
754 844 848 888 aut
883 833 1108 889 luminis
1143 832 1392 898 favente;
1429 833 1522 887 sed
1552 843 1710 888 erant
1739 849 1960 904 quoque

384 930 504 984 sine
538 928 663 996 igne
709 935 764 982 et
801 928 928 981 sine
972 926 1199 980 lumine.
1229 924 1456 981 Nemiue
1509 934 1649 980 teste
1703 926 1850 981 enim
1903 928 1958 981 hi

385 1021 578 1076 nefarii
630 1028 1018 1092 penetrantes,
1081 1027 1242 1074 nocte
1274 1020 1431 1088 quasi
1489 1018 1686 1074 inferni
1724 1020 1957 1088 favente,

383 1111 676 1181 galeroque
715 1109 1039 1165 obvolvente
1072 1108 1324 1178 protecti,
1399 1109 1666 1164 mulieres
1717 1109 1958 1166 abduce-

383 1204 516 1260 hant
575 1217 606 1256 a
662 1203 830 1257 latere
893 1201 1254 1265 maritorum,
1318 1200 1553 1270 ligamen
1621 1201 1957 1257 matrimonii

380 1293 623 1348 violento
679 1301 835 1362 raptu
893 1291 1036 1347 fcede
1090 1289 1481 1361 profanantes;
1524 1306 1689 1361 quam
1743 1292 1960 1349 lucente

379 1384 499 1441 sole
557 1384 1085 1448 consideraverant,
1144 1383 1431 1453 rapiebant
1495 1393 1692 1450 nocte,
1751 1385 1958 1456 puellas

378 1492 599 1548 quoque
654 1493 684 1530 a
739 1477 1038 1542 matribus,
1094 1476 1338 1530 nondum
1393 1480 1603 1539 factas,
1647 1485 1707 1531 ut
1759 1478 1955 1545 aiunt,

377 1569 804 1639 supplicationes
858 1576 1089 1622 matrum
1151 1583 1248 1638 pro
1303 1567 1476 1623 nihilo
1551 1569 1834 1626 habentes.
1898 1571 1955 1626 Si

382 1662 526 1716 bona
557 1670 830 1730 raperent,
861 1661 1018 1730 quasi
1055 1661 1431 1730 eleemosynas
1458 1659 1749 1729 quasdam,
1772 1663 1958 1732 quasi-

379 1768 488 1823 que
536 1752 736 1807 malum
791 1751 985 1805 divites
1033 1766 1197 1820 opum
1237 1753 1553 1806 censebant.
1613 1752 1775 1806 Erant
1825 1767 1954 1807 vero

377 1822 472 1914 qui
519 1845 572 1897 in
614 1843 868 1898 domibus
926 1842 1042 1896 suis
1082 1841 1486 1912 jugularentur,
1521 1841 1722 1895 malum
1775 1846 1943 1912 impu.
1983 1822 2028 1881 Β

378 1938 558 1992 nilum
619 1936 845 1990 absente
908 1935 1024 1990 sole
1078 1933 1374 2004 patientes.
1440 1931 1601 1987 Ratio
1654 1942 1772 1988 erat
1799 1933 1953 1988 furor

377 2039 778 2084 nocturnorum
837 2025 1104 2082 furtorum
1169 2041 1233 2080 ac
1295 2025 1530 2096 gemitus
1601 2025 1950 2080 miserorum.

381 2119 485 2186 Qui
513 2134 579 2175 ex
622 2119 878 2174 Barbaris
925 2119 1246 2174 urbaniores
1282 2128 1441 2173 erant
1472 2132 1537 2173 ac
1585 2118 1766 2184 faceti,
1799 2131 1954 2172 ama-

382 2212 517 2266 bant
565 2215 620 2266 in
671 2220 859 2282 portas
910 2212 1145 2277 irruere,
1179 2211 1344 2282 virgis
1391 2209 1666 2279 frangere,
1713 2209 1953 2264 avellere

385 2303 717 2373 auferreque
775 2302 829 2357 in
868 2301 1135 2368 derisum,
1180 2301 1269 2356 vel
1318 2300 1498 2355 adhuc
1540 2299 1796 2355 dominos
1834 2298 1942 2352 luci

381 2412 576 2452 somno
598 2396 834 2476 privare.

2063 560 2271 630 (πολλοὶ
2307 561 2364 615 δὲ
2395 561 2445 614 οἱ
2478 560 2752 630 τοιοῦτοι),
2786 562 2881 614 καὶ
2919 561 3342 632 ἀνακρινόντων,
3373 562 3426 614 τί
3455 563 3631 618 ποιῶν

2058 655 2086 708 ὁ
2116 654 2503 724 οἰκοδεσπότης
2530 655 2608 717 εἰς
2655 653 2822 707 ῦπνον
2846 652 2909 705 ού
2939 653 3362 719 κατακέκλιται;
3399 653 3494 708 καὶ
3527 672 3630 709 κα-

2057 744 2381 798 τακλώντων
2427 745 2527 807 τὰς
2571 744 2764 813 θύρας,
2795 744 2891 796 καὶ
2925 743 3310 814 είσπηδώντων
3354 743 3484 809 ἔσω,
3535 747 3634 800 καὶ

2056 835 2328 906 δρώντων,
2364 837 2462 889 ὅσα
2493 836 2558 889 ἂν
2588 835 2685 889 καὶ
2707 831 2816 888 εἷεν
2845 835 3190 905 βουλομένοις
3229 835 3434 898 αὐτοῖς.
3461 837 3629 907 Ἔχο-

2060 941 2164 993 μεν
2190 925 2234 980 δ’
2267 927 2441 981 είπεῖν
2477 927 2574 980 καὶ
2599 926 2676 990 ὡς
2706 927 2804 998 ούχ
2833 923 2980 984 οὗτοι
3013 927 3163 998 μόνοι
3204 927 3502 983 ἐκακοῦντο
3539 929 3630 983 διὰ

2058 1016 2354 1084 πρόφασιν,
2389 1015 2450 1069 τὸ
2481 1016 2592 1087 πῦρ
2621 1019 2721 1072 καὶ
2745 1018 2806 1071 τὺ
2829 1018 2964 1087 φῶς,
2989 1018 3125 1072 ἀλλά
3161 1020 3257 1072 καὶ
3295 1021 3344 1072 οί
3382 1019 3633 1089 ἀνεμπύ-

2060 1121 2242 1175 ρευτοι
2298 1106 2392 1159 καί⁵
2445 1105 2764 1175 ἀφώτιστοι.
2836 1106 3223 1177 Ἀνεξέλεγκτα
3281 1109 3392 1180 γὰρ
3440 1110 3634 1163 ἐπεισ-

2059 1197 2321 1267 φροῦντες
2367 1200 2416 1253 οί
2460 1200 2640 1265 κακοὶ,
2700 1201 2792 1256 καὶ
2823 1199 2921 1272 τὴν
2969 1201 3140 1256 νύκτα
3173 1201 3306 1255 ὡσεὶ
3360 1202 3451 1256 καὶ
3495 1202 3628 1276 ᾅδου

2057 1288 2259 1359 κυνέην
2293 1291 2372 1354 είς
2404 1290 2698 1362 ἐπίκρυψιν
2743 1291 3214 1363 ἀμφιϐεϐλημένοι
3264 1295 3533 1362 γυναῖκάς
3564 1312 3627 1348 τε

2057 1380 2270 1451 ἀπῆγον
2301 1383 2410 1436 τῶν
2449 1383 2739 1451 συνεύνων,
2783 1385 3038 1456 ἀφιέντες
3073 1385 3166 1456 τὸν
3189 1386 3283 1440 τοῦ
3320 1386 3502 1456 γάμου
3531 1387 3629 1450 ζυ-

2057 1474 2153 1542 γὸν
2183 1475 2501 1547 ἐτεροκλινῆ
2531 1480 2600 1549 τῇ
2633 1478 2854 1550 ἁρπαγῇ
2887 1477 2988 1548 τῆς
3033 1477 3318 1548 δυνάμεως
3341 1495 3356 1512 ο
3402 1479 3470 1551 ην
3519 1479 3629 1532 ὑπὸ

2057 1565 2192 1636 ἡλίῳ
2220 1567 2610 1636 διευκρινοῦντι
2647 1569 3173 1638 κατασκεπτόμενοι,
3207 1569 3403 1632 νυκτὸς
3449 1569 3630 1639 ἀφήρ-

2058 1659 2259 1722 παζονο
2292 1661 2388 1713 καὶ
2408 1661 2649 1723 νεάνιδας
2681 1660 2792 1714 τῶν
2822 1662 3181 1732 γειναμένων,
3216 1660 3450 1725 ἀτελεῖς,
3480 1660 3629 1716 καθά

2057 1766 2140 1812 τις
2162 1751 2288 1820 ἔφη,
2319 1749 2417 1814 τὰς
2449 1754 2559 1806 τών
2586 1753 2854 1807 τεκόντων
2885 1755 2973 1807 ἐπ’
3003 1755 3194 1817 αὑταῖς
3215 1754 3382 1824 εὐχὰς
3403 1754 3630 1823 τιθέμε-

2057 1859 2158 1898 νοι.
2192 1842 2252 1894 Εί
2279 1843 2336 1896 δέ
2369 1845 2463 1897 καὶ
2485 1845 2747 1915 χρήματα
2775 1846 3106 1916 συναπῆγον,
3135 1847 3236 1898 ὅσα
3265 1845 3359 1899 καὶ
3390 1845 3626 1916 προῖκάς

2056 1952 2230 1999 τινας,
2280 1936 2344 1988 ἐκ
2387 1937 2707 2004 περιουσίας
2735 1937 2887 1990 τουτὶ
2936 1937 2997 1990 τὸ
3049 1937 3238 1991 κακόν.
3280 1933 3461 1991 Ἦσαν
3487 1937 3542 1992 δέ
3573 1935 3629 1991 οἳ

2058 2026 2150 2079 καὶ
2201 2026 2530 2094 ἐσφάττοντο
2579 2028 2673 2080 ἐπὶ
2723 2027 2831 2083 τῶν
2882 2029 3070 2082 οἰκιῶν
3114 2027 3451 2098 τηνικαῦτα,
3490 2029 3630 2099 ἡλίῳ

2057 2119 2375 2189 ἀμάρτυρον
2406 2119 2574 2172 κακὸν
2598 2120 2921 2190 πάσχοντες.
2953 2122 3063 2176 Καὶ
3092 2121 3150 2174 τὺ
3181 2123 3355 2174 αἴτιον
3381 2120 3413 2190 ἢ
3441 2138 3631 2174 νυκτι-

2056 2209 2209 2279 λόχος
2243 2209 2429 2280 μανία,
2453 2211 2485 2280 ἢ
2518 2211 2600 2264 ὃτι
2625 2211 2856 2275 ἐξεϐόων
2883 2214 2931 2266 οί
2956 2213 3447 2284 κακουργούμενοι.
3474 2213 3633 2266 Ὅσοι

2061 2299 2119 2353 δέ
2155 2301 2264 2355 τῶν
2317 2300 2609 2373 βαρὸάρων
2659 2303 3056 2374 ἐπιεικέστεροι
3090 2305 3185 2358 καὶ⁸
3235 2305 3630 2374 παιγνήμονες,

2064 2386 2210 2446 οὗτοι
2266 2394 2322 2446 δὲ
2378 2394 2492 2448 ἀλλ’
2551 2395 2782 2465 ἠγάπων
2852 2395 3047 2466 θύραις
3106 2396 3481 2466 ἐναλλόμενοι,
3532 2412 3631 2468 καὶ

383 2492 684 2554 κόπτοντες
721 2489 940 2561 ῥάϐδοις
979 2486 1171 2554 αὐτὰς,
1207 2487 1304 2541 καλ⁵
1331 2486 1365 2558 ἦ
1398 2485 1718 2558 ῥιπτοῦντες
1750 2486 1846 2540 καὶ
1877 2486 1956 2549 είς
1995 2487 2194 2559 φόρτον
2219 2489 2465 2557 ἄγοντες,
2496 2490 2530 2560 ἢ
2559 2489 2694 2544 ἀλλὰ
2722 2490 2853 2559 γοῦν
2879 2491 3006 2555 τοὺς
3027 2491 3250 2560 κυρίους
3306 2489 3399 2542 τοῦ
3460 2489 3629 2542 τόπου

383 2584 820 2655 ἀποστεροῦντες
848 2582 944 2636 τοῦ
973 2583 1197 2638 ὑπνοῦν.

438 2662 585 2734 ³124.
616 2681 745 2734 Haec
778 2679 1033 2748 equidem
1056 2687 1111 2732 et
1139 2678 1245 2731 alia
1280 2678 1435 2748 plura
1472 2677 1563 2734 his
1595 2693 1660 2733 ac
1690 2677 1958 2748 imprimis

389 2771 634 2832 nuditas,
667 2771 840 2825 fames
871 2769 1074 2825 multos
1097 2769 1437 2838 captivorum
1482 2769 1768 2824 turbantes
1811 2785 1960 2823 com-

391 2874 786 2934 moventesqne
818 2864 1040 2919 animas
1063 2879 1235 2932 usque
1270 2864 1336 2918 ad
1370 2872 1638 2926 mortem,
1671 2878 1738 2918 ex
1767 2877 1958 2917 neces-

387 2959 549 3016 sitate
579 2971 674 3012 eas
707 2955 1041 3025 impulerunt
1072 2955 1223 3025 (quid
1251 2956 1395 3010 enim
1424 2956 1572 3010 aliud
1595 2955 1773 3010 adhuc
1797 2968 1961 3009 exco-

387 3049 714 3121 gitassent?)
745 3048 811 3101 ad
840 3047 944 3101 sibi
972 3049 1229 3103 omnibus
1248 3047 1554 3102 rationibus
1579 3046 1804 3102 Latinos
1829 3060 1961 3101 eon-

392 3143 686 3206 ciliandos,
718 3141 1122 3212 praeveniendo,
1149 3139 1448 3203 adulando,
1473 3139 1828 3202 blandiendo,
1863 3139 1958 3194 ob-

391 3235 708 3306 sequendo,
759 3233 1080 3301 serviendo,
1132 3232 1315 3286 omnia
1363 3231 1594 3301 denique
1641 3231 1850 3301 agendo
1899 3241 1960 3284 ut

389 3323 574 3380 vin-re
593 3328 816 3392 possent
846 3336 911 3376 ac
938 3322 1148 3391 absque
1174 3321 1370 3377 timore
1398 3329 1603 3377 essent.
1634 3320 1740 3376 Sed
1764 3321 1961 3378 deinde

386 3425 514 3473 sunt
535 3417 628 3487 qui
661 3416 818 3470 inviti
842 3417 896 3470 in
920 3429 1018 3470 sua
1053 3422 1199 3469 recte
1224 3414 1574 3469 festinatione
1595 3415 1958 3472 offenderunt.

388 3508 574 3565 lnsani
599 3507 743 3564 enim
763 3505 1143 3575 intempestive
1167 3505 1332 3560 locuti
1360 3513 1518 3568 sunt,
1543 3504 1723 3558 abdita
1745 3505 1964 3559 thesau-

386 3616 575 3657 rorum
617 3599 1019 3670 patefecerunt,
1053 3608 1352 3666 rapuerunt
1386 3612 1452 3652 ac
1490 3596 1960 3664 despoliaverunt.

387 3691 667 3748 Persecuti
698 3699 830 3745 sunt
879 3688 1173 3759 fugientes,
1209 3687 1416 3742 multos
1456 3686 1705 3756 ejusdem
1739 3686 1963 3756 sangui-

390 3783 502 3846 nis,
551 3779 853 3849 capiendos
886 3778 1246 3833 venatoribus
1284 3777 1446 3832 malis
1493 3778 1860 3844 tradiderunt,
1905 3778 1962 3834 in

393 3871 693 3940 multisque
737 3871 862 3923 aliis
911 3878 1300 3938 peccaverunt,
1353 3884 1462 3924 non
1519 3878 1716 3940 sponte
1756 3886 1856 3925 sua
1906 3871 1961 3926 in

390 3962 649 4020 erunibus
675 3969 920 4031 agentes,
955 3962 1049 4016 sed
1080 3971 1138 4015 ut
1169 3976 1294 4016 cum
1329 3963 1492 4033 vulgo
1523 3962 1832 4032 loquamur,
1854 3963 1964 4018 vel-

389 4059 502 4114 lent
529 4057 754 4112 nollent.

467 4150 591 4206 l25.
620 4149 744 4204 Haec
777 4159 911 4205 sunt
937 4150 1124 4221 gravia
1149 4149 1370 4220 quidem
1405 4155 1568 4219 atque
1599 4146 1664 4201 ad
1691 4146 1962 4218 pudorem

345 4256 352 4262 '
395 4253 644 4297 nostrum
675 4243 981 4312 spectantia
1017 4257 1140 4312 quae
1160 4242 1455 4297 commissa
1494 4240 1707 4294 suntin
1738 4238 1962 4309 propria

393 4344 556 4404 gente
591 4334 835 4404 (quidam
863 4335 1008 4389 enim
1039 4348 1104 4389 eo
1124 4333 1474 4388 descendisse
1501 4331 1957 4401 convincuntur),

395 4441 464 4480 ne
503 4441 599 4494 per
633 4425 776 4480 labia
811 4441 907 4480 sua
944 4425 1251 4481 meminerit
1281 4426 1445 4480 Deus.
1500 4423 1630 4478 Inde
1681 4423 1963 4476 matrimo-

2136 2677 2271 2749 ρκδ’.
2303 2676 2488 2730 Ταῦτα
2514 2678 2578 2748 δὴ
2610 2679 2704 2732 καὶ
2740 2677 2945 2732 τούτων
2975 2679 3138 2750 ἕτερα
3168 2678 3360 2744 πλείω,
3395 2681 3488 2735 καὶ
3521 2681 3630 2750 μά-

2057 2775 2217 2828 λιστα
2251 2771 2311 2826 τὸ
2329 2771 2697 2841 γυμνιτεύειν,
2737 2774 2829 2825 καὶ
2855 2773 2883 2824 ό
2921 2772 3076 2842 λιμὸς
3114 2773 3242 2836 τοὺς
3271 2773 3496 2838 πολλοὺς
3515 2776 3628 2829 τῶν

2059 2864 2443 2936 αἰχμαλώτων,
2483 2864 2746 2936 θροοῦντα
2791 2865 2888 2918 καὶ
2936 2865 3359 2935 διαταράττοντα
3396 2867 3500 2931 ἐως
3531 2867 3633 2921 καὶ

2058 2960 2140 3021 είς
2174 2957 2403 3011 θάνατον
2431 2957 2531 3020 τὰς
2576 2956 2752 3026 ψυχὰς
2781 2955 3042 3027 ἠρέθισαν
3076 2957 3198 3010 κατ’
3227 2959 3477 3030 ἀνάγκην
3509 2958 3631 3028 (καὶ

2057 3050 2111 3103 τί
2135 3052 2243 3119 γὰρ
2283 3049 2412 3105 ἄλλο
2442 3049 2862 3118 ἐμηχανήσαντο
2918 3048 3046 3118 diu)
3103 3049 3457 3104 ὕπαικάλλειν
3499 3050 3630 3113 τοὺς

2061 3141 2342 3206 Λατίνους,
2371 3139 2713 3208 ὑποτρέχειν,
2743 3137 3082 3204 κολακεύειν,
3108 3137 3366 3205 θώπτειν,
3401 3137 3628 3206 σαίνειν,

2062 3231 2354 3294 δουλεύειν,
2392 3231 2567 3284 πάντα
2595 3231 2787 3295 ποιεῖν,
2817 3228 2875 3295 ἐξ
2902 3223 2977 3288 ὧν
3008 3229 3074 3284 ἀν
3121 3231 3214 3284 καὶ
3244 3228 3495 3301 ζήσαιεν,
3532 3232 3634 3286 καὶ

2064 3324 2201 3397 μηδέ
2240 3323 2402 3394 φόϐον
2435 3323 2630 3392 ἔχοιεν.
2669 3322 2979 3377 Κάντεῦθεν
3023 3323 3160 3376 είσὶν
3188 3323 3239 3375 οἵ
3283 3323 3632 3394 προσέκοψαν

2063 3421 2145 3480 είς
2185 3419 2278 3472 τὸν
2303 3415 2461 3487 ὀρθὸν
2492 3417 2694 3487 δρόμον
2725 3415 2971 3478 ἄκοντες.
3010 3417 3073 3469 Ol
3113 3419 3222 3486 γὰρ
3253 3415 3329 3486 μὴ
3358 3415 3634 3486 ἔμφρονες

2063 3511 2156 3565 καὶ
2185 3509 2586 3578 κατελάλησαν,
2615 3508 2709 3562 καὶ
2749 3509 3041 3578 θησαυρῶν
3078 3509 3465 3579 κατεμήνυσαν
3492 3511 3630 3579 κρύ-

2061 3602 2204 3672 ψεις,
2238 3605 2334 3657 καὶ
2369 3603 2648 3671 ἥρπασαν,
2687 3599 2782 3654 καῖ
2805 3600 3098 3670 ἐσύλησαν.
3148 3599 3535 3674 ’ἰχνηλάτησαν
3571 3601 3632 3654 δέ

2061 3695 2158 3745 καὶ
2185 3691 2453 3761 φυγάδας,
2480 3689 2575 3744 τοῦ
2609 3689 2774 3744 αὐτοῦ
2822 3691 3053 3759 αἵματος
3092 3691 3217 3754 τοὺς
3249 3691 3496 3758 πολλοὺς,
3529 3691 3632 3746 καὶ

2062 3782 2334 3852 ἀγρεῦσαι
2365 3784 2478 3845 τοῖς
2509 3783 2698 3844 κακοῖς
2729 3781 2992 3853 θηραταῖς
3024 3783 3309 3851 δεδώκασι,
3336 3785 3429 3838 καὶ
3455 3785 3626 3838 πολλὰ

2061 3873 2226 3944 ἐτερα
2265 3871 2597 3944 ἐξήμαρτον,
2632 3873 2749 3927 οὔτι
2801 3875 3015 3937 ἑκόντες
3045 3873 3103 3938 ἐς
3144 3891 3208 3944 γε
3236 3875 3296 3929 τὸ
3325 3875 3456 3944 πᾶν,
3507 3874 3628 3932 ἀλλ’

2063 3967 2239 4020 εἰπεῖν
2270 3965 2760 4036 καθωμιλημένως,
2790 3965 3246 4025 ἐκουσιακούσιοι.

2137 4154 2269 4220 ρκε’.
2311 4147 2435 4202 Τῶν
2462 4145 2519 4202 δέ
2548 4164 2612 4216 γε
2661 4145 2756 4200 καὶ
2791 4145 3006 4217 μεγάλα
3044 4145 3140 4199 καὶ
3185 4144 3322 4216 πρὸς
3352 4146 3628 4200 ἀναίδειαν

2062 4240 2504 4314 κατενεχθέντων
2539 4239 2632 4293 τοῦ
2684 4237 2973 4309 φυλετικοῦ
3011 4241 3202 4306 γένους
3243 4237 3632 4308 (κατηγοροῦν-

2062 4351 2154 4388 ται
2199 4333 2308 4405 γάρ
2357 4332 2452 4385 καὶ
2498 4329 2732 4383 τοιοῦτοι
2781 4327 3006 4398 ἐκδῆναὶ
3039 4325 3205 4396 τινες)
3241 4328 3448 4398 μήποτε
3498 4342 3636 4398 μνη-

2067 4422 2222 4491 σθείη
2250 4421 2336 4474 διὰ
2369 4419 2592 4490 χειλέων
2623 4417 2786 4472 αὐτοῦ
2812 4420 2840 4470 ό
2870 4417 3091 4488 Κύριος.
3139 4416 3421 4472 Ἐντεῦθεν
3449 4418 3498 4470 οἱ
3529 4418 3632 4469 αὑ-

394 4519 485 4570 nia
531 4533 641 4571 non
680 4517 946 4587 legitima,
983 4517 1108 4572 inde
1157 4517 1414 4572 mulieres
1461 4527 1784 4572 recusantes
1823 4531 1960 4586 quos

2066 4517 2280 4585 τόνομοι
2343 4516 2548 4585 γάμον
2617 4513 2866 4567 ἐντεῦθεν
2927 4510 3205 4579 γυναικῶν
3291 4509 3634 4582 ἀπαρνήσεις

395 4607 544 4661 viros
577 4608 665 4661 lex
712 4608 887 4671 novit,
945 4617 1058 4661 tum
1114 4607 1390 4676 virginum
1438 4607 1843 4674 deﬂoratiunes,
1895 4608 1963 4664 de

396 4697 598 4766 quibus
617 4698 784 4751 duces
805 4699 999 4767 partim
1024 4712 1135 4752 non
1169 4697 1393 4750 fuerunt
1423 4697 1601 4762 liberi,
1625 4700 1820 4768 partim
1843 4699 1962 4756 illas

396 4789 762 4853 dimiserunt;
815 4797 928 4842 tum
961 4788 1099 4850 ,luea
1151 4788 1601 4854 fornicationum,
1655 4790 1720 4844 de
1764 4792 1963 4860 quibus

398 4883 565 4951 multa
619 4880 885 4934 audenter
928 4879 1164 4944 locutus,
1205 4879 1416 4932 nullum
1446 4878 1679 4934 fructum
1725 4881 1961 4951 percepi,

401 4989 510 5027 non
541 4973 729 5027 valens
758 4982 1004 5025 avertere
1033 4988 1156 5041 quae
1188 4981 1468 5040 peccatum
1505 4972 1862 5038 admiserant,
1901 4987 1966 5028 eo

402 5066 544 5132 quod
599 5065 757 5118 dulce
790 5079 1036 5117 amarum
1085 5063 1195 5133 jam
1231 5065 1622 5134 gustavissent,
1670 5064 1965 5134 aliquando

403 5158 692 5211 adversum
727 5171 831 5216 me,
863 5165 922 5208 ut
944 5171 1158 5224 gravem
1185 5155 1252 5208 ad
1287 5155 1600 5222 videndum,
1628 5156 1966 5211 succlaman-

405 5257 486 5304 tes
520 5266 540 5300 ι
579 5263 770 5302 canem
801 5248 1102 5302 abortivum
1129 5255 1398 5314 gustasse.
1445 5266 1463 5299 ι

474 5427 600 5481 126.
653 5425 894 5492 Denique
928 5423 1028 5479 soli
1061 5433 1240 5480 motus
1283 5435 1336 5480 et
1379 5425 1588 5480 fissura:
1635 5427 1831 5496 quibus
1873 5427 1967 5482 duo

403 5535 526 5574 mus
549 5535 740 5573 omnes
762 5519 976 5572 eﬂossae
998 5517 1234 5585 fuerant,
1267 5519 1684 5574 suli'odientibus
1715 5519 1968 5574 Barbaris

402 5613 556 5681 quasi
587 5611 824 5668 cuniculi
868 5612 949 5666 vel
987 5611 1165 5680 talpae,
1204 5613 1288 5665 vel
1335 5612 1503 5681 porci,
1551 5612 1632 5666 vel
1679 5614 1822 5666 aliud
1851 5613 1970 5667 ani-

400 5704 509 5756 mal
541 5704 755 5761 radices
795 5709 964 5760 edens
995 5704 1098 5759 sub
1134 5704 1299 5758 humo
1334 5706 1536 5769 vivens,
1570 5715 1629 5758 ut
1657 5721 1784 5760 vero
1812 5706 1970 5760 aliter

400 5794 711 5866 loquamur,
747 5795 904 5866 quasi
936 5806 1202 5854 aratores.
1228 5794 1454 5852 Videtur
1483 5798 1628 5852 enim
1667 5797 1810 5852 velut
1844 5812 1969 5852 eum

2065 4607 2523 4678 ἀπανηναμένων,
2572 4604 2664 4668 οὒς
2716 4605 2878 4673 νόμος
2911 4598 3046 4656 οίδεν
3076 4601 3297 4672 ἄνδρας.
3354 4601 3633 4655 Ἐντεῦθεν

2067 4699 2351 4770 παρθένων
2386 4698 2605 4767 φθοραὶ,
2652 4697 2763 4749 τῶν
2800 4697 2898 4766 μὲν
2926 4694 3045 4748 οὔτι
3075 4693 3196 4747 καθ’
3239 4693 3482 4746 ἑκούσιον
3521 4691 3634 4747 τῶν

2068 4795 2384 4866 ἀρχηγετῶν
2436 4794 2625 4854 αὑταῖς
2656 4791 2750 4844 τοῦ
2797 4788 2956 4857 εῖναι,
2995 4792 3104 4845 τῶν
3153 4791 3209 4844 δὲ
3271 4793 3366 4847 καὶ
3408 4791 3634 4844 ἐκείνων

2066 4884 2386 4956 προεμένων
2415 4883 2608 4945 αὑτάς.
2643 4881 2921 4936 Ἐντεῦθεν
2946 4883 3171 4951 σεμνεῖα
3196 4882 3630 4952 πεπορνευμὲναο

2068 4979 2152 5047 ἐφ’
2187 4971 2266 5036 οἷς
2293 4973 2403 5043 ἐγὼ
2440 4973 2608 5027 πολλά
2657 4975 2752 5029 καὶ
2783 4975 3236 5044 παρακλητεύσας
3267 4975 3362 5026 καὶ
3411 4975 3632 5044 παρρη-

2069 5068 2398 5137 σιασάμενος
2431 5067 2709 5137 ἄπρακτος
2755 5065 2966 5134 ἔμεινα,
3013 5065 3149 5135 μηδὲ
3188 5063 3286 5128 τὰς
3317 5065 3635 5134 πασχούσας

2067 5158 2128 5212 τδ
2162 5159 2479 5228 ἐφάμαρτον
2519 5157 2844 5226 ἐπιστρέψαι
2879 5155 3195 5223 δυνάμενος,
3241 5147 3327 5206 οἷα
3359 5153 3632 5222 γεγευμέ-

2068 5265 2163 5311 νας
2211 5248 2312 5318 ἤδη
2351 5247 2447 5300 τοῦ
2486 5245 2883 5316 γλυκυπίκρου,
2925 5249 3018 5301 καί
3069 5264 3188 5309 πως
3240 5243 3632 5313 ὑποφωνούσας

2071 5355 2184 5410 μοι,
2220 5339 2296 5402 ώς
2331 5339 2584 5408 χαλεπὸν,
2613 5337 2797 5408 χορίου
2822 5337 2956 5391 κύνα
2997 5337 3214 5406 γεῦσαι.

2143 5436 2292 5501 ρκς’.
2322 5429 2602 5483 Ἐντεῦθεν
2631 5430 2874 5484 δαπέδων
2908 5433 3058 5484 σάλοι
3081 5433 3172 5483 καὶ
3202 5431 3532 5500 ἀνασχίσεις,
3560 5429 3633 5484 δι’

2071 5515 2146 5574 ὧν
2176 5516 2314 5573 οἶκοι
2345 5521 2542 5583 πάντες
2585 5520 3002 5591 ἐξωρωρύχατο,
3053 5523 3496 5592 ύπονομευόντων
3523 5522 3634 5574 τῶν

2072 5611 2361 5684 βαρϐάρων
2396 5612 2535 5665 κατά
2568 5613 2824 5680 λαγιδείς,
2864 5613 2895 5683 ἢ
2928 5614 3270 5676 ἀσπάλακας,
3307 5613 3338 5683 ἢ
3380 5615 3470 5666 καὶ
3502 5614 3635 5684 χοί-

2072 5720 2221 5774 ρους,
2252 5703 2284 5773 ἢ
2314 5703 2443 5757 ἀλλο
2466 5721 2518 5757 τι
2552 5703 2689 5767 ζῶον
2715 5705 3006 5776 ῥιζοφάγον
3039 5707 3334 5776 γεωχαρὲς,
3367 5707 3542 5758 εἰπεῖν
3573 5705 3633 5759 δέ

2071 5796 2164 5850 καὶ
2198 5795 2393 5864 ἄλλως,
2446 5797 2586 5850 κατὰ
2627 5797 2907 5869 ἀροτρέας.
2943 5797 3189 5850 Φαίνεται
3224 5799 3330 5868 γὰρ
3357 5838 3371 5864 ,
3420 5797 3494 5860 ώς
3537 5798 3631 5851 καὶ
