3968 6584
264 389 361 454 125

1034 391 1133 452 DE
1171 390 1740 452 THESSALONICA
1775 387 1978 453 URBE
2018 390 2064 447 A
2107 387 2409 449 LATINIS
2447 385 2722 449 CAPTA.‘

3398 389 3500 453 Ῑὲθ

257 505 508 576 ἀρότροις
538 506 821 576 ἀνέσχιζον
858 509 923 561 Ξιν
956 509 1023 560 τὰ
1044 508 1154 561 τῶν
1187 509 1396 574 οἰκιῶν,
1435 509 1594 581 εἴπερ
1634 511 1832 580 ἐχώρει

1940 508 2146 564 Aratris
2194 510 2336 563 enim
2373 509 2659 563 domorum
2713 506 3067 562 fundamenta
3103 510 3376 566 excidisse
3419 513 3502 565 vi-

257 605 315 658 τὸ
345 604 471 655 κατ’
499 603 670 666 αὐτὰς
701 604 952 674 ἐμϐεδόν.
991 603 1258 671 Ἔναγχος
1304 601 1412 672 γάρ
1441 618 1523 654 τοι
1571 602 1829 670 ἄσπαρτα

257 695 350 747 καὶ
377 695 629 765 ἀνήροτα
656 695 987 764 δρεψάμενοι
1027 694 1171 748 κατά
1205 712 1256 747 τι
1285 694 1830 764 πεπαροιμιασμένον

259 786 413 855 θέρος
441 786 699 854 χρύσεον,
733 782 852 840 εἶτα
875 787 968 838 καὶ
998 785 1190 855 ἄροτον
1215 778 1324 839 οἷον
1356 786 1541 838 τοῦτον
1571 785 1832 854 διεχειρί-

261 878 433 940 ζοντο,
472 878 531 942 ἐξ
579 870 643 930 οῦ
693 879 938 947 αὐτοφυῆ
967 878 1034 930 τὰ
1065 878 1208 931 καλά
1255 877 1563 946 ἐκέρδαινον
1604 876 1828 946 ἕρμαια.

261 970 368 1022 Καὶ
396 971 511 1033 τοῖς
543 971 690 1038 ἀμφὶ
719 971 810 1024 τὸν
831 970 982 1040 ἥλιον
1011 971 1083 1040 μὴ
1106 971 1428 1036 ἀγαπῶντες
1457 971 1827 1040 πλουτισμοῖς,

257 1059 623 1112 ἐπεϐούλευον
652 1061 745 1114 καὶ
774 1063 886 1123 τοῖς
916 1061 1055 1112 κατὰ
1084 1061 1154 1130 γῆ
1168 1078 1210 1121 ς.
1254 1061 1443 1113 Δοτέον
1472 1077 1562 1130 μοι
1591 1061 1716 1124 τοὺς
1737 1060 1834 1113 αὖ·

257 1151 379 1214 τοὺς
412 1150 648 1204 καλέσαι
685 1151 781 1204 καὶ
828 1152 1219 1221 χρυσωρύχους
1247 1152 1346 1221 τὴν
1380 1151 1660 1221 ἐπιϐολὴν.
1693 1151 1834 1204 κατά

256 1259 319 1310 γε
347 1242 476 1306 τοὺς
505 1243 720 1296 ἔνδοθεν
743 1240 1040 1313 μύρμηκας
1065 1241 1343 1312 (τοιαύτης
1371 1243 1480 1313 γὰρ
1512 1241 1646 1313 ὕλης
1668 1244 1832 1314 ἔρωτι

259 1333 659 1405 παρηνώχλουν
683 1337 749 1405 τῇ
781 1335 877 1404 γῇ)
897 1350 916 1367 ο
954 1335 1081 1398 τοὺς
1113 1334 1157 1387 δ’
1184 1335 1381 1398 αὐτοὺς
1419 1335 1514 1388 καὶ
1541 1335 1835 1406 τυμϐωρύ-

258 1444 385 1496 χους
419 1425 722 1496 μυριαχοῦ.
749 1425 885 1480 Οὐδὲ
926 1425 1036 1497 γὰρ
1067 1425 1189 1478 οὐδὲ
1226 1427 1354 1489 τοὺς
1390 1429 1621 1495 νεκροὺς
1645 1427 1833 1480 ἀνεπι-

259 1518 588 1581 ϐουλεύτους
616 1519 957 1590 παρέτρεχον
977 1535 990 1551 ·
1022 1518 1098 1581 ὡς
1123 1519 1181 1571 δὲ
1211 1519 1834 1590 θησαυροφυλακοῦντας

259 1610 521 1674 ἐλύπουν,
561 1610 1013 1671 διασκαλεύοντες
1046 1608 1280 1664 πλούτου
1317 1611 1510 1682 χάριν,
1550 1613 1648 1666 καὶ
1691 1611 1834 1667 οὕτω

261 1703 352 1757 τδν
375 1703 513 1774 ᾅδην
546 1701 840 1756 Πλούτωνα
873 1705 967 1756 xal
991 1701 1143 1756 αὐτοὶ
1171 1705 1311 1755 νοεῖν
1340 1702 1796 1774 ὑπεμφαίνοντες.
1849 1754 1863 1764 ,

331 1793 472 1866 ρκς.
509 1795 578 1846 Τί
625 1811 715 1864 μοι
756 1793 930 1846 πλείω
981 1794 1249 1863 γράφειν,
1307 1793 1436 1849 ἔνθα
1494 1793 1613 1848 οὐδὲ
1662 1795 1832 1866 βίϐλοι

1930 598 2150 662 dentur,
2194 603 2239 656 si
2285 601 2419 654 nihil
2459 601 2730 656 obstabat.
2778 603 3011 657 Auream
3061 603 3203 657 enim
3237 618 3493 664 messem,

1942 697 2000 742 nt
2035 699 2204 760 poeta:
2230 691 2442 756 dicunt,
2475 705 2538 746 ex
2573 693 2715 760 agris
2753 707 2861 746 non
2897 693 3146 754 consitis.
3175 707 3281 746 non
3314 703 3496 746 aratro

1931 781 2170 836 snbactis
2201 781 2418 835 eosdem
2454 783 2659 835 arando
2682 783 2959 848 tulerunt,
2977 790 3030 838 et
3046 783 3295 850 pulchras
3319 782 3496 852 fruges

1933 881 2288 940 spontaneas,
2324 873 2378 926 in
2421 875 2567 928 areis
2601 874 2992 942 deposuerunt.
3015 874 3105 929 Sic
3137 889 3242 928 non
3259 874 3497 929 contenti

1931 960 2127 1032 opibus
2175 963 2490 1018 subsolanis
2553 965 2946 1044 subterraneas
3007 981 3227 1036 quoque
3280 966 3502 1033 indaga-

1933 1061 2083 1108 runt.
2145 1052 2336 1109 Liceat
2393 1056 2528 1110 mihi
2577 1071 2674 1113 eos
2729 1059 3100 1115 aurifossores
3147 1059 3407 1124 vocitare,
3438 1068 3498 1113 ut

1934 1144 2195 1201 formicas
2246 1145 2607 1216 appellamus,
2666 1162 2787 1219 quae
2841 1148 3004 1204 istius
3056 1149 3256 1203 metalli
3309 1163 3497 1203 amore

1931 1236 2107 1292 ductae
2136 1237 2314 1293 solum
2349 1246 2602 1306 vertunt;
2643 1239 2740 1294 sed
2793 1249 2846 1295 et
2900 1243 3278 1310 sepulcrorum
3333 1240 3500 1295 eﬂ‘os—

1932 1341 2089 1383 sores
2121 1326 2432 1382 sexcenties
2464 1327 2722 1383 audiunt.
2757 1327 2893 1383 Nam
2928 1345 3027 1385 nec
3062 1331 3212 1398 ipsos
3252 1339 3498 1384 mortuos

1934 1416 2174 1472 intactos
2202 1418 2578 1488 praeteribant,
2627 1420 2724 1475 sed
2763 1429 2825 1476 ut
2871 1435 3019 1491 gaza:
3049 1422 3306 1477 custodes
3339 1423 3503 1476 laede-

1936 1508 2089 1572 bant,
2125 1510 2246 1564 auri
2297 1510 2474 1580 gratia
2525 1512 2830 1582 spoliantes
2873 1522 2928 1568 et
2976 1512 3250 1568 infernum
3282 1524 3337 1569 et
3368 1515 3500 1569 Plu-

1934 1606 2139 1664 tonem,
2172 1600 2224 1655 id
2251 1609 2338 1657 est
2362 1600 2674 1658 divitiarum
2703 1603 2885 1671 deum,
2917 1605 3166 1660 eumdem
3196 1621 3319 1662 esse
3348 1621 3502 1662 asse-

1933 1699 2144 1746 ιἐιιιεε.

2009 1781 2134 1835 127.
2171 1782 2269 1836 Cui
2303 1783 2448 1840 bono
2478 1783 2632 1854 plura
2669 1784 2930 1854 scribam,
2959 1787 3227 1858 siquidem
3257 1789 3382 1845 libri
3414 1789 3499 1844 in-

261 1853 379 1938 δλάι
412 1853 637 1955 μακραί
661 1853 1083 1937 ίκανώσαιενάν
1106 1853 1339 1952 ’μείείς
1387 1853 1674 1956 αἰίταρκες⁶
1711 1886 1830 1939 δια-

1940 1874 2074 1944 tegri
2116 1882 2171 1928 et
2203 1875 2438 1944 grandes
2472 1891 2576 1930 non
2608 1875 2921 1932 suﬂicerent
2945 1878 3011 1932 ad
3040 1881 3494 1934 conscribendam

260 1979 548 2046 γράφοντα
577 1978 688 2038 τοῖς
720 1975 1019 2046 φιληκόοις,
1065 1974 1228 2030 ὁποῖα
1257 1976 1388 2045 ἡμῖν
1421 1975 1720 2044 συνέπεσες
1753 1978 1832 2032 Δι’

260 2063 334 2124 ὧν
358 2069 461 2138 ὀψέ
495 2085 629 2122 ποτε
669 2068 766 2122 σὺν
800 2067 956 2136 κακῷ
1003 2068 1208 2137 ἔμαθον
1246 2068 1293 2121 oi
1340 2069 1398 2122 ὲν
1446 2070 1580 2139 ἡμῖν
1629 2071 1832 2141 κομψοὶ

260 2161 356 2231 τὴν
389 2163 605 2229 νόησιν,
639 2161 841 2230 χρῆναι
883 2161 952 2212 τά
991 2159 1177 2212 θεόθεν
1209 2163 1412 2230 σημεῖα
1457 2160 1827 2231 λεπτολογεῖν,

261 2253 353 2306 καὶ
376 2251 521 2320 πρὸς
542 2251 728 2315 αὐτοῖς
755 2251 1252 2322 διευκρινουμένοις
1277 2252 1423 2321 ἔχειν
1449 2252 1539 2305 τὸν
1565 2252 1710 2318 νοῦν,
1737 2255 1832 2308 καὶ
1881 2321 1887 2328 ,

261 2344 436 2395 ποιεῖν
469 2341 540 2394 τὰ
568 2330 900 2410 δηλούμενα.
935 2340 996 2392 Εἰ
1029 2339 1083 2392 δέ
1115 2357 1201 2403 τις
1229 2342 1462 2395 ἐνταῦθα
1495 2342 1677 2396 ποθῶν
1705 2345 1833 2411 φαίο

263 2449 412 2484 νεται
436 2431 962 2501 προσιστορηθῆναι,
995 2430 1087 2484 καὶ
1112 2424 1200 2483 οἷα
1229 2431 1450 2500 σήματα
1477 2431 1586 2485 τῶν
1611 2432 1832 2502 μελλόν-

261 2538 370 2574 των
405 2522 722 2590 προύφάνη,
769 2519 1014 2573 ἀκουέτω
1067 2517 1502 2590 βραχυλογικῶς,
1539 2523 1633 2574 καὶ
1678 2520 1832 2575 ταῦθ’

262 2614 422 2684 ἡμῶν
453 2614 535 2674 εἰς
575 2612 818 2682 ἱστορίαν
853 2609 1234 2680 ἐκτιθεμένων.

333 2710 483 2775 ρκην.
530 2704 621 2757 Ἐν
651 2705 889 2774 πρώτοις
922 2701 1021 2770 μὲν
1059 2700 1278 2769 ἀγαθῶν
1309 2700 1518 2772 ἀνδρῶν
1548 2703 1829 2774 ὀνείρατα,

259 2798 421 2850 ὁποῖα
460 2798 558 2848 καὶ
590 2797 625 2864 ἠ
672 2793 791 2863 ίερά
825 2790 934 2847 οἶδε
983 2793 1022 2844 Γ
1026 2792 1174 2862 ραφὴ
1207 2794 1482 2863 μηνυτικά
1531 2793 1832 2864 μελλόντων

259 2882 428 2951 εἶναι,
456 2885 816 2956 προελάλουν,
845 2879 935 2937 οἷα
964 2882 1286 2950 πεισόμεθα.
1315 2883 1423 2936 Καὶ
1443 2885 1604 2954 ἡμεῖς
1629 2885 1831 2953 ἔγελῶ-

262 2992 386 3046 μεν,
412 2973 822 3040 ὲξουθενοῦντες
851 2974 949 3035 τὰς
994 2971 1118 3026 καθ’
1164 2970 1369 3036 ὕπνους
1419 2973 1702 3042 δηλώσεις,
1736 2974 1832 3027 καὶ

257 3065 551 3135 διαστολὴν
609 3065 711 3118 οὐκ
757 3063 1031 3127 ἐθέλοντες
1087 3063 1424 3134 ἐξευρίσκειν
1469 3065 1745 3136 ὀράματός
1770 3083 1830 3120 τε

259 3158 358 3210 καὶ
377 3156 486 3210 τῶν
508 3156 730 3219 λοιπῶν,
762 3156 906 3226 ἆπερ
933 3155 1099 3219 ὕπνος
1127 3155 1326 3224 φαίνει.
1371 3157 1482 3210 Kal
1523 3159 1744 3212 ἀπεῖναι
1769 3159 1825 3213 δὲ
1851 3196 1896 3261 C
1933 3181 2212 3236 nolumus.

257 3249 352 3302 τὸν
405 3248 753 3318 μυροΰλύτην
803 3248 902 3318 τῆς
944 3247 1070 3301 καθ’
1123 3249 1271 3319 ἡμᾶς
1305 3247 1534 3313 πόλεως,
1583 3250 1678 3304 καὶ
1707 3255 1826 3306 κατ’

259 3339 434 3407 αὐτὴν
455 3340 557 3408 τὴν
587 3339 788 3392 ἅλωσιν
811 3338 1231 3406 εἰσελεύσεσθαι,
1258 3341 1307 3392 οἱ
1333 3340 1488 3394 αὐτοὶ
1512 3341 1787 3411 ἑωράκασι
1810 3381 1827 3408 ,

260 3430 354 3482 καὶ
394 3431 558 3500 ἡμεῖς
589 3429 648 3482 οὑ
685 3431 1152 3500 πεπιστεύκαμεν.
1194 3430 1282 3494 Ὦς
1309 3429 1419 3502 γὰρ
1453 3431 1738 3502 ὀχλοῦντες
1777 3435 1829 3486 oi

259 3527 442 3576 πιστοὶ
464 3524 607 3592 πρὸς
631 3522 957 3593 ἐπικουρίαν
984 3523 1275 3589 ἐνέκειντο,
1301 3524 1641 3593 ἀνεκάλυψεν
1670 3526 1830 3591 αὐτὸς

258 3615 650 3686 προορατικῶς
697 3617 777 3678 είς
829 3614 1004 3685 μάτην
1035 3615 1271 3686 τύραννα
1317 3615 1706 3670 δυσωπεῖσθαι.
1753 3619 1829 3671 Οὐ

257 3707 373 3772 γὰρ
399 3706 547 3774 ἄρτι,
576 3703 697 3758 ἀλλ’
727 3703 761 3773 ἢ
789 3704 926 3773 μετά
951 3705 1098 3773 τρεῖς
1120 3704 1336 3774 ἡμέρας
1360 3702 1699 3759 ἐλεύσεσθαι.
1723 3699 1832 3758 Ἦν

254 3799 315 3852 δὲ
357 3798 598 3866 τετάρτη
633 3795 776 3865 μετά
826 3795 922 3857 τὰς
949 3796 1098 3864 τρεῖς
1131 3796 1164 3864 ἡ
1195 3794 1298 3864 τῆς
1338 3794 1680 3866 πορθήσεως.
1721 3796 1831 3850 Kal

257 3888 436 3956 συχνὰ
465 3888 564 3956 μὲν
585 3884 962 3955 ὲποτνιώμεθα
981 3901 995 3914 ⁸
1036 3904 1054 3938 ι
1102 3884 1252 3938 Ἐλθὲ
1275 3886 1354 3948 είς
1382 3884 1444 3938 τὸ
1464 3886 1633 3939 σῶσαι
1661 3887 1828 3956 ἡμᾶς,

258 3980 339 4048 μή
380 3992 508 4030 ποτε
536 3976 736 4029 εἴπωσι
767 3976 834 4027 τὰ
861 3974 1013 4044 ἔθνη,
1046 3974 1155 4028 Ποῦ
1186 3975 1337 4027 ἔστιν
1367 3973 1396 4025 ὁ
1427 3973 1709 4044 πολιοῦχος
1737 3976 1834 4029 αῦ-

253 4070 410 4132 τῶν;
437 4087 458 4121 ι
480 4067 540 4120 '0
562 4067 610 4119 δ’
636 4067 737 4136 οὐχ
761 4063 1070 4127 ὑπακούων,
1092 4063 1402 4128 ὲξετόπιζεν
1431 4063 1588 4134 ἡμῶν
1615 4065 1830 4120 ἑαυτόν.

331 4159 478 4234 ρκθ’.
524 4160 818 4230 Ἐδάκρυον
851 4158 998 4226 ἅγιοι
1031 4160 1088 4208 ὲν
1132 4156 1476 4225 εἰκονίομασι
1499 4173 1512 4186 ·
1549 4157 1645 4210 καὶ
1682 4156 1834 4226 ἔχαι-

256 4273 359 4325 ρον
387 4255 438 4306 οί
471 4251 802 4316 κενέλπιδες,
827 4249 1076 4318 λέγοντες
1111 4249 1383 4302 δυσωπεῖν
1418 4247 1657 4310 ἐκείνους
1690 4250 1830 4321 ὑπὲρ

255 4346 446 4417 ἡμῶν.
503 4343 794 4411 Ἐλέγομεν
827 4342 1020 4410 ἡμεῖς·
1065 4340 1194 4402 Ναὶ,
1233 4339 1348 4392 ἀλλ’
1381 4340 1482 4394 οὐκ
1525 4341 1834 4396 εἰσακούον-

254 4455 376 4502 ται,
412 4435 498 4489 διὸ
547 4434 642 4488 καὶ
691 4432 1012 4501 ἐπιμένουσι
1066 4430 1363 4493 κλαίοντες.
1417 4431 1528 4484 Kal
1567 4432 1831 4502 ἠπίστουν

1935 1979 1998 2019 ea
2030 1979 2152 2034 quae
2183 1965 2344 2021 nobis
2375 1966 2743 2021 acciderunt?
2785 1968 3038 2022 Attamen
3073 1971 3167 2039 qui
3211 1970 3354 2038 apud
3400 1985 3498 2024 no-

1935 2067 2139 2113 strates
2188 2057 2461 2126 eiusmodi
2512 2059 2678 2114 rebus
2722 2061 2963 2128 student,
3001 2061 3164 2118 simul
3192 2061 3499 2118 didicerunt

1938 2144 2033 2201 Dei
2067 2148 2224 2218 signa
2266 2149 2608 2205 observanda
2639 2166 2783 2217 esse,
2820 2160 2874 2206 et
2911 2151 3165 2206 mandata
3210 2151 3329 2222 ejus
3374 2167 3501 2222 per-

1935 2239 2189 2294 ﬁcienda.
2227 2239 2283 2295 Si
2314 2243 2440 2311 quis
2477 2243 2644 2313 igitur
2695 2244 2983 2298 historiam
3041 2244 3289 2300 ediscere
3337 2254 3393 2299 et
3428 2260 3498 2300 ex

1935 2330 2110 2393 signis
2140 2329 2324 2384 futura
2357 2333 2617 2402 augurari
2647 2333 2904 2402 voluerit,
2928 2349 3050 2404 quae
3080 2336 3354 2390 memoria:
3380 2341 3498 2391 tra-

1934 2420 2172 2478 didimus
2207 2430 2414 2478 attenta
2445 2433 2624 2481 mente
2656 2425 2843 2497 legito.

2003 2721 2127 2778 128.
2189 2720 2308 2778 Jam
2391 2723 2462 2780 ab
2546 2724 2701 2782 initio
2773 2727 2843 2783 de
2895 2731 3126 2787 somniis
3170 2748 3292 2803 quae
3339 2751 3495 2792 sacra

1937 2811 2220 2884 Scriptura
2270 2817 2422 2870 novit
2461 2827 2519 2872 ut
2557 2834 2737 2874 rerum
2774 2821 3082 2878 futurarum
3114 2825 3338 2896 indicia,
3374 2847 3497 2900 quas

1933 2907 2208 2962 sentimus
2235 2908 2348 2976 jam
2378 2909 2638 2967 diximus.
2671 2910 2843 2983 Igitur
2889 2929 2988 2969 nos
3020 2916 3267 2984 risimus,
3315 2921 3498 2976 ﬂocci-

1942 2996 2208 3054 facientcs
2267 3005 2604 3058 somniorum
2669 3005 2868 3062 indicia
2923 3024 3043 3076 qua:
3093 3011 3494 3069 intersomnum

1938 3098 1992 3144 et
2022 3093 2258 3160 somnia,
2293 3109 2412 3163 quae
2445 3111 2543 3166 per
2587 3113 2838 3154 somnum
2882 3101 3130 3158 videmus
3160 3105 3498 3176 distinguere

2246 3183 2412 3238 Iidem
2451 3185 2595 3240 enim
2655 3188 2978 3259 interpretes
3051 3191 3179 3247 dum
3245 3196 3496 3250 viderunt

1935 3270 2290 3344 Myroblytam
2320 3292 2349 3329 a
2384 3278 2603 3333 civitate
2644 3289 2829 3334 nostra
2871 3282 3150 3338 absentem
3192 3287 3494 3342 obsidionis

1932 3375 2177 3437 tempOre
2203 3381 2546 3423 reversurum
2573 3385 2715 3434 esse,
2751 3387 2851 3426 nos
2878 3375 3035 3428 (idem
3068 3378 3270 3432 nullam
3301 3379 3490 3437 habui-

1936 3475 2082 3513 mus.
2129 3458 2266 3512 Cum
2304 3459 2446 3513 enim
2484 3461 2691 3515 creduli
2720 3462 3064 3532 impatienter
3097 3471 3358 3525 auxilium
3397 3489 3492 3528 ex-

1938 3559 2271 3620 spectarent,
2314 3550 2433 3618 ipse
2466 3553 2781 3621 prophetice
2809 3554 3107 3612 declaravit
3146 3559 3215 3614 de
3261 3571 3491 3632 tyranno

1931 3641 2316 3712 trepidandum
2346 3657 2490 3706 esse,
2523 3643 2618 3713 qui
2647 3653 2926 3714 post,tres
2963 3655 3173 3706 tantum
3209 3652 3326 3708 dies
3367 3668 3496 3710 ven-

1932 3740 2092 3788 turus
2111 3741 2278 3789 esset.
2311 3732 2440 3788 Erat
2468 3745 2644 3789 autem
2670 3739 3000 3812 quartaAdies
3023 3741 3092 3796 ab
3117 3745 3250 3799 urbe
3275 3749 3492 3812 excisa;

1931 3831 1987 3878 et
2015 3837 2156 3892 saepe
2184 3823 2456 3895 supplices
2491 3828 2692 3895 precati
2730 3807 2962 3884 sumiis:
3001 3820 3135 3886 Veni
3171 3835 3238 3889 ad
3280 3807 3497 3890 salvan;

1933 3915 2030 3970 dos
2051 3931 2171 3978 nos,
2206 3916 2714 3986 nequandodicant
2745 3928 2952 3988 gentes,
2988 3919 3091 3978 Ubi
3121 3933 3203 3980 est
3227 3936 3493 3996 patronus

1933 4008 2174 4074 eorum]!
2225 4007 2321 4063 Ille
2360 4017 2540 4064 autem
2572 4025 2680 4065 non
2712 4011 2941 4068 audiens
2971 4027 3196 4086 peregre
3227 4017 3384 4072 abiit.

2003 4175 2128 4232 129.
2173 4173 2358 4229 Sancti
2401 4172 2846 4244 lacrymabantnr
2885 4177 2942 4232 in
2988 4179 3105 4235 suis
3139 4181 3493 4255 imaginibus,

1934 4273 1989 4320 et
2025 4265 2334 4337 gaudebant
2375 4265 2470 4333 qui
2510 4279 2650 4319 vana
2693 4280 2790 4335 spe
2835 4268 3198 4335 ducebantur,
3247 4275 3492 4334 dicentes

1933 4359 2058 4414 illos
2109 4357 2277 4411 nostri
2315 4369 2476 4409 causa
2507 4353 2706 4424 alliigi;
2755 4369 2856 4410 nos
2901 4368 3080 4413 antem
3138 4361 3489 4424 dicebamus:

1938 4449 2090 4512 Esto,
2114 4447 2208 4502 sed
2233 4461 2340 4502 non
2361 4445 2751 4511 exaudiuntur,
2785 4445 2906 4502 ideo
2929 4448 3213 4518 lacrymari
3237 4468 3493 4523 pergunt.

256 4533 423 4603 ἡμῖν.
452 4528 562 4580 Kal
613 4525 766 4580 αὑτοὶ
809 4523 908 4595 μὲν
947 4517 1088 4593 ἦσαν
1117 4525 1174 4574 ὲν
1203 4523 1448 4576 ἐλπίσινο
1493 4525 1651 4592 ἡμεῖς
1681 4525 1736 4578 δὲ
1768 4520 1827 4579 εὖ

1940 4540 2002 4594 Et
2030 4540 2232 4594 nullam
2263 4539 2420 4592 nobis
2452 4537 2607 4593 ﬁdem
2629 4517 3170 4610 habebant,etsiipsi
3191 4517 3491 4611 sperarent.

260 4622 471 4682 εἰδότες
496 4620 586 4672 τὸν
607 4617 849 4686 ὄλεθρον,
876 4615 935 4678 ἐξ
966 4609 1041 4668 ὧν
1069 4615 1164 4666 καὶ
1190 4613 1452 4684 ἑωρῶμεν
1479 4616 1572 4667 καὶ
1602 4615 1835 4684 ὲλλόγως

264 4718 605 4782 συνήγομεν,
635 4709 734 4761 οὐκ
758 4708 975 4776 εἴχομεν
997 4705 1025 4758 ὅ
1054 4722 1103 4757 τι
1127 4707 1220 4758 καὶ
1247 4705 1517 4774 δράσομεν
1541 4720 1555 4734 '
1585 4705 1835 4773 λέγοντες

262 4805 364 4858 καὶ
389 4803 548 4856 αὐτοὶ
583 4801 656 4870 μή
694 4816 748 4852 τι
795 4796 932 4865 πρὸς
974 4795 1164 4865 ἀγαθῷ
1211 4791 1350 4849 εἷναί
1395 4813 1502 4848 τινι
1532 4796 1592 4849 τὸ
1643 4796 1835 4865 μέλλον

262 4894 494 4957 εἰδέναι,
529 4891 655 4943 ἔνθα
683 4889 763 4959 τῷ
797 4886 1084 4959 φρονοῦντι
1128 4886 1292 4954 μηδὲν
1325 4886 1359 4955 ἡ
1390 4885 1591 4954 γνῶσις
1622 4887 1835 4940 λυσιτε-

221 5015 226 5020 .
262 4987 350 5038 λεῖ
373 5001 387 5013 ·
433 4984 527 5036 καὶ
555 4983 693 5035 κατὰ
736 4978 834 5047 τὴν
865 4978 963 5047 τῆς
1014 4977 1256 5047 ἱστορίας
1287 4977 1608 5046 Κασάνδραν
1656 4977 1835 5046 (ὀκνῶ

262 5081 379 5144 γαρ
409 5077 608 5137 εἰπεῖν,
641 5073 711 5125 τὰ
751 5072 922 5141 μείζω
959 5071 1442 5139 παρεισκυκλήσας
1486 5070 1579 5121 καὶ
1627 5076 1838 5140 προφη-

261 5173 422 5239 tua)
475 5169 857 5238 ἀληθιζόμενοι
907 5165 1028 5236 μὲν,
1077 5166 1364 5234 ἀφιέμενοι
1415 5161 1472 5215 δὲ
1524 5162 1705 5219 λαλεῖν
1753 5169 1835 5229 είς

263 5269 524 5332 ἀνήκοον.

338 5357 440 5425 ρλ’.
480 5352 691 5416 Ἔδειξέ
724 5367 776 5404 τι
807 5349 968 5420 τέρας
1001 5349 1122 5400 τότε
1156 5347 1255 5398 οὐκ
1291 5347 1466 5401 αῐσιον
1500 5347 1592 5402 καὶ
1625 5349 1658 5418 ἠ
1694 5349 1835 5402 πάν-

261 5463 430 5515 αγνος
475 5444 803 5512 Θεομήτωρ,
844 5441 877 5510 ἡ
916 5439 1044 5508 παρ’
1073 5439 1206 5506 ἡμῖν
1245 5435 1336 5488 τοῦ
1374 5437 1587 5506 ὁδηγεῖν
1625 5438 1834 5491 ἐπώνυ-

263 5557 393 5608 μος,
418 5534 698 5597 δεικνῦσα,
725 5533 800 5594 ὼς
830 5531 1157 5599 ἀποστέργει
1180 5528 1247 5580 τὰ
1275 5527 1395 5580 καθ’
1423 5531 1588 5598 ἡμᾶς,
1617 5530 1711 5583 καὶ
1736 5531 1836 5583 οὐκ

261 5631 444 5684 ἐθέλει
481 5625 598 5696 μεθ’
625 5624 784 5696 ἡμῶν
813 5618 974 5678 εἶναι.
1007 5619 1376 5692 Προοδεύουσα
1411 5620 1516 5689 γάρ
1551 5636 1683 5672 ποτε
1713 5622 1836 5674 τότε

260 5721 390 5776 καθ’
421 5719 632 5790 ἡμέραν
655 5756 670 5780 ,
708 5718 742 5786 ἡ
776 5715 836 5767 τὸ
877 5714 1040 5782 κῦρος
1078 5713 1190 5781 ἔχει
1225 5712 1316 5764 τοῦ
1351 5711 1590 5764 τοιούτου
1632 5712 1834 5778 καλοῦ,

262 5817 363 5869 καὶ
389 5808 774 5882 περιελθοῦσα,
793 5807 920 5861 ἔνθα
937 5809 1032 5876 τῆς
1054 5805 1258 5868 πόλεως
1280 5807 1312 5875 ὴ
1335 5804 1628 5873 ἀδελφότης
1653 5802 1835 5873 ἤθελε,

1933 4631 2046 4687 Nos
2085 4643 2266 4684 autem
2309 4631 2402 4700 qui
2465 4630 2678 4684 ruinam
2735 4632 2903 4700 probe
2953 4633 3380 4699 praevidebamus
3429 4652 3493 4694 ac

1943 4721 2409 4777 ratiocinabamur
2437 4734 2502 4773 ex
2534 4721 2603 4774 iis
2632 4734 2752 4788 qua:
2785 4731 2910 4774 ante
2940 4723 3127 4776 oculos
3158 4723 3494 4783 habebamus

1935 4811 2087 4866 dubii
2120 4811 2464 4865 haerebamus
2500 4810 2629 4879 quid
2666 4809 2974 4864 faciendum
3005 4821 3179 4877 esset,
3212 4825 3268 4869 et
3322 4816 3492 4872 futuri

1936 4901 2226 4958 scientiam
2262 4901 2395 4954 nihil
2439 4902 2695 4970 prodesse
2722 4899 3079 4964 adirmantes,
3116 4903 3205 4957 ubi
3234 4905 3332 4972 ipsi
3360 4922 3494 4976 pru-

1936 4996 2083 5050 denti
2146 4991 2283 5047 nihil
2341 4990 2610 5045 commodi
2655 4991 2845 5058 affert;
2899 5001 2955 5046 et
2996 4994 3141 5047 sicut
3183 4995 3494 5052 Cassandra

1937 5087 2078 5155 (non
2109 5086 2254 5139 enim
2287 5085 2354 5139 de
2386 5082 2504 5152 ejus
2535 5082 2836 5150 prophetiis
2877 5085 3032 5152 plura
3075 5084 3344 5156 aderam),
3397 5104 3493 5144 ve-

1937 5191 2059 5230 rum
2097 5177 2358 5239 diximus,
2405 5173 2498 5228 sed
2529 5172 2594 5226 ad
2626 5173 2824 5228 surdas
2854 5189 3038 5229 aures.

2007 5350 2130 5405 150.
2157 5346 2294 5401 Tum
2339 5343 2660 5400 miraculum
2689 5344 2914 5399 minime
2938 5345 3172 5401 faustum
3205 5347 3495 5416 purissima

1922 5442 2108 5496 Mater
2136 5437 2252 5502 Dei,
2306 5451 2426 5506 quae
2455 5438 2597 5505 apud
2652 5450 2752 5490 nos
2792 5435 3137 5507 Hodegetria,
3191 5441 3294 5494 vim
3348 5441 3494 5509 dux,

1938 5531 2109 5595 audit,
2146 5531 2409 5594 exhibuit,
2436 5530 2685 5583 indicans
2719 5528 2866 5597 quod
2899 5544 2986 5582 res
3020 5540 3238 5585 nostras
3266 5531 3493 5602 odisset,

1937 5633 1992 5678 et
2021 5623 2302 5676 nobiscum
2337 5635 2484 5674 Stare
2512 5620 2698 5675 nollet.
2741 5621 2838 5676 Die
2882 5622 3118 5690 quodam
3173 5621 3314 5677 festo
3345 5638 3494 5692 cum,

1939 5713 2205 5766 fratribus
2258 5710 2655 5778 praeeuntibus,
2704 5724 2799 5778 per
2843 5718 3010 5764 totam
3063 5708 3339 5766 civitatem
3376 5728 3498 5768 am-

1941 5801 2180 5856 bulasset
2211 5801 2270 5856 S.
2298 5799 2490 5864 Mater,
2516 5808 2571 5853 et
2601 5799 2656 5854 in
2692 5815 2759 5854 eo
2791 5807 2934 5854 esset
2962 5809 3022 5854 ut
3059 5800 3112 5856 in
3139 5803 3306 5858 aedem
3331 5819 3485 5860 suam
