3968 6560
490 343 588 410 127

1233 339 1652 403 EUSTATHII
1697 331 2452 398 THESSALONICENSIS
2492 327 3047 392 METROPOLIT/E

3628 330 3735 398 19.9

487 459 891 530 ingrederetur.
939 472 1036 528 per
1083 464 1298 526 portam
1386 455 1592 509 intrare
1633 465 1892 507 recusans
1937 464 2052 503 eum

2169 447 2260 498 καὶ
2288 443 2772 514 ἀποκαθισταμένη
2800 441 2954 503 αὐθις
2986 443 3066 504 είς
3095 439 3189 496 τὸν
3218 434 3367 496 οἶκον
3395 440 3568 511 αὐτῆς
3589 481 3605 506 ,
3637 440 3735 498 καὶ

484 554 578 622 qui
629 554 800 621 ipsam
837 550 1078 603 humeris
1111 546 1383 616 portabat,
1415 546 1603 615 pedem
1629 542 1832 598 referre
1855 542 2056 609 coegit,

489 641 617 697 dum
669 640 912 710 pondere
977 638 1192 692 insolito
1241 637 1446 691 sensim
1501 635 1906 704 ingravescente
1963 648 2059 701 op-

485 746 712 804 pressus
759 745 910 799 paene
954 729 1101 782 humi
1152 725 1392 792 caderet,
1435 740 1536 780 nec
1587 726 1706 794 ipse
1739 725 1910 788 solus,
1958 724 2056 779 sed

487 832 758 895 quotquot
779 837 996 896 manum
1022 821 1306 889 imponere
1330 825 1684 873 conarentur.
1717 816 1902 869 Primo
1933 814 2054 885 qui-

486 916 609 971 dem
644 915 733 985 qui
765 915 1019 984 portabat
1043 915 1096 966 in
1120 911 1486 982 suspicionem
1515 911 1664 964 venit
1719 909 1873 978 quasi
1907 907 2054 962 domi

489 1008 608 1064 haec
636 1007 984 1063 machinatus
1017 1010 1181 1069 esset,
1229 1015 1284 1075 _ut
1313 1017 1459 1073 saepe
1491 1002 1572 1058 fit.
1607 1000 1710 1057 Ubi
1738 1012 1923 1056 autem
1952 999 2054 1055 viri

477 1099 657 1163 .sacri,
697 1097 926 1166 integris
967 1097 1214 1150 moribus
1264 1087 1324 1149 et
1367 1093 1460 1164 qui
1518 1093 1674 1148 nefas
1711 1093 2054 1148 committere

473 1193 638 1251 ,haud
671 1199 918 1261 possent,
936 1203 1152 1243 manum
1178 1187 1400 1258 imagini
1430 1185 1811 1257 promovenda:
1849 1185 2051 1240 frustra

494 1285 899 1354 apposuissent,
957 1295 1022 1335 ac
1075 1279 1244 1334 nihilo
1303 1279 1483 1332 minus
1533 1284 1612 1332 tot
1659 1285 1792 1347 quot
1851 1284 2048 1342 erant,

472 1391 708 1432 .movere
737 1376 853 1428 loco
891 1373 1165 1438 valebant,
1209 1378 1386 1426 metus
1417 1370 1608 1439 ingens
1631 1383 1822 1423 omnes
1848 1368 2054 1424 invadit

479 1469 575 1526 .vel
605 1468 1034 1530 cordatissimos,
1065 1466 1239 1519 donec
1281 1463 1470 1519 effusis
1502 1463 1760 1534 lacrymis
1801 1470 1856 1516 et
1884 1462 2051 1532 gemi-

489 1561 633 1615 tibus
668 1537 860 1614 vocem
899 1557 1170 1612 elevarint
1225 1558 1291 1610 ad
1335 1555 1533 1610 Filium
1575 1565 1777 1610 sancta:
1823 1554 2047 1618 Matris,

490 1667 668 1720 neque
689 1653 816 1704 inde
847 1651 1180 1704 destiterunt
1205 1650 1379 1703 donec
1409 1649 1768 1717 comprobato
1799 1645 2048 1717 prodigio

487 1759 630 1798 unus
671 1743 780 1812 jam
823 1741 1114 1811 expeditus
1155 1740 1273 1794 siue
1323 1755 1519 1810 magno
1567 1740 1754 1795 labore
1802 1747 2045 1794 sanctam

2158 539 2276 600 ταῖς
2307 535 2534 599 εἰσόδοις
2565 534 2853 602 ἐγγίσασα,
2882 531 3055 596 οὕτως
3087 531 3251 585 ὤκνει
3281 532 3377 602 τὴν
3403 533 3626 599 εῐσοδον,
3655 535 3732 600 ὡς

2157 627 2262 680 ἀνᾶ
2295 627 2429 680 πόδα
2462 627 2659 696 χωρεῖν
2691 624 2970 694 κραταιῶς
3002 623 3284 693 βιάζεσθαι
3314 625 3405 676 τὸν
3433 622 3601 688 αὐτὴν
3631 626 3730 692 φέ-

2158 737 2342 791 ροντα,
2361 721 2452 772 καὶ
2477 717 2825 787 ἐνιστάμενον
2848 715 3173 786 βαρύνεσθαι
3197 714 3450 784 ότιμάλα,
3472 717 3567 768 καὶ
3590 718 3729 786 πρὸς

2153 811 2232 882 τῷ
2255 809 2619 864 καταπίπτειν
2643 809 2923 876 γίνεσθαι·
2952 807 3044 860 καὶ
3067 808 3126 859 οὐ
3158 807 3314 876 μόνον
3338 807 3565 872 ἐκεῖνον,
3591 808 3727 862 άλλά

2154 904 2248 958 καὶ
2294 902 2508 966 ἄλλους,
2548 902 2660 954 ὅσοι
2710 898 3171 953 συνεπιλάὸοιντο.
3217 898 3329 953 Καὶ
3371 894 3440 969 ἦν
3484 900 3584 969 μὲν
3627 901 3727 972 τὴν

2153 993 2326 1066 ἀρχὴν
2349 995 2376 1048 ὀ
2403 993 2617 1062 ἐκείνην
2643 991 2850 1062 ἀνέχων
2877 989 3137 1056 ὕποπτος,
3162 988 3238 1053 ὡς
3265 989 3475 1044 οἴκοθεν
3497 991 3726 1044 τοιαῦτα

2151 1085 2490 1157 τεχνώμενος
2512 1124 2527 1148 ,
2562 1083 2722 1138 ὁποῖα
2754 1081 2939 1135 πολλοὶ
2971 1081 3353 1152 τερθρεύονται
3378 1098 3393 1113 ο
3429 1080 3504 1144 ὡς
3538 1081 3597 1135 δὲ
3631 1083 3728 1137 καὶ

2155 1177 2291 1250 ἱεροὶ
2323 1177 2547 1247 ἄνδρες,
2583 1175 2777 1244 ἀγαθοὶ⁸
2806 1175 2866 1228 τὺ
2897 1171 3062 1246 ἦθος,
3097 1173 3190 1226 καὶ
3220 1168 3321 1226 οἷοι
3360 1172 3436 1243 μὴ
3473 1172 3728 1242 παλαμᾶ·

2155 1269 2278 1323 σθαι
2303 1269 2373 1323 τὰ
2402 1269 2475 1339 μὴ
2504 1267 2712 1332 δέοντα,
2741 1267 3039 1338 συνήραντο
3065 1263 3368 1334 ἐγκρατῶς,
3398 1264 3492 1318 καὶ
3524 1264 3726 1327 πάντες

2151 1361 2403 1424 ἐλάττους
2435 1356 2575 1430 ἦσαν
2605 1361 2703 1428 τῆς
2733 1358 2826 1412 τοῦ
2861 1357 3006 1427 ἱεροῦ
3043 1357 3227 1426 σίγνου
3265 1357 3466 1427 ἰσχύος,
3499 1358 3594 1412 καὶ
3617 1355 3728 1409 οὐκ

2153 1454 2400 1508 ἐπείθετο
2447 1451 2728 1514 εἰσελθεῖν,
2773 1451 2890 1504 ἀλλ’
2921 1447 3010 1520 ἦν,
3057 1449 3134 1512 ὼς
3181 1449 3377 1512 είπεῐν,
3429 1448 3723 1519 ἀφόρητον,

2151 1546 2452 1616 ὑπέρλεται
2485 1543 2647 1613 φόϐος
2681 1541 2960 1605 ἅπαντας,
2991 1542 3115 1594 ὅσον
3143 1540 3308 1611 ἐχρῆν
3340 1538 3532 1592 παθεῖν
3553 1579 3569 1601 ,
3603 1541 3726 1610 ἐχὲο

2151 1655 2352 1709 φρονας
2377 1653 2390 1668 ο
2433 1637 2526 1689 καὶ
2567 1635 2982 1704 ἀναπρήσαντες
3022 1633 3255 1702 δάκρυα,
3295 1630 3519 1700 ὕψωσαν
3560 1631 3728 1685 κλαυε

2151 1730 2320 1799 θμδν,
2355 1729 2448 1782 καὶ
2482 1727 2665 1794 φωνάς
2699 1726 2910 1795 ἐπῆραν
2939 1726 3074 1795 πρὸς
3102 1725 3194 1778 τὸν
3225 1723 3448 1794 ῠψιστον
3470 1724 3594 1777 Υξὸν
3626 1725 3726 1794 τῆς

489 1799 780 1901 imaginem
826 1799 914 1886 ad'
947 1831 1130 1886 sedem
1175 1845 1331 1884 suam
1405 1799 1654 1898 portarit.
1711 1829 1867 1894 Quod
1921 1829 2052 1884 viris

2160 1823 2435 1888 πανάγνου
2468 1818 2709 1889 Μητρός.
2749 1818 2854 1872 Kal
2888 1817 2987 1870 οὐκ
3020 1817 3326 1882 ἐνέδωκαν,
3360 1816 3462 1880 ἓως
3495 1816 3589 1870 τοῦ
3625 1834 3726 1887 στιο

485 1923 741 1994 gravibus
778 1922 933 1978 futile
971 1931 1054 1977 est
1102 1923 1316 1988 visum;
1366 1937 1470 1977 nos
1502 1931 1686 1976 autem
1733 1921 1921 1978 miseri
1962 1919 2054 1990 qui

486 2033 650 2073 onere
692 2016 799 2070 isto
831 2015 1039 2085 gravati
1072 2014 1298 2083 fuimus,
1368 2016 1540 2087 probe
1591 2014 1870 2080 novimus,
1924 2010 2056 2084 quid

486 2125 578 2166 res
611 2109 714 2172 sibi
755 2107 904 2163 velit.

567 2437 690 2492 l3l.
734 2436 904 2490 Sacra
940 2435 1160 2490 oracula
1198 2433 1536 2505 interrogata
1567 2443 1794 2490 eventus
1825 2433 2053 2504 futuros,

495 2528 638 2584 diem
678 2528 828 2582 urbis
867 2536 1219 2598 expugnatae,
1270 2527 1777 2583 exterminationem
1814 2538 2057 2585 nostram

487 2619 881 2690 praedixerunt.
913 2617 957 2673 Ο
987 2627 1189 2672 certam
1240 2618 1619 2687 prophetiam!
1656 2617 1700 2673 Ο
1731 2618 1807 2674 rei
1839 2619 2060 2674 indubio

489 2719 614 2764 tata:
637 2719 692 2763 et
727 2708 948 2763 minime
980 2709 1270 2778 tequivocae
1302 2708 1685 2764 revelatiouem
1713 2710 1727 2763 ί
1757 2709 2060 2766 Osurdita-

489 2805 600 2852 tem
631 2803 872 2853 nostram
895 2795 910 2851 l

563 3013 688 3070 152.
725 3014 852 3069 Erat
884 3025 1018 3070 tunc
1045 3023 1281 3086 tempus,
1332 3016 1760 3087 expugnationis
1792 3017 2014 3088 inquam
2037 3056 2055 3084 ,

2161 1915 2312 1985 μείου
2340 1915 2440 1987 ήδη
2465 1912 2872 1981 διαδειχθέντος,
2899 1905 3018 1963 εἶτα
3045 1911 3203 1980 μόνος
3227 1912 3255 1963 ὁ
3285 1909 3566 1980 βαστάζων
3590 1911 3726 1964 ἀϐά-

2162 2024 2349 2076 ρυντος
2379 2007 2476 2058 καὶ
2501 2003 2940 2075 ἀπαραπόδιστος
2966 2003 3139 2073 ἤγαγε
3163 2003 3222 2054 τὸ
3249 2002 3402 2070 άγιον
3425 2003 3721 2072 μόρφωμα,

2158 2095 2286 2150 ἔνθα
2313 2095 2540 2166 ἵδρυται.
2569 2095 2678 2148 Kal
2703 2095 2876 2148 ἐδόκει
2907 2095 3005 2164 μὲν
3027 2094 3122 2147 καὶ
3144 2092 3300 2148 τοῦτο
3322 2095 3434 2157 τοῖς
3457 2094 3726 2162 γενναίοις

2159 2190 2373 2258 φρονεῖν
2395 2187 2628 2257 ἐλαφρόν
2651 2203 2666 2221 ο
2698 2188 2858 2258 ἡμεῖς
2885 2186 2942 2241 δὲ
2969 2188 3018 2241 oi
3045 2187 3294 2252 ἀσθενεῖς
3323 2185 3723 2259 ἐσαρυνόμεθα,

2160 2279 2532 2348 ὑπονοοῦντες,
2558 2280 2693 2334 ὅπου
2724 2280 2868 2334 νεύει
2895 2283 2966 2334 τά
2993 2278 3089 2335 τοῦ
3121 2279 3463 2353 πράγματος.

2235 2418 2370 2489 ρλαν.
2403 2415 2792 2486 ’Δπεκρίναντο
2830 2416 2924 2469 καὶ
2957 2415 3027 2470 τά
3066 2414 3184 2487 ἱερὰ
3223 2413 3380 2482 λόγια
3421 2414 3479 2482 ἐξ
3520 2414 3728 2485 ἐρωτή-

2161 2525 2298 2573 σεως
2324 2509 2422 2573 τὰς
2446 2508 2740 2571 ἀποϐάσεις
2766 2507 2876 2560 τῶν
2899 2509 2957 2560 ἐν
2981 2506 3058 2577 τῷ
3089 2507 3354 2577 μέλλοντι,
3379 2507 3476 2578 τὴν
3501 2503 3725 2576 ἅλωσιν,

2158 2602 2258 2672 τὴν
2280 2601 2490 2672 ἡμέραν
2515 2600 2704 2666 αὐτῆς,
2727 2598 2785 2652 τὸ
2812 2600 3286 2668 κατακοπήσεσθαι
3316 2600 3483 2669 ἡμᾶς.
3505 2601 3568 2652 Ὢ
3597 2617 3729 2670 προ-

2160 2690 2397 2762 φητικῆς
2433 2690 2740 2758 εὐκρινείας
2779 2690 3022 2759 ἐκείνηςῒ
3068 2688 3114 2742 ὣ
3153 2691 3559 2760 ἀνεπικρύπτου
3596 2692 3730 2744 ἁπο-

2161 2785 2416 2853 φάσεως,
2450 2781 2544 2836 καὶ
2582 2782 2656 2852 μὴ
2690 2781 3088 2852 ἐπισυρομένης
3123 2780 3386 2846 λόξωσινι
3423 2781 3533 2835 Kal
3562 2783 3729 2854 ἡμεῖς

2159 2876 2528 2948 ἐκωφεύομεν.

2233 3017 2368 3089 ρλβ’.
2392 3012 2501 3071 Ἦν
2541 3017 2843 3086 τηνικαῦτα
2889 3019 3096 3087 καιρὸς,
3139 3020 3292 3090 παρὰ
3330 3019 3399 3077 τά
3439 3023 3729 3076 τελευταῖα

495 3121 605 3176 quo
628 3107 788 3161 verba
816 3106 1128 3176 evangelica
1158 3108 1354 3177 quibus
1383 3109 1725 3164 calamitates
1758 3107 1892 3164 Sion
1918 3124 2052 3180 prae-

2158 3113 2256 3184 τῆς
2282 3111 2556 3177 ἁλώσεως,
2584 3112 2678 3164 καὶ
2706 3112 3011 3198 περικοπὰς
3035 3112 3395 3182 εὐαγγελικὰς
3422 3115 3508 3168 ἐπ’
3529 3113 3730 3187 ἐκκλη-

493 3200 738 3269 flgurata‘.
760 3199 998 3266 fuerant,
1023 3202 1074 3254 in
1105 3200 1332 3256 ecclesia
1367 3201 1582 3257 recitari
1617 3203 1908 3259 debebant.
1940 3203 2052 3258 Viri

486 3294 632 3348 enim
668 3308 862 3363 graves
901 3292 967 3348 de
1001 3293 1224 3349 civitate
1259 3308 1321 3348 ea
1359 3293 1879 3364 interpretabantur.
1901 3295 2053 3353 Tunc

485 3383 612 3439 duci
653 3385 744 3454 qui
777 3384 842 3440 de
873 3393 1070 3440 eventu
1104 3385 1456 3455 desperabat,
1493 3401 1581 3441 res
1605 3397 1826 3442 nostras
1861 3389 2052 3459 dispo-

488 3489 869 3546 nere,nosque
904 3477 1212 3532 indolentes
1249 3478 1488 3533 excitare
1513 3481 1698 3548 cmpit,
1748 3489 1804 3533 ut
1849 3479 2051 3534 eaedem

486 3565 536 3620 ei
562 3566 711 3621 cordi
741 3581 860 3620 esse
889 3566 1204 3621 viderentur
1245 3567 1312 3621 iis
1341 3567 1433 3637 qui
1453 3583 1635 3622 earum
1665 3583 1848 3624 rerum
1877 3570 2051 3640 ignari

486 3665 669 3710 erant.
748 3655 879 3709 Nam
927 3659 1082 3726 quasi
1118 3657 1352 3711 ludendo
1409 3657 1556 3712 circa
1608 3674 1802 3730 magna
1851 3663 2052 3730 templa

487 3746 751 3799 excubias
781 3759 941 3814 agere
966 3746 1138 3810 nobis
1155 3749 1433 3818 praecepit.
1465 3746 1574 3802 Cur
1613 3750 1759 3803 enim
1794 3766 1890 3819 pro
1916 3752 2054 3806 civi-

491 3840 624 3892 tatis
675 3839 852 3892 salute
892 3853 1085 3908 preces
1138 3839 1361 3896 facere?
1417 3840 1473 3895 lu
1516 3852 1700 3898 mente
1745 3853 1924 3899 autem
1959 3845 2054 3899 ha-

488 3929 657 3984 bebat
715 3929 1056 3998 religionem»
1097 3929 1301 3994 colere,
1341 3931 1489 4001 quod
1545 3948 1654 3987 non
1707 3935 1830 3991 sine
1866 3937 2052 4007 aliquo

489 4015 786 4072 simulacro
843 4015 1094 4081 faciebat,
1131 4025 1189 4070 ut
1238 4020 1533 4071 maximam
1589 4020 1824 4076 civitatis
1860 4038 2049 4078 curam

490 4121 684 4172 gerere
734 4106 1037 4169 videretur,
1081 4121 1271 4175 preces
1329 4123 1428 4178 pro
1458 4125 1520 4163 ea
1574 4109 1756 4168 facere
1785 4112 2047 4183 iubendo.

489 4193 756 4262 Equidem
792 4205 922 4263 puto
952 4195 1188 4250 civitatis
1220 4206 1425 4252 statum
1476 4214 1600 4255 eum
1626 4200 1798 4258 fuisse
1816 4212 1874 4258 ut
1902 4217 2052 4261 certe

491 4287 987 4354 supplicationibus
1040 4288 1089 4342 ei
1140 4299 1268 4345 ante
1314 4291 1501 4346 omnia
1555 4308 1692 4362 opus
1753 4306 1921 4352 esset.
1973 4297 2050 4353 ita

489 4380 733 4433 medicus
781 4379 874 4450 qui
913 4379 1188 4448 imperitia
1227 4397 1324 4437 sua
1359 4383 1603 4440 hominis
1629 4386 1758 4456 tegri
1788 4387 1954 4442 vitam
1991 4389 2048 4444 in

2158 3204 2278 3266 σίας
2307 3201 2686 3270 ἐκφωνείσθαι,
2710 3201 2776 3256 δι’
2801 3194 2876 3256 ὧν
2901 3202 2970 3254 τὰ
2995 3203 3096 3272 τῆς
3124 3203 3263 3258 Σιὼν
3293 3205 3726 3277 στηλογραφοῦνο

2154 3313 2244 3351 ται
2285 3296 2453 3350 κακά.
2489 3295 2598 3348 Καὶ
2636 3294 2686 3346 οί
2725 3293 2833 3346 ἔσω
2873 3296 3084 3364 φρενῶν
3119 3295 3416 3366 ίερολογίαν
3449 3299 3591 3352 κατὰ
3625 3300 3723 3370 τῆς

2154 3389 2359 3450 πόλεως
2385 3388 2644 3442 ὑπενόουν
2667 3388 2822 3444 αὐτά.
2841 3388 3025 3454 Ἔδοξε
3048 3390 3127 3460 τῷ
3151 3391 3380 3463 άρχηγῷ
3401 3391 3722 3462 τηνικαῦτα,

2153 3474 2240 3533 οἷα
2274 3479 2382 3532 τῶν
2420 3477 2802 3551 στρατηγικῶν
2835 3481 3204 3550 ἀπεγνωκότι,
3237 3482 3618 3538 διατάττεσθαι
3651 3485 3725 3538 τὰ

2153 3568 2277 3622 καθ’
2306 3571 2454 3640 ἡμᾶς
2472 3612 2488 3637 ,
2521 3573 2616 3624 καὶ
2647 3572 2937 3643 διεγείρειν
2963 3572 3036 3636 ὡς
3069 3569 3180 3627 οἷον
3209 3575 3684 3640 άπονυστάζοντας
3702 3618 3720 3644 ,

2155 3659 2242 3714 ἵνα
2278 3663 2521 3729 φαίνοιτο
2551 3666 2664 3730 τοῖς
2702 3666 2776 3737 μὴ
2813 3667 3036 3720 συνιεῖσι
3068 3665 3158 3720 διὰ
3192 3669 3407 3723 πάντων
3437 3667 3593 3738 ἡμῶν
3626 3670 3724 3722 καὶ

2153 3754 2620 3825 προμηθέστατος.
2681 3759 2957 3830 Μηνύεται
3013 3759 3142 3829 γοῦν
3199 3763 3332 3832 ἡμῖν
3390 3761 3724 3832 παννυχίδας

2153 3846 2508 3918 ἀγρυπνητὰς
2557 3851 2804 3916 ἐπιτάξαι
2853 3851 2983 3922 περὶ
3027 3855 3155 3916 τοὺς
3205 3854 3473 3923 μεγάλους
3521 3857 3719 3923 ναοὺς,

2153 3937 2363 4002 παίζων
2395 3938 2601 4004 ἐκεῖνος
2636 3941 2934 3995 κάνταῦθα.
2969 3941 3035 3995 Τί
3068 3941 3176 4015 γὰρ
3212 3943 3306 3997 καὶ
3338 3944 3444 3998 ἔδει
3479 3946 3720 4016 προτρέο

2151 4047 2274 4084 πειν
2299 4029 2572 4101 εὔχεσθαι,
2599 4032 2736 4104 ὅπερ
2766 4034 2970 4097 ἐκεῖνος
2993 4033 3292 4105 άπηύχετο,
3316 4035 3418 4107 τὴν
3441 4037 3721 4106 σωτηρίαν

2149 4124 2247 4192 τῆς
2277 4123 2514 4191 πόλεωςς
2533 4119 2642 4178 Ἦν
2664 4124 2723 4179 δι
2750 4126 2799 4178 ol
2827 4126 3038 4180 ἐπίνοια
3062 4128 3336 4182 ὁσιοῦσθαι
3359 4129 3420 4182 τδ
3446 4129 3718 4200 εὐσεϐεῖν,

2149 4217 2244 4269 καὶ
2275 4214 2630 4285 ἐπικρύπτειν
2657 4215 2755 4288 τὴν
2783 4216 2982 4288 ὕρεξιν,
3017 4217 3100 4271 ἵνα
3129 4219 3258 4290 δοκῇ
3289 4220 3429 4276 πάνυ
3459 4237 3719 4293 περιποι-

2150 4307 2326 4362 εῖσθαι
2360 4307 2460 4377 τὴν
2491 4308 2645 4362 πόλιν
2679 4310 2763 4379 ἐφ’
2790 4309 3029 4378 ἅπασιν,
3065 4311 3118 4365 ετ
3147 4329 3211 4380 γε
3245 4313 3388 4366 θέλει
3420 4314 3514 4367 καὶ
3548 4315 3720 4383 εὐχὰς

2149 4399 2249 4462 τὰς
2279 4399 2419 4470 ὑπὲρ
2449 4401 2618 4470 αὐτῆς
2642 4414 2655 4430 ·
2687 4397 2840 4472 οἶμαι
2865 4403 2945 4469 δὲ,
2978 4406 3072 4459 καὶ
3101 4404 3537 4475 ἐνδεικνύμενος,
3571 4409 3719 4463 οὕτω

486 4469 808 4526 discrimine
839 4472 1047 4541 posuit,
1087 4475 1429 4530 sacerdotem
1463 4477 1689 4532 advocat
1739 4489 1801 4533 ut
1842 4479 2046 4536 viatico

2157 4465 2498 4562 καταστήσαι
2524 4465 2592 4546 τά
2615 4492 2714 4563 τῆς
2743 4465 2971 4562 πόλεως,
2996 4494 3071 4559 ὡς
3098 4497 3272 4568 εὐχῶν
3297 4465 3391 4552 καὶ
3421 4465 3596 4568 μόνων
3620 4500 3721 4555 αὐ-

486 4563 776 4616 morientis
807 4563 1037 4617 salutem
1071 4563 1273 4620 firmet.
1303 4565 1533 4621 Gravior
1560 4569 1703 4622 enim
1736 4579 1854 4625 erat
1882 4587 2046 4641 quam

485 4652 574 4722 qui
608 4651 918 4720 joearetur,
963 4669 1085 4722 quae
1126 4666 1210 4709 est
1256 4656 1463 4712 indoles
1501 4674 1691 4714 eorum
1730 4663 1823 4731 qui
1872 4663 2052 4718 homi-

487 4757 618 4796 num
665 4758 847 4798 mores
880 4759 944 4799 ex
998 4761 1099 4800 usu
1134 4748 1377 4814 cognitos
1417 4749 1637 4806 habent.
1680 4753 1887 4809 Idcirco
1935 4773 2050 4812 rem

488 4833 866 4904 religiositatis
893 4840 1073 4904 specie
1099 4839 1375 4908 probatam
1393 4840 1544 4896 fecil.
1562 4841 2050 4915 Utcunquefuerit,

489 4924 568 4979 illi
633 4926 846 4995 jubenti
897 4927 1252 4985 ecclesiastici
1298 4933 1644 4988 obediorunt.
1701 4937 1764 4991 Et
1801 4952 1927 4992 cum
1957 4955 2055 4994 ne-

489 5031 643 5070 cesse
683 5026 831 5072 esset
861 5025 920 5072 ut
949 5021 1193 5074 carmina
1228 5021 1408 5076 dulcia
1451 5023 1670 5081 Davidis
1700 5040 2052 5096 canerentur,

490 5109 694 5164 accidit
743 5110 1171 5180 inopportunum
1220 5114 1424 5184 aliquid
1458 5117 1602 5185 (erat
1633 5127 1812 5174 autem
1844 5121 2057 5177 dilucu-

489 5202 628 5268 lum,
659 5211 782 5270 post
811 5203 955 5272 quod
993 5205 1107 5259 sole
1157 5205 1368 5261 oriente
1409 5209 1548 5276 capti
1583 5209 1792 5280 sumus)
1827 5220 1884 5264 ut
1911 5214 2057 5280 psal-

491 5307 639 5346 mum
693 5293 961 5362 eligerent
1019 5296 1180 5364 cuius
1241 5295 1482 5364 initium,
1543 5299 1724 5366 Deus,
1784 5311 2055 5357 venerunt

491 5393 686 5456 gentes
724 5384 780 5440 in
828 5387 1199 5442 hereditatem
1235 5396 1428 5456 tuam;
1473 5403 1528 5446 et
1578 5392 1797 5460 deinde,
1845 5395 2058 5450 Pollue-

491 5485 620 5531 rnnt
647 5476 908 5548 templum
939 5491 1187 5534 sanctum
1216 5489 1404 5545 tuum;
1432 5495 1734 5550 posuerunt
1765 5487 2054 5540 morticina

494 5583 783 5624 servorum
818 5576 1065 5634 tuorum,
1115 5580 1171 5625 et
1216 5572 1447 5641 reliqua.
1479 5571 1755 5642 Propheta
1785 5576 1930 5630 eiiim
1972 5577 2056 5632 di-

490 5660 653 5714 vinus
695 5675 763 5714 ex
795 5661 1126 5717 revelatione
1149 5675 1341 5717 eorum
1376 5663 1468 5733 qui
1516 5680 1740 5735 precum
1773 5667 2054 5723 facienda-

493 5764 615 5805 rum
664 5753 841 5821 gratia
890 5763 1268 5810 convenerant
1301 5755 1603 5828 inspiratus
1637 5768 1778 5827 erat,
1815 5760 2046 5817 dicens:

2152 4582 2251 4653 τὴν
2281 4583 2527 4637 δέεσθαιο
2560 4585 2742 4654 ὅμοιον
2771 4583 2846 4647 ὡς
2878 4587 2927 4638 εί
2961 4589 3055 4640 καὶ⁹
3091 4589 3270 4658 ίατρδς
3303 4591 3722 4662 κατεργασάμε-

2147 4691 2234 4737 νος
2261 4674 2324 4728 ἐκ
2350 4687 2495 4738 τινος
2523 4675 2854 4744 φαυλότητος
2885 4678 2979 4730 ἐπὶ
3007 4678 3224 4749 θανάτῳ
3250 4681 3562 4753 ἄνθρωπον,
3593 4681 3718 4741 εἶτα

2149 4766 2435 4820 ἐπιτάσσει
2466 4767 2853 4836 προκαλεῖσθαι
2883 4770 3052 4840 ἱερέα,
3082 4773 3432 4841 ἐφοδιάσοντα
3456 4776 3557 4846 ἢδη
3587 4776 3720 4846 θνή-

2153 4872 2349 4909 σκοντα
2379 4848 2630 4928 σωστικῷ
2653 4859 2976 4929 άγιάσματι.
3000 4861 3134 4916 Οὐδὲ
3160 4863 3268 4934 γάρ
3289 4859 3356 4935 ἦν
3378 4865 3716 4935 ἐπιπόλαιος,

2151 4949 2288 5002 ἀλλὰ
2315 4950 2407 5002 καὶ
2433 4948 2551 5019 λίαν
2578 4949 2745 5018 βαθὺς
2771 4952 3284 5024 εὐτραπελεύεσθαι,
3311 4957 3408 5011 ὅσα
3436 4975 3498 5026 γε
3527 4962 3722 5030 πειρά-

2155 5034 2350 5091 σασθιίι
2394 5038 2489 5091 τοῦ
2538 5039 2728 5110 ἀνδρὸς
2771 5043 2896 5104 τοὺς
2942 5043 3150 5108 δεινοὺς
3193 5050 3567 5117 γνωματεύειν
3609 5049 3720 5123 ἤθη

2153 5128 2283 5196 τῶν,
2307 5123 2387 5192 οἷς
2410 5128 2476 5183 ἂν
2501 5130 2855 5200 περιτύχωσι.
2881 5135 2974 5187 Διὸ
2998 5135 3092 5189 καὶ
3115 5136 3318 5209 ταύτην
3341 5145 3723 5210 προσεποιεῖτο

2153 5218 2253 5288 τὴν
2286 5218 2656 5290 θεοκλύτησιν,
2693 5220 2766 5284 ὡς
2807 5223 2906 5276 οὐκ
2948 5225 3014 5277 ἂν
3046 5226 3108 5278 τὸ
3149 5227 3304 5280 Θεῖον
3340 5231 3720 5300 θεραπεύοιτο.

2155 5309 2346 5372 Ὅπως
2377 5310 2421 5362 δ’
2445 5310 2510 5364 ἂν
2540 5307 2652 5381 εἶχε
2680 5311 2740 5365 τὸ
2772 5316 3033 5385 πρᾶγμα,
3067 5320 3095 5371 ὁ
3127 5319 3229 5388 μὲν
3255 5317 3427 5390 εἶπεν,
3474 5323 3523 5376 οἰ
3553 5325 3597 5377 δ’
3624 5327 3724 5379 ἐκ-

2156 5401 2533 5472 κλησιαστικοὶ
2575 5404 2864 5473 ἐπήκουον.
2903 5409 3014 5460 Kal
3055 5409 3119 5480 δὴ
3159 5411 3333 5482 χρεὼν
3377 5415 3725 5484 προλάμπειν

2153 5489 2245 5543 τοῦ
2275 5491 2498 5559 ψάλλειν
2523 5495 2613 5545 τὸν
2641 5493 2844 5562 γλυκὺν
2873 5498 3108 5568 μελῳδὸν
3135 5501 3315 5571 Δαυτδ,
3343 5506 3576 5576 ἐπῆλθεν
3600 5509 3724 5563 οὔτι

2154 5583 2297 5636 κατὰ
2337 5583 2511 5638 αἴσιον
2551 5588 2661 5650 τοῖς
2697 5587 3048 5660 δεησομένοις
3087 5589 3180 5664 (ἦν
3221 5598 3276 5649 δὲ
3317 5598 3488 5668 βαθὺς
3527 5600 3728 5670 ὄρθρος

2153 5675 2296 5741 τότε,
2341 5671 2401 5731 οὐ
2448 5676 2788 5749 λαμφθεντος
2837 5683 2973 5752 ἡλίῳ
3013 5685 3318 5757 ἑάλωμεν),
3369 5691 3727 5756 ἐπιλέξασθαι

2157 5763 2371 5835 ψαλμὸν
2403 5767 2628 5837 ἐκεῖνον,
2659 5766 2718 5826 οὗ
2747 5773 3007 5845 κατάρχει
3041 5776 3138 5846 μὲν
3165 5780 3223 5831 τό
3248 5797 3261 5810 ·
3303 5798 3324 5833 ι
3358 5780 3418 5835 '0
3449 5783 3600 5850 Θεὸς,
3629 5783 3724 5854 ἦλα
