3968 6572
253 420 356 486 129

922 430 925 431 ⁷
1016 424 1116 486 DE
1153 425 1720 487 THESSALONICA
1765 423 1970 485 URBE
2010 423 2057 481 Α
2098 414 2405 484 LATINIS
2442 422 2703 482 CAP’I‘A.

3390 408 3495 477 130

252 541 410 594 Θοσαν
438 538 563 607 ἔθνη
594 538 677 601 τίς
704 538 806 609 τὴν
836 538 1200 607 κληρονομίαν
1235 556 1330 593 σου
1359 556 1374 571 ο
1415 558 1432 590 ι
1470 540 1731 609 δφέπεται
1760 537 1814 590 δὲ

1924 536 2003 589 Ad
2038 536 2170 606 quid
2225 537 2479 604 precibus
2537 538 2602 590 ad
2656 533 2823 589 Deum
2875 543 3013 599 opus
3062 527 3348 595 habemus,
3398 526 3494 599 qui

244 633 341 686 τόο
382 650 400 681 ι
436 630 692 698 Ἑμίαναν
728 630 821 683 τὸν
860 631 987 683 ναὸν
1022 630 1114 684 τὸν
1154 630 1311 699 ἅγιόν
1352 648 1447 684 σου
1470 646 1482 660 ο
1525 628 1712 683 ἔθεντο
1750 627 1814 681 τὰ

1932 645 2019 683 res
2051 635 2273 683 nostras
2310 628 2471 697 plane
2504 626 2755 695 cognitas
2792 623 2995 679 habet?

260 724 550 793 θνησιμαϊα
597 721 708 773 τῶν
736 721 940 775 δούλων
975 739 1091 790 σου,
1134 739 1153 775 ι
1185 726 1280 778 καὶ
1341 725 1404 777 τὸ
1455 722 1581 793 ἑξῆς
1614 738 1630 755 ⁶
1670 722 1892 794 μονονοῦ
1943 721 2395 793 χρησμῳδοῦντος
2436 719 2532 773 τοῦ
2576 720 2856 789 Προφήτου
2911 718 3003 771 καὶ
3054 716 3381 786 θεοπάτορος
3426 712 3496 768 δι’

254 814 584 883 ὖποφητείας
640 812 750 865 τῶν
780 813 1158 885 ἠθροισμένων
1207 816 1288 879 είς
1315 816 1527 888 δέησιν,
1584 816 1679 871 καὶ
1728 813 2009 883 λέγοντοςο
2045 812 2111 865 Τί
2157 813 2221 867 ἂν
2266 813 2346 866 ἐτι
2387 811 2639 883 δεοίμεθα
2707 809 3012 880 πρεσϐειῶν
3065 811 3142 872 είς
3177 807 3331 872 Θεδν,
3367 806 3496 861 ἔνθα

247 908 435 977 ἐκείνῳ
461 905 530 958 τὰ
560 905 688 959 καθ’
713 907 870 976 ἡμῶν
897 907 1312 976 ἀποπέφανται;

317 997 446 1068 ph".
468 996 627 1067 Εἷχεν
647 998 791 1051 οὕτω
816 999 1008 1065 ταῦτα,
1035 999 1276 1054 πλείοσιν
1301 1002 1511 1072 ἑτέροις
1537 1017 1816 1074 παρασπι-

248 1091 440 1159 ζόμενα
470 1092 887 1160 συγκροτήμασι
916 1090 1017 1159 τῆς
1038 1091 1135 1143 τοῦ
1165 1091 1337 1145 κακοῦ
1368 1093 1673 1162 δηλώσεως.
1705 1092 1818 1146 Καὶ

246 1183 416 1235 τοῖνυν
463 1182 544 1251 τῷ
600 1183 780 1252 συχνῷ
830 1182 1035 1236 τούτων
1082 1184 1323 1249 ἅπαντες
1375 1187 1814 1256 ἁνεφρονοῦμεν,

245 1273 433 1342 δψιμον
466 1275 795 1342 συνάγοντες
824 1275 971 1342 νοῦν,
1006 1278 1101 1332 καὶ
1130 1278 1190 1330 τὸ
1223 1276 1415 1348 πρώην
1446 1278 1645 1348 Θράσος
1676 1279 1815 1331 ἀπο-

246 1367 577 1435 πιούμενοι.
609 1369 685 1420 Οὐ
716 1368 825 1438 γὰρ
858 1368 924 1422 ἂν
954 1370 1129 1423 ἐκεῖνο
1158 1371 1375 1440 θάρσος,
1407 1370 1635 1439 εἴποιμι,
1668 1370 1814 1423 ὲλλό-

244 1472 348 1523 γως
376 1458 620 1527 εἴχομεν,
670 1461 767 1513 καὶ
793 1461 1051 1529 ὲνοοῦμεν
1080 1463 1258 1516 οὐκέθ’
1280 1465 1412 1533 ἡμῖν
1438 1457 1579 1517 εἶναι
1610 1463 1809 1531 φυκτά.

245 1547 444 1602 Οὕκουν
470 1550 715 1619 ἔφθησαν
738 1554 1075 1623 καταντῆσαι
1102 1556 1181 1618 είς
1209 1556 1383 1626 πέρας
1407 1558 1460 1609 αί
1484 1556 1591 1609 τῶν
1615 1556 1815 1626 ἔκκλη-

243 1641 365 1691 σιῶν
404 1642 689 1712 δεητήριοι
733 1646 1023 1715 ἁρμονίαι,
1062 1646 1159 1701 καὶ
1202 1649 1231 1701 6
1273 1649 1535 1718 πόλεμος,
1578 1647 1660 1702 ἔτι
1703 1649 1811 1702 τῶν

240 1730 465 1800 ψαλμῶν
498 1711 831 1804 εἰλουμένων
865 1740 922 1790 ὲν
955 1742 1066 1802 τοῖς
1098 1740 1208 1792 τῶν
1244 1711 1812 1811 δεομένωννστόμασι,
1843 1711 1890 1772 Β

244 1821 470 1889 θρήνους
501 1824 781 1893 παρέόυσε
802 1867 816 1891 ,
849 1827 943 1879 καὶ
974 1829 1055 1890 είς
1084 1828 1245 1895 γόους
1277 1829 1528 1899 οίκτροὺς
1557 1829 1651 1881 καὶ
1681 1828 1814 1881 ἀλα-

238 1911 479 1981 λαγμοὺς
506 1913 635 1984 ᾅδου
662 1916 1114 1986 ἀπιπεριέστησε
1136 1959 1151 1984 ,
1178 1918 1271 1971 καὶ
1306 1920 1385 1982 είς
1415 1918 1594 1988 φυγὴν
1618 1919 1814 1982 αὐτοὺς

237 2003 623 2072 ἀθροισθέντας
671 2006 908 2079 ἐπτυρε,
952 2010 1047 2064 καὶ¹
1089 2010 1311 2064 τοιαῦτα
1354 2010 1586 2077 διέθετο,
1629 2006 1814 2082 ὦνπερ

236 2096 329 2151 δῖω
358 2099 745 2167 μεμνήσεσθαι
770 2101 894 2163 τοὺς
920 2100 1129 2165 ζῶντας
1155 2102 1213 2153 ἐν
1239 2119 1343 2173 περ
1367 2102 1597 2173 ὀνείροις
1618 2118 1630 2133 ·
1656 2103 1814 2173 εἴπερ

236 2188 293 2241 οὐ
324 2189 392 2242 τὰ
425 2190 564 2261 ἡδέα
604 2192 764 2259 μόνον
795 2193 1167 2262 προπίπτουσι
1196 2194 1295 2260 τῆς
1329 2195 1450 2249 καθ’
1478 2196 1645 2251 ὕπνον
1675 2215 1812 2267 φαν-

235 2280 427 2344 τασίας
448 2318 465 2344 ,
500 2280 619 2335 ἀλλ’
644 2282 800 2337 οὐδὲν
828 2277 993 2353 ἦττον
1022 2286 1117 2338 καὶ
1146 2286 1213 2338 τὰ
1242 2288 1407 2353 φόϐον
1439 2288 1813 2360 ἐνδειξάμενα.

305 2409 434 2480 ρλδ’.
480 2412 594 2464 Καὶ
626 2411 799 2477 οὕτως
831 2412 890 2479 ἐξ
922 2414 1058 2478 ίδίας
1086 2414 1305 2487 ἔχθρας,
1339 2418 1438 2487 τῆς
1466 2436 1526 2472 τε
1557 2420 1694 2473 κατά
1723 2420 1815 2475 τὸν

237 2499 463 2569 βασιλέα
500 2501 864 2572 Ἀνδρόνικον,
895 2505 990 2557 καὶ
1016 2506 1117 2573 τῆς
1145 2506 1287 2559 κατά
1315 2506 1404 2559 τὸν
1432 2507 1600 2560 δοῦκα
1629 2508 1813 2575 Δαυῖδ,

237 2591 414 2644 κοινὸν
444 2593 621 2646 κακὶν
651 2595 995 2665 κατέσκηψεν
1020 2596 1289 2651 ἀνάπαλιν
1320 2599 1397 2669 τῷ
1424 2616 1817 2667 γνωματευσα-

235 2683 380 2753 μένῳ
398 2683 576 2736 πολλὰ
605 2685 715 2738 τῶν
732 2686 927 2740 κοινῶν
955 2688 1097 2743 κατά
1123 2707 1273 2753 τινας
1298 2691 1431 2754 ίδίας
1461 2690 1660 2763 ἔχθρας
1686 2692 1815 2761 λαγ.

231 2774 415 2841 χάνειν
471 2774 866 2845 ἐπανόρθωσιν.
905 2778 1014 2832 Καὶ⁸
1056 2780 1158 2832 οὐκ
1198 2782 1467 2853 εὐφραδὴς
1507 2782 1721 2854 ἡμέρα,
1781 2785 1814 2853 ἠ

230 2868 327 2937 τῆς
367 2867 753 2938 πανωλεθρίας
776 2910 789 2933 ,
827 2873 1142 2944 κατερράγη
1177 2874 1307 2943 ἡμῖν
1334 2891 1348 2907 ·
1385 2875 1452 2946 ἢν
1487 2864 1678 2947 ἧθελον
1716 2875 1816 2946 μὲν

229 2960 294 3013 ἐκ
325 2959 439 3012 τῶν
477 2958 572 3012 τοῦ
612 2960 777 3014 καλοῦ
813 2962 1057 3016 ἐνιαυτοῦ
1093 2965 1583 3036 ἀναπληρωμάτων
1617 2967 1815 3021 αὐτίκα

229 3050 558 3121 ἐκκοπῆναι,
594 3052 776 3104 ὁποῖόν
805 3068 856 3105 τι
891 3052 1263 3125 λελυπημένος
1303 3055 1395 3109 καὶ
1427 3057 1454 3108 ὁ
1488 3056 1811 3127 καρτερικὸς
1838 3047 1883 3105 C

237 3141 360 3195 ἰὼὸ
377 3142 601 3207 εὔξατο.
633 3144 775 3197 Ἀλλ’
800 3143 829 3196 6
856 3144 1116 3209 ἐπιτάξας
1133 3145 1210 3216 τῷ
1238 3145 1371 3218 ἡλίῳ
1396 3147 1599 3219 ὁρίζειν
1624 3147 1690 3201 τὰ
1716 3148 1808 3201 τοῦ

225 3234 482 3287 ἐνιαυτοῦ
527 3237 652 3290 καθ’
685 3237 875 3307 είρμδν
913 3236 1004 3289 τὸν
1050 3237 1144 3290 ἀπ’
1177 3238 1425 3305 αἰώνων,
1466 3238 1810 3303 ἑξουδενώσει

225 3328 446 3391 πάντως
489 3329 551 3380 τὸ
591 3328 695 3397 τῆς
740 3328 905 3399 εὐχῆς
946 3330 1170 3399 ταύτης,
1211 3330 1590 3394 πεπαιδευκώς
1638 3331 1812 3394 ἄλλως

224 3417 522 3487 εὔχεσθαι,
552 3418 1067 3491 ἀνθρωπικώτερον.
1095 3420 1168 3473 T6
1194 3420 1303 3490 γὰρ
1329 3420 1471 3473 οὔτω
1499 3422 1812 3489 γονυπετεῖν

222 3507 281 3560 ὲν
307 3507 567 3577 δεήσεσιν
593 3508 694 3561 οὐκ
719 3509 783 3562 ἂν
807 3510 893 3580 εἴη
917 3508 1095 3580 ψυχῆς
1124 3508 1199 3581 μὴ
1226 3511 1706 3582 παραφερομένης,
1732 3505 1813 3573 οἷς

225 3600 561 3654 παθαίνεται
581 3617 597 3632 ο
623 3601 744 3655 ὅθεν
769 3606 864 3659 καὶ
892 3603 1237 3672 συγγνωστὰ,
1262 3607 1310 3658 εἰ
1336 3605 1432 3659 καὶ
1456 3603 1598 3659 οὕτω
1621 3605 1814 3661 λαλοῦ-

226 3709 353 3760 μεν.
380 3693 539 3747 Λίθοι
562 3693 672 3763 γὰρ
694 3693 929 3749 ἐνταῦθα
952 3696 1051 3748 οὐκ
1073 3695 1139 3750 ἂν
1162 3698 1515 3766 παθήναιντο,
1538 3697 1633 3750 καὶ
1653 3698 1813 3762 ὅσους

222 3785 351 3837 κατ’
376 3784 601 3849 αὐτούς.
632 3785 755 3848 Πῶς
781 3786 889 3855 γὰρ
915 3787 1221 3857 ἄνθρωπος,
1250 3788 1379 3843 ἔνθα
1401 3789 1498 3843 καὶ
1521 3788 1630 3842 τῶν
1655 3788 1814 3841 πολε-

226 3876 377 3945 μίων
400 3878 447 3928 οί
480 3877 803 3948 φαινόμενοι
831 3877 965 3937 Θεὸν
990 3877 1212 3942 εἰδέναι,
1238 3880 1332 3931 καί
1355 3895 1410 3932 τι
1434 3878 1578 3948 ἔχειν
1602 3878 1812 3942 οῐκτου,

224 3970 325 4021 καὶ
359 3968 682 4038 ἀθηρίωτοι,
713 3968 974 4037 ἐδάκρυον
1008 3969 1101 4022 καὶ
1136 3968 1550 4034 κατεστέναζον,
1586 3968 1813 4039 βλέπον-

224 4080 323 4129 τες
361 4064 519 4116 πόλιν
544 4062 803 4133 τοιαύτην
830 4063 974 4116 οὕτω
1006 4065 1417 4136 κατῃκισμένην
1447 4065 1542 4117 καὶ
1572 4065 1816 4135 ἐζημιω-

228 4157 408 4226 μὲνην
436 4157 660 4220 κακοῖς,
692 4154 867 4223 ἅπερ,
900 4157 947 4208 εί
976 4154 1269 4226 διενεμήθη
1289 4192 1305 4221 ,
1338 4155 1594 4226 πλείστην
1622 4155 1688 4209 ἂν
1716 4157 1815 4225 τῆς

228 4248 568 4317 οίκουμένης
610 4249 690 4311 είς
731 4247 1153 4317 εὐδαιμονισμὸν
1193 4247 1532 4317 ὲξήρτυσαν;
1582 4247 1658 4300 Οὐ
1705 4246 1814 4317 γὰρ

226 4341 393 4407 πόλις
416 4337 487 4412 ἦν
512 4341 545 4408 ἡ
571 4338 777 4406 ἁπλῶς,
800 4338 936 4393 ἀλλὰ
962 4337 1226 4409 μακάρων
1248 4339 1340 4407 γῆ,
1363 4337 1548 4390 ὁποίαν
1570 4339 1599 4391 6
1627 4337 1812 4405 μαθὼν
1838 4376 1892 4436 D

225 4435 332 4487 οὐκ
365 4434 431 4486 ἂν
462 4433 577 4503 ἔχοι
610 4429 871 4485 λαθέσθαι
904 4429 1078 4498 αὐτῆς
1103 4446 1119 4460 ο
1151 4431 1185 4500 ἢ
1222 4428 1488 4482 θάλλουσα
1522 4428 1672 4480 ἐσαεὶ⁸
1701 4429 1812 4491 τοῖς

228 4528 378 4582 κατὰ
411 4528 618 4596 κόσμον
648 4525 857 4588 καλοῖς,
890 4521 1151 4591 ἐξήνθησε
1180 4520 1301 4573 τότε
1333 4520 1693 4592 ἀτημελήτοις
1726 4537 1813 4574 νε-

230 4620 423 4689 κροῖς,
459 4611 534 4671 ὧν
565 4615 661 4669 καὶ
696 4595 867 4669 εἰσέτί
902 4614 1130 4685 σώματα
1166 4612 1372 4681 ἀκηδέα
1405 4614 1580 4666 κεῖται
1618 4614 1675 4665 ὲν
1712 4629 1817 4667 πα-

230 4712 558 4783 ραῦύστοις,
582 4707 812 4779 ἀνδρῶν,
841 4706 1137 4776 γυναικῶν,
1161 4703 1391 4773 νηπίων,
1418 4702 1690 4773 ἀκμαίων,
1720 4720 1817 4773 με-

231 4803 537 4859 σαιπολίων
562 4840 580 4868 ,
643 4802 915 4872 γερόντων
946 4815 961 4831 ·
1030 4799 1205 4852 εἰπεῖν
1263 4798 1325 4850 τὸ
1385 4797 1770 4868 ἁνηλεέστερον
1795 4839 1812 4865 ,

228 4895 608 4969 παρειμένων,
638 4893 673 4965 ἢ
705 4893 799 4946 καὶ
828 4892 957 4946 ἄλλο
979 4908 1032 4945 τι
1064 4890 1207 4953 σίνος
1237 4889 1519 4944 παθόντων
1544 4890 1817 4962 ἀποτυχίᾳ

230 4986 453 5055 φύσεως
474 4999 488 5014 ·
516 4985 615 5037 καὶ⁸
641 4983 822 5038 αὐτῶν
845 4982 911 5053 δὴ
936 4981 1044 5035 τῶν
1072 4982 1384 5051 ὀπηδήποτε
1410 4980 1815 5053 νοσοκομουμέ-

229 5095 375 5143 νων,
410 5075 508 5138 οὒς
544 5074 669 5129 οὔτε
702 5077 880 5146 τεῖχος
914 5071 1090 5140 εἶδεν,
1128 5072 1241 5127 οὗθ’
1267 5074 1431 5128 ὅπλον
1466 5074 1676 5144 ἔτριψε.
1711 5076 1816 5129 Τὸν

228 5166 368 5236 γοῦν
396 5164 854 5236 ἐκκλησιαστικὸν
884 5163 1090 5232 ξενῶνα
1122 5163 1503 5236 εἰσδραμόντες
1533 5165 1582 5216 οί
1612 5165 1813 5233 δεινοὶ,

230 5261 328 5314 καὶ
358 5258 501 5313 κατὰ
533 5257 704 5312 σκιῶν
732 5256 1098 5327 ἀνδρίζεσθαι,
1131 5256 1346 5327 πρῶτον
1377 5255 1456 5319 είς
1487 5257 1683 5319 αὐτοὺς
1712 5258 1816 5312 ἀπ-

229 5352 549 5423 ησχόλησαν
579 5351 646 5405 τὰ
680 5349 808 5419 ξίφη
831 5366 847 5381 ο
885 5348 1024 5420 μετὰ
1058 5349 1113 5402 δὲ
1148 5347 1303 5404 κενὸν
1331 5348 1392 5400 τὸ
1424 5350 1533 5402 πᾶν
1562 5349 1814 5418 ἀφῆκαν,

228 5440 307 5500 ὧν
343 5444 497 5506 ὲντδς
535 5441 725 5510 ἔστεγε
749 5482 763 5505 ,
796 5440 906 5494 τῶν
942 5458 1002 5493 τε
1038 5440 1176 5512 πρὸς
1214 5441 1494 5510 ίατρείαν,
1530 5442 1623 5493 καὶ
1654 5434 1734 5502 οἷς
1768 5441 1815 5492 at

229 5537 534 5609 τληπαθεῖς
564 5536 875 5588 ὲσκέποντο.
907 5535 1016 5589 Καὶ
1049 5533 1146 5587 νῦν
1171 5534 1232 5586 τὸ
1259 5533 1497 5587 τοιοῦτον
1526 5533 1688 5587 καλὸν
1716 5533 1817 5588 οὐκ

227 5629 350 5699 ἔχει
377 5629 503 5682 τινὰ
536 5626 886 5696 ξεναγωγεῖν.
922 5626 1064 5680 Ἀλλ’
1086 5627 1136 5680 οί
1166 5625 1301 5695 πρὸς
1331 5626 1655 5696 νοσοκομίαν
1683 5625 1817 5678 ἀπο-

228 5716 488 5781 νεύοντες
522 5718 844 5787 ἐρχόμενοι,
880 5717 975 5769 καὶ
1006 5716 1069 5770 τὸ
1100 5716 1323 5786 κένωμα
1362 5715 1687 5787 βλέποντες,
1722 5717 1818 5771 καὶ

230 5809 293 5863 τὸ
322 5808 463 5880 πρὸς
490 5808 705 5878 ὑγίειαν
733 5807 1003 5882 βοήθημα,
1028 5809 1159 5863 ὡσεὶ
1186 5809 1281 5863 καὶ
1309 5807 1538 5864 θανάτου
1568 5808 1815 5875 καταγώ-

2006 1001 2127 1056 155.
2173 998 2296 1054 llaec
2340 1007 2394 1055 et
2444 999 2601 1069 plura
2661 998 2763 1051 alia
2822 995 2888 1048 ad
2944 1008 3218 1049 mrumnas
3273 1001 3493 1048 nostras

1923 1094 2346 1164 conspirabant,
2401 1106 2634 1161 quarum
2684 1088 2989 1158 frequentia
3026 1085 3154 1140 fecit
3190 1092 3250 1139 ut
3294 1086 3493 1153 resipi-

1922 1200 2228 1250 sceremus,
2250 1195 2302 1238 et
2326 1183 2634 1239 temeritate
2662 1182 2908 1250 deposita
2940 1195 3073 1234 sana
3105 1188 3282 1232 mente
3308 1178 3494 1233 omnia

1923 1278 2388 1333 examinaremus.
2434 1275 2528 1329 Illa
2565 1272 2709 1327 enim
2747 1272 2977 1325 audacia
3018 1269 3287 1324 rationem
3324 1268 3497 1324 comi-

1923 1377 2028 1423 tem
2083 1383 2191 1421 non
2244 1365 2505 1427 habebat,
2552 1372 2605 1419 et
2640 1364 2777 1418 nihil
2813 1362 2973 1416 nobis
3020 1359 3337 1428 fugiendum
3370 1374 3496 1414 esse

1916 1458 2327 1529 iudicabamus.
2365 1456 2457 1512 Sic
2488 1458 2651 1527 igitur
2679 1457 2805 1510 dum
2840 1456 2894 1508 in
2926 1453 3285 1508 concionibus
3318 1452 3497 1507 eccle-

1920 1551 2165 1605 siasticis
2212 1550 2461 1605 solamen
2504 1548 2840 1617 quaerebant,
2879 1546 3104 1607 bellum,
3140 1560 3264 1599 cum
3297 1543 3491 1614 psalmi

1921 1654 1950 1693 a
1981 1638 2424 1709 supplicantibus
2468 1645 2823 1701 canerentur,
2885 1634 3310 1690 lamentationes
3361 1649 3494 1703 sug-

1917 1733 2105 1802 gessit,
2146 1732 2203 1786 ln
2234 1730 2473 1803 gemitus
2506 1738 2561 1785 et
2588 1729 2878 1784 infernalia
2921 1727 3157 1798 suspiria
3184 1728 3487 1788 convertit,

1915 1835 1970 1879 et
2001 1824 2265 1878 concione
2293 1823 2565 1893 dissipata
2597 1822 2813 1877 animos
2842 1822 2913 1875 ita
2944 1818 3130 1875 affecit
3163 1827 3218 1871 ut
3253 1818 3343 1887 qui
3375 1817 3490 1871 vita
3538 1866 3541 1869 λ

1916 1916 2243 1984 superstites
2275 1922 2462 1978 erant,
2494 1914 2785 1984 lugubrem
2817 1912 2981 1967 istius
3014 1910 3343 1965 calamitatis
3380 1923 3494 1963 me-

1915 2009 2145 2062 moriam
2180 2008 2461 2062 servaturi
2496 2005 2629 2068 sint,
2663 2005 2937 2075 siquidem
2971 2003 3350 2071 noujucundze
3377 2010 3495 2055 tan-

1916 2113 2030 2156 tum
2064 2115 2171 2165 res,
2205 2098 2301 2154 sed
2344 2097 2710 2153 formidolosa:
2733 2096 2902 2151 etiam
2935 2094 3321 2151 dormientium
3355 2092 3494 2148 ima-

1915 2193 2251 2264 ginationem
2292 2199 2546 2263 tangunt.

1987 2417 2109 2473 1'54.
2148 2416 2239 2471 Sic
2270 2432 2334 2471 ex
2367 2415 2493 2469 odio
2526 2415 2741 2484 privato
2770 2414 2828 2469 in
2860 2411 3237 2468 Andronicum
3277 2417 3332 2466 et
3376 2409 3482 2464 Da-

1919 2509 2099 2564 videm
2140 2506 2335 2562 ducem
2372 2506 2576 2561 malum
2604 2519 2895 2563 commune
2931 2517 3124 2558 rursus
3175 2502 3387 2572 ingruit
3424 2504 3483 2556 in

1916 2601 2129 2654 animos
2156 2614 2373 2664 eorum,
2412 2597 2506 2668 qui
2563 2596 2806 2651 sentiunt
2841 2595 3100 2665 pleraque
3148 2594 3291 2648 mala
3337 2607 3494 2646 com-

1916 2691 2106 2756 munia
2168 2691 2236 2745 ab
2284 2691 2413 2745 odio
2473 2690 2689 2759 privato
2741 2687 3024 2742 emendari
3079 2700 3262 2756 posse.
3318 2683 3493 2745 Nobis

1916 2796 2098 2843 autem
2136 2800 2244 2838 non
2287 2782 2519 2853 pulchra
2553 2783 2706 2847 dies,
2753 2781 2865 2836 imo
2918 2795 3039 2850 qua:
3097 2779 3260 2835 nobis
3313 2777 3493 2833 omni-

1917 2879 2019 2933 bus
2072 2878 2303 2933 exitiosa
2352 2876 2497 2940 fuit,
2572 2875 2795 2941 illuxit,
2861 2882 2918 2932 et
2988 2888 3153 2945 quam
3220 2887 3288 2928 ex
3357 2869 3491 2925 anni

1919 2970 2091 3040 spatio
2115 2969 2299 3025 statim
2332 2966 2559 3023 recisam
2611 2968 2827 3031 vellent,
2894 2967 3040 3023 sicut
3090 2963 3194 3020 Job
3262 2961 3318 3017 in
3352 2960 3491 3016 ami-

1916 3062 2102 3125 ctione
2152 3076 2217 3116 ac
2268 3076 2506 3118 maerore
2561 3076 2662 3117 suo
2709 3061 3038 3131 deprecatus
3076 3068 3183 3115 est.
3240 3055 3346 3113 Sed
3395 3055 3491 3125 qui

1916 3155 2018 3210 soli
2083 3153 2154 3209 ab
2212 3152 2370 3208 initio
2430 3152 2759 3208 saeculorum
2809 3165 3031 3206 cursum
3106 3147 3491 3220 praescripsit,

1917 3241 2057 3297 istas
2098 3255 2293 3311 preces
2331 3242 2562 3310 respuit,
2617 3249 2806 3311 utpote
2860 3241 3115 3296 humanae
3153 3252 3363 3295 natura:
3404 3239 3494 3294 in-

1916 3346 2208 3400 congruas.
2235 3331 2479 3387 Genibus
2506 3332 2650 3386 enim
2678 3331 2834 3385 [lexis
2859 3346 3019 3386 orare
3044 3346 3150 3385 non
3180 3340 3268 3386 est
3294 3332 3493 3387 anima

1915 3438 2037 3492 quae
2073 3423 2217 3477 mala
2251 3423 2520 3492 patienter
2555 3420 2702 3485 fert;
2740 3422 2975 3492 ideoque
3025 3423 3263 3478 sermoni
3298 3432 3490 3478 nostro

1917 3514 2314 3585 ignoscendum
2355 3512 2483 3569 erit.
2521 3511 2657 3567 Nam
2694 3513 2902 3583 lapides
2950 3513 3056 3583 ipsi
3091 3528 3198 3569 non
3243 3522 3491 3569 tacerent

1918 3604 1973 3658 in
2038 3604 2145 3659 isto
2202 3608 2346 3657 statu
2410 3602 2600 3671 positi.
2641 3599 2929 3667 Quomodo
2972 3601 3116 3654 enim
3159 3599 3324 3656 homo
3376 3617 3490 3659 non

1916 3704 2231 3755 moveretur
2259 3734 2273 3759 ,
2312 3691 2403 3747 ubi
2444 3692 2529 3746 vel
2572 3690 2719 3746 inter
2750 3691 2938 3746 hostes
2974 3690 3012 3745 ii
3059 3690 3150 3762 qui
3183 3689 3278 3745 Dei
3310 3691 3492 3747 notio-

1917 3802 2043 3841 nem
2091 3787 2313 3851 babere,
2355 3800 2420 3841 ac
2468 3782 2852 3843 misericordia
2901 3783 3110 3845 moveri
3166 3791 3489 3851 censentur,

1918 3876 2330 3948 lacrymabundi
2401 3878 2731 3945 gemebant,
2799 3877 2989 3931 urbem
3043 3877 3251 3943 talem,
3326 3857 3492 3933 tantis

1915 3970 2173 4025 aerumnis
2208 3970 2483 4034 obrutam,
2526 3974 2579 4022 et
2629 3976 2709 4023 tot
2740 3966 2898 4022 bonis
2921 3967 3165 4022 orbatam
3210 3968 3492 4035 videntes,

1915 4077 2039 4133 quae
2086 4063 2133 4116 si
2187 4061 2448 4129 repartita
2492 4060 2749 4127 fuissent,
2786 4074 3038 4131 magnam
3074 4067 3238 4115 terras
3279 4071 3491 4130 partem

1921 4154 2225 4209 beassent?
2262 4152 2379 4207 Non
2414 4153 2560 4206 enim
2605 4153 2735 4206 urbs
2777 4151 3019 4221 vulgaris
3052 4163 3192 4218 erat,
3230 4152 3326 4207 sed
3373 4152 3489 4207 for-

1917 4253 2229 4298 tunatorum
2273 4240 2453 4306 sedes,
2476 4254 2639 4309 quam
2675 4238 2768 4308 qui
2814 4246 3068 4300 noverat,
3094 4237 3346 4293 oblivisci
3381 4253 3492 4293 non

1917 4340 2163 4404 poterat;
2198 4347 2318 4402 quae
2351 4331 2509 4385 bouis
2559 4330 2912 4386 terrestribus
2943 4344 3161 4399 semper
3193 4330 3489 4388 abundans

1922 4436 2053 4482 tunc
2097 4424 2455 4479 cadaveribus
2504 4421 2774 4487 scatebat,
2821 4437 2943 4492 quae
2974 4437 3129 4477 nunc
3179 4437 3400 4494 quoque
3433 4424 3493 4481 in

1920 4516 2056 4572 locis
2113 4517 2368 4571 obscuris
2424 4514 2632 4586 jacent,
2686 4514 2954 4579 virorum,
3014 4513 3326 4581 mulierum,
3357 4531 3492 4585 pue-

1919 4623 2128 4673 rorum,
2162 4606 2478 4669 infantium,
2506 4605 2843 4669 adultorum,
2875 4602 3066 4658 media:
3084 4606 3492 4670 aetatis,senum

1918 4698 2229 4753 miserrime
2261 4696 2676 4759 derelictorum,
2713 4701 2809 4749 aut
2850 4692 2895 4747 si
2918 4693 3036 4757 ,alia
3065 4708 3097 4748 a
3126 4702 3322 4748 natura
3355 4693 3483 4749 labe

1919 4792 2103 4847 amicti
2125 4799 2301 4856 erant,
2317 4805 2455 4860 quos
2473 4797 2653 4844 tamen
2682 4802 2781 4844 nec
2800 4801 2992 4845 murus
3013 4785 3225 4842 viderat
3256 4800 3355 4840 nec
3386 4787 3491 4842 tela

1917 4884 2228 4955 tetigeraut.
2243 4883 2379 4938 Cum
2398 4883 2451 4935 in
2471 4878 2967 4936 ecclesiasticorum
2981 4876 3272 4947 hospitium
3292 4876 3492 4931 intras-

1917 4986 2059 5043 sent,
2115 4991 2277 5030 manu
2325 4975 2514 5039 fortes,
2561 4986 2686 5026 cum
2741 4970 2951 5026 umbris
2990 4983 3233 5041 pugnare
3263 4969 3486 5035 assueti,

1918 5066 2314 5141 primoglatlios
2345 5067 2397 5120 in
2414 5066 2559 5136 ipsos
2575 5070 2889 5127 verterunt;
2908 5069 3096 5133 postea
3118 5074 3249 5115 vero
3272 5074 3488 5114 omnem

1916 5159 2095 5216 locum
2111 5157 2467 5212 habitandum
2497 5154 2724 5210 medicis
2745 5161 2800 5208 et
2821 5160 3151 5224 aegrotorum
3169 5150 3491 5207 custodibus

1920 5250 2289 5322 reliquerunt.
2321 5248 2577 5302 Attamen
2606 5246 2721 5300 haec
2766 5242 3060 5315 magniﬁca
3089 5243 3285 5298 domus
3315 5242 3490 5297 nemi-

1918 5360 2041 5399 nem
2076 5343 2257 5397 adhuc
2284 5340 2523 5411 hospitio
2550 5338 2787 5407 excepit.
2817 5335 2921 5415 Qui
2950 5342 3132 5391 autem
3162 5334 3231 5390 ad
3256 5341 3491 5405 aegroto-

1920 5450 2042 5491 rum
2090 5433 2428 5488 curationem
2470 5438 2758 5494 venerunt,
2799 5428 2916 5483 loco
2938 5443 3113 5482 vacuo
3162 5432 3484 5495 conspecto,

1920 5529 1972 5585 id
2003 5542 2175 5598 genus
2204 5524 2389 5579 auxilii
2415 5522 2483 5578 ad
2516 5530 2749 5576 mortem
2771 5518 3023 5574 ducentis
3049 5518 3480 5587 perhorrescen-

1922 5632 2024 5687 tes,
2057 5620 2231 5685 capita
2264 5616 2556 5673 tundentes
2584 5622 2639 5669 et
2660 5612 2818 5684 quasi
2839 5611 2892 5665 in
2917 5607 3180 5665 extremis
3209 5611 3488 5677 gementes

1922 5713 2144 5768 domum
2177 5709 2429 5774 redeunt,
2464 5707 2625 5761 morti
2657 5721 2716 5761 se
2760 5698 3219 5759 commendaturi.
3261 5697 3340 5753 lbi
3384 5710 3489 5752 nec

1921 5815 2152 5879 guttam,
2187 5817 2288 5859 nec
2315 5808 2624 5857 ramentum
2645 5794 2988 5855 salutiferum
3013 5802 3109 5850 aut
3139 5790 3285 5853 aliud
3311 5790 3491 5849 simila
