  <div class='ocr_page' id='page_1' title='image "/cluster/home/n/w/nwhite01/storage/ocr_20150623/136/hvd.32044019208305/073.png"; bbox 0 0 3906 6554; ppageno 0'>
   <div class='ocr_carea' id='block_1_1' title="bbox 483 357 581 424">
    <p class='ocr_par' dir='ltr' id='par_1_1' title="bbox 483 357 581 424">
     <span class='ocr_line' id='line_1_1' title="bbox 483 357 581 424; baseline 0.02 -2"><span class='ocrx_word' id='word_1_1' title='bbox 483 357 581 424; x_wconf 82' lang='grc'><strong>131</strong></span> 
     </span>
    </p>
   </div>
   <div class='ocr_carea' id='block_1_2' title="bbox 469 472 2041 560">
    <p class='ocr_par' dir='ltr' id='par_1_2' title="bbox 469 472 2041 560">
     <span class='ocr_line' id='line_1_2' title="bbox 469 472 2041 560; baseline 0.015 -34"><span class='ocrx_word' id='word_1_2' title='bbox 469 472 620 528; x_wconf 83' lang='lat' dir='ltr'><strong>ullibi</strong></span> <span class='ocrx_word' id='word_1_3' title='bbox 661 472 716 528; x_wconf 86' lang='lat' dir='ltr'><strong>in</strong></span> <span class='ocrx_word' id='word_1_4' title='bbox 749 475 970 533; x_wconf 86' lang='lat' dir='ltr'><strong>deserta</strong></span> <span class='ocrx_word' id='word_1_5' title='bbox 999 480 1133 538; x_wconf 82' lang='lat' dir='ltr'><strong>urbe</strong></span> <span class='ocrx_word' id='word_1_6' title='bbox 1167 484 1487 551; x_wconf 86' lang='lat' dir='ltr'><strong>invenisses,</strong></span> <span class='ocrx_word' id='word_1_7' title='bbox 1521 492 1648 560; x_wconf 83' lang='lat' dir='ltr'><strong>quia</strong></span> <span class='ocrx_word' id='word_1_8' title='bbox 1691 493 1906 549; x_wconf 87' lang='lat' dir='ltr'><strong>barbari</strong></span> <span class='ocrx_word' id='word_1_9' title='bbox 1963 495 2041 550; x_wconf 79' lang='lat' dir='ltr'><strong>fe-</strong></span> 
     </span>
    </p>
   </div>
   <div class='ocr_carea' id='block_1_3' title="bbox 466 568 2038 648">
    <p class='ocr_par' dir='ltr' id='par_1_3' title="bbox 466 568 2038 648">
     <span class='ocr_line' id='line_1_3' title="bbox 466 568 2038 648; baseline 0.015 -31"><span class='ocrx_word' id='word_1_10' title='bbox 466 577 625 619; x_wconf 89' lang='lat' dir='ltr'><strong>roces</strong></span> <span class='ocrx_word' id='word_1_11' title='bbox 667 575 720 620; x_wconf 90' lang='lat' dir='ltr'><strong>et</strong></span> <span class='ocrx_word' id='word_1_12' title='bbox 755 568 1034 626; x_wconf 82' lang='lat' dir='ltr'><strong>inhumani</strong></span> <span class='ocrx_word' id='word_1_13' title='bbox 1057 576 1237 630; x_wconf 86' lang='lat' dir='ltr'><strong>omnia</strong></span> <span class='ocrx_word' id='word_1_14' title='bbox 1273 579 1633 648; x_wconf 71' lang='lat' dir='ltr'><strong>abstulerant,</strong></span> <span class='ocrx_word' id='word_1_15' title='bbox 1665 584 1910 640; x_wconf 81' lang='lat' dir='ltr'><strong>homines</strong></span> <span class='ocrx_word' id='word_1_16' title='bbox 1953 588 2038 640; x_wconf 86' lang='lat' dir='ltr'><strong>in-</strong></span> 
     </span>
    </p>
   </div>
   <div class='ocr_carea' id='block_1_4' title="bbox 457 653 2034 743">
    <p class='ocr_par' dir='ltr' id='par_1_4' title="bbox 457 653 2034 743">
     <span class='ocr_line' id='line_1_4' title="bbox 457 653 2034 743; baseline 0.015 -37"><span class='ocrx_word' id='word_1_17' title='bbox 457 653 599 707; x_wconf 91' lang='lat' dir='ltr'><strong>.culti</strong></span> <span class='ocrx_word' id='word_1_18' title='bbox 637 666 690 710; x_wconf 91' lang='lat' dir='ltr'><strong>et</strong></span> <span class='ocrx_word' id='word_1_19' title='bbox 714 657 908 726; x_wconf 79' lang='lat' dir='ltr'><strong>ignari,</strong></span> <span class='ocrx_word' id='word_1_20' title='bbox 938 663 1056 718; x_wconf 90' lang='lat' dir='ltr'><strong>sine</strong></span> <span class='ocrx_word' id='word_1_21' title='bbox 1078 680 1289 720; x_wconf 91' lang='lat' dir='ltr'><strong>morum</strong></span> <span class='ocrx_word' id='word_1_22' title='bbox 1321 672 1517 722; x_wconf 83' lang='lat' dir='ltr'><strong>nedum</strong></span> <span class='ocrx_word' id='word_1_23' title='bbox 1553 673 1753 726; x_wconf 90' lang='lat' dir='ltr'><strong>artium</strong></span> <span class='ocrx_word' id='word_1_24' title='bbox 1797 677 2034 743; x_wconf 91' lang='lat' dir='ltr'><strong>cultura,</strong></span> 
     </span>
    </p>
   </div>
   <div class='ocr_carea' id='block_1_5' title="bbox 465 753 2040 829">
    <p class='ocr_par' dir='ltr' id='par_1_5' title="bbox 465 753 2040 829">
     <span class='ocr_line' id='line_1_5' title="bbox 465 753 2040 829; baseline 0.02 -36"><span class='ocrx_word' id='word_1_25' title='bbox 465 759 694 811; x_wconf 86' lang='lat' dir='ltr'><strong>quarum</strong></span> <span class='ocrx_word' id='word_1_26' title='bbox 735 763 800 802; x_wconf 90' lang='lat' dir='ltr'><strong>ne</strong></span> <span class='ocrx_word' id='word_1_27' title='bbox 827 753 1131 807; x_wconf 83' lang='lat' dir='ltr'><strong>rudimenta</strong></span> <span class='ocrx_word' id='word_1_28' title='bbox 1185 759 1402 826; x_wconf 85' lang='lat' dir='ltr'><strong>quidem</strong></span> <span class='ocrx_word' id='word_1_29' title='bbox 1459 774 1757 829; x_wconf 62' lang='lat' dir='ltr'><strong>no~erant;</strong></span> <span class='ocrx_word' id='word_1_30' title='bbox 1793 765 2040 825; x_wconf 84' lang='lat' dir='ltr'><strong>homian</strong></span> 
     </span>
    </p>
   </div>
   <div class='ocr_carea' id='block_1_6' title="bbox 466 835 2037 927">
    <p class='ocr_par' dir='ltr' id='par_1_6' title="bbox 466 835 2037 927">
     <span class='ocr_line' id='line_1_6' title="bbox 466 835 2037 927; baseline 0.017 -40"><span class='ocrx_word' id='word_1_31' title='bbox 466 835 774 903; x_wconf 82' lang='lat' dir='ltr'><strong>eloquentia</strong></span> <span class='ocrx_word' id='word_1_32' title='bbox 829 856 983 909; x_wconf 63' lang='lat' dir='ltr'><strong>aeque</strong></span> <span class='ocrx_word' id='word_1_33' title='bbox 1029 857 1082 897; x_wconf 91' lang='lat' dir='ltr'><strong>at</strong></span> <span class='ocrx_word' id='word_1_34' title='bbox 1113 852 1415 903; x_wconf 72' lang='lat' dir='ltr'><strong>venustatis</strong></span> <span class='ocrx_word' id='word_1_35' title='bbox 1469 853 1743 909; x_wconf 72' lang='lat' dir='ltr'><strong>industria:</strong></span> <span class='ocrx_word' id='word_1_36' title='bbox 1768 857 2037 927; x_wconf 80' lang='lat' dir='ltr'><strong>vulgaris-</strong></span> 
     </span>
    </p>
   </div>
   <div class='ocr_carea' id='block_1_7' title="bbox 469 926 2033 1005">
    <p class='ocr_par' dir='ltr' id='par_1_7' title="bbox 469 926 2033 1005">
     <span class='ocr_line' id='line_1_7' title="bbox 469 926 2033 1005; baseline 0.016 -24"><span class='ocrx_word' id='word_1_37' title='bbox 469 926 620 981; x_wconf 69' lang='lat' dir='ltr'><strong>sima:</strong></span> <span class='ocrx_word' id='word_1_38' title='bbox 648 943 918 1000; x_wconf 73' lang='lat' dir='ltr'><strong>expertes,</strong></span> <span class='ocrx_word' id='word_1_39' title='bbox 939 935 1026 1003; x_wconf 86' lang='lat' dir='ltr'><strong>qui</strong></span> <span class='ocrx_word' id='word_1_40' title='bbox 1060 949 1298 993; x_wconf 88' lang='lat' dir='ltr'><strong>nostram</strong></span> <span class='ocrx_word' id='word_1_41' title='bbox 1338 943 1522 998; x_wconf 80' lang='lat' dir='ltr'><strong>urbem</strong></span> <span class='ocrx_word' id='word_1_42' title='bbox 1570 946 1827 1002; x_wconf 86' lang='lat' dir='ltr'><strong>omnibus</strong></span> <span class='ocrx_word' id='word_1_43' title='bbox 1869 926 2033 1005; x_wconf 17' lang='lat' dir='ltr'><strong>ibisce</strong></span> 
     </span>
    </p>
   </div>
   <div class='ocr_carea' id='block_1_8' title="bbox 465 1014 2033 1108">
    <p class='ocr_par' dir='ltr' id='par_1_8' title="bbox 465 1014 2033 1108">
     <span class='ocr_line' id='line_1_8' title="bbox 465 1014 2033 1108; baseline 0.017 -38"><span class='ocrx_word' id='word_1_44' title='bbox 465 1014 625 1072; x_wconf 83' lang='lat' dir='ltr'><strong>bouis</strong></span> <span class='ocrx_word' id='word_1_45' title='bbox 667 1022 969 1088; x_wconf 80' lang='lat' dir='ltr'><strong>privarunt,</strong></span> <span class='ocrx_word' id='word_1_46' title='bbox 1025 1027 1096 1081; x_wconf 89' lang='lat' dir='ltr'><strong>ita</strong></span> <span class='ocrx_word' id='word_1_47' title='bbox 1157 1039 1213 1082; x_wconf 87' lang='lat' dir='ltr'><strong>ut</strong></span> <span class='ocrx_word' id='word_1_48' title='bbox 1255 1033 1450 1086; x_wconf 89' lang='lat' dir='ltr'><strong>mirum</strong></span> <span class='ocrx_word' id='word_1_49' title='bbox 1497 1050 1601 1089; x_wconf 91' lang='lat' dir='ltr'><strong>non</strong></span> <span class='ocrx_word' id='word_1_50' title='bbox 1649 1038 1718 1091; x_wconf 88' lang='lat' dir='ltr'><strong>sit</strong></span> <span class='ocrx_word' id='word_1_51' title='bbox 1767 1042 1908 1108; x_wconf 89' lang='lat' dir='ltr'><strong>quod</strong></span> <span class='ocrx_word' id='word_1_52' title='bbox 1955 1051 2033 1096; x_wconf 85' lang='lat' dir='ltr'><strong>tot</strong></span> 
     </span>
    </p>
   </div>
   <div class='ocr_carea' id='block_1_9' title="bbox 464 1109 2032 1191">
    <p class='ocr_par' dir='ltr' id='par_1_9' title="bbox 464 1109 2032 1191">
     <span class='ocr_line' id='line_1_9' title="bbox 464 1109 2032 1191; baseline 0.018 -32"><span class='ocrx_word' id='word_1_53' title='bbox 464 1109 640 1162; x_wconf 61' lang='lat' dir='ltr'><strong>caedes</strong></span> <span class='ocrx_word' id='word_1_54' title='bbox 681 1111 856 1166; x_wconf 88' lang='lat' dir='ltr'><strong>locum</strong></span> <span class='ocrx_word' id='word_1_55' title='bbox 900 1117 1206 1186; x_wconf 86' lang='lat' dir='ltr'><strong>habuerint,</strong></span> <span class='ocrx_word' id='word_1_56' title='bbox 1259 1123 1526 1191; x_wconf 88' lang='lat' dir='ltr'><strong>siquidem</strong></span> <span class='ocrx_word' id='word_1_57' title='bbox 1570 1128 1654 1182; x_wconf 87' lang='lat' dir='ltr'><strong>vel</strong></span> <span class='ocrx_word' id='word_1_58' title='bbox 1702 1132 2032 1188; x_wconf 80' lang='lat' dir='ltr'><strong>animalibus</strong></span> 
     </span>
    </p>
   </div>
   <div class='ocr_carea' id='block_1_10' title="bbox 467 1207 2034 1294">
    <p class='ocr_par' dir='ltr' id='par_1_10' title="bbox 467 1207 2034 1294">
     <span class='ocr_line' id='line_1_10' title="bbox 467 1207 2034 1294; baseline 0.014 -43"><span class='ocrx_word' id='word_1_59' title='bbox 467 1215 572 1252; x_wconf 87' lang='lat' dir='ltr'><strong>non</strong></span> <span class='ocrx_word' id='word_1_60' title='bbox 609 1216 970 1271; x_wconf 85' lang='lat' dir='ltr'><strong>pepercerunt</strong></span> <span class='ocrx_word' id='word_1_61' title='bbox 1005 1209 1057 1262; x_wconf 90' lang='lat' dir='ltr'><strong>in</strong></span> <span class='ocrx_word' id='word_1_62' title='bbox 1091 1207 1274 1267; x_wconf 80' lang='lat' dir='ltr'><strong>furore</strong></span> <span class='ocrx_word' id='word_1_63' title='bbox 1301 1223 1402 1268; x_wconf 88' lang='lat' dir='ltr'><strong>suo</strong></span> <span class='ocrx_word' id='word_1_64' title='bbox 1436 1217 1567 1272; x_wconf 85' lang='lat' dir='ltr'><strong>etin</strong></span> <span class='ocrx_word' id='word_1_65' title='bbox 1596 1233 1744 1285; x_wconf 90' lang='lat' dir='ltr'><strong>vasa,</strong></span> <span class='ocrx_word' id='word_1_66' title='bbox 1787 1231 1846 1274; x_wconf 91' lang='lat' dir='ltr'><strong>ut</strong></span> <span class='ocrx_word' id='word_1_67' title='bbox 1891 1223 2034 1294; x_wconf 62' lang='lat' dir='ltr'><strong>lccyn</strong></span> 
     </span>
    </p>
   </div>
   <div class='ocr_carea' id='block_1_11' title="bbox 463 1290 2032 1382">
    <p class='ocr_par' dir='ltr' id='par_1_11' title="bbox 463 1290 2032 1382">
     <span class='ocr_line' id='line_1_11' title="bbox 463 1290 2032 1382; baseline 0.019 -40"><span class='ocrx_word' id='word_1_68' title='bbox 463 1290 592 1345; x_wconf 87' lang='lat' dir='ltr'><strong>thos</strong></span> <span class='ocrx_word' id='word_1_69' title='bbox 622 1301 675 1347; x_wconf 90' lang='lat' dir='ltr'><strong>et</strong></span> <span class='ocrx_word' id='word_1_70' title='bbox 703 1295 806 1349; x_wconf 88' lang='lat' dir='ltr'><strong>alia</strong></span> <span class='ocrx_word' id='word_1_71' title='bbox 846 1298 1036 1354; x_wconf 78' lang='lat' dir='ltr'><strong>viliora</strong></span> <span class='ocrx_word' id='word_1_72' title='bbox 1069 1300 1443 1362; x_wconf 72' lang='lat' dir='ltr'><strong>insuavierunt.</strong></span> <span class='ocrx_word' id='word_1_73' title='bbox 1493 1309 1644 1366; x_wconf 85' lang='lat' dir='ltr'><strong>Adde</strong></span> <span class='ocrx_word' id='word_1_74' title='bbox 1678 1314 1820 1382; x_wconf 90' lang='lat' dir='ltr'><strong>quod</strong></span> <span class='ocrx_word' id='word_1_75' title='bbox 1880 1290 2032 1372; x_wconf 83' lang='lat' dir='ltr'><strong>multi</strong></span> 
     </span>
    </p>
   </div>
   <div class='ocr_carea' id='block_1_12' title="bbox 463 1383 2033 1464">
    <p class='ocr_par' dir='ltr' id='par_1_12' title="bbox 463 1383 2033 1464">
     <span class='ocr_line' id='line_1_12' title="bbox 463 1383 2033 1464; baseline 0.02 -30"><span class='ocrx_word' id='word_1_76' title='bbox 463 1383 600 1438; x_wconf 90' lang='lat' dir='ltr'><strong>adeo</strong></span> <span class='ocrx_word' id='word_1_77' title='bbox 647 1390 903 1446; x_wconf 80' lang='lat' dir='ltr'><strong>vecordes</strong></span> <span class='ocrx_word' id='word_1_78' title='bbox 935 1390 1154 1447; x_wconf 84' lang='lat' dir='ltr'><strong>fuerunt</strong></span> <span class='ocrx_word' id='word_1_79' title='bbox 1183 1407 1239 1450; x_wconf 90' lang='lat' dir='ltr'><strong>ut</strong></span> <span class='ocrx_word' id='word_1_80' title='bbox 1273 1412 1373 1453; x_wconf 91' lang='lat' dir='ltr'><strong>nec</strong></span> <span class='ocrx_word' id='word_1_81' title='bbox 1402 1414 1590 1456; x_wconf 88' lang='lat' dir='ltr'><strong>verum</strong></span> <span class='ocrx_word' id='word_1_82' title='bbox 1642 1412 1844 1460; x_wconf 88' lang='lat' dir='ltr'><strong>statum</strong></span> <span class='ocrx_word' id='word_1_83' title='bbox 1881 1407 2033 1464; x_wconf 87' lang='lat' dir='ltr'><strong>vide-</strong></span> 
     </span>
    </p>
   </div>
   <div class='ocr_carea' id='block_1_13' title="bbox 463 1484 606 1529">
    <p class='ocr_par' dir='ltr' id='par_1_13' title="bbox 463 1484 606 1529">
     <span class='ocr_line' id='line_1_13' title="bbox 463 1484 606 1529; baseline 0.028 -4"><span class='ocrx_word' id='word_1_84' title='bbox 463 1484 606 1529; x_wconf 80' lang='lat' dir='ltr'><strong>rent.</strong></span> 
     </span>
    </p>
   </div>
   <div class='ocr_carea' id='block_1_14' title="bbox 1234 377 3035 460">
    <p class='ocr_par' dir='ltr' id='par_1_14' title="bbox 1234 377 3035 460">
     <span class='ocr_line' id='line_1_14' title="bbox 1234 377 3035 460; baseline 0.013 -23"><span class='ocrx_word' id='word_1_85' title='bbox 1234 377 1649 443; x_wconf 80' lang='lat' dir='ltr'><strong>EUSTATHH</strong></span> <span class='ocrx_word' id='word_1_86' title='bbox 1690 386 2437 457; x_wconf 75' lang='lat' dir='ltr'><strong>THESSALONICENSIS</strong></span> <span class='ocrx_word' id='word_1_87' title='bbox 2474 397 3035 460; x_wconf 62' lang='lat' dir='ltr'><strong>METROPOLITE</strong></span> 
     </span>
    </p>
   </div>
   <div class='ocr_carea' id='block_1_15' title="bbox 3529 400 3720 466">
    <p class='ocr_par' dir='ltr' id='par_1_15' title="bbox 3529 400 3720 466">
     <span class='ocr_line' id='line_1_15' title="bbox 3529 400 3720 466; baseline 0 0"><span class='ocrx_word' id='word_1_88' title='bbox 3529 400 3720 466; x_wconf 40' lang='lat'><strong>&#39;132</strong></span> 
     </span>
    </p>
   </div>
   <div class='ocr_carea' id='block_1_16' title="bbox 2071 505 3726 581">
    <p class='ocr_par' dir='ltr' id='par_1_16' title="bbox 2071 505 3726 581">
     <span class='ocr_line' id='line_1_16' title="bbox 2071 505 3726 581; baseline 0.006 -24"><span class='ocrx_word' id='word_1_89' title='bbox 2071 505 2107 557; x_wconf 80' lang='grc' dir='ltr'><strong>Λ</strong></span> <span class='ocrx_word' id='word_1_90' title='bbox 2140 519 2278 569; x_wconf 85' lang='grc' dir='ltr'>γιον,</span> <span class='ocrx_word' id='word_1_91' title='bbox 2311 505 2856 576; x_wconf 81' lang='grc' dir='ltr'>ἀποτροπιαζόμενοι.</span> <span class='ocrx_word' id='word_1_92' title='bbox 2889 509 3178 573; x_wconf 81' lang='grc' dir='ltr'><strong>τύπτοντες</strong></span> <span class='ocrx_word' id='word_1_93' title='bbox 3205 507 3304 574; x_wconf 81' lang='grc' dir='ltr'><strong>τὰς</strong></span> <span class='ocrx_word' id='word_1_94' title='bbox 3333 511 3512 564; x_wconf 79' lang='grc' dir='ltr'>αὐτῶν</span> <span class='ocrx_word' id='word_1_95' title='bbox 3544 529 3726 581; x_wconf 70' lang='grc' dir='ltr'>κειραμ-</span> 
     </span>
    </p>
   </div>
   <div class='ocr_carea' id='block_1_17' title="bbox 2136 595 3724 672">
    <p class='ocr_par' dir='ltr' id='par_1_17' title="bbox 2136 595 3724 672">
     <span class='ocr_line' id='line_1_17' title="bbox 2136 595 3724 672; baseline 0.006 -26"><span class='ocrx_word' id='word_1_96' title='bbox 2136 595 2251 656; x_wconf 83' lang='grc' dir='ltr'><strong>λάς.</strong></span> <span class='ocrx_word' id='word_1_97' title='bbox 2277 598 2370 650; x_wconf 69' lang='grc' dir='ltr'>καὶ</span> <span class='ocrx_word' id='word_1_98' title='bbox 2389 597 2713 665; x_wconf 78' lang='grc' dir='ltr'><strong>οἰμώζοντες</strong></span> <span class='ocrx_word' id='word_1_99' title='bbox 2732 598 2805 660; x_wconf 83' lang='grc' dir='ltr'>ὡς</span> <span class='ocrx_word' id='word_1_100' title='bbox 2828 599 3184 662; x_wconf 81' lang='grc' dir='ltr'>ἐπιτελεύτια,</span> <span class='ocrx_word' id='word_1_101' title='bbox 3208 603 3724 672; x_wconf 82' lang='grc' dir='ltr'>ἐπαναστρέφουσιν</span> 
     </span>
    </p>
   </div>
   <div class='ocr_carea' id='block_1_18' title="bbox 2135 687 3717 761">
    <p class='ocr_par' dir='ltr' id='par_1_18' title="bbox 2135 687 3717 761">
     <span class='ocr_line' id='line_1_18' title="bbox 2135 687 3717 761; baseline 0.005 -22"><span class='ocrx_word' id='word_1_102' title='bbox 2135 687 2352 747; x_wconf 68' lang='grc' dir='ltr'>οἶκαδε,</span> <span class='ocrx_word' id='word_1_103' title='bbox 2388 687 2480 740; x_wconf 70' lang='grc' dir='ltr'>καὶ</span> <span class='ocrx_word' id='word_1_104' title='bbox 2516 691 2722 741; x_wconf 86' lang='grc' dir='ltr'>κεῖνται</span> <span class='ocrx_word' id='word_1_105' title='bbox 2743 727 2756 750; x_wconf 89' lang='grc'><strong>,</strong></span> <span class='ocrx_word' id='word_1_106' title='bbox 2789 690 3002 758; x_wconf 81' lang='grc' dir='ltr'><strong>Θανάτῳ</strong></span> <span class='ocrx_word' id='word_1_107' title='bbox 3035 692 3426 761; x_wconf 69' lang='grc' dir='ltr'><strong>ἐπιτρέψαντες</strong></span> <span class='ocrx_word' id='word_1_108' title='bbox 3460 693 3717 754; x_wconf 81' lang='grc' dir='ltr'>ἑαυτούς.</span> 
     </span>
    </p>
   </div>
   <div class='ocr_carea' id='block_1_19' title="bbox 2137 773 3718 851">
    <p class='ocr_par' dir='ltr' id='par_1_19' title="bbox 2137 773 3718 851">
     <span class='ocr_line' id='line_1_19' title="bbox 2137 773 3718 851; baseline 0.004 -25"><span class='ocrx_word' id='word_1_109' title='bbox 2137 773 2268 826; x_wconf 80' lang='grc' dir='ltr'>Οὐδὲ</span> <span class='ocrx_word' id='word_1_110' title='bbox 2309 773 2416 842; x_wconf 73' lang='grc' dir='ltr'><strong>γὰρ</strong></span> <span class='ocrx_word' id='word_1_111' title='bbox 2454 775 2574 826; x_wconf 74' lang='grc' dir='ltr'><strong>οὐδὲ</strong></span> <span class='ocrx_word' id='word_1_112' title='bbox 2617 775 2730 828; x_wconf 81' lang='grc' dir='ltr'>ἔστι</span> <span class='ocrx_word' id='word_1_113' title='bbox 2773 777 2962 846; x_wconf 81' lang='grc' dir='ltr'>ρανίδα</span> <span class='ocrx_word' id='word_1_114' title='bbox 3003 778 3035 848; x_wconf 83' lang='grc' dir='ltr'>ἢ</span> <span class='ocrx_word' id='word_1_115' title='bbox 3077 779 3275 848; x_wconf 76' lang='grc' dir='ltr'>ψῆγμά</span> <span class='ocrx_word' id='word_1_116' title='bbox 3313 798 3366 832; x_wconf 91' lang='grc' dir='ltr'><strong>τι</strong></span> <span class='ocrx_word' id='word_1_117' title='bbox 3410 783 3718 851; x_wconf 85' lang='grc' dir='ltr'>νοσήλειον,</span> 
     </span>
    </p>
   </div>
   <div class='ocr_carea' id='block_1_20' title="bbox 2137 862 3721 938">
    <p class='ocr_par' dir='ltr' id='par_1_20' title="bbox 2137 862 3721 938">
     <span class='ocr_line' id='line_1_20' title="bbox 2137 862 3721 938; baseline 0.005 -24"><span class='ocrx_word' id='word_1_118' title='bbox 2137 862 2245 915; x_wconf 80' lang='grc' dir='ltr'><strong>οὐδ’</strong></span> <span class='ocrx_word' id='word_1_119' title='bbox 2274 863 2456 916; x_wconf 78' lang='grc' dir='ltr'>ἄλλοθί</span> <span class='ocrx_word' id='word_1_120' title='bbox 2499 882 2599 917; x_wconf 83' lang='grc' dir='ltr'><strong>που</strong></span> <span class='ocrx_word' id='word_1_121' title='bbox 2643 865 2740 933; x_wconf 80' lang='grc' dir='ltr'><strong>τῆς</strong></span> <span class='ocrx_word' id='word_1_122' title='bbox 2784 867 2906 918; x_wconf 83' lang='grc' dir='ltr'>καθ’</span> <span class='ocrx_word' id='word_1_123' title='bbox 2936 868 3082 936; x_wconf 80' lang='grc' dir='ltr'>ἡμᾶς</span> <span class='ocrx_word' id='word_1_124' title='bbox 3123 870 3509 938; x_wconf 83' lang='grc' dir='ltr'>ἐρημοπόλεως</span> <span class='ocrx_word' id='word_1_125' title='bbox 3551 870 3721 937; x_wconf 78' lang='grc' dir='ltr'>εὑρέ-</span> 
     </span>
    </p>
   </div>
   <div class='ocr_carea' id='block_1_21' title="bbox 2142 953 3720 1026">
    <p class='ocr_par' dir='ltr' id='par_1_21' title="bbox 2142 953 3720 1026">
     <span class='ocr_line' id='line_1_21' title="bbox 2142 953 3720 1026; baseline 0.005 -20"><span class='ocrx_word' id='word_1_126' title='bbox 2142 953 2294 1020; x_wconf 86' lang='grc' dir='ltr'>σθαι,</span> <span class='ocrx_word' id='word_1_127' title='bbox 2327 954 2544 1007; x_wconf 84' lang='grc' dir='ltr'>πάντων</span> <span class='ocrx_word' id='word_1_128' title='bbox 2577 955 2680 1008; x_wconf 77' lang='grc' dir='ltr'><strong>ὑπὸ</strong></span> <span class='ocrx_word' id='word_1_129' title='bbox 2707 955 2814 1008; x_wconf 83' lang='grc' dir='ltr'>τῶν</span> <span class='ocrx_word' id='word_1_130' title='bbox 2845 958 2936 1009; x_wconf 65' lang='grc' dir='ltr'><strong>καὶ</strong></span> <span class='ocrx_word' id='word_1_131' title='bbox 2967 959 3238 1026; x_wconf 77' lang='grc' dir='ltr'><strong>ἀγροίκων</strong></span> <span class='ocrx_word' id='word_1_132' title='bbox 3268 961 3364 1012; x_wconf 67' lang='grc' dir='ltr'>καὶ</span> <span class='ocrx_word' id='word_1_133' title='bbox 3394 961 3720 1026; x_wconf 81' lang='grc' dir='ltr'>ἀπηνεστά-</span> 
     </span>
    </p>
   </div>
   <div class='ocr_carea' id='block_1_22' title="bbox 2137 1045 3718 1120">
    <p class='ocr_par' dir='ltr' id='par_1_22' title="bbox 2137 1045 3718 1120">
     <span class='ocr_line' id='line_1_22' title="bbox 2137 1045 3718 1120; baseline 0.005 -22"><span class='ocrx_word' id='word_1_134' title='bbox 2137 1063 2245 1099; x_wconf 87' lang='grc' dir='ltr'><strong>των</strong></span> <span class='ocrx_word' id='word_1_135' title='bbox 2283 1045 2730 1115; x_wconf 78' lang='grc' dir='ltr'>ἐξηφανισμένων</span> <span class='ocrx_word' id='word_1_136' title='bbox 2755 1064 2768 1078; x_wconf 92' lang='grc'><strong>·</strong></span> <span class='ocrx_word' id='word_1_137' title='bbox 2809 1047 2858 1100; x_wconf 81' lang='grc' dir='ltr'><strong>οἳ</strong></span> <span class='ocrx_word' id='word_1_138' title='bbox 2903 1049 3159 1118; x_wconf 81' lang='grc' dir='ltr'><strong>οὐδεμίαν</strong></span> <span class='ocrx_word' id='word_1_139' title='bbox 3197 1050 3360 1120; x_wconf 81' lang='grc' dir='ltr'>χάριν</span> <span class='ocrx_word' id='word_1_140' title='bbox 3401 1052 3475 1120; x_wconf 87' lang='grc' dir='ltr'>μὴ</span> <span class='ocrx_word' id='word_1_141' title='bbox 3518 1054 3606 1104; x_wconf 75' lang='grc' dir='ltr'>ἔτι</span> <span class='ocrx_word' id='word_1_142' title='bbox 3647 1070 3718 1120; x_wconf 82' lang='grc' dir='ltr'><strong>γε</strong></span> 
     </span>
    </p>
   </div>
   <div class='ocr_carea' id='block_1_23' title="bbox 2138 1134 3720 1211">
    <p class='ocr_par' dir='ltr' id='par_1_23' title="bbox 2138 1134 3720 1211">
     <span class='ocr_line' id='line_1_23' title="bbox 2138 1134 3720 1211; baseline 0.003 -21"><span class='ocrx_word' id='word_1_143' title='bbox 2138 1137 2661 1201; x_wconf 84' lang='grc' dir='ltr'>καταπλουτοῦντες.</span> <span class='ocrx_word' id='word_1_144' title='bbox 2688 1137 2803 1191; x_wconf 88' lang='grc' dir='ltr'>ἀλλ’</span> <span class='ocrx_word' id='word_1_145' title='bbox 2826 1139 2944 1191; x_wconf 75' lang='grc' dir='ltr'>οὐδὲ</span> <span class='ocrx_word' id='word_1_146' title='bbox 2974 1134 3127 1209; x_wconf 70' lang='grc' dir='ltr'>οἶμαι</span> <span class='ocrx_word' id='word_1_147' title='bbox 3169 1142 3370 1204; x_wconf 83' lang='grc' dir='ltr'>εἰδότες</span> <span class='ocrx_word' id='word_1_148' title='bbox 3392 1158 3406 1173; x_wconf 89' lang='grc'><strong>·</strong></span> <span class='ocrx_word' id='word_1_149' title='bbox 3431 1143 3526 1197; x_wconf 82' lang='grc' dir='ltr'><strong>ἀνθ</strong></span> <span class='ocrx_word' id='word_1_150' title='bbox 3536 1160 3720 1211; x_wconf 84' lang='grc' dir='ltr'>ρωποι</span> 
     </span>
    </p>
   </div>
   <div class='ocr_carea' id='block_1_24' title="bbox 2137 1227 3719 1301">
    <p class='ocr_par' dir='ltr' id='par_1_24' title="bbox 2137 1227 3719 1301">
     <span class='ocr_line' id='line_1_24' title="bbox 2137 1227 3719 1301; baseline 0.003 -19"><span class='ocrx_word' id='word_1_151' title='bbox 2137 1230 2490 1301; x_wconf 65' lang='grc' dir='ltr'><strong>ἀχαρίστερον.</strong></span> <span class='ocrx_word' id='word_1_152' title='bbox 2513 1233 2755 1296; x_wconf 82' lang='grc' dir='ltr'>πάντων,</span> <span class='ocrx_word' id='word_1_153' title='bbox 2781 1227 2856 1285; x_wconf 83' lang='grc' dir='ltr'><strong>ὧν</strong></span> <span class='ocrx_word' id='word_1_154' title='bbox 2878 1232 2943 1285; x_wconf 81' lang='grc' dir='ltr'>ἂν</span> <span class='ocrx_word' id='word_1_155' title='bbox 2964 1232 3108 1284; x_wconf 82' lang='grc' dir='ltr'><strong>εἴποι</strong></span> <span class='ocrx_word' id='word_1_156' title='bbox 3128 1250 3231 1298; x_wconf 90' lang='grc' dir='ltr'>τις,</span> <span class='ocrx_word' id='word_1_157' title='bbox 3253 1236 3346 1286; x_wconf 78' lang='grc' dir='ltr'>καὶ</span> <span class='ocrx_word' id='word_1_158' title='bbox 3371 1233 3526 1301; x_wconf 88' lang='grc' dir='ltr'>λόγον</span> <span class='ocrx_word' id='word_1_159' title='bbox 3547 1235 3719 1288; x_wconf 81' lang='grc' dir='ltr'>ἄλλον</span> 
     </span>
    </p>
   </div>
   <div class='ocr_carea' id='block_1_25' title="bbox 2135 1322 3716 1395">
    <p class='ocr_par' dir='ltr' id='par_1_25' title="bbox 2135 1322 3716 1395">
     <span class='ocr_line' id='line_1_25' title="bbox 2135 1322 3716 1395; baseline 0.003 -21"><span class='ocrx_word' id='word_1_160' title='bbox 2135 1322 2510 1391; x_wconf 79' lang='grc' dir='ltr'>ἀπειρόκαλοι,</span> <span class='ocrx_word' id='word_1_161' title='bbox 2541 1324 3062 1395; x_wconf 70' lang='grc' dir='ltr'>καθότι”τῷ,χυδαίῳ</span> <span class='ocrx_word' id='word_1_162' title='bbox 3087 1325 3184 1392; x_wconf 82' lang='grc' dir='ltr'>τῆς</span> <span class='ocrx_word' id='word_1_163' title='bbox 3217 1325 3576 1387; x_wconf 77' lang='grc' dir='ltr'>πολιτεύσεως</span> <span class='ocrx_word' id='word_1_164' title='bbox 3604 1344 3716 1378; x_wconf 77' lang='grc' dir='ltr'>κα-</span> 
     </span>
    </p>
   </div>
   <div class='ocr_carea' id='block_1_26' title="bbox 2137 1409 3720 1484">
    <p class='ocr_par' dir='ltr' id='par_1_26' title="bbox 2137 1409 3720 1484">
     <span class='ocr_line' id='line_1_26' title="bbox 2137 1409 3720 1484; baseline 0 -18"><span class='ocrx_word' id='word_1_165' title='bbox 2137 1413 2228 1466; x_wconf 85' lang='grc' dir='ltr'><strong>λοῦ</strong></span> <span class='ocrx_word' id='word_1_166' title='bbox 2260 1413 2455 1474; x_wconf 78' lang='grc' dir='ltr'>παντὸς</span> <span class='ocrx_word' id='word_1_167' title='bbox 2487 1409 2625 1484; x_wconf 85' lang='grc' dir='ltr'>ἦσαν</span> <span class='ocrx_word' id='word_1_168' title='bbox 2652 1416 2960 1484; x_wconf 76' lang='grc' dir='ltr'><strong>ἀπείρατοι,</strong></span> <span class='ocrx_word' id='word_1_169' title='bbox 2993 1415 3088 1468; x_wconf 83' lang='grc' dir='ltr'>καὶ</span> <span class='ocrx_word' id='word_1_170' title='bbox 3117 1415 3222 1466; x_wconf 83' lang='grc' dir='ltr'>τῶν</span> <span class='ocrx_word' id='word_1_171' title='bbox 3254 1414 3508 1468; x_wconf 83' lang='grc' dir='ltr'>τοιούτων</span> <span class='ocrx_word' id='word_1_172' title='bbox 3537 1418 3720 1470; x_wconf 81' lang='grc' dir='ltr'>ἁπάν-</span> 
     </span>
    </p>
   </div>
   <div class='ocr_carea' id='block_1_27' title="bbox 2136 1499 3717 1574">
    <p class='ocr_par' dir='ltr' id='par_1_27' title="bbox 2136 1499 3717 1574">
     <span class='ocr_line' id='line_1_27' title="bbox 2136 1499 3717 1574; baseline 0.003 -21"><span class='ocrx_word' id='word_1_173' title='bbox 2136 1518 2244 1553; x_wconf 90' lang='grc' dir='ltr'><strong>των</strong></span> <span class='ocrx_word' id='word_1_174' title='bbox 2281 1499 2500 1568; x_wconf 84' lang='grc' dir='ltr'>ἀγαθῶν</span> <span class='ocrx_word' id='word_1_175' title='bbox 2533 1502 2632 1570; x_wconf 82' lang='grc' dir='ltr'>τὴν</span> <span class='ocrx_word' id='word_1_176' title='bbox 2664 1501 2786 1554; x_wconf 79' lang='grc' dir='ltr'>καθ’</span> <span class='ocrx_word' id='word_1_177' title='bbox 2814 1503 2959 1572; x_wconf 81' lang='grc' dir='ltr'>ἡμᾶς</span> <span class='ocrx_word' id='word_1_178' title='bbox 2995 1503 3147 1556; x_wconf 84' lang='grc' dir='ltr'>πόλιν</span> <span class='ocrx_word' id='word_1_179' title='bbox 3181 1503 3594 1574; x_wconf 64' lang='grc' dir='ltr'>ἀπωρφάτισαν,</span> <span class='ocrx_word' id='word_1_180' title='bbox 3631 1504 3717 1566; x_wconf 82' lang='grc' dir='ltr'>ὡς</span> 
     </span>
    </p>
   </div>
   <div class='ocr_carea' id='block_1_28' title="bbox 463 1571 3714 1668">
    <p class='ocr_par' dir='ltr' id='par_1_28' title="bbox 463 1571 3714 1668">
     <span class='ocr_line' id='line_1_28' title="bbox 463 1571 3714 1668; baseline 0.009 -46"><span class='ocrx_word' id='word_1_181' title='bbox 463 1571 660 1636; x_wconf 79' lang='grc' dir='ltr'>μηκέτι</span> <span class='ocrx_word' id='word_1_182' title='bbox 686 1572 1079 1647; x_wconf 78' lang='grc' dir='ltr'>θαυμάζεσθαι,</span> <span class='ocrx_word' id='word_1_183' title='bbox 1105 1583 1157 1636; x_wconf 88' lang='grc' dir='ltr'><strong>τί</strong></span> <span class='ocrx_word' id='word_1_184' title='bbox 1180 1583 1377 1655; x_wconf 85' lang='grc' dir='ltr'>δήποτε</span> <span class='ocrx_word' id='word_1_185' title='bbox 1427 1588 1582 1642; x_wconf 77' lang='grc' dir='ltr'>αὐτοὶ</span> <span class='ocrx_word' id='word_1_186' title='bbox 1635 1592 1754 1645; x_wconf 84' lang='grc' dir='ltr'>κατ’</span> <span class='ocrx_word' id='word_1_187' title='bbox 1776 1592 2077 1664; x_wconf 85' lang='grc' dir='ltr'>ἀνθρώπων</span> <span class='ocrx_word' id='word_1_188' title='bbox 2136 1595 2356 1650; x_wconf 81' lang='grc' dir='ltr'>θάνατοι</span> <span class='ocrx_word' id='word_1_189' title='bbox 2391 1596 2709 1668; x_wconf 80' lang='grc' dir='ltr'>αὐτόχρημα</span> <span class='ocrx_word' id='word_1_190' title='bbox 2743 1571 3039 1666; x_wconf 73' lang='grc' dir='ltr'>ἐξέϐησαν,</span> <span class='ocrx_word' id='word_1_191' title='bbox 3076 1597 3124 1648; x_wconf 86' lang='grc' dir='ltr'><strong>εί</strong></span> <span class='ocrx_word' id='word_1_192' title='bbox 3156 1596 3278 1666; x_wconf 87' lang='grc' dir='ltr'>δίχα</span> <span class='ocrx_word' id='word_1_193' title='bbox 3449 1601 3714 1652; x_wconf 78' lang='grc' dir='ltr'>τοιούτων</span> 
     </span>
    </p>
   </div>
   <div class='ocr_carea' id='block_1_29' title="bbox 462 1666 3714 1762">
    <p class='ocr_par' dir='ltr' id='par_1_29' title="bbox 462 1666 3714 1762">
     <span class='ocr_line' id='line_1_29' title="bbox 462 1666 3714 1762; baseline 0.008 -43"><span class='ocrx_word' id='word_1_194' title='bbox 462 1666 554 1762; x_wconf 64' lang='lat' dir='ltr'><strong>atat</strong></span> <span class='ocrx_word' id='word_1_195' title='bbox 602 1668 811 1762; x_wconf 76' lang='grc' dir='ltr'>ἀλόγων</span> <span class='ocrx_word' id='word_1_196' title='bbox 853 1674 1094 1743; x_wconf 81' lang='grc' dir='ltr'>ἀφειδεῖς</span> <span class='ocrx_word' id='word_1_197' title='bbox 1138 1675 1277 1750; x_wconf 82' lang='grc' dir='ltr'>ἦσαν</span> <span class='ocrx_word' id='word_1_198' title='bbox 1320 1682 1459 1736; x_wconf 82' lang='grc' dir='ltr'>κατὰ</span> <span class='ocrx_word' id='word_1_199' title='bbox 1511 1684 1708 1754; x_wconf 88' lang='grc' dir='ltr'>μανίαν</span> <span class='ocrx_word' id='word_1_200' title='bbox 1752 1687 1850 1758; x_wconf 77' lang='grc' dir='ltr'><strong>τὴν</strong></span> <span class='ocrx_word' id='word_1_201' title='bbox 1899 1689 2024 1744; x_wconf 86' lang='grc' dir='ltr'>καθ’</span> <span class='ocrx_word' id='word_1_202' title='bbox 2055 1691 2347 1762; x_wconf 69' lang='grc' dir='ltr'>ἡμῶν,καὶ</span> <span class='ocrx_word' id='word_1_203' title='bbox 2400 1666 2645 1760; x_wconf 83' lang='grc' dir='ltr'>ἀγγείοις</span> <span class='ocrx_word' id='word_1_204' title='bbox 2701 1690 2981 1759; x_wconf 74' lang='grc' dir='ltr'>ἐνύϐριζον</span> <span class='ocrx_word' id='word_1_205' title='bbox 3005 1692 3082 1752; x_wconf 89' lang='grc' dir='ltr'><strong>είς</strong></span> <span class='ocrx_word' id='word_1_206' title='bbox 3123 1691 3508 1759; x_wconf 86' lang='grc' dir='ltr'>κατάκλασμα,</span> <span class='ocrx_word' id='word_1_207' title='bbox 3535 1693 3714 1762; x_wconf 84' lang='grc' dir='ltr'>μέχρι</span> 
     </span>
    </p>
   </div>
   <div class='ocr_carea' id='block_1_30' title="bbox 458 1758 3715 1855">
    <p class='ocr_par' dir='ltr' id='par_1_30' title="bbox 458 1758 3715 1855">
     <span class='ocr_line' id='line_1_30' title="bbox 458 1758 3715 1855; baseline 0.009 -46"><span class='ocrx_word' id='word_1_208' title='bbox 458 1758 554 1810; x_wconf 76' lang='grc' dir='ltr'>καὶ</span> <span class='ocrx_word' id='word_1_209' title='bbox 583 1759 760 1814; x_wconf 83' lang='grc' dir='ltr'>αὐτῶν</span> <span class='ocrx_word' id='word_1_210' title='bbox 789 1763 1035 1833; x_wconf 79' lang='grc' dir='ltr'>λαγύνων</span> <span class='ocrx_word' id='word_1_211' title='bbox 1062 1773 1153 1824; x_wconf 78' lang='grc' dir='ltr'>καὶ</span> <span class='ocrx_word' id='word_1_212' title='bbox 1180 1771 1450 1843; x_wconf 86' lang='grc' dir='ltr'>ληκύθων,</span> <span class='ocrx_word' id='word_1_213' title='bbox 1480 1775 1573 1829; x_wconf 78' lang='grc' dir='ltr'>καὶ</span> <span class='ocrx_word' id='word_1_214' title='bbox 1638 1777 1693 1830; x_wconf 78' lang='grc' dir='ltr'><strong>εί</strong></span> <span class='ocrx_word' id='word_1_215' title='bbox 1737 1796 1788 1832; x_wconf 90' lang='grc' dir='ltr'><strong>τι</strong></span> <span class='ocrx_word' id='word_1_216' title='bbox 1846 1758 2198 1853; x_wconf 71' lang='grc' dir='ltr'>φαυλότερον.</span> <span class='ocrx_word' id='word_1_217' title='bbox 2229 1785 2292 1837; x_wconf 87' lang='grc' dir='ltr'>Οί</span> <span class='ocrx_word' id='word_1_218' title='bbox 2345 1784 2404 1837; x_wconf 76' lang='grc' dir='ltr'>δὲ</span> <span class='ocrx_word' id='word_1_219' title='bbox 2451 1758 2556 1836; x_wconf 69' lang='grc' dir='ltr'>καὶ</span> <span class='ocrx_word' id='word_1_220' title='bbox 2585 1783 2757 1845; x_wconf 82' lang='grc' dir='ltr'>ἄλλως</span> <span class='ocrx_word' id='word_1_221' title='bbox 2786 1758 2864 1844; x_wconf 82' lang='grc' dir='ltr'><strong>εἰς</strong></span> <span class='ocrx_word' id='word_1_222' title='bbox 2893 1780 3049 1834; x_wconf 84' lang='grc' dir='ltr'>τόσον</span> <span class='ocrx_word' id='word_1_223' title='bbox 3077 1758 3715 1855; x_wconf 76' lang='grc' dir='ltr'>ἀγροικικῶςεῖχον,ὤς</span> 
     </span>
    </p>
   </div>
   <div class='ocr_carea' id='block_1_31' title="bbox 459 1851 2260 1950">
    <p class='ocr_par' dir='ltr' id='par_1_31' title="bbox 459 1851 2260 1950">
     <span class='ocr_line' id='line_1_31' title="bbox 459 1851 2260 1950; baseline 0.017 -47"><span class='ocrx_word' id='word_1_224' title='bbox 459 1851 598 1921; x_wconf 87' lang='grc' dir='ltr'>μηδὲ</span> <span class='ocrx_word' id='word_1_225' title='bbox 618 1853 934 1950; x_wconf 34' lang='grc' dir='ltr'>’ὀρθαλμοῖς</span> <span class='ocrx_word' id='word_1_226' title='bbox 974 1879 1103 1914; x_wconf 88' lang='grc' dir='ltr'>ποτε</span> <span class='ocrx_word' id='word_1_227' title='bbox 1143 1865 1491 1921; x_wconf 79' lang='grc' dir='ltr'>διαλαϐέσθαι</span> <span class='ocrx_word' id='word_1_228' title='bbox 1530 1869 1706 1923; x_wconf 83' lang='grc' dir='ltr'>δοκεῖν</span> <span class='ocrx_word' id='word_1_229' title='bbox 1741 1871 1808 1926; x_wconf 84' lang='grc' dir='ltr'>τὰ</span> <span class='ocrx_word' id='word_1_230' title='bbox 1849 1851 2260 1950; x_wconf 87' lang='grc' dir='ltr'>σπουδαιότερα.</span> 
     </span>
    </p>
   </div>
   <div class='ocr_carea' id='block_1_32' title="bbox 455 1945 2033 2037">
    <p class='ocr_par' dir='ltr' id='par_1_32' title="bbox 455 1945 2033 2037">
     <span class='ocr_line' id='line_1_32' title="bbox 455 1945 2033 2037; baseline 0.017 -40"><span class='ocrx_word' id='word_1_231' title='bbox 455 2013 462 2017; x_wconf 89' lang='lat'><em>_</em></span> <span class='ocrx_word' id='word_1_232' title='bbox 544 1945 667 2000; x_wconf 74' lang='grc'><strong>155.</strong></span> <span class='ocrx_word' id='word_1_233' title='bbox 695 1945 866 2016; x_wconf 78' lang='lat' dir='ltr'><strong>Igitur</strong></span> <span class='ocrx_word' id='word_1_234' title='bbox 890 1953 1088 2009; x_wconf 88' lang='lat' dir='ltr'><strong>multas</strong></span> <span class='ocrx_word' id='word_1_235' title='bbox 1117 1971 1206 2012; x_wconf 90' lang='lat' dir='ltr'><strong>res</strong></span> <span class='ocrx_word' id='word_1_236' title='bbox 1228 1961 1498 2026; x_wconf 89' lang='lat' dir='ltr'><strong>pretiosas</strong></span> <span class='ocrx_word' id='word_1_237' title='bbox 1526 1965 1580 2019; x_wconf 92' lang='lat' dir='ltr'><strong>in</strong></span> <span class='ocrx_word' id='word_1_238' title='bbox 1604 1965 1780 2021; x_wconf 87' lang='lat' dir='ltr'><strong>saccis</strong></span> <span class='ocrx_word' id='word_1_239' title='bbox 1812 1982 1876 2022; x_wconf 88' lang='lat' dir='ltr'><strong>ac</strong></span> <span class='ocrx_word' id='word_1_240' title='bbox 1898 1984 2033 2037; x_wconf 89' lang='lat' dir='ltr'><strong>pan-</strong></span> 
     </span>
    </p>
   </div>
   <div class='ocr_carea' id='block_1_33' title="bbox 474 2037 2030 2130">
    <p class='ocr_par' dir='ltr' id='par_1_33' title="bbox 474 2037 2030 2130">
     <span class='ocr_line' id='line_1_33' title="bbox 474 2037 2030 2130; baseline 0.017 -40"><span class='ocrx_word' id='word_1_241' title='bbox 474 2037 561 2091; x_wconf 86' lang='lat' dir='ltr'><strong>nis</strong></span> <span class='ocrx_word' id='word_1_242' title='bbox 592 2037 757 2095; x_wconf 89' lang='lat' dir='ltr'><strong>lineis</strong></span> <span class='ocrx_word' id='word_1_243' title='bbox 787 2047 1036 2100; x_wconf 84' lang='lat' dir='ltr'><strong>certatim</strong></span> <span class='ocrx_word' id='word_1_244' title='bbox 1062 2049 1416 2121; x_wconf 76' lang='lat' dir='ltr'><strong>collegerunt,</strong></span> <span class='ocrx_word' id='word_1_245' title='bbox 1458 2057 1563 2111; x_wconf 90' lang='lat' dir='ltr'><strong>alia</strong></span> <span class='ocrx_word' id='word_1_246' title='bbox 1599 2061 1748 2114; x_wconf 87' lang='lat' dir='ltr'><strong>intus</strong></span> <span class='ocrx_word' id='word_1_247' title='bbox 1781 2075 2030 2130; x_wconf 83' lang='lat' dir='ltr'><strong>compre-</strong></span> 
     </span>
    </p>
   </div>
   <div class='ocr_carea' id='block_1_34' title="bbox 462 2126 2030 2216">
    <p class='ocr_par' dir='ltr' id='par_1_34' title="bbox 462 2126 2030 2216">
     <span class='ocr_line' id='line_1_34' title="bbox 462 2126 2030 2216; baseline 0.017 -35"><span class='ocrx_word' id='word_1_248' title='bbox 462 2126 795 2198; x_wconf 82' lang='lat' dir='ltr'><strong>henderunt,</strong></span> <span class='ocrx_word' id='word_1_249' title='bbox 836 2150 1092 2194; x_wconf 86' lang='lat' dir='ltr'><strong>vasorum</strong></span> <span class='ocrx_word' id='word_1_250' title='bbox 1128 2157 1225 2198; x_wconf 88' lang='lat' dir='ltr'><strong>ora</strong></span> <span class='ocrx_word' id='word_1_251' title='bbox 1276 2147 1626 2216; x_wconf 89' lang='lat' dir='ltr'><strong>recludendo,</strong></span> <span class='ocrx_word' id='word_1_252' title='bbox 1674 2153 1798 2208; x_wconf 90' lang='lat' dir='ltr'><strong>vilia</strong></span> <span class='ocrx_word' id='word_1_253' title='bbox 1850 2163 2030 2210; x_wconf 88' lang='lat' dir='ltr'><strong>autem</strong></span> 
     </span>
    </p>
   </div>
   <div class='ocr_carea' id='block_1_35' title="bbox 460 2222 2026 2308">
    <p class='ocr_par' dir='ltr' id='par_1_35' title="bbox 460 2222 2026 2308">
     <span class='ocr_line' id='line_1_35' title="bbox 460 2222 2026 2308; baseline 0.019 -34"><span class='ocrx_word' id='word_1_254' title='bbox 460 2235 591 2277; x_wconf 79' lang='lat' dir='ltr'><strong>vasa</strong></span> <span class='ocrx_word' id='word_1_255' title='bbox 647 2222 701 2278; x_wconf 91' lang='lat' dir='ltr'><strong>in</strong></span> <span class='ocrx_word' id='word_1_256' title='bbox 751 2225 910 2283; x_wconf 80' lang='lat' dir='ltr'><strong>fenus</strong></span> <span class='ocrx_word' id='word_1_257' title='bbox 955 2230 1347 2304; x_wconf 85' lang='lat' dir='ltr'><strong>destinarunt,</strong></span> <span class='ocrx_word' id='word_1_258' title='bbox 1375 2244 1672 2308; x_wconf 67' lang='lat' dir='ltr'><strong>prmsertim</strong></span> <span class='ocrx_word' id='word_1_259' title='bbox 1709 2245 1780 2298; x_wconf 88' lang='lat' dir='ltr'><strong>iis</strong></span> <span class='ocrx_word' id='word_1_260' title='bbox 1833 2245 2026 2303; x_wconf 86' lang='lat' dir='ltr'><strong>diebus</strong></span> 
     </span>
    </p>
   </div>
   <div class='ocr_carea' id='block_1_36' title="bbox 2207 1973 3714 2052">
    <p class='ocr_par' dir='ltr' id='par_1_36' title="bbox 2207 1973 3714 2052">
     <span class='ocr_line' id='line_1_36' title="bbox 2207 1973 3714 2052; baseline 0.001 -23"><span class='ocrx_word' id='word_1_261' title='bbox 2207 1977 2333 2047; x_wconf 83' lang='grc' dir='ltr'>ρλε’.</span> <span class='ocrx_word' id='word_1_262' title='bbox 2376 1979 2586 2046; x_wconf 87' lang='grc' dir='ltr'>Δινέοις</span> <span class='ocrx_word' id='word_1_263' title='bbox 2633 1983 2761 2052; x_wconf 88' lang='grc' dir='ltr'>γοῦν</span> <span class='ocrx_word' id='word_1_264' title='bbox 2803 1977 3142 2050; x_wconf 86' lang='grc' dir='ltr'>σπειράμασι</span> <span class='ocrx_word' id='word_1_265' title='bbox 3186 1974 3279 2028; x_wconf 74' lang='grc' dir='ltr'>καὶ</span> <span class='ocrx_word' id='word_1_266' title='bbox 3322 1973 3566 2034; x_wconf 81' lang='grc' dir='ltr'><strong>σακκίοις</strong></span> <span class='ocrx_word' id='word_1_267' title='bbox 3607 1976 3714 2030; x_wconf 82' lang='grc' dir='ltr'>καὶ</span> 
     </span>
    </p>
   </div>
   <div class='ocr_carea' id='block_1_37' title="bbox 2136 2068 3713 2146">
    <p class='ocr_par' dir='ltr' id='par_1_37' title="bbox 2136 2068 3713 2146">
     <span class='ocr_line' id='line_1_37' title="bbox 2136 2068 3713 2146; baseline -0.004 -18"><span class='ocrx_word' id='word_1_268' title='bbox 2136 2077 2356 2146; x_wconf 82' lang='grc' dir='ltr'>ῥάκεσιν</span> <span class='ocrx_word' id='word_1_269' title='bbox 2387 2075 2568 2140; x_wconf 87' lang='grc' dir='ltr'>ἀγαθά</span> <span class='ocrx_word' id='word_1_270' title='bbox 2598 2077 2693 2129; x_wconf 79' lang='grc' dir='ltr'>καὶ</span> <span class='ocrx_word' id='word_1_271' title='bbox 2726 2074 2896 2128; x_wconf 84' lang='grc' dir='ltr'>πολλά</span> <span class='ocrx_word' id='word_1_272' title='bbox 2929 2074 3023 2124; x_wconf 75' lang='grc' dir='ltr'>καὶ</span> <span class='ocrx_word' id='word_1_273' title='bbox 3051 2070 3206 2139; x_wconf 90' lang='grc' dir='ltr'>τίμια</span> <span class='ocrx_word' id='word_1_274' title='bbox 3239 2068 3530 2136; x_wconf 79' lang='grc' dir='ltr'>ἐγκείμενα</span> <span class='ocrx_word' id='word_1_275' title='bbox 3567 2071 3713 2140; x_wconf 80' lang='grc' dir='ltr'>πρὸς</span> 
     </span>
    </p>
   </div>
   <div class='ocr_carea' id='block_1_38' title="bbox 2133 2159 3713 2234">
    <p class='ocr_par' dir='ltr' id='par_1_38' title="bbox 2133 2159 3713 2234">
     <span class='ocr_line' id='line_1_38' title="bbox 2133 2159 3713 2234; baseline -0.004 -17"><span class='ocrx_word' id='word_1_276' title='bbox 2133 2164 2248 2234; x_wconf 75' lang='grc' dir='ltr'>ἔριν</span> <span class='ocrx_word' id='word_1_277' title='bbox 2279 2164 2700 2233; x_wconf 84' lang='grc' dir='ltr'>ἀναλεγόμενοι,</span> <span class='ocrx_word' id='word_1_278' title='bbox 2730 2162 2800 2216; x_wconf 86' lang='grc' dir='ltr'><strong>τά</strong></span> <span class='ocrx_word' id='word_1_279' title='bbox 2832 2162 2928 2233; x_wconf 83' lang='grc' dir='ltr'>μὲν</span> <span class='ocrx_word' id='word_1_280' title='bbox 2955 2161 3103 2216; x_wconf 75' lang='grc' dir='ltr'>ἔνδον</span> <span class='ocrx_word' id='word_1_281' title='bbox 3133 2159 3486 2230; x_wconf 74' lang='grc' dir='ltr'>ἐξερρίπτουν</span> <span class='ocrx_word' id='word_1_282' title='bbox 3505 2199 3520 2221; x_wconf 88' lang='grc'><strong>,</strong></span> <span class='ocrx_word' id='word_1_283' title='bbox 3551 2159 3713 2214; x_wconf 82' lang='grc' dir='ltr'>ἀνοι-</span> 
     </span>
    </p>
   </div>
   <div class='ocr_carea' id='block_1_39' title="bbox 2133 2250 3712 2320">
    <p class='ocr_par' dir='ltr' id='par_1_39' title="bbox 2133 2250 3712 2320">
     <span class='ocr_line' id='line_1_39' title="bbox 2133 2250 3712 2320; baseline -0.001 -14"><span class='ocrx_word' id='word_1_284' title='bbox 2133 2270 2320 2320; x_wconf 84' lang='grc' dir='ltr'>γοντες</span> <span class='ocrx_word' id='word_1_285' title='bbox 2345 2252 2412 2306; x_wconf 83' lang='grc' dir='ltr'><strong>τὰ</strong></span> <span class='ocrx_word' id='word_1_286' title='bbox 2436 2253 2544 2306; x_wconf 85' lang='grc' dir='ltr'><strong>τῶν</strong></span> <span class='ocrx_word' id='word_1_287' title='bbox 2571 2253 2802 2320; x_wconf 80' lang='grc' dir='ltr'>ἀγγείων</span> <span class='ocrx_word' id='word_1_288' title='bbox 2829 2253 3090 2320; x_wconf 85' lang='grc' dir='ltr'>στόματα,</span> <span class='ocrx_word' id='word_1_289' title='bbox 3116 2252 3207 2304; x_wconf 83' lang='grc' dir='ltr'>καὶ</span> <span class='ocrx_word' id='word_1_290' title='bbox 3237 2252 3572 2305; x_wconf 82' lang='grc' dir='ltr'>συνεπάτουν</span> <span class='ocrx_word' id='word_1_291' title='bbox 3594 2269 3608 2283; x_wconf 80' lang='grc'><strong>’</strong></span> <span class='ocrx_word' id='word_1_292' title='bbox 3632 2250 3712 2305; x_wconf 72' lang='grc' dir='ltr'>τὰ</span> 
     </span>
    </p>
   </div>
   <div class='ocr_carea' id='block_1_40' title="bbox 461 2313 2020 2431">
    <p class='ocr_par' dir='ltr' id='par_1_40' title="bbox 461 2313 2012 2431">
     <span class='ocr_line' id='line_1_40' title="bbox 461 2313 2012 2412; baseline 0.015 -45"><span class='ocrx_word' id='word_1_293' title='bbox 461 2313 553 2368; x_wconf 91' lang='lat' dir='ltr'><strong>ubi</strong></span> <span class='ocrx_word' id='word_1_294' title='bbox 597 2316 803 2386; x_wconf 60' lang='lat' dir='ltr'><strong>rapina:</strong></span> <span class='ocrx_word' id='word_1_295' title='bbox 841 2323 1082 2378; x_wconf 83' lang='grc' dir='ltr'>οιηηῑυιη</span> <span class='ocrx_word' id='word_1_296' title='bbox 1099 2327 1448 2395; x_wconf 89' lang='lat' dir='ltr'><strong>cupiditatem</strong></span> <span class='ocrx_word' id='word_1_297' title='bbox 1480 2335 1875 2412; x_wconf 15' lang='lat' dir='ltr'><strong>exercitaba‘nt.</strong></span> <span class='ocrx_word' id='word_1_298' title='bbox 1910 2338 2012 2404; x_wconf 80' lang='lat' dir='ltr'><strong>Qui</strong></span> 
     </span>
     <span class='ocr_line' id='line_1_41' title="bbox 463 2409 1038 2431; baseline 0.017 -5"><span class='ocrx_word' id='word_1_299' title='bbox 463 2413 643 2431; x_wconf 49' lang='grc' dir='ltr'>...ηηκ</span> <span class='ocrx_word' id='word_1_300' title='bbox 692 2409 782 2431; x_wconf 73' lang='grc' dir='ltr'>.-ηε</span> <span class='ocrx_word' id='word_1_301' title='bbox 819 2423 933 2431; x_wconf 38' lang='grc' dir='ltr'><strong>μμ.</strong></span> 
     </span>
    </p>
   </div>
   <div class='ocr_carea' id='block_1_41' title="bbox 2124 2313 3712 2431">
    <p class='ocr_par' dir='ltr' id='par_1_41' title="bbox 2132 2313 3712 2414">
     <span class='ocr_line' id='line_1_42' title="bbox 2132 2313 3712 2414; baseline 0 -18"><span class='ocrx_word' id='word_1_302' title='bbox 2132 2313 2188 2397; x_wconf 81' lang='grc' dir='ltr'>δὲ</span> <span class='ocrx_word' id='word_1_303' title='bbox 2219 2313 2410 2414; x_wconf 84' lang='grc' dir='ltr'>ἀχρεῖα</span> <span class='ocrx_word' id='word_1_304' title='bbox 2437 2313 2726 2414; x_wconf 40' lang='grc' dir='ltr'>δοχεϊα-εἰς</span> <span class='ocrx_word' id='word_1_305' title='bbox 2753 2313 2985 2407; x_wconf 71' lang='grc' dir='ltr'>κόλπους</span> <span class='ocrx_word' id='word_1_306' title='bbox 3019 2343 3321 2412; x_wconf 82' lang='grc' dir='ltr'>παρέϐυον,</span> <span class='ocrx_word' id='word_1_307' title='bbox 3354 2343 3598 2398; x_wconf 80' lang='grc' dir='ltr'>όὸολιαῖα</span> <span class='ocrx_word' id='word_1_308' title='bbox 3625 2343 3712 2407; x_wconf 86' lang='grc' dir='ltr'><strong>ὡς</strong></span> 
     </span>
    </p>
   </div>
   <div class='ocr_carea' id='block_1_42' title="bbox 462 2409 2027 2498">
    <p class='ocr_par' dir='ltr' id='par_1_42' title="bbox 462 2409 2027 2498">
     <span class='ocr_line' id='line_1_43' title="bbox 462 2409 2027 2498; baseline 0.017 -41"><span class='ocrx_word' id='word_1_309' title='bbox 462 2413 644 2460; x_wconf 87' lang='lat' dir='ltr'><strong>autem</strong></span> <span class='ocrx_word' id='word_1_310' title='bbox 689 2409 782 2464; x_wconf 87' lang='lat' dir='ltr'><strong>alii</strong></span> <span class='ocrx_word' id='word_1_311' title='bbox 817 2423 938 2481; x_wconf 90' lang='lat' dir='ltr'><strong>post</strong></span> <span class='ocrx_word' id='word_1_312' title='bbox 970 2417 1108 2473; x_wconf 92' lang='lat' dir='ltr'><strong>alios</strong></span> <span class='ocrx_word' id='word_1_313' title='bbox 1156 2433 1614 2490; x_wconf 84' lang='lat' dir='ltr'><strong>snpervenerunt,</strong></span> <span class='ocrx_word' id='word_1_314' title='bbox 1665 2409 2027 2498; x_wconf 82' lang='lat' dir='ltr'><strong>quascunque</strong></span> 
     </span>
    </p>
   </div>
   <div class='ocr_carea' id='block_1_43' title="bbox 458 2498 2027 2575">
    <p class='ocr_par' dir='ltr' id='par_1_43' title="bbox 458 2498 2027 2575">
     <span class='ocr_line' id='line_1_44' title="bbox 458 2498 2027 2575; baseline 0.018 -29"><span class='ocrx_word' id='word_1_315' title='bbox 458 2506 548 2549; x_wconf 88' lang='lat' dir='ltr'><strong>res</strong></span> <span class='ocrx_word' id='word_1_316' title='bbox 588 2498 840 2555; x_wconf 89' lang='lat' dir='ltr'><strong>volebant</strong></span> <span class='ocrx_word' id='word_1_317' title='bbox 864 2503 1156 2574; x_wconf 79' lang='lat' dir='ltr'><strong>abstulere,</strong></span> <span class='ocrx_word' id='word_1_318' title='bbox 1184 2525 1248 2566; x_wconf 90' lang='lat' dir='ltr'><strong>ac</strong></span> <span class='ocrx_word' id='word_1_319' title='bbox 1287 2510 1484 2569; x_wconf 86' lang='lat' dir='ltr'><strong>divites</strong></span> <span class='ocrx_word' id='word_1_320' title='bbox 1513 2526 1828 2573; x_wconf 85' lang='lat' dir='ltr'><strong>evaserunt.</strong></span> <span class='ocrx_word' id='word_1_321' title='bbox 1859 2521 2027 2575; x_wconf 88' lang='lat' dir='ltr'><strong>Erant</strong></span> 
     </span>
    </p>
   </div>
   <div class='ocr_carea' id='block_1_44' title="bbox 460 2591 2012 2678">
    <p class='ocr_par' dir='ltr' id='par_1_44' title="bbox 460 2591 2012 2678">
     <span class='ocr_line' id='line_1_45' title="bbox 460 2591 2012 2678; baseline 0.018 -40"><span class='ocrx_word' id='word_1_322' title='bbox 460 2596 644 2641; x_wconf 87' lang='lat' dir='ltr'><strong>autem</strong></span> <span class='ocrx_word' id='word_1_323' title='bbox 681 2591 966 2650; x_wconf 86' lang='lat' dir='ltr'><strong>rudissimi</strong></span> <span class='ocrx_word' id='word_1_324' title='bbox 1016 2599 1217 2668; x_wconf 74' lang='lat' dir='ltr'><strong>ingenii</strong></span> <span class='ocrx_word' id='word_1_325' title='bbox 1259 2610 1312 2658; x_wconf 87' lang='lat' dir='ltr'><strong>et</strong></span> <span class='ocrx_word' id='word_1_326' title='bbox 1349 2606 1585 2661; x_wconf 85' lang='lat' dir='ltr'><strong>maxime</strong></span> <span class='ocrx_word' id='word_1_327' title='bbox 1616 2619 1871 2678; x_wconf 83' lang='lat' dir='ltr'><strong>agrestis.</strong></span> <span class='ocrx_word' id='word_1_328' title='bbox 1907 2612 2012 2677; x_wconf 88' lang='lat' dir='ltr'><strong>Qui</strong></span> 
     </span>
    </p>
   </div>
   <div class='ocr_carea' id='block_1_45' title="bbox 459 2687 2024 2770">
    <p class='ocr_par' dir='ltr' id='par_1_45' title="bbox 459 2687 2024 2770">
     <span class='ocr_line' id='line_1_46' title="bbox 459 2687 2024 2770; baseline 0.016 -37"><span class='ocrx_word' id='word_1_329' title='bbox 459 2694 628 2746; x_wconf 86' lang='lat' dir='ltr'><strong>porro</strong></span> <span class='ocrx_word' id='word_1_330' title='bbox 657 2694 985 2742; x_wconf 63' lang='lat' dir='ltr'><strong>mercatura</strong></span> <span class='ocrx_word' id='word_1_331' title='bbox 1015 2687 1278 2746; x_wconf 68' lang='lat' dir='ltr'><strong>faciendae</strong></span> <span class='ocrx_word' id='word_1_332' title='bbox 1322 2695 1495 2765; x_wconf 78' lang='lat' dir='ltr'><strong>gratia</strong></span> <span class='ocrx_word' id='word_1_333' title='bbox 1531 2697 1823 2766; x_wconf 87' lang='lat' dir='ltr'><strong>prodibant</strong></span> <span class='ocrx_word' id='word_1_334' title='bbox 1843 2711 1896 2755; x_wconf 90' lang='lat' dir='ltr'><strong>et</strong></span> <span class='ocrx_word' id='word_1_335' title='bbox 1928 2718 2024 2770; x_wconf 88' lang='lat' dir='ltr'><strong>pro</strong></span> 
     </span>
    </p>
   </div>
   <div class='ocr_carea' id='block_1_46' title="bbox 457 2769 2021 2861">
    <p class='ocr_par' dir='ltr' id='par_1_46' title="bbox 457 2769 2021 2861">
     <span class='ocr_line' id='line_1_47' title="bbox 457 2769 2021 2861; baseline 0.017 -37"><span class='ocrx_word' id='word_1_336' title='bbox 457 2769 806 2831; x_wconf 75' lang='lat' dir='ltr'><strong>facultatibus</strong></span> <span class='ocrx_word' id='word_1_337' title='bbox 829 2793 1084 2849; x_wconf 79' lang='lat' dir='ltr'><strong>maguum</strong></span> <span class='ocrx_word' id='word_1_338' title='bbox 1119 2794 1205 2836; x_wconf 89' lang='lat' dir='ltr'><strong>aut</strong></span> <span class='ocrx_word' id='word_1_339' title='bbox 1230 2798 1454 2853; x_wconf 85' lang='lat' dir='ltr'><strong>parvum</strong></span> <span class='ocrx_word' id='word_1_340' title='bbox 1478 2789 1567 2843; x_wconf 87' lang='lat' dir='ltr'><strong>ubi</strong></span> <span class='ocrx_word' id='word_1_341' title='bbox 1589 2789 1716 2860; x_wconf 88' lang='lat' dir='ltr'><strong>quid</strong></span> <span class='ocrx_word' id='word_1_342' title='bbox 1736 2769 2021 2861; x_wconf 79' lang='lat' dir='ltr'><strong>acquirere</strong></span> 
     </span>
    </p>
   </div>
   <div class='ocr_carea' id='block_1_47' title="bbox 459 2874 2023 2941">
    <p class='ocr_par' dir='ltr' id='par_1_47' title="bbox 459 2874 2023 2941">
     <span class='ocr_line' id='line_1_48' title="bbox 459 2874 2023 2941; baseline 0.015 -23"><span class='ocrx_word' id='word_1_343' title='bbox 459 2874 740 2934; x_wconf 85' lang='lat' dir='ltr'><strong>poterant,</strong></span> <span class='ocrx_word' id='word_1_344' title='bbox 777 2886 945 2940; x_wconf 89' lang='lat' dir='ltr'><strong>parvo</strong></span> <span class='ocrx_word' id='word_1_345' title='bbox 979 2876 1222 2929; x_wconf 89' lang='lat' dir='ltr'><strong>contenti</strong></span> <span class='ocrx_word' id='word_1_346' title='bbox 1258 2892 1344 2931; x_wconf 90' lang='lat' dir='ltr'><strong>res</strong></span> <span class='ocrx_word' id='word_1_347' title='bbox 1377 2880 1442 2932; x_wconf 88' lang='lat' dir='ltr'><strong>ad</strong></span> <span class='ocrx_word' id='word_1_348' title='bbox 1478 2881 1642 2934; x_wconf 89' lang='lat' dir='ltr'><strong>vitam</strong></span> <span class='ocrx_word' id='word_1_349' title='bbox 1681 2887 2023 2941; x_wconf 82' lang='lat' dir='ltr'><strong>necessarias</strong></span> 
     </span>
    </p>
   </div>
   <div class='ocr_carea' id='block_1_48' title="bbox 457 2962 2021 3044">
    <p class='ocr_par' dir='ltr' id='par_1_48' title="bbox 457 2962 2021 3044">
     <span class='ocr_line' id='line_1_49' title="bbox 457 2962 2021 3044; baseline 0.01 -31"><span class='ocrx_word' id='word_1_350' title='bbox 457 2969 731 3017; x_wconf 88' lang='lat' dir='ltr'><strong>emerunt.</strong></span> <span class='ocrx_word' id='word_1_351' title='bbox 793 2962 854 3016; x_wconf 80' lang='lat' dir='ltr'><strong>In</strong></span> <span class='ocrx_word' id='word_1_352' title='bbox 887 2980 997 3033; x_wconf 87' lang='lat' dir='ltr'><strong>quo</strong></span> <span class='ocrx_word' id='word_1_353' title='bbox 1036 2967 1319 3022; x_wconf 89' lang='lat' dir='ltr'><strong>sciendum</strong></span> <span class='ocrx_word' id='word_1_354' title='bbox 1350 2978 1432 3024; x_wconf 90' lang='lat' dir='ltr'><strong>cst</strong></span> <span class='ocrx_word' id='word_1_355' title='bbox 1469 2973 1614 3040; x_wconf 87' lang='lat' dir='ltr'><strong>quod</strong></span> <span class='ocrx_word' id='word_1_356' title='bbox 1643 2987 1836 3026; x_wconf 87' lang='lat' dir='ltr'><strong>aurum</strong></span> <span class='ocrx_word' id='word_1_357' title='bbox 1869 2975 2021 3044; x_wconf 88' lang='lat' dir='ltr'><strong>dupli</strong></span> 
     </span>
    </p>
   </div>
   <div class='ocr_carea' id='block_1_49' title="bbox 458 3051 2019 3136">
    <p class='ocr_par' dir='ltr' id='par_1_49' title="bbox 458 3051 2019 3136">
     <span class='ocr_line' id='line_1_50' title="bbox 458 3051 2019 3136; baseline 0.011 -33"><span class='ocrx_word' id='word_1_358' title='bbox 458 3051 620 3117; x_wconf 89' lang='lat' dir='ltr'><strong>pretii</strong></span> <span class='ocrx_word' id='word_1_359' title='bbox 651 3064 789 3118; x_wconf 86' lang='lat' dir='ltr'><strong>erat,</strong></span> <span class='ocrx_word' id='word_1_360' title='bbox 830 3068 1113 3125; x_wconf 74' lang='lat' dir='ltr'><strong>argentum</strong></span> <span class='ocrx_word' id='word_1_361' title='bbox 1147 3061 1465 3129; x_wconf 80' lang='lat' dir='ltr'><strong>multiplicis</strong></span> <span class='ocrx_word' id='word_1_362' title='bbox 1519 3064 1773 3132; x_wconf 84' lang='lat' dir='ltr'><strong>ponderis</strong></span> <span class='ocrx_word' id='word_1_363' title='bbox 1808 3081 1870 3119; x_wconf 92' lang='lat' dir='ltr'><strong>ac</strong></span> <span class='ocrx_word' id='word_1_364' title='bbox 1895 3081 2019 3136; x_wconf 85' lang='lat' dir='ltr'><strong>pre—</strong></span> 
     </span>
    </p>
   </div>
   <div class='ocr_carea' id='block_1_50' title="bbox 457 3143 2020 3213">
    <p class='ocr_par' dir='ltr' id='par_1_50' title="bbox 457 3143 2020 3213">
     <span class='ocr_line' id='line_1_51' title="bbox 457 3143 2020 3213; baseline 0.012 -19"><span class='ocrx_word' id='word_1_365' title='bbox 457 3143 522 3196; x_wconf 82' lang='lat' dir='ltr'><strong>tii</strong></span> <span class='ocrx_word' id='word_1_366' title='bbox 554 3144 884 3199; x_wconf 69' lang='lat' dir='ltr'><strong>aestimatum</strong></span> <span class='ocrx_word' id='word_1_367' title='bbox 922 3162 1044 3201; x_wconf 89' lang='lat' dir='ltr'><strong>cum</strong></span> <span class='ocrx_word' id='word_1_368' title='bbox 1087 3152 1324 3204; x_wconf 85' lang='lat' dir='ltr'><strong>nummis</strong></span> <span class='ocrx_word' id='word_1_369' title='bbox 1361 3157 1519 3208; x_wconf 83' lang='lat' dir='ltr'><strong>aereis</strong></span> <span class='ocrx_word' id='word_1_370' title='bbox 1555 3157 2020 3213; x_wconf 86' lang='lat' dir='ltr'><strong>couunutabatur.</strong></span> 
     </span>
    </p>
   </div>
   <div class='ocr_carea' id='block_1_51' title="bbox 456 3233 2022 3319">
    <p class='ocr_par' dir='ltr' id='par_1_51' title="bbox 456 3233 2022 3319">
     <span class='ocr_line' id='line_1_52' title="bbox 456 3233 2022 3319; baseline 0.011 -30"><span class='ocrx_word' id='word_1_371' title='bbox 456 3233 570 3289; x_wconf 79' lang='lat' dir='ltr'><strong>Nrc</strong></span> <span class='ocrx_word' id='word_1_372' title='bbox 604 3236 749 3300; x_wconf 87' lang='lat' dir='ltr'><strong>libri,</strong></span> <span class='ocrx_word' id='word_1_373' title='bbox 779 3254 1011 3306; x_wconf 88' lang='lat' dir='ltr'><strong>quorum</strong></span> <span class='ocrx_word' id='word_1_374' title='bbox 1043 3241 1261 3311; x_wconf 86' lang='lat' dir='ltr'><strong>jactura</strong></span> <span class='ocrx_word' id='word_1_375' title='bbox 1292 3245 1588 3301; x_wconf 87' lang='lat' dir='ltr'><strong>litteratum</strong></span> <span class='ocrx_word' id='word_1_376' title='bbox 1621 3250 1894 3304; x_wconf 87' lang='lat' dir='ltr'><strong>hominem</strong></span> <span class='ocrx_word' id='word_1_377' title='bbox 1928 3266 2022 3319; x_wconf 87' lang='lat' dir='ltr'><strong>pc-</strong></span> 
     </span>
    </p>
   </div>
   <div class='ocr_carea' id='block_1_52' title="bbox 455 3328 2024 3409">
    <p class='ocr_par' dir='ltr' id='par_1_52' title="bbox 455 3328 2024 3409">
     <span class='ocr_line' id='line_1_53' title="bbox 455 3328 2024 3409; baseline 0.01 -28"><span class='ocrx_word' id='word_1_378' title='bbox 455 3328 604 3382; x_wconf 89' lang='lat' dir='ltr'><strong>nitus</strong></span> <span class='ocrx_word' id='word_1_379' title='bbox 653 3329 890 3399; x_wconf 63' lang='lat' dir='ltr'><strong>amisere</strong></span> <span class='ocrx_word' id='word_1_380' title='bbox 950 3344 1153 3402; x_wconf 79' lang='lat' dir='ltr'><strong>posset,</strong></span> <span class='ocrx_word' id='word_1_381' title='bbox 1221 3351 1318 3390; x_wconf 83' lang='lat' dir='ltr'><strong>nec</strong></span> <span class='ocrx_word' id='word_1_382' title='bbox 1383 3349 1557 3393; x_wconf 88' lang='lat' dir='ltr'><strong>vestes</strong></span> <span class='ocrx_word' id='word_1_383' title='bbox 1611 3341 1812 3409; x_wconf 84' lang='lat' dir='ltr'><strong>quibus</strong></span> <span class='ocrx_word' id='word_1_384' title='bbox 1863 3341 2024 3396; x_wconf 74' lang='lat' dir='ltr'><strong>Seres</strong></span> 
     </span>
    </p>
   </div>
   <div class='ocr_carea' id='block_1_53' title="bbox 454 3421 2024 3498">
    <p class='ocr_par' dir='ltr' id='par_1_53' title="bbox 454 3421 2024 3498">
     <span class='ocr_line' id='line_1_54' title="bbox 454 3421 2024 3498; baseline 0.011 -27"><span class='ocrx_word' id='word_1_385' title='bbox 454 3433 563 3488; x_wconf 71' lang='lat' dir='ltr'><strong>prae</strong></span> <span class='ocrx_word' id='word_1_386' title='bbox 593 3421 852 3477; x_wconf 86' lang='lat' dir='ltr'><strong>omnibus</strong></span> <span class='ocrx_word' id='word_1_387' title='bbox 893 3425 1154 3492; x_wconf 77' lang='lat' dir='ltr'><strong>gaudent,</strong></span> <span class='ocrx_word' id='word_1_388' title='bbox 1200 3443 1300 3482; x_wconf 84' lang='lat' dir='ltr'><strong>nec</strong></span> <span class='ocrx_word' id='word_1_389' title='bbox 1331 3444 1497 3498; x_wconf 86' lang='lat' dir='ltr'><strong>opera</strong></span> <span class='ocrx_word' id='word_1_390' title='bbox 1548 3433 1757 3486; x_wconf 78' lang='lat' dir='ltr'><strong>textilia</strong></span> <span class='ocrx_word' id='word_1_391' title='bbox 1792 3448 2024 3487; x_wconf 86' lang='lat' dir='ltr'><strong>aranea-</strong></span> 
     </span>
    </p>
   </div>
   <div class='ocr_carea' id='block_1_54' title="bbox 455 3512 2020 3589">
    <p class='ocr_par' dir='ltr' id='par_1_54' title="bbox 455 3512 2020 3589">
     <span class='ocr_line' id='line_1_55' title="bbox 455 3512 2020 3589; baseline 0.009 -28"><span class='ocrx_word' id='word_1_392' title='bbox 455 3524 574 3563; x_wconf 88' lang='lat' dir='ltr'><strong>rum</strong></span> <span class='ocrx_word' id='word_1_393' title='bbox 608 3512 731 3565; x_wconf 83' lang='lat' dir='ltr'><strong>telis</strong></span> <span class='ocrx_word' id='word_1_394' title='bbox 770 3517 1163 3582; x_wconf 85' lang='lat' dir='ltr'><strong>comparauda,</strong></span> <span class='ocrx_word' id='word_1_395' title='bbox 1203 3527 1256 3572; x_wconf 89' lang='lat' dir='ltr'><strong>et</strong></span> <span class='ocrx_word' id='word_1_396' title='bbox 1283 3527 1379 3572; x_wconf 87' lang='lat' dir='ltr'><strong>aut</strong></span> <span class='ocrx_word' id='word_1_397' title='bbox 1407 3535 1529 3589; x_wconf 69' lang='lat' dir='ltr'><strong>qua:</strong></span> <span class='ocrx_word' id='word_1_398' title='bbox 1565 3535 1593 3572; x_wconf 93' lang='lat' dir='ltr'><strong>a</strong></span> <span class='ocrx_word' id='word_1_399' title='bbox 1631 3537 1815 3576; x_wconf 90' lang='lat' dir='ltr'><strong>verme</strong></span> <span class='ocrx_word' id='word_1_400' title='bbox 1845 3525 2020 3576; x_wconf 85' lang='lat' dir='ltr'><strong>artiti-</strong></span> 
     </span>
    </p>
   </div>
   <div class='ocr_carea' id='block_1_55' title="bbox 453 3603 2016 3671">
    <p class='ocr_par' dir='ltr' id='par_1_55' title="bbox 453 3603 2016 3671">
     <span class='ocr_line' id='line_1_56' title="bbox 453 3603 2016 3671; baseline 0.011 -17"><span class='ocrx_word' id='word_1_401' title='bbox 453 3615 515 3654; x_wconf 87' lang='lat' dir='ltr'><strong>ce</strong></span> <span class='ocrx_word' id='word_1_402' title='bbox 546 3615 576 3655; x_wconf 89' lang='lat' dir='ltr'><strong>e</strong></span> <span class='ocrx_word' id='word_1_403' title='bbox 625 3603 770 3657; x_wconf 89' lang='lat' dir='ltr'><strong>tenui</strong></span> <span class='ocrx_word' id='word_1_404' title='bbox 810 3605 899 3658; x_wconf 80' lang='lat' dir='ltr'><strong>illo</strong></span> <span class='ocrx_word' id='word_1_405' title='bbox 939 3606 1308 3663; x_wconf 82' lang='lat' dir='ltr'><strong>coniiciuntur</strong></span> <span class='ocrx_word' id='word_1_406' title='bbox 1345 3610 1603 3668; x_wconf 88' lang='lat' dir='ltr'><strong>homines</strong></span> <span class='ocrx_word' id='word_1_407' title='bbox 1648 3615 1918 3670; x_wconf 87' lang='lat' dir='ltr'><strong>barbaros</strong></span> <span class='ocrx_word' id='word_1_408' title='bbox 1963 3626 2016 3671; x_wconf 86' lang='lat' dir='ltr'><strong>et</strong></span> 
     </span>
    </p>
   </div>
   <div class='ocr_carea' id='block_1_56' title="bbox 455 3693 2014 3778">
    <p class='ocr_par' dir='ltr' id='par_1_56' title="bbox 455 3693 2014 3778">
     <span class='ocr_line' id='line_1_57' title="bbox 455 3693 2014 3778; baseline 0.012 -32"><span class='ocrx_word' id='word_1_409' title='bbox 455 3693 699 3748; x_wconf 90' lang='lat' dir='ltr'><strong>omnium</strong></span> <span class='ocrx_word' id='word_1_410' title='bbox 741 3696 1124 3753; x_wconf 87' lang='lat' dir='ltr'><strong>delicatiorum</strong></span> <span class='ocrx_word' id='word_1_411' title='bbox 1171 3703 1386 3770; x_wconf 76' lang='lat' dir='ltr'><strong>ignaros</strong></span> <span class='ocrx_word' id='word_1_412' title='bbox 1459 3717 1682 3761; x_wconf 86' lang='lat' dir='ltr'><strong>movere</strong></span> <span class='ocrx_word' id='word_1_413' title='bbox 1723 3718 2014 3778; x_wconf 86' lang='lat' dir='ltr'><strong>poterant;</strong></span> 
     </span>
    </p>
   </div>
   <div class='ocr_carea' id='block_1_57' title="bbox 456 3787 1637 3864">
    <p class='ocr_par' dir='ltr' id='par_1_57' title="bbox 456 3787 1637 3864">
     <span class='ocr_line' id='line_1_58' title="bbox 456 3787 1637 3864; baseline 0.013 -27"><span class='ocrx_word' id='word_1_414' title='bbox 456 3798 632 3854; x_wconf 74' lang='lat' dir='ltr'><strong>quare</strong></span> <span class='ocrx_word' id='word_1_415' title='bbox 655 3787 764 3843; x_wconf 89' lang='lat' dir='ltr'><strong>ista</strong></span> <span class='ocrx_word' id='word_1_416' title='bbox 794 3789 982 3845; x_wconf 91' lang='lat' dir='ltr'><strong>omnia</strong></span> <span class='ocrx_word' id='word_1_417' title='bbox 1012 3791 1104 3846; x_wconf 86' lang='lat' dir='ltr'><strong>vili</strong></span> <span class='ocrx_word' id='word_1_418' title='bbox 1134 3794 1315 3864; x_wconf 87' lang='lat' dir='ltr'><strong>pretio</strong></span> <span class='ocrx_word' id='word_1_419' title='bbox 1342 3795 1637 3852; x_wconf 71' lang='lat' dir='ltr'><strong>vmnibaut.</strong></span> 
     </span>
    </p>
   </div>
   <div class='ocr_carea' id='block_1_58' title="bbox 2129 2432 3710 2502">
    <p class='ocr_par' dir='ltr' id='par_1_58' title="bbox 2129 2432 3710 2502">
     <span class='ocr_line' id='line_1_59' title="bbox 2129 2432 3710 2502; baseline -0.001 -15"><span class='ocrx_word' id='word_1_420' title='bbox 2129 2435 2198 2487; x_wconf 76' lang='grc' dir='ltr'>τὰ</span> <span class='ocrx_word' id='word_1_421' title='bbox 2223 2435 2389 2487; x_wconf 84' lang='grc' dir='ltr'>πολλά</span> <span class='ocrx_word' id='word_1_422' title='bbox 2417 2435 2565 2488; x_wconf 76' lang='grc' dir='ltr'>ὄντα.</span> <span class='ocrx_word' id='word_1_423' title='bbox 2593 2434 2700 2488; x_wconf 72' lang='grc' dir='ltr'><strong>Καὶ</strong></span> <span class='ocrx_word' id='word_1_424' title='bbox 2721 2434 2952 2487; x_wconf 88' lang='grc' dir='ltr'>τοιοῦτοι</span> <span class='ocrx_word' id='word_1_425' title='bbox 2980 2432 3079 2502; x_wconf 83' lang='grc' dir='ltr'>μὲν</span> <span class='ocrx_word' id='word_1_426' title='bbox 3101 2434 3148 2485; x_wconf 83' lang='grc' dir='ltr'><strong>οἱ</strong></span> <span class='ocrx_word' id='word_1_427' title='bbox 3178 2433 3392 2496; x_wconf 84' lang='grc' dir='ltr'>πλείους</span> <span class='ocrx_word' id='word_1_428' title='bbox 3413 2433 3482 2486; x_wconf 76' lang='grc' dir='ltr'><strong>τὰ</strong></span> <span class='ocrx_word' id='word_1_429' title='bbox 3505 2434 3710 2502; x_wconf 79' lang='grc' dir='ltr'>πρῶτα</span> 
     </span>
    </p>
   </div>
   <div class='ocr_carea' id='block_1_59' title="bbox 2130 2524 3713 2597">
    <p class='ocr_par' dir='ltr' id='par_1_59' title="bbox 2130 2524 3713 2597">
     <span class='ocr_line' id='line_1_60' title="bbox 2130 2524 3713 2597; baseline -0.001 -17"><span class='ocrx_word' id='word_1_430' title='bbox 2130 2529 2188 2580; x_wconf 75' lang='grc' dir='ltr'><strong>ἐν</strong></span> <span class='ocrx_word' id='word_1_431' title='bbox 2230 2529 2379 2597; x_wconf 79' lang='grc' dir='ltr'>ἀκμῇ</span> <span class='ocrx_word' id='word_1_432' title='bbox 2422 2527 2524 2596; x_wconf 82' lang='grc' dir='ltr'>τῆς</span> <span class='ocrx_word' id='word_1_433' title='bbox 2567 2525 2841 2597; x_wconf 73' lang='grc' dir='ltr'>ἁρπαγῆς.</span> <span class='ocrx_word' id='word_1_434' title='bbox 2881 2525 3227 2588; x_wconf 85' lang='grc' dir='ltr'>Ἐπελθόντες</span> <span class='ocrx_word' id='word_1_435' title='bbox 3267 2524 3323 2577; x_wconf 76' lang='grc' dir='ltr'>δὲ</span> <span class='ocrx_word' id='word_1_436' title='bbox 3365 2527 3413 2578; x_wconf 76' lang='lat' dir='ltr'><strong>oi</strong></span> <span class='ocrx_word' id='word_1_437' title='bbox 3457 2524 3575 2594; x_wconf 85' lang='grc' dir='ltr'>μετ’</span> <span class='ocrx_word' id='word_1_438' title='bbox 3605 2527 3713 2578; x_wconf 82' lang='grc' dir='ltr'><strong>αὑ-</strong></span> 
     </span>
    </p>
   </div>
   <div class='ocr_carea' id='block_1_60' title="bbox 2128 2615 3710 2688">
    <p class='ocr_par' dir='ltr' id='par_1_60' title="bbox 2128 2615 3710 2688">
     <span class='ocr_line' id='line_1_61' title="bbox 2128 2615 3710 2688; baseline -0.003 -15"><span class='ocrx_word' id='word_1_439' title='bbox 2128 2619 2286 2684; x_wconf 81' lang='grc' dir='ltr'>τοὺς,</span> <span class='ocrx_word' id='word_1_440' title='bbox 2322 2621 2414 2672; x_wconf 72' lang='grc' dir='ltr'>καὶ</span> <span class='ocrx_word' id='word_1_441' title='bbox 2443 2620 2491 2671; x_wconf 77' lang='lat' dir='ltr'><strong>oi</strong></span> <span class='ocrx_word' id='word_1_442' title='bbox 2525 2619 2645 2688; x_wconf 77' lang='grc' dir='ltr'>μετ’</span> <span class='ocrx_word' id='word_1_443' title='bbox 2667 2618 2907 2680; x_wconf 78' lang='grc' dir='ltr'>ἐκείνους</span> <span class='ocrx_word' id='word_1_444' title='bbox 2939 2615 3037 2678; x_wconf 74' lang='grc' dir='ltr'>ἔτι,</span> <span class='ocrx_word' id='word_1_445' title='bbox 3070 2615 3415 2685; x_wconf 76' lang='grc' dir='ltr'>ἐφορτίζοντο</span> <span class='ocrx_word' id='word_1_446' title='bbox 3438 2617 3507 2669; x_wconf 79' lang='grc' dir='ltr'>τὰ</span> <span class='ocrx_word' id='word_1_447' title='bbox 3539 2617 3710 2684; x_wconf 83' lang='grc' dir='ltr'>ἐγκε-</span> 
     </span>
    </p>
   </div>
   <div class='ocr_carea' id='block_1_61' title="bbox 2129 2702 3709 2781">
    <p class='ocr_par' dir='ltr' id='par_1_61' title="bbox 2129 2702 3709 2781">
     <span class='ocr_line' id='line_1_62' title="bbox 2129 2702 3709 2781; baseline -0.001 -18"><span class='ocrx_word' id='word_1_448' title='bbox 2129 2711 2338 2781; x_wconf 85' lang='grc' dir='ltr'>χυμένα</span> <span class='ocrx_word' id='word_1_449' title='bbox 2372 2709 2547 2776; x_wconf 77' lang='grc' dir='ltr'>καλὰ,</span> <span class='ocrx_word' id='word_1_450' title='bbox 2583 2709 2675 2761; x_wconf 76' lang='grc' dir='ltr'>καὶ</span> <span class='ocrx_word' id='word_1_451' title='bbox 2715 2706 2941 2760; x_wconf 65' lang='grc' dir='ltr'>πλοῦτον</span> <span class='ocrx_word' id='word_1_452' title='bbox 2979 2706 3280 2774; x_wconf 79' lang='grc' dir='ltr'>συνέλεγον.</span> <span class='ocrx_word' id='word_1_453' title='bbox 3303 2702 3483 2760; x_wconf 74' lang='grc' dir='ltr'>’Ἦσαν</span> <span class='ocrx_word' id='word_1_454' title='bbox 3514 2706 3569 2760; x_wconf 80' lang='grc' dir='ltr'>δὲ</span> <span class='ocrx_word' id='word_1_455' title='bbox 3603 2709 3709 2762; x_wconf 76' lang='grc' dir='ltr'>καὶ</span> 
     </span>
    </p>
   </div>
   <div class='ocr_carea' id='block_1_62' title="bbox 2132 2795 3706 2868">
    <p class='ocr_par' dir='ltr' id='par_1_62' title="bbox 2132 2795 3706 2868">
     <span class='ocr_line' id='line_1_63' title="bbox 2132 2795 3706 2868; baseline -0.003 -13"><span class='ocrx_word' id='word_1_456' title='bbox 2132 2799 2286 2855; x_wconf 73' lang='grc' dir='ltr'>αὐτοὶ</span> <span class='ocrx_word' id='word_1_457' title='bbox 2324 2801 2569 2868; x_wconf 78' lang='grc' dir='ltr'>ἀγεννεῖς</span> <span class='ocrx_word' id='word_1_458' title='bbox 2611 2798 2882 2867; x_wconf 80' lang='grc' dir='ltr'>ἄγροικοι,</span> <span class='ocrx_word' id='word_1_459' title='bbox 2919 2797 3012 2849; x_wconf 53' lang='grc' dir='ltr'><strong>καί⁵</strong></span> <span class='ocrx_word' id='word_1_460' title='bbox 3053 2795 3204 2848; x_wconf 82' lang='grc' dir='ltr'>οὐδὲν</span> <span class='ocrx_word' id='word_1_461' title='bbox 3241 2797 3456 2850; x_wconf 79' lang='grc' dir='ltr'>ἀστεῖον</span> <span class='ocrx_word' id='word_1_462' title='bbox 3492 2813 3706 2850; x_wconf 76' lang='grc' dir='ltr'>πεπαιο</span> 
     </span>
    </p>
   </div>
   <div class='ocr_carea' id='block_1_63' title="bbox 2121 2886 3702 2962">
    <p class='ocr_par' dir='ltr' id='par_1_63' title="bbox 2121 2886 3702 2962">
     <span class='ocr_line' id='line_1_64' title="bbox 2121 2886 3702 2962; baseline -0.004 -17"><span class='ocrx_word' id='word_1_463' title='bbox 2121 2891 2392 2962; x_wconf 87' lang='grc' dir='ltr'>δευμένοι.</span> <span class='ocrx_word' id='word_1_464' title='bbox 2423 2891 2546 2954; x_wconf 83' lang='grc' dir='ltr'>Τοῖς</span> <span class='ocrx_word' id='word_1_465' title='bbox 2580 2889 2709 2958; x_wconf 84' lang='grc' dir='ltr'>γοῦν</span> <span class='ocrx_word' id='word_1_466' title='bbox 2739 2889 2860 2942; x_wconf 86' lang='grc' dir='ltr'>κατ’</span> <span class='ocrx_word' id='word_1_467' title='bbox 2886 2886 3156 2956; x_wconf 75' lang='grc' dir='ltr'>ἐμπορίαν</span> <span class='ocrx_word' id='word_1_468' title='bbox 3186 2888 3660 2957; x_wconf 85' lang='grc' dir='ltr'>παρατετυχηκόσι</span> <span class='ocrx_word' id='word_1_469' title='bbox 3684 2929 3702 2954; x_wconf 74' lang='grc'><strong>,</strong></span> 
     </span>
    </p>
   </div>
   <div class='ocr_carea' id='block_1_64' title="bbox 2124 2974 3698 3050">
    <p class='ocr_par' dir='ltr' id='par_1_64' title="bbox 2124 2974 3698 3050">
     <span class='ocr_line' id='line_1_65' title="bbox 2124 2974 3698 3050; baseline -0.005 -15"><span class='ocrx_word' id='word_1_470' title='bbox 2124 2983 2218 3035; x_wconf 74' lang='grc' dir='ltr'>καὶ</span> <span class='ocrx_word' id='word_1_471' title='bbox 2253 2982 2365 3035; x_wconf 73' lang='grc' dir='ltr'>εἴτε</span> <span class='ocrx_word' id='word_1_472' title='bbox 2401 2980 2722 3050; x_wconf 71' lang='grc' dir='ltr'>ἰσχνότερον,</span> <span class='ocrx_word' id='word_1_473' title='bbox 2755 2977 2787 3047; x_wconf 81' lang='grc' dir='ltr'>ἦ</span> <span class='ocrx_word' id='word_1_474' title='bbox 2826 2975 2962 3046; x_wconf 81' lang='grc' dir='ltr'>πρὸς</span> <span class='ocrx_word' id='word_1_475' title='bbox 3001 2975 3171 3044; x_wconf 82' lang='grc' dir='ltr'>πάχος</span> <span class='ocrx_word' id='word_1_476' title='bbox 3207 2974 3521 3041; x_wconf 83' lang='grc' dir='ltr'>δυναμένοις</span> <span class='ocrx_word' id='word_1_477' title='bbox 3557 2977 3698 3028; x_wconf 62' lang='lat' dir='ltr'><strong>ma.</strong></span> 
     </span>
    </p>
   </div>
   <div class='ocr_carea' id='block_1_65' title="bbox 2127 3063 3701 3138">
    <p class='ocr_par' dir='ltr' id='par_1_65' title="bbox 2127 3063 3701 3138">
     <span class='ocr_line' id='line_1_66' title="bbox 2127 3063 3701 3138; baseline -0.002 -17"><span class='ocrx_word' id='word_1_478' title='bbox 2127 3069 2249 3122; x_wconf 90' lang='grc' dir='ltr'>σθαι</span> <span class='ocrx_word' id='word_1_479' title='bbox 2275 3071 2342 3122; x_wconf 87' lang='grc' dir='ltr'><strong>τά</strong></span> <span class='ocrx_word' id='word_1_480' title='bbox 2372 3067 2756 3138; x_wconf 81' lang='grc' dir='ltr'>ἐμπολῶμενα,</span> <span class='ocrx_word' id='word_1_481' title='bbox 2789 3064 2960 3135; x_wconf 83' lang='grc' dir='ltr'>βραχύ</span> <span class='ocrx_word' id='word_1_482' title='bbox 2989 3081 3040 3116; x_wconf 86' lang='grc' dir='ltr'><strong>τι</strong></span> <span class='ocrx_word' id='word_1_483' title='bbox 3069 3063 3458 3134; x_wconf 81' lang='grc' dir='ltr'>λαμϐάνοντες,</span> <span class='ocrx_word' id='word_1_484' title='bbox 3492 3067 3701 3135; x_wconf 77' lang='grc' dir='ltr'>κατήλ-</span> 
     </span>
    </p>
   </div>
   <div class='ocr_carea' id='block_1_66' title="bbox 2125 3153 3700 3230">
    <p class='ocr_par' dir='ltr' id='par_1_66' title="bbox 2125 3153 3700 3230">
     <span class='ocr_line' id='line_1_67' title="bbox 2125 3153 3700 3230; baseline -0.003 -17"><span class='ocrx_word' id='word_1_485' title='bbox 2125 3161 2317 3214; x_wconf 88' lang='grc' dir='ltr'>λαττον</span> <span class='ocrx_word' id='word_1_486' title='bbox 2341 3159 2409 3212; x_wconf 82' lang='grc' dir='ltr'>τὰ</span> <span class='ocrx_word' id='word_1_487' title='bbox 2435 3160 2512 3230; x_wconf 84' lang='grc' dir='ltr'>τῷ</span> <span class='ocrx_word' id='word_1_488' title='bbox 2540 3157 2639 3230; x_wconf 83' lang='grc' dir='ltr'><strong>βίῳ</strong></span> <span class='ocrx_word' id='word_1_489' title='bbox 2661 3157 2840 3226; x_wconf 88' lang='grc' dir='ltr'>τίμια.</span> <span class='ocrx_word' id='word_1_490' title='bbox 2867 3156 2973 3208; x_wconf 67' lang='grc' dir='ltr'>Καὶ</span> <span class='ocrx_word' id='word_1_491' title='bbox 2999 3154 3113 3207; x_wconf 73' lang='grc' dir='ltr'>ἐστι</span> <span class='ocrx_word' id='word_1_492' title='bbox 3143 3153 3352 3225; x_wconf 83' lang='grc' dir='ltr'>μαθεῖν,</span> <span class='ocrx_word' id='word_1_493' title='bbox 3376 3155 3448 3217; x_wconf 82' lang='grc' dir='ltr'><strong>ὡς</strong></span> <span class='ocrx_word' id='word_1_494' title='bbox 3473 3155 3700 3220; x_wconf 81' lang='grc' dir='ltr'>διπλοῦς</span> 
     </span>
    </p>
   </div>
   <div class='ocr_carea' id='block_1_67' title="bbox 2129 3250 3700 3325">
    <p class='ocr_par' dir='ltr' id='par_1_67' title="bbox 2129 3250 3700 3325">
     <span class='ocr_line' id='line_1_68' title="bbox 2129 3250 3700 3325; baseline -0.003 -18"><span class='ocrx_word' id='word_1_495' title='bbox 2129 3253 2226 3325; x_wconf 85' lang='grc' dir='ltr'>μὲν</span> <span class='ocrx_word' id='word_1_496' title='bbox 2253 3253 2281 3307; x_wconf 78' lang='grc' dir='ltr'><strong>ὁ</strong></span> <span class='ocrx_word' id='word_1_497' title='bbox 2309 3253 2529 3324; x_wconf 78' lang='grc' dir='ltr'>χρυσὸς,</span> <span class='ocrx_word' id='word_1_498' title='bbox 2553 3250 2649 3305; x_wconf 77' lang='grc' dir='ltr'><strong>ὁδὲ</strong></span> <span class='ocrx_word' id='word_1_499' title='bbox 2671 3252 2908 3321; x_wconf 80' lang='grc' dir='ltr'>ἄργυρος</span> <span class='ocrx_word' id='word_1_500' title='bbox 2936 3250 3030 3303; x_wconf 74' lang='grc' dir='ltr'>καὶ</span> <span class='ocrx_word' id='word_1_501' title='bbox 3056 3251 3137 3312; x_wconf 83' lang='grc' dir='ltr'><strong>είς</strong></span> <span class='ocrx_word' id='word_1_502' title='bbox 3169 3250 3506 3305; x_wconf 86' lang='grc' dir='ltr'>πολλαπλοῦν</span> <span class='ocrx_word' id='word_1_503' title='bbox 3527 3267 3700 3320; x_wconf 61' lang='lat' dir='ltr'><strong>atomo</strong></span> 
     </span>
    </p>
   </div>
   <div class='ocr_carea' id='block_1_68' title="bbox 2129 3339 3699 3415">
    <p class='ocr_par' dir='ltr' id='par_1_68' title="bbox 2129 3339 3699 3415">
     <span class='ocr_line' id='line_1_69' title="bbox 2129 3339 3699 3415; baseline -0.002 -18"><span class='ocrx_word' id='word_1_504' title='bbox 2129 3347 2243 3415; x_wconf 82' lang='grc' dir='ltr'>ροτς</span> <span class='ocrx_word' id='word_1_505' title='bbox 2289 3346 2367 3407; x_wconf 79' lang='grc' dir='ltr'><strong>είς</strong></span> <span class='ocrx_word' id='word_1_506' title='bbox 2422 3344 2675 3412; x_wconf 82' lang='grc' dir='ltr'>ἄλλαγμα</span> <span class='ocrx_word' id='word_1_507' title='bbox 2720 3341 2992 3412; x_wconf 85' lang='grc' dir='ltr'>χαλκείοις</span> <span class='ocrx_word' id='word_1_508' title='bbox 3028 3341 3264 3410; x_wconf 85' lang='grc' dir='ltr'>προΐετο.</span> <span class='ocrx_word' id='word_1_509' title='bbox 3303 3341 3480 3394; x_wconf 75' lang='grc' dir='ltr'>Βίϐλοι</span> <span class='ocrx_word' id='word_1_510' title='bbox 3514 3340 3592 3407; x_wconf 72' lang='grc' dir='ltr'>δὲ,</span> <span class='ocrx_word' id='word_1_511' title='bbox 3626 3339 3699 3404; x_wconf 69' lang='grc' dir='ltr'>ἃς</span> 
     </span>
    </p>
   </div>
   <div class='ocr_carea' id='block_1_69' title="bbox 2128 3432 3700 3504">
    <p class='ocr_par' dir='ltr' id='par_1_69' title="bbox 2128 3432 3700 3504">
     <span class='ocr_line' id='line_1_70' title="bbox 2128 3432 3700 3504; baseline -0.004 -14"><span class='ocrx_word' id='word_1_512' title='bbox 2128 3435 2485 3499; x_wconf 83' lang='grc' dir='ltr'>ἀπολωλεκώς</span> <span class='ocrx_word' id='word_1_513' title='bbox 2511 3453 2594 3498; x_wconf 89' lang='grc' dir='ltr'><strong>τις</strong></span> <span class='ocrx_word' id='word_1_514' title='bbox 2622 3436 2867 3489; x_wconf 86' lang='grc' dir='ltr'>δάκνοιτο</span> <span class='ocrx_word' id='word_1_515' title='bbox 2896 3433 2962 3487; x_wconf 79' lang='grc' dir='ltr'>ἂν</span> <span class='ocrx_word' id='word_1_516' title='bbox 2985 3433 3085 3504; x_wconf 76' lang='grc' dir='ltr'>τὴν</span> <span class='ocrx_word' id='word_1_517' title='bbox 3111 3433 3287 3503; x_wconf 74' lang='grc' dir='ltr'>ψυχὴν</span> <span class='ocrx_word' id='word_1_518' title='bbox 3312 3432 3399 3485; x_wconf 79' lang='grc' dir='ltr'><strong>διὰ</strong></span> <span class='ocrx_word' id='word_1_519' title='bbox 3427 3432 3564 3502; x_wconf 87' lang='grc' dir='ltr'>βίου,</span> <span class='ocrx_word' id='word_1_520' title='bbox 3599 3434 3700 3484; x_wconf 62' lang='grc' dir='ltr'><strong>καὶ</strong></span> 
     </span>
    </p>
   </div>
   <div class='ocr_carea' id='block_1_70' title="bbox 2127 3522 3699 3598">
    <p class='ocr_par' dir='ltr' id='par_1_70' title="bbox 2127 3522 3699 3598">
     <span class='ocr_line' id='line_1_71' title="bbox 2127 3522 3699 3598; baseline -0.001 -18"><span class='ocrx_word' id='word_1_521' title='bbox 2127 3528 2327 3598; x_wconf 72' lang='grc' dir='ltr'>φάρεα,</span> <span class='ocrx_word' id='word_1_522' title='bbox 2360 3522 2441 3591; x_wconf 82' lang='grc' dir='ltr'>οἷς</span> <span class='ocrx_word' id='word_1_523' title='bbox 2474 3527 2578 3598; x_wconf 75' lang='grc' dir='ltr'>πρὸ</span> <span class='ocrx_word' id='word_1_524' title='bbox 2607 3527 2710 3580; x_wconf 84' lang='grc' dir='ltr'><strong>τῶν</strong></span> <span class='ocrx_word' id='word_1_525' title='bbox 2740 3527 2912 3582; x_wconf 82' lang='grc' dir='ltr'>ἄλλων</span> <span class='ocrx_word' id='word_1_526' title='bbox 2946 3527 3258 3596; x_wconf 80' lang='grc' dir='ltr'>φιληδοῦσιν</span> <span class='ocrx_word' id='word_1_527' title='bbox 3287 3526 3335 3578; x_wconf 83' lang='lat' dir='ltr'><strong>oi</strong></span> <span class='ocrx_word' id='word_1_528' title='bbox 3371 3525 3564 3596; x_wconf 80' lang='grc' dir='ltr'>Σῆρες,</span> <span class='ocrx_word' id='word_1_529' title='bbox 3598 3527 3699 3579; x_wconf 73' lang='grc' dir='ltr'>καὶ</span> 
     </span>
    </p>
   </div>
   <div class='ocr_carea' id='block_1_71' title="bbox 2127 3611 3696 3688">
    <p class='ocr_par' dir='ltr' id='par_1_71' title="bbox 2127 3611 3696 3688">
     <span class='ocr_line' id='line_1_72' title="bbox 2127 3611 3696 3688; baseline -0.002 -19"><span class='ocrx_word' id='word_1_530' title='bbox 2127 3617 2290 3672; x_wconf 86' lang='grc' dir='ltr'>λοιπά</span> <span class='ocrx_word' id='word_1_531' title='bbox 2330 3617 2468 3688; x_wconf 80' lang='grc' dir='ltr'>ἔργα</span> <span class='ocrx_word' id='word_1_532' title='bbox 2507 3619 2676 3682; x_wconf 80' lang='grc' dir='ltr'>ἱστοῦ,</span> <span class='ocrx_word' id='word_1_533' title='bbox 2715 3611 2795 3679; x_wconf 72' lang='grc' dir='ltr'>οἷς</span> <span class='ocrx_word' id='word_1_534' title='bbox 2836 3617 3090 3687; x_wconf 81' lang='grc' dir='ltr'>ἀραχνῶν</span> <span class='ocrx_word' id='word_1_535' title='bbox 3133 3617 3287 3684; x_wconf 85' lang='grc' dir='ltr'>μίτος</span> <span class='ocrx_word' id='word_1_536' title='bbox 3328 3616 3558 3684; x_wconf 74' lang='grc' dir='ltr'>ἐρίσειεν</span> <span class='ocrx_word' id='word_1_537' title='bbox 3599 3614 3696 3680; x_wconf 77' lang='grc' dir='ltr'>ἂν,</span> 
     </span>
    </p>
   </div>
   <div class='ocr_carea' id='block_1_72' title="bbox 2125 3705 3700 3780">
    <p class='ocr_par' dir='ltr' id='par_1_72' title="bbox 2125 3705 3700 3780">
     <span class='ocr_line' id='line_1_73' title="bbox 2125 3705 3700 3780; baseline -0.003 -16"><span class='ocrx_word' id='word_1_538' title='bbox 2125 3711 2220 3764; x_wconf 77' lang='grc' dir='ltr'>καὶ</span> <span class='ocrx_word' id='word_1_539' title='bbox 2247 3711 2348 3764; x_wconf 82' lang='grc' dir='ltr'>ὅσα</span> <span class='ocrx_word' id='word_1_540' title='bbox 2376 3709 2431 3762; x_wconf 84' lang='grc' dir='ltr'>δὲ</span> <span class='ocrx_word' id='word_1_541' title='bbox 2465 3709 2618 3780; x_wconf 76' lang='grc' dir='ltr'>ῥίζαν</span> <span class='ocrx_word' id='word_1_542' title='bbox 2647 3709 2914 3778; x_wconf 89' lang='grc' dir='ltr'>γενέσεως</span> <span class='ocrx_word' id='word_1_543' title='bbox 2945 3708 3172 3778; x_wconf 86' lang='grc' dir='ltr'>φέρουσι</span> <span class='ocrx_word' id='word_1_544' title='bbox 3203 3705 3490 3777; x_wconf 82' lang='grc' dir='ltr'>σκώληκα,</span> <span class='ocrx_word' id='word_1_545' title='bbox 3525 3707 3700 3776; x_wconf 86' lang='grc' dir='ltr'>ἐργά-</span> 
     </span>
    </p>
   </div>
   <div class='ocr_carea' id='block_1_73' title="bbox 2122 3792 3699 3871">
    <p class='ocr_par' dir='ltr' id='par_1_73' title="bbox 2122 3792 3699 3871">
     <span class='ocr_line' id='line_1_74' title="bbox 2122 3792 3699 3871; baseline -0.003 -18"><span class='ocrx_word' id='word_1_546' title='bbox 2122 3816 2221 3871; x_wconf 85' lang='grc' dir='ltr'><strong>την</strong></span> <span class='ocrx_word' id='word_1_547' title='bbox 2269 3799 2536 3870; x_wconf 76' lang='grc' dir='ltr'>τρυφεροῦ</span> <span class='ocrx_word' id='word_1_548' title='bbox 2589 3798 2930 3870; x_wconf 86' lang='grc' dir='ltr'>μηρύματος,</span> <span class='ocrx_word' id='word_1_549' title='bbox 2976 3797 3082 3850; x_wconf 76' lang='grc' dir='ltr'>οὐδ’</span> <span class='ocrx_word' id='word_1_550' title='bbox 3113 3798 3250 3849; x_wconf 86' lang='grc' dir='ltr'><strong>αύτά</strong></span> <span class='ocrx_word' id='word_1_551' title='bbox 3296 3797 3502 3865; x_wconf 84' lang='grc' dir='ltr'>ἐφολκά</span> <span class='ocrx_word' id='word_1_552' title='bbox 3550 3792 3699 3867; x_wconf 77' lang='grc' dir='ltr'>ἦσαν</span> 
     </span>
    </p>
   </div>
   <div class='ocr_carea' id='block_1_74' title="bbox 2115 3886 3698 3963">
    <p class='ocr_par' dir='ltr' id='par_1_74' title="bbox 2115 3886 3698 3963">
     <span class='ocr_line' id='line_1_75' title="bbox 2115 3886 3698 3963; baseline -0.003 -20"><span class='ocrx_word' id='word_1_553' title='bbox 2115 3894 2228 3954; x_wconf 81' lang='grc' dir='ltr'>τοῖς</span> <span class='ocrx_word' id='word_1_554' title='bbox 2274 3891 2440 3963; x_wconf 78' lang='grc' dir='ltr'>μηδὲν</span> <span class='ocrx_word' id='word_1_555' title='bbox 2481 3891 2644 3945; x_wconf 75' lang='grc' dir='ltr'>εἰδόσι</span> <span class='ocrx_word' id='word_1_556' title='bbox 2689 3890 2870 3955; x_wconf 78' lang='grc' dir='ltr'>καλὸν,</span> <span class='ocrx_word' id='word_1_557' title='bbox 2914 3886 3051 3941; x_wconf 81' lang='grc' dir='ltr'>ἀλλὰ</span> <span class='ocrx_word' id='word_1_558' title='bbox 3095 3887 3568 3958; x_wconf 81' lang='grc' dir='ltr'>παρεῤῥιπτοῦντο</span> <span class='ocrx_word' id='word_1_559' title='bbox 3607 3888 3698 3940; x_wconf 83' lang='grc' dir='ltr'>εί-</span> 
     </span>
    </p>
   </div>
   <div class='ocr_carea' id='block_1_75' title="bbox 2117 3985 2636 4056">
    <p class='ocr_par' dir='ltr' id='par_1_75' title="bbox 2117 3985 2636 4056">
     <span class='ocr_line' id='line_1_76' title="bbox 2117 3985 2636 4056; baseline 0.004 -18"><span class='ocrx_word' id='word_1_560' title='bbox 2117 3985 2272 4040; x_wconf 87' lang='grc' dir='ltr'>καίου</span> <span class='ocrx_word' id='word_1_561' title='bbox 2303 3986 2636 4056; x_wconf 79' lang='grc' dir='ltr'>τιμήματος.</span> 
     </span>
    </p>
   </div>
   <div class='ocr_carea' id='block_1_76' title="bbox 526 4067 2020 4153">
    <p class='ocr_par' dir='ltr' id='par_1_76' title="bbox 526 4067 2014 4144">
     <span class='ocr_line' id='line_1_77' title="bbox 526 4067 2014 4144; baseline 0.003 -21"><span class='ocrx_word' id='word_1_562' title='bbox 526 4067 648 4124; x_wconf 74' lang='grc'><strong>156.</strong></span> <span class='ocrx_word' id='word_1_563' title='bbox 691 4067 931 4124; x_wconf 81' lang='lat' dir='ltr'><strong>Fuerunt</strong></span> <span class='ocrx_word' id='word_1_564' title='bbox 981 4070 1075 4142; x_wconf 91' lang='lat' dir='ltr'><strong>qui</strong></span> <span class='ocrx_word' id='word_1_565' title='bbox 1120 4071 1305 4126; x_wconf 90' lang='lat' dir='ltr'><strong>viuum</strong></span> <span class='ocrx_word' id='word_1_566' title='bbox 1351 4083 1720 4144; x_wconf 86' lang='lat' dir='ltr'><strong>pervelustum</strong></span> <span class='ocrx_word' id='word_1_567' title='bbox 1772 4087 1838 4129; x_wconf 80' lang='lat' dir='ltr'><strong>eo</strong></span> <span class='ocrx_word' id='word_1_568' title='bbox 1867 4073 2014 4143; x_wconf 90' lang='lat' dir='ltr'><strong>quod</strong></span> 
     </span>
    </p>
   </div>
   <div class='ocr_carea' id='block_1_77' title="bbox 2124 4067 3660 4153">
    <p class='ocr_par' dir='ltr' id='par_1_77' title="bbox 2197 4073 3660 4153">
     <span class='ocr_line' id='line_1_78' title="bbox 2197 4073 3660 4153; baseline 0.003 -24"><span class='ocrx_word' id='word_1_569' title='bbox 2197 4077 2335 4147; x_wconf 83' lang='grc' dir='ltr'>ρλς⁹.</span> <span class='ocrx_word' id='word_1_570' title='bbox 2374 4079 2508 4148; x_wconf 85' lang='grc' dir='ltr'>Παρ⁹</span> <span class='ocrx_word' id='word_1_571' title='bbox 2533 4073 2614 4141; x_wconf 72' lang='grc' dir='ltr'>οἷς</span> <span class='ocrx_word' id='word_1_572' title='bbox 2645 4079 2736 4133; x_wconf 76' lang='grc' dir='ltr'>καὶ</span> <span class='ocrx_word' id='word_1_573' title='bbox 2762 4082 2789 4133; x_wconf 86' lang='grc' dir='ltr'><strong>ὀ</strong></span> <span class='ocrx_word' id='word_1_574' title='bbox 2816 4080 3086 4153; x_wconf 80' lang='grc' dir='ltr'>τριγέρων</span> <span class='ocrx_word' id='word_1_575' title='bbox 3115 4077 3254 4148; x_wconf 71' lang='grc' dir='ltr'>οἶνος</span> <span class='ocrx_word' id='word_1_576' title='bbox 3285 4081 3370 4136; x_wconf 71' lang='grc' dir='ltr'><strong>διὰ</strong></span> <span class='ocrx_word' id='word_1_577' title='bbox 3399 4081 3460 4135; x_wconf 81' lang='grc' dir='ltr'>τὸ</span> <span class='ocrx_word' id='word_1_578' title='bbox 3490 4080 3660 4147; x_wconf 85' lang='grc' dir='ltr'>ἀγλευ</span> 
     </span>
    </p>
   </div>
   <div class='ocr_carea' id='block_1_78' title="bbox 451 4159 2009 4220">
    <p class='ocr_par' dir='ltr' id='par_1_78' title="bbox 451 4159 2009 4220">
     <span class='ocr_line' id='line_1_79' title="bbox 451 4159 2009 4220; baseline 0.003 -6"><span class='ocrx_word' id='word_1_579' title='bbox 451 4159 634 4214; x_wconf 87' lang='lat' dir='ltr'><strong>minus</strong></span> <span class='ocrx_word' id='word_1_580' title='bbox 676 4159 836 4215; x_wconf 79' lang='lat' dir='ltr'><strong>dulce</strong></span> <span class='ocrx_word' id='word_1_581' title='bbox 903 4169 1022 4215; x_wconf 88' lang='lat' dir='ltr'><strong>erat</strong></span> <span class='ocrx_word' id='word_1_582' title='bbox 1083 4171 1138 4218; x_wconf 90' lang='lat' dir='ltr'><strong>et</strong></span> <span class='ocrx_word' id='word_1_583' title='bbox 1199 4163 1420 4217; x_wconf 90' lang='lat' dir='ltr'><strong>odorem</strong></span> <span class='ocrx_word' id='word_1_584' title='bbox 1477 4164 1800 4218; x_wconf 89' lang='lat' dir='ltr'><strong>medicatum</strong></span> <span class='ocrx_word' id='word_1_585' title='bbox 1865 4179 2009 4220; x_wconf 86' lang='lat' dir='ltr'><strong>ama-</strong></span> 
     </span>
    </p>
   </div>
   <div class='ocr_carea' id='block_1_79' title="bbox 451 4249 2019 4323">
    <p class='ocr_par' dir='ltr' id='par_1_79' title="bbox 451 4249 2019 4323">
     <span class='ocr_line' id='line_1_80' title="bbox 451 4249 2019 4323; baseline 0.006 -20"><span class='ocrx_word' id='word_1_586' title='bbox 451 4265 642 4304; x_wconf 85' lang='lat' dir='ltr'><strong>rumve</strong></span> <span class='ocrx_word' id='word_1_587' title='bbox 689 4249 985 4315; x_wconf 84' lang='lat' dir='ltr'><strong>iudicabat,</strong></span> <span class='ocrx_word' id='word_1_588' title='bbox 1033 4264 1353 4323; x_wconf 87' lang='lat' dir='ltr'><strong>respuerent</strong></span> <span class='ocrx_word' id='word_1_589' title='bbox 1395 4268 1504 4308; x_wconf 88' lang='lat' dir='ltr'><strong>non</strong></span> <span class='ocrx_word' id='word_1_590' title='bbox 1555 4256 1810 4311; x_wconf 81' lang='lat' dir='ltr'><strong>obstante</strong></span> <span class='ocrx_word' id='word_1_591' title='bbox 1873 4259 2019 4313; x_wconf 84' lang='lat' dir='ltr'><strong>salu-</strong></span> 
     </span>
    </p>
   </div>
   <div class='ocr_carea' id='block_1_80' title="bbox 449 4344 2014 4417">
    <p class='ocr_par' dir='ltr' id='par_1_80' title="bbox 449 4344 2014 4417">
     <span class='ocr_line' id='line_1_81' title="bbox 449 4344 2014 4417; baseline 0.006 -19"><span class='ocrx_word' id='word_1_592' title='bbox 449 4344 650 4398; x_wconf 85' lang='lat' dir='ltr'><strong>britatc</strong></span> <span class='ocrx_word' id='word_1_593' title='bbox 681 4359 844 4413; x_wconf 85' lang='lat' dir='ltr'><strong>quam</strong></span> <span class='ocrx_word' id='word_1_594' title='bbox 876 4344 1188 4402; x_wconf 88' lang='lat' dir='ltr'><strong>hominibus</strong></span> <span class='ocrx_word' id='word_1_595' title='bbox 1214 4349 1518 4417; x_wconf 67' lang='lat' dir='ltr'><strong>praesertim</strong></span> <span class='ocrx_word' id='word_1_596' title='bbox 1550 4349 1854 4405; x_wconf 86' lang='lat' dir='ltr'><strong>vulneratis</strong></span> <span class='ocrx_word' id='word_1_597' title='bbox 1882 4351 2014 4407; x_wconf 70' lang='grc' dir='ltr'><strong>ασθ-</strong></span> 
     </span>
    </p>
   </div>
   <div class='ocr_carea' id='block_1_81' title="bbox 448 4435 2015 4510">
    <p class='ocr_par' dir='ltr' id='par_1_81' title="bbox 448 4435 2015 4510">
     <span class='ocr_line' id='line_1_82' title="bbox 448 4435 2015 4510; baseline 0.006 -21"><span class='ocrx_word' id='word_1_598' title='bbox 448 4437 622 4490; x_wconf 87' lang='lat' dir='ltr'><strong>rebat.</strong></span> <span class='ocrx_word' id='word_1_599' title='bbox 659 4435 833 4506; x_wconf 78' lang='lat' dir='ltr'><strong>Igitur</strong></span> <span class='ocrx_word' id='word_1_600' title='bbox 854 4436 943 4491; x_wconf 88' lang='lat' dir='ltr'><strong>hic</strong></span> <span class='ocrx_word' id='word_1_601' title='bbox 967 4439 1210 4508; x_wconf 89' lang='lat' dir='ltr'><strong>optimus</strong></span> <span class='ocrx_word' id='word_1_602' title='bbox 1231 4441 1409 4510; x_wconf 86' lang='lat' dir='ltr'><strong>liquor</strong></span> <span class='ocrx_word' id='word_1_603' title='bbox 1427 4443 1824 4498; x_wconf 76' lang='lat' dir='ltr'><strong>contumeliose</strong></span> <span class='ocrx_word' id='word_1_604' title='bbox 1841 4443 2015 4498; x_wconf 76' lang='lat' dir='ltr'><strong>eﬂ&#39;un-</strong></span> 
     </span>
    </p>
   </div>
   <div class='ocr_carea' id='block_1_82' title="bbox 447 4527 2006 4594">
    <p class='ocr_par' dir='ltr' id='par_1_82' title="bbox 447 4527 2006 4594">
     <span class='ocr_line' id='line_1_83' title="bbox 447 4527 2006 4594; baseline 0.009 -14"><span class='ocrx_word' id='word_1_605' title='bbox 447 4527 700 4592; x_wconf 86' lang='lat' dir='ltr'><strong>debatur,</strong></span> <span class='ocrx_word' id='word_1_606' title='bbox 729 4545 830 4587; x_wconf 91' lang='lat' dir='ltr'><strong>nec</strong></span> <span class='ocrx_word' id='word_1_607' title='bbox 863 4530 1029 4588; x_wconf 89' lang='lat' dir='ltr'><strong>ullius</strong></span> <span class='ocrx_word' id='word_1_608' title='bbox 1051 4549 1182 4590; x_wconf 88' lang='lat' dir='ltr'><strong>usus</strong></span> <span class='ocrx_word' id='word_1_609' title='bbox 1213 4536 1278 4589; x_wconf 89' lang='lat' dir='ltr'><strong>ad</strong></span> <span class='ocrx_word' id='word_1_610' title='bbox 1313 4538 1534 4592; x_wconf 89' lang='lat' dir='ltr'><strong>morbos</strong></span> <span class='ocrx_word' id='word_1_611' title='bbox 1558 4539 1833 4594; x_wconf 89' lang='lat' dir='ltr'><strong>sanandos</strong></span> <span class='ocrx_word' id='word_1_612' title='bbox 1865 4548 2006 4594; x_wconf 84' lang='lat' dir='ltr'><strong>erat.</strong></span> 
     </span>
    </p>
   </div>
   <div class='ocr_carea' id='block_1_83' title="bbox 449 4615 2016 4699">
    <p class='ocr_par' dir='ltr' id='par_1_83' title="bbox 449 4615 2016 4699">
     <span class='ocr_line' id='line_1_84' title="bbox 449 4615 2016 4699; baseline 0.008 -29"><span class='ocrx_word' id='word_1_613' title='bbox 449 4615 600 4673; x_wconf 85' lang='lat' dir='ltr'><strong>lianc</strong></span> <span class='ocrx_word' id='word_1_614' title='bbox 631 4621 702 4675; x_wconf 92' lang='lat' dir='ltr'><strong>ob</strong></span> <span class='ocrx_word' id='word_1_615' title='bbox 749 4635 974 4678; x_wconf 80' lang='lat' dir='ltr'><strong>causam</strong></span> <span class='ocrx_word' id='word_1_616' title='bbox 1031 4623 1084 4678; x_wconf 90' lang='lat' dir='ltr'><strong>in</strong></span> <span class='ocrx_word' id='word_1_617' title='bbox 1142 4640 1428 4680; x_wconf 91' lang='lat' dir='ltr'><strong>murorum</strong></span> <span class='ocrx_word' id='word_1_618' title='bbox 1474 4629 1716 4683; x_wconf 89' lang='lat' dir='ltr'><strong>circuitu</strong></span> <span class='ocrx_word' id='word_1_619' title='bbox 1770 4630 2016 4699; x_wconf 71' lang='lat' dir='ltr'><strong>sepultor</strong></span> 
     </span>
    </p>
   </div>
   <div class='ocr_carea' id='block_1_84' title="bbox 448 4712 2008 4786">
    <p class='ocr_par' dir='ltr' id='par_1_84' title="bbox 448 4712 2008 4786">
     <span class='ocr_line' id='line_1_85' title="bbox 448 4712 2008 4786; baseline 0.008 -22"><span class='ocrx_word' id='word_1_620' title='bbox 448 4726 555 4765; x_wconf 89' lang='lat' dir='ltr'><strong>non</strong></span> <span class='ocrx_word' id='word_1_621' title='bbox 571 4712 946 4768; x_wconf 90' lang='lat' dir='ltr'><strong>inveniebatur</strong></span> <span class='ocrx_word' id='word_1_622' title='bbox 967 4730 982 4780; x_wconf 85' lang='lat'><strong>;</strong></span> <span class='ocrx_word' id='word_1_623' title='bbox 1003 4714 1109 4770; x_wconf 85' lang='lat' dir='ltr'><strong>huc</strong></span> <span class='ocrx_word' id='word_1_624' title='bbox 1131 4715 1266 4770; x_wconf 88' lang='lat' dir='ltr'><strong>adde</strong></span> <span class='ocrx_word' id='word_1_625' title='bbox 1284 4718 1425 4786; x_wconf 87' lang='lat' dir='ltr'><strong>quod</strong></span> <span class='ocrx_word' id='word_1_626' title='bbox 1451 4719 1719 4773; x_wconf 89' lang='lat' dir='ltr'><strong>vulnerati</strong></span> <span class='ocrx_word' id='word_1_627' title='bbox 1735 4718 2008 4776; x_wconf 88' lang='lat' dir='ltr'><strong>innumeri</strong></span> 
     </span>
    </p>
   </div>
   <div class='ocr_carea' id='block_1_85' title="bbox 447 4808 2015 4880">
    <p class='ocr_par' dir='ltr' id='par_1_85' title="bbox 447 4808 2015 4880">
     <span class='ocr_line' id='line_1_86' title="bbox 447 4808 2015 4880; baseline 0.006 -21"><span class='ocrx_word' id='word_1_628' title='bbox 447 4813 681 4860; x_wconf 86' lang='lat' dir='ltr'><strong>mortem</strong></span> <span class='ocrx_word' id='word_1_629' title='bbox 707 4808 1099 4875; x_wconf 84' lang='lat' dir='ltr'><strong>promittebant</strong></span> <span class='ocrx_word' id='word_1_630' title='bbox 1133 4819 1186 4864; x_wconf 91' lang='lat' dir='ltr'><strong>et</strong></span> <span class='ocrx_word' id='word_1_631' title='bbox 1219 4810 1601 4880; x_wconf 90' lang='lat' dir='ltr'><strong>sepelientium</strong></span> <span class='ocrx_word' id='word_1_632' title='bbox 1626 4813 1846 4867; x_wconf 85' lang='lat' dir='ltr'><strong>brachia</strong></span> <span class='ocrx_word' id='word_1_633' title='bbox 1873 4813 2015 4868; x_wconf 83' lang='lat' dir='ltr'><strong>mul-</strong></span> 
     </span>
    </p>
   </div>
   <div class='ocr_carea' id='block_1_86' title="bbox 449 4899 2012 4968">
    <p class='ocr_par' dir='ltr' id='par_1_86' title="bbox 449 4899 2012 4968">
     <span class='ocr_line' id='line_1_87' title="bbox 449 4899 2012 4968; baseline 0.006 -17"><span class='ocrx_word' id='word_1_634' title='bbox 449 4906 563 4951; x_wconf 90' lang='lat' dir='ltr'><strong>tum</strong></span> <span class='ocrx_word' id='word_1_635' title='bbox 607 4899 981 4968; x_wconf 87' lang='lat' dir='ltr'><strong>requirebant.</strong></span> <span class='ocrx_word' id='word_1_636' title='bbox 1031 4899 1170 4966; x_wconf 84' lang='lat' dir='ltr'><strong>Qum</strong></span> <span class='ocrx_word' id='word_1_637' title='bbox 1206 4903 1399 4958; x_wconf 90' lang='lat' dir='ltr'><strong>domos</strong></span> <span class='ocrx_word' id='word_1_638' title='bbox 1448 4903 1524 4958; x_wconf 90' lang='lat' dir='ltr'><strong>illi</strong></span> <span class='ocrx_word' id='word_1_639' title='bbox 1573 4905 1842 4960; x_wconf 85' lang='lat' dir='ltr'><strong>vulnerati</strong></span> <span class='ocrx_word' id='word_1_640' title='bbox 1881 4921 2012 4960; x_wconf 85' lang='lat' dir='ltr'><strong>eva-</strong></span> 
     </span>
    </p>
   </div>
   <div class='ocr_carea' id='block_1_87' title="bbox 449 4991 2013 5058">
    <p class='ocr_par' dir='ltr' id='par_1_87' title="bbox 449 4991 2013 5058">
     <span class='ocr_line' id='line_1_88' title="bbox 449 4991 2013 5058; baseline 0.008 -16"><span class='ocrx_word' id='word_1_641' title='bbox 449 4991 790 5045; x_wconf 89' lang='lat' dir='ltr'><strong>cuaverunt!</strong></span> <span class='ocrx_word' id='word_1_642' title='bbox 833 4991 926 5046; x_wconf 91' lang='lat' dir='ltr'><strong>Sic</strong></span> <span class='ocrx_word' id='word_1_643' title='bbox 974 5000 1027 5046; x_wconf 87' lang='lat' dir='ltr'><strong>et</strong></span> <span class='ocrx_word' id='word_1_644' title='bbox 1064 4993 1248 5048; x_wconf 89' lang='lat' dir='ltr'><strong>vinum</strong></span> <span class='ocrx_word' id='word_1_645' title='bbox 1287 5003 1561 5050; x_wconf 90' lang='lat' dir='ltr'><strong>vetustum</strong></span> <span class='ocrx_word' id='word_1_646' title='bbox 1612 4995 1902 5058; x_wconf 83' lang='lat' dir='ltr'><strong>funeralia.</strong></span> <span class='ocrx_word' id='word_1_647' title='bbox 1953 5006 2013 5054; x_wconf 90' lang='lat' dir='ltr'><strong>ut</strong></span> 
     </span>
    </p>
   </div>
   <div class='ocr_carea' id='block_1_88' title="bbox 445 5079 2029 5160">
    <p class='ocr_par' dir='ltr' id='par_1_88' title="bbox 445 5079 2029 5160">
     <span class='ocr_line' id='line_1_89' title="bbox 445 5079 2029 5160; baseline 0.006 -25"><span class='ocrx_word' id='word_1_648' title='bbox 445 5080 523 5136; x_wconf 88' lang='lat' dir='ltr'><strong>ita</strong></span> <span class='ocrx_word' id='word_1_649' title='bbox 555 5079 757 5148; x_wconf 84' lang='lat' dir='ltr'><strong>dicam,</strong></span> <span class='ocrx_word' id='word_1_650' title='bbox 785 5083 974 5149; x_wconf 83' lang='lat' dir='ltr'><strong>subiit,</strong></span> <span class='ocrx_word' id='word_1_651' title='bbox 1002 5091 1190 5154; x_wconf 90' lang='lat' dir='ltr'><strong>utpote</strong></span> <span class='ocrx_word' id='word_1_652' title='bbox 1220 5087 1366 5156; x_wconf 90' lang='lat' dir='ltr'><strong>quod</strong></span> <span class='ocrx_word' id='word_1_653' title='bbox 1393 5097 1447 5141; x_wconf 91' lang='lat' dir='ltr'><strong>et</strong></span> <span class='ocrx_word' id='word_1_654' title='bbox 1477 5088 1653 5158; x_wconf 80' lang='lat' dir='ltr'><strong>ipsum</strong></span> <span class='ocrx_word' id='word_1_655' title='bbox 1678 5104 1800 5144; x_wconf 91' lang='lat' dir='ltr'><strong>cum</strong></span> <span class='ocrx_word' id='word_1_656' title='bbox 1832 5091 1898 5146; x_wconf 90' lang='lat' dir='ltr'><strong>iis</strong></span> <span class='ocrx_word' id='word_1_657' title='bbox 1917 5091 2029 5160; x_wconf 74' lang='lat' dir='ltr'><strong>qui-</strong></span> 
     </span>
    </p>
   </div>
   <div class='ocr_carea' id='block_1_89' title="bbox 445 5171 2008 5244">
    <p class='ocr_par' dir='ltr' id='par_1_89' title="bbox 445 5171 2008 5244">
     <span class='ocr_line' id='line_1_90' title="bbox 445 5171 2008 5244; baseline 0.006 -18"><span class='ocrx_word' id='word_1_658' title='bbox 445 5172 517 5226; x_wconf 91' lang='lat' dir='ltr'><strong>ob</strong></span> <span class='ocrx_word' id='word_1_659' title='bbox 544 5171 665 5242; x_wconf 85' lang='lat' dir='ltr'><strong>ejus</strong></span> <span class='ocrx_word' id='word_1_660' title='bbox 712 5176 1012 5228; x_wconf 87' lang='lat' dir='ltr'><strong>carentiam</strong></span> <span class='ocrx_word' id='word_1_661' title='bbox 1055 5178 1395 5244; x_wconf 59' lang='lat' dir='ltr'><strong>atgrotabant</strong></span> <span class='ocrx_word' id='word_1_662' title='bbox 1441 5190 1845 5234; x_wconf 87' lang='lat' dir='ltr'><strong>commortuum</strong></span> <span class='ocrx_word' id='word_1_663' title='bbox 1900 5189 2008 5235; x_wconf 87' lang='lat' dir='ltr'><strong>est.</strong></span> 
     </span>
    </p>
   </div>
   <div class='ocr_carea' id='block_1_90' title="bbox 442 5262 2003 5339">
    <p class='ocr_par' dir='ltr' id='par_1_90' title="bbox 442 5262 2003 5339">
     <span class='ocr_line' id='line_1_91' title="bbox 442 5262 2003 5339; baseline 0.005 -22"><span class='ocrx_word' id='word_1_664' title='bbox 442 5262 653 5319; x_wconf 79' lang='lat' dir='ltr'><strong>Recens</strong></span> <span class='ocrx_word' id='word_1_665' title='bbox 680 5280 809 5319; x_wconf 90' lang='lat' dir='ltr'><strong>vero</strong></span> <span class='ocrx_word' id='word_1_666' title='bbox 841 5274 1003 5320; x_wconf 88' lang='lat' dir='ltr'><strong>natus</strong></span> <span class='ocrx_word' id='word_1_667' title='bbox 1024 5266 1365 5333; x_wconf 87' lang='lat' dir='ltr'><strong>subsiliebat,</strong></span> <span class='ocrx_word' id='word_1_668' title='bbox 1400 5269 1635 5339; x_wconf 79' lang='lat' dir='ltr'><strong>agitatus</strong></span> <span class='ocrx_word' id='word_1_669' title='bbox 1659 5278 1713 5323; x_wconf 92' lang='lat' dir='ltr'><strong>et</strong></span> <span class='ocrx_word' id='word_1_670' title='bbox 1754 5269 2003 5339; x_wconf 89' lang='lat' dir='ltr'><strong>bulliens,</strong></span> 
     </span>
    </p>
   </div>
   <div class='ocr_carea' id='block_1_91' title="bbox 442 5355 2006 5429">
    <p class='ocr_par' dir='ltr' id='par_1_91' title="bbox 442 5355 2006 5429">
     <span class='ocr_line' id='line_1_92' title="bbox 442 5355 2006 5429; baseline 0.004 -19"><span class='ocrx_word' id='word_1_671' title='bbox 442 5363 500 5410; x_wconf 89' lang='lat' dir='ltr'><strong>et</strong></span> <span class='ocrx_word' id='word_1_672' title='bbox 525 5357 637 5410; x_wconf 74' lang='lat' dir='ltr'><strong>haec</strong></span> <span class='ocrx_word' id='word_1_673' title='bbox 657 5355 908 5410; x_wconf 90' lang='lat' dir='ltr'><strong>ebullitio</strong></span> <span class='ocrx_word' id='word_1_674' title='bbox 943 5357 997 5410; x_wconf 92' lang='lat' dir='ltr'><strong>in</strong></span> <span class='ocrx_word' id='word_1_675' title='bbox 1027 5356 1340 5413; x_wconf 83' lang='lat' dir='ltr'><strong>bibentibus</strong></span> <span class='ocrx_word' id='word_1_676' title='bbox 1380 5361 1532 5429; x_wconf 90' lang='lat' dir='ltr'><strong>quasi</strong></span> <span class='ocrx_word' id='word_1_677' title='bbox 1567 5361 1726 5414; x_wconf 68' lang='lat' dir='ltr'><strong>mina:</strong></span> <span class='ocrx_word' id='word_1_678' title='bbox 1755 5361 1808 5415; x_wconf 89' lang='lat' dir='ltr'><strong>iu</strong></span> <span class='ocrx_word' id='word_1_679' title='bbox 1841 5363 2006 5416; x_wconf 81' lang='lat' dir='ltr'><strong>vitam</strong></span> 
     </span>
    </p>
   </div>
   <div class='ocr_carea' id='block_1_92' title="bbox 439 5444 2005 5520">
    <p class='ocr_par' dir='ltr' id='par_1_92' title="bbox 439 5444 2005 5520">
     <span class='ocr_line' id='line_1_93' title="bbox 439 5444 2005 5520; baseline 0.003 -22"><span class='ocrx_word' id='word_1_680' title='bbox 439 5444 860 5498; x_wconf 85' lang='lat' dir='ltr'><strong>condemnatam</strong></span> <span class='ocrx_word' id='word_1_681' title='bbox 906 5455 1088 5500; x_wconf 88' lang='lat' dir='ltr'><strong>erant.</strong></span> <span class='ocrx_word' id='word_1_682' title='bbox 1141 5447 1246 5512; x_wconf 84' lang='lat' dir='ltr'><strong>Qui</strong></span> <span class='ocrx_word' id='word_1_683' title='bbox 1304 5450 1450 5502; x_wconf 91' lang='lat' dir='ltr'><strong>enim</strong></span> <span class='ocrx_word' id='word_1_684' title='bbox 1501 5449 1594 5502; x_wconf 94' lang='lat' dir='ltr'><strong>illo</strong></span> <span class='ocrx_word' id='word_1_685' title='bbox 1649 5447 1775 5503; x_wconf 85' lang='lat' dir='ltr'><strong>vino</strong></span> <span class='ocrx_word' id='word_1_686' title='bbox 1815 5449 2005 5520; x_wconf 89' lang='lat' dir='ltr'><strong>repleti</strong></span> 
     </span>
    </p>
   </div>
   <div class='ocr_carea' id='block_1_93' title="bbox 439 5535 2020 5605">
    <p class='ocr_par' dir='ltr' id='par_1_93' title="bbox 439 5535 2020 5605">
     <span class='ocr_line' id='line_1_94' title="bbox 439 5535 2020 5605; baseline 0.006 -19"><span class='ocrx_word' id='word_1_687' title='bbox 439 5544 625 5603; x_wconf 85' lang='lat' dir='ltr'><strong>postea</strong></span> <span class='ocrx_word' id='word_1_688' title='bbox 664 5535 862 5590; x_wconf 87' lang='lat' dir='ltr'><strong>Lethes</strong></span> <span class='ocrx_word' id='word_1_689' title='bbox 892 5537 1171 5605; x_wconf 87' lang='lat' dir='ltr'><strong>potionem</strong></span> <span class='ocrx_word' id='word_1_690' title='bbox 1204 5553 1234 5591; x_wconf 89' lang='lat' dir='ltr'><strong>a</strong></span> <span class='ocrx_word' id='word_1_691' title='bbox 1277 5538 1447 5593; x_wconf 88' lang='lat' dir='ltr'><strong>Morte</strong></span> <span class='ocrx_word' id='word_1_692' title='bbox 1478 5541 1711 5594; x_wconf 88' lang='lat' dir='ltr'><strong>oblatam</strong></span> <span class='ocrx_word' id='word_1_693' title='bbox 1747 5542 2020 5596; x_wconf 80' lang='lat' dir='ltr'><strong>bibebant</strong></span> 
     </span>
    </p>
   </div>
   <div class='ocr_carea' id='block_1_94' title="bbox 443 5627 1999 5704">
    <p class='ocr_par' dir='ltr' id='par_1_94' title="bbox 443 5627 1999 5704">
     <span class='ocr_line' id='line_1_95' title="bbox 443 5627 1999 5704; baseline 0.005 -24"><span class='ocrx_word' id='word_1_694' title='bbox 443 5640 554 5680; x_wconf 89' lang='lat' dir='ltr'><strong>non</strong></span> <span class='ocrx_word' id='word_1_695' title='bbox 582 5627 923 5683; x_wconf 88' lang='lat' dir='ltr'><strong>nostratibus</strong></span> <span class='ocrx_word' id='word_1_696' title='bbox 973 5638 1182 5683; x_wconf 88' lang='lat' dir='ltr'><strong>tantum</strong></span> <span class='ocrx_word' id='word_1_697' title='bbox 1219 5629 1402 5702; x_wconf 89' lang='lat' dir='ltr'><strong>(quod</strong></span> <span class='ocrx_word' id='word_1_698' title='bbox 1433 5633 1614 5688; x_wconf 88' lang='lat' dir='ltr'><strong>dicere</strong></span> <span class='ocrx_word' id='word_1_699' title='bbox 1645 5633 1866 5704; x_wconf 86' lang='lat' dir='ltr'><strong>juvat),</strong></span> <span class='ocrx_word' id='word_1_700' title='bbox 1904 5634 1999 5688; x_wconf 88' lang='lat' dir='ltr'><strong>sed</strong></span> 
     </span>
    </p>
   </div>
   <div class='ocr_carea' id='block_1_95' title="bbox 440 5719 2004 5796">
    <p class='ocr_par' dir='ltr' id='par_1_95' title="bbox 440 5719 2004 5796">
     <span class='ocr_line' id='line_1_96' title="bbox 440 5719 2004 5796; baseline 0.006 -25"><span class='ocrx_word' id='word_1_701' title='bbox 440 5720 710 5789; x_wconf 74' lang='lat' dir='ltr'><strong>pmcipue</strong></span> <span class='ocrx_word' id='word_1_702' title='bbox 769 5719 998 5786; x_wconf 82' lang='lat' dir='ltr'><strong>Latinis,</strong></span> <span class='ocrx_word' id='word_1_703' title='bbox 1038 5725 1256 5791; x_wconf 88' lang='lat' dir='ltr'><strong>quando</strong></span> <span class='ocrx_word' id='word_1_704' title='bbox 1308 5742 1438 5781; x_wconf 78' lang='lat' dir='ltr'><strong>uvas</strong></span> <span class='ocrx_word' id='word_1_705' title='bbox 1498 5729 1745 5784; x_wconf 86' lang='lat' dir='ltr'><strong>manibus</strong></span> <span class='ocrx_word' id='word_1_706' title='bbox 1790 5742 2004 5796; x_wconf 86' lang='lat' dir='ltr'><strong>preme-</strong></span> 
     </span>
    </p>
   </div>
   <div class='ocr_carea' id='block_1_96' title="bbox 438 5806 2007 5888">
    <p class='ocr_par' dir='ltr' id='par_1_96' title="bbox 438 5806 2007 5888">
     <span class='ocr_line' id='line_1_97' title="bbox 438 5806 2007 5888; baseline 0.008 -27"><span class='ocrx_word' id='word_1_707' title='bbox 438 5806 571 5862; x_wconf 76' lang='lat' dir='ltr'><strong>bant</strong></span> <span class='ocrx_word' id='word_1_708' title='bbox 625 5817 679 5866; x_wconf 92' lang='lat' dir='ltr'><strong>et</strong></span> <span class='ocrx_word' id='word_1_709' title='bbox 735 5819 972 5866; x_wconf 79' lang='lat' dir='ltr'><strong>mustum</strong></span> <span class='ocrx_word' id='word_1_710' title='bbox 1034 5814 1351 5884; x_wconf 79' lang='lat' dir='ltr'><strong>sorbebant,</strong></span> <span class='ocrx_word' id='word_1_711' title='bbox 1390 5831 1454 5872; x_wconf 88' lang='lat' dir='ltr'><strong>ne</strong></span> <span class='ocrx_word' id='word_1_712' title='bbox 1502 5819 1755 5888; x_wconf 74' lang='lat' dir='ltr'><strong>primitia:</strong></span> <span class='ocrx_word' id='word_1_713' title='bbox 1805 5821 2007 5874; x_wconf 88' lang='lat' dir='ltr'><strong>inam-</strong></span> 
     </span>
    </p>
   </div>
   <div class='ocr_carea' id='block_1_97' title="bbox 2117 4165 3690 4244">
    <p class='ocr_par' dir='ltr' id='par_1_97' title="bbox 2117 4165 3690 4244">
     <span class='ocr_line' id='line_1_98' title="bbox 2117 4165 3690 4244; baseline 0.003 -25"><span class='ocrx_word' id='word_1_714' title='bbox 2117 4168 2209 4232; x_wconf 82' lang='grc' dir='ltr'>κὲς</span> <span class='ocrx_word' id='word_1_715' title='bbox 2244 4168 2573 4234; x_wconf 79' lang='grc' dir='ltr'>ἐξουθενεῖτο</span> <span class='ocrx_word' id='word_1_716' title='bbox 2598 4210 2611 4234; x_wconf 91' lang='grc'><strong>,</strong></span> <span class='ocrx_word' id='word_1_717' title='bbox 2646 4165 2733 4222; x_wconf 74' lang='grc' dir='ltr'><strong>οἷα</strong></span> <span class='ocrx_word' id='word_1_718' title='bbox 2767 4173 2858 4223; x_wconf 88' lang='grc' dir='ltr'><strong>καί</strong></span> <span class='ocrx_word' id='word_1_719' title='bbox 2893 4189 2945 4224; x_wconf 91' lang='grc' dir='ltr'><strong>τι</strong></span> <span class='ocrx_word' id='word_1_720' title='bbox 2983 4173 3274 4244; x_wconf 82' lang='grc' dir='ltr'>φάρμακον</span> <span class='ocrx_word' id='word_1_721' title='bbox 3306 4173 3406 4226; x_wconf 79' lang='grc' dir='ltr'>οὐκ</span> <span class='ocrx_word' id='word_1_722' title='bbox 3440 4171 3643 4240; x_wconf 85' lang='grc' dir='ltr'>ἀγαθόν</span> <span class='ocrx_word' id='word_1_723' title='bbox 3672 4185 3690 4200; x_wconf 87' lang='grc'>⁶</span> 
     </span>
    </p>
   </div>
   <div class='ocr_carea' id='block_1_98' title="bbox 2113 4263 3693 4339">
    <p class='ocr_par' dir='ltr' id='par_1_98' title="bbox 2113 4263 3693 4339">
     <span class='ocr_line' id='line_1_99' title="bbox 2113 4263 3693 4339; baseline 0.004 -24"><span class='ocrx_word' id='word_1_724' title='bbox 2113 4263 2226 4315; x_wconf 79' lang='grc' dir='ltr'>οἵου</span> <span class='ocrx_word' id='word_1_725' title='bbox 2257 4264 2318 4334; x_wconf 84' lang='grc' dir='ltr'>δὴ</span> <span class='ocrx_word' id='word_1_726' title='bbox 2348 4264 2492 4316; x_wconf 85' lang='grc' dir='ltr'>οῐνου</span> <span class='ocrx_word' id='word_1_727' title='bbox 2526 4264 2679 4334; x_wconf 85' lang='grc' dir='ltr'>χρεία</span> <span class='ocrx_word' id='word_1_728' title='bbox 2711 4267 2802 4319; x_wconf 80' lang='grc' dir='ltr'>καὶ</span> <span class='ocrx_word' id='word_1_729' title='bbox 2835 4266 3072 4334; x_wconf 86' lang='grc' dir='ltr'>μάλιστα</span> <span class='ocrx_word' id='word_1_730' title='bbox 3099 4263 3167 4339; x_wconf 84' lang='grc' dir='ltr'>ἦν</span> <span class='ocrx_word' id='word_1_731' title='bbox 3194 4270 3264 4322; x_wconf 89' lang='grc' dir='ltr'><strong>τά</strong></span> <span class='ocrx_word' id='word_1_732' title='bbox 3293 4285 3352 4320; x_wconf 91' lang='grc' dir='ltr'><strong>τε</strong></span> <span class='ocrx_word' id='word_1_733' title='bbox 3383 4268 3517 4321; x_wconf 83' lang='grc' dir='ltr'>ἄλλα</span> <span class='ocrx_word' id='word_1_734' title='bbox 3538 4307 3553 4331; x_wconf 91' lang='grc'><strong>,</strong></span> <span class='ocrx_word' id='word_1_735' title='bbox 3589 4268 3693 4321; x_wconf 78' lang='grc' dir='ltr'>καὶ</span> 
     </span>
    </p>
   </div>
   <div class='ocr_carea' id='block_1_99' title="bbox 2113 4355 3691 4432">
    <p class='ocr_par' dir='ltr' id='par_1_99' title="bbox 2113 4355 3691 4432">
     <span class='ocr_line' id='line_1_100' title="bbox 2113 4355 3691 4432; baseline 0.002 -23"><span class='ocrx_word' id='word_1_736' title='bbox 2113 4355 2204 4409; x_wconf 84' lang='grc' dir='ltr'><strong>διά</strong></span> <span class='ocrx_word' id='word_1_737' title='bbox 2235 4357 2359 4418; x_wconf 73' lang='grc' dir='ltr'>τοὺς</span> <span class='ocrx_word' id='word_1_738' title='bbox 2395 4356 2452 4408; x_wconf 83' lang='grc' dir='ltr'><strong>ἐν</strong></span> <span class='ocrx_word' id='word_1_739' title='bbox 2485 4358 2742 4427; x_wconf 74' lang='grc' dir='ltr'>πληγαῖς.</span> <span class='ocrx_word' id='word_1_740' title='bbox 2777 4358 3045 4428; x_wconf 78' lang='grc' dir='ltr'><strong>Ἐξεχεῖτο</strong></span> <span class='ocrx_word' id='word_1_741' title='bbox 3080 4358 3186 4432; x_wconf 90' lang='grc' dir='ltr'><strong>γάρ</strong></span> <span class='ocrx_word' id='word_1_742' title='bbox 3218 4360 3277 4412; x_wconf 84' lang='grc' dir='ltr'>τὸ</span> <span class='ocrx_word' id='word_1_743' title='bbox 3310 4359 3472 4413; x_wconf 82' lang='grc' dir='ltr'>καλὸν</span> <span class='ocrx_word' id='word_1_744' title='bbox 3505 4360 3691 4412; x_wconf 84' lang='grc' dir='ltr'>ἐκεῖνο</span> 
     </span>
    </p>
   </div>
   <div class='ocr_carea' id='block_1_100' title="bbox 2115 4446 3688 4522">
    <p class='ocr_par' dir='ltr' id='par_1_100' title="bbox 2115 4446 3688 4522">
     <span class='ocr_line' id='line_1_101' title="bbox 2115 4446 3688 4522; baseline 0.001 -20"><span class='ocrx_word' id='word_1_745' title='bbox 2115 4447 2312 4519; x_wconf 81' lang='grc' dir='ltr'>ὑγρὸν,</span> <span class='ocrx_word' id='word_1_746' title='bbox 2347 4448 2420 4511; x_wconf 82' lang='grc' dir='ltr'><strong>ὡς</strong></span> <span class='ocrx_word' id='word_1_747' title='bbox 2453 4450 2531 4511; x_wconf 87' lang='grc' dir='ltr'><strong>είς</strong></span> <span class='ocrx_word' id='word_1_748' title='bbox 2567 4449 2845 4519; x_wconf 77' lang='grc' dir='ltr'>ποταμούς</span> <span class='ocrx_word' id='word_1_749' title='bbox 2871 4467 2884 4482; x_wconf 80' lang='grc'><strong>’</strong></span> <span class='ocrx_word' id='word_1_750' title='bbox 2919 4452 3042 4504; x_wconf 86' lang='grc' dir='ltr'>ὅθεν</span> <span class='ocrx_word' id='word_1_751' title='bbox 3072 4450 3196 4504; x_wconf 76' lang='grc' dir='ltr'>οὔτε</span> <span class='ocrx_word' id='word_1_752' title='bbox 3231 4453 3391 4515; x_wconf 81' lang='grc' dir='ltr'>αὐτὸς</span> <span class='ocrx_word' id='word_1_753' title='bbox 3422 4446 3489 4522; x_wconf 79' lang='grc' dir='ltr'>ἦν</span> <span class='ocrx_word' id='word_1_754' title='bbox 3510 4491 3525 4515; x_wconf 91' lang='grc'><strong>,</strong></span> <span class='ocrx_word' id='word_1_755' title='bbox 3557 4452 3688 4504; x_wconf 74' lang='grc' dir='ltr'>οὔτε</span> 
     </span>
    </p>
   </div>
   <div class='ocr_carea' id='block_1_101' title="bbox 2112 4537 3689 4614">
    <p class='ocr_par' dir='ltr' id='par_1_101' title="bbox 2112 4537 3689 4614">
     <span class='ocr_line' id='line_1_102' title="bbox 2112 4537 3689 4614; baseline 0.002 -23"><span class='ocrx_word' id='word_1_756' title='bbox 2112 4555 2166 4591; x_wconf 91' lang='grc' dir='ltr'><strong>τι</strong></span> <span class='ocrx_word' id='word_1_757' title='bbox 2199 4537 2494 4592; x_wconf 83' lang='grc' dir='ltr'>ἀκόλουθον</span> <span class='ocrx_word' id='word_1_758' title='bbox 2530 4539 2827 4608; x_wconf 80' lang='grc' dir='ltr'>μάλαγμα,</span> <span class='ocrx_word' id='word_1_759' title='bbox 2863 4540 2986 4594; x_wconf 84' lang='grc' dir='ltr'>οὔτε</span> <span class='ocrx_word' id='word_1_760' title='bbox 3019 4542 3046 4595; x_wconf 85' lang='grc' dir='ltr'><strong>ὁ</strong></span> <span class='ocrx_word' id='word_1_761' title='bbox 3081 4542 3203 4596; x_wconf 83' lang='grc' dir='ltr'>καθ’</span> <span class='ocrx_word' id='word_1_762' title='bbox 3229 4543 3415 4614; x_wconf 78' lang='grc' dir='ltr'>είρμδν</span> <span class='ocrx_word' id='word_1_763' title='bbox 3449 4543 3689 4596; x_wconf 83' lang='grc' dir='ltr'>κατάδε-</span> 
     </span>
    </p>
   </div>
   <div class='ocr_carea' id='block_1_102' title="bbox 2116 4629 3688 4704">
    <p class='ocr_par' dir='ltr' id='par_1_102' title="bbox 2116 4629 3688 4704">
     <span class='ocr_line' id='line_1_103' title="bbox 2116 4629 3688 4704; baseline 0.003 -22"><span class='ocrx_word' id='word_1_764' title='bbox 2116 4646 2269 4698; x_wconf 89' lang='grc' dir='ltr'>σμος.</span> <span class='ocrx_word' id='word_1_765' title='bbox 2292 4629 2495 4700; x_wconf 87' lang='grc' dir='ltr'>Διόπερ</span> <span class='ocrx_word' id='word_1_766' title='bbox 2519 4630 2579 4682; x_wconf 85' lang='grc' dir='ltr'>οὐ</span> <span class='ocrx_word' id='word_1_767' title='bbox 2608 4631 2764 4700; x_wconf 79' lang='grc' dir='ltr'>μόνον</span> <span class='ocrx_word' id='word_1_768' title='bbox 2790 4631 2971 4702; x_wconf 86' lang='grc' dir='ltr'>κύκλῳ</span> <span class='ocrx_word' id='word_1_769' title='bbox 2996 4633 3087 4686; x_wconf 81' lang='grc' dir='ltr'><strong>τοῦ</strong></span> <span class='ocrx_word' id='word_1_770' title='bbox 3113 4633 3324 4702; x_wconf 81' lang='grc' dir='ltr'>τείχους</span> <span class='ocrx_word' id='word_1_771' title='bbox 3347 4634 3452 4686; x_wconf 82' lang='grc' dir='ltr'>τῶν</span> <span class='ocrx_word' id='word_1_772' title='bbox 3475 4635 3688 4704; x_wconf 81' lang='grc' dir='ltr'>νεκρῶν</span> 
     </span>
    </p>
   </div>
   <div class='ocr_carea' id='block_1_103' title="bbox 2111 4721 3646 4794">
    <p class='ocr_par' dir='ltr' id='par_1_103' title="bbox 2111 4721 3646 4794">
     <span class='ocr_line' id='line_1_104' title="bbox 2111 4721 3646 4794; baseline 0.001 -19"><span class='ocrx_word' id='word_1_773' title='bbox 2111 4721 2412 4792; x_wconf 83' lang='grc' dir='ltr'>κειμένων,</span> <span class='ocrx_word' id='word_1_774' title='bbox 2445 4721 2539 4775; x_wconf 79' lang='grc' dir='ltr'>καὶ</span> <span class='ocrx_word' id='word_1_775' title='bbox 2573 4724 2700 4792; x_wconf 73' lang='grc' dir='ltr'>περὶ</span> <span class='ocrx_word' id='word_1_776' title='bbox 2735 4723 2957 4794; x_wconf 81' lang='grc' dir='ltr'>σύμπαν</span> <span class='ocrx_word' id='word_1_777' title='bbox 2991 4725 3046 4778; x_wconf 81' lang='grc' dir='ltr'>δὲ</span> <span class='ocrx_word' id='word_1_778' title='bbox 3079 4727 3138 4778; x_wconf 83' lang='grc' dir='ltr'>τὸ</span> <span class='ocrx_word' id='word_1_779' title='bbox 3172 4725 3266 4778; x_wconf 87' lang='grc' dir='ltr'><strong>τοῦ</strong></span> <span class='ocrx_word' id='word_1_780' title='bbox 3301 4725 3540 4778; x_wconf 85' lang='grc' dir='ltr'>τοιούτου</span> <span class='ocrx_word' id='word_1_781' title='bbox 3579 4724 3646 4778; x_wconf 89' lang='grc' dir='ltr'><strong>κύ</strong></span> 
     </span>
    </p>
   </div>
   <div class='ocr_carea' id='block_1_104' title="bbox 2111 4799 3688 4886">
    <p class='ocr_par' dir='ltr' id='par_1_104' title="bbox 2111 4799 3688 4886">
     <span class='ocr_line' id='line_1_105' title="bbox 2111 4799 3688 4886; baseline 0.003 -20"><span class='ocrx_word' id='word_1_782' title='bbox 2111 4816 2239 4868; x_wconf 89' lang='grc' dir='ltr'>κλου</span> <span class='ocrx_word' id='word_1_783' title='bbox 2268 4813 2521 4884; x_wconf 76' lang='grc' dir='ltr'>ἐμϐαδὸν,</span> <span class='ocrx_word' id='word_1_784' title='bbox 2548 4815 2645 4868; x_wconf 83' lang='grc' dir='ltr'><strong>οὐκ</strong></span> <span class='ocrx_word' id='word_1_785' title='bbox 2672 4809 2739 4885; x_wconf 81' lang='grc' dir='ltr'>ἦν</span> <span class='ocrx_word' id='word_1_786' title='bbox 2760 4817 2785 4867; x_wconf 87' lang='grc' dir='ltr'><strong>ὁ</strong></span> <span class='ocrx_word' id='word_1_787' title='bbox 2809 4799 3029 4870; x_wconf 82' lang='grc' dir='ltr'>θάπτων</span> <span class='ocrx_word' id='word_1_788' title='bbox 3047 4834 3061 4848; x_wconf 77' lang='grc' dir='ltr'><strong><em>ο</em></strong></span> <span class='ocrx_word' id='word_1_789' title='bbox 3088 4818 3221 4870; x_wconf 82' lang='grc' dir='ltr'><strong>ἀλλά</strong></span> <span class='ocrx_word' id='word_1_790' title='bbox 3239 4818 3332 4872; x_wconf 73' lang='grc' dir='ltr'>καὶ</span> <span class='ocrx_word' id='word_1_791' title='bbox 3357 4821 3403 4870; x_wconf 84' lang='grc' dir='ltr'><strong>οί</strong></span> <span class='ocrx_word' id='word_1_792' title='bbox 3435 4817 3688 4886; x_wconf 61' lang='lat' dir='ltr'><strong>1:57:qu-</strong></span> 
     </span>
    </p>
   </div>
   <div class='ocr_carea' id='block_1_105' title="bbox 2114 4905 3682 4980">
    <p class='ocr_par' dir='ltr' id='par_1_105' title="bbox 2114 4905 3682 4980">
     <span class='ocr_line' id='line_1_106' title="bbox 2114 4905 3682 4980; baseline 0.002 -21"><span class='ocrx_word' id='word_1_793' title='bbox 2114 4906 2263 4976; x_wconf 84' lang='grc' dir='ltr'>μένοι</span> <span class='ocrx_word' id='word_1_794' title='bbox 2324 4905 2640 4975; x_wconf 75' lang='grc' dir='ltr'>προσθήκην</span> <span class='ocrx_word' id='word_1_795' title='bbox 2684 4907 2900 4960; x_wconf 83' lang='grc' dir='ltr'>ἐποίουν</span> <span class='ocrx_word' id='word_1_796' title='bbox 2949 4908 3026 4978; x_wconf 82' lang='grc' dir='ltr'>τῷ</span> <span class='ocrx_word' id='word_1_797' title='bbox 3067 4908 3198 4980; x_wconf 75' lang='grc' dir='ltr'>ᾄδῃ,</span> <span class='ocrx_word' id='word_1_798' title='bbox 3242 4912 3334 4962; x_wconf 72' lang='grc' dir='ltr'>καὶ</span> <span class='ocrx_word' id='word_1_799' title='bbox 3380 4911 3682 4979; x_wconf 80' lang='grc' dir='ltr'>πράγματα</span> 
     </span>
    </p>
   </div>
   <div class='ocr_carea' id='block_1_106' title="bbox 2110 4995 3682 5067">
    <p class='ocr_par' dir='ltr' id='par_1_106' title="bbox 2110 4995 3682 5067">
     <span class='ocr_line' id='line_1_107' title="bbox 2110 4995 3682 5067; baseline 0.004 -19"><span class='ocrx_word' id='word_1_800' title='bbox 2110 4995 2436 5064; x_wconf 74' lang='grc' dir='ltr'>προὺξένουν</span> <span class='ocrx_word' id='word_1_801' title='bbox 2461 4999 2572 5061; x_wconf 77' lang='grc' dir='ltr'>τοῖς</span> <span class='ocrx_word' id='word_1_802' title='bbox 2599 4997 2915 5052; x_wconf 89' lang='grc' dir='ltr'>θάπτουσιν.</span> <span class='ocrx_word' id='word_1_803' title='bbox 2942 5001 3006 5052; x_wconf 81' lang='grc' dir='ltr'>Ὠ</span> <span class='ocrx_word' id='word_1_804' title='bbox 3032 5000 3160 5067; x_wconf 85' lang='grc' dir='ltr'>γοῦν</span> <span class='ocrx_word' id='word_1_805' title='bbox 3187 5001 3316 5062; x_wconf 77' lang='grc' dir='ltr'>ὅσας</span> <span class='ocrx_word' id='word_1_806' title='bbox 3344 5000 3682 5064; x_wconf 75' lang='grc' dir='ltr'>ἑξεκένωσαν</span> 
     </span>
    </p>
   </div>
   <div class='ocr_carea' id='block_1_107' title="bbox 2108 5088 3682 5163">
    <p class='ocr_par' dir='ltr' id='par_1_107' title="bbox 2108 5088 3682 5163">
     <span class='ocr_line' id='line_1_108' title="bbox 2108 5088 3682 5163; baseline 0.004 -22"><span class='ocrx_word' id='word_1_807' title='bbox 2108 5088 2282 5150; x_wconf 82' lang='grc' dir='ltr'>οἰκίας</span> <span class='ocrx_word' id='word_1_808' title='bbox 2313 5092 2405 5142; x_wconf 71' lang='grc' dir='ltr'>καὶ</span> <span class='ocrx_word' id='word_1_809' title='bbox 2435 5090 2483 5142; x_wconf 81' lang='lat' dir='ltr'><strong>oi</strong></span> <span class='ocrx_word' id='word_1_810' title='bbox 2515 5090 2882 5159; x_wconf 86' lang='grc' dir='ltr'>τραυματίαι,</span> <span class='ocrx_word' id='word_1_811' title='bbox 2916 5092 3053 5145; x_wconf 79' lang='grc' dir='ltr'>κατὰ</span> <span class='ocrx_word' id='word_1_812' title='bbox 3086 5092 3369 5162; x_wconf 84' lang='grc' dir='ltr'>πολυμερῆ</span> <span class='ocrx_word' id='word_1_813' title='bbox 3405 5093 3682 5163; x_wconf 81' lang='grc' dir='ltr'>ποσότητα</span> 
     </span>
    </p>
   </div>
   <div class='ocr_carea' id='block_1_108' title="bbox 2107 5180 3681 5253">
    <p class='ocr_par' dir='ltr' id='par_1_108' title="bbox 2107 5180 3681 5253">
     <span class='ocr_line' id='line_1_109' title="bbox 2107 5180 3681 5253; baseline 0.003 -21"><span class='ocrx_word' id='word_1_814' title='bbox 2107 5180 2482 5244; x_wconf 78' lang='grc' dir='ltr'>ἐκλείποντεςῐ</span> <span class='ocrx_word' id='word_1_815' title='bbox 2517 5183 2628 5237; x_wconf 73' lang='grc' dir='ltr'><strong>Καὶ</strong></span> <span class='ocrx_word' id='word_1_816' title='bbox 2667 5183 2806 5236; x_wconf 76' lang='grc' dir='ltr'>οὕτω</span> <span class='ocrx_word' id='word_1_817' title='bbox 2852 5183 2950 5253; x_wconf 79' lang='grc' dir='ltr'>μὲν</span> <span class='ocrx_word' id='word_1_818' title='bbox 2984 5185 3012 5236; x_wconf 87' lang='grc' dir='ltr'><strong>ό</strong></span> <span class='ocrx_word' id='word_1_819' title='bbox 3047 5185 3224 5253; x_wconf 79' lang='grc' dir='ltr'>γέρων</span> <span class='ocrx_word' id='word_1_820' title='bbox 3256 5181 3397 5246; x_wconf 71' lang='grc' dir='ltr'>οἶνος</span> <span class='ocrx_word' id='word_1_821' title='bbox 3437 5187 3681 5253; x_wconf 76' lang='grc' dir='ltr'>ἐκφορὰν</span> 
     </span>
    </p>
   </div>
   <div class='ocr_carea' id='block_1_109' title="bbox 2106 5269 3675 5341">
    <p class='ocr_par' dir='ltr' id='par_1_109' title="bbox 2106 5269 3675 5341">
     <span class='ocr_line' id='line_1_110' title="bbox 2106 5269 3675 5341; baseline 0.003 -19"><span class='ocrx_word' id='word_1_822' title='bbox 2106 5269 2297 5336; x_wconf 79' lang='grc' dir='ltr'>ἔπαθε,</span> <span class='ocrx_word' id='word_1_823' title='bbox 2325 5271 2697 5341; x_wconf 76' lang='grc' dir='ltr'>συντεθνηκὼς</span> <span class='ocrx_word' id='word_1_824' title='bbox 2722 5269 2831 5326; x_wconf 73' lang='grc' dir='ltr'>οἷον</span> <span class='ocrx_word' id='word_1_825' title='bbox 2856 5275 2948 5327; x_wconf 73' lang='grc' dir='ltr'><strong>καὶ</strong></span> <span class='ocrx_word' id='word_1_826' title='bbox 2974 5274 3134 5336; x_wconf 84' lang='grc' dir='ltr'>αὐτὸς</span> <span class='ocrx_word' id='word_1_827' title='bbox 3159 5277 3269 5337; x_wconf 84' lang='grc' dir='ltr'>τοῖς</span> <span class='ocrx_word' id='word_1_828' title='bbox 3296 5275 3675 5328; x_wconf 78' lang='grc' dir='ltr'>κινδυνεύσασι</span> 
     </span>
    </p>
   </div>
   <div class='ocr_carea' id='block_1_110' title="bbox 2108 5364 3678 5436">
    <p class='ocr_par' dir='ltr' id='par_1_110' title="bbox 2108 5364 3678 5436">
     <span class='ocr_line' id='line_1_111' title="bbox 2108 5364 3678 5436; baseline 0.002 -21"><span class='ocrx_word' id='word_1_829' title='bbox 2108 5365 2229 5416; x_wconf 83' lang='grc' dir='ltr'>κατ’</span> <span class='ocrx_word' id='word_1_830' title='bbox 2256 5364 2461 5418; x_wconf 75' lang='grc' dir='ltr'>ἔνδειαν</span> <span class='ocrx_word' id='word_1_831' title='bbox 2493 5365 2682 5420; x_wconf 79' lang='grc' dir='ltr'>αὐτοῦ.</span> <span class='ocrx_word' id='word_1_832' title='bbox 2717 5364 2778 5419; x_wconf 79' lang='grc' dir='ltr'><strong>Ὀ</strong></span> <span class='ocrx_word' id='word_1_833' title='bbox 2817 5367 2872 5418; x_wconf 83' lang='grc' dir='ltr'>δὲ</span> <span class='ocrx_word' id='word_1_834' title='bbox 2906 5367 3120 5433; x_wconf 82' lang='grc' dir='ltr'>νεογνὸς</span> <span class='ocrx_word' id='word_1_835' title='bbox 3157 5365 3460 5436; x_wconf 76' lang='grc' dir='ltr'>ύπεσκίρτα</span> <span class='ocrx_word' id='word_1_836' title='bbox 3484 5407 3497 5427; x_wconf 84' lang='grc'><strong>,</strong></span> <span class='ocrx_word' id='word_1_837' title='bbox 3533 5367 3678 5427; x_wconf 78' lang='grc' dir='ltr'>ζέων</span> 
     </span>
    </p>
   </div>
   <div class='ocr_carea' id='block_1_111' title="bbox 2108 5453 3675 5529">
    <p class='ocr_par' dir='ltr' id='par_1_111' title="bbox 2108 5453 3675 5529">
     <span class='ocr_line' id='line_1_112' title="bbox 2108 5453 3675 5529; baseline 0.001 -21"><span class='ocrx_word' id='word_1_838' title='bbox 2108 5455 2200 5508; x_wconf 78' lang='grc' dir='ltr'>καὶ</span> <span class='ocrx_word' id='word_1_839' title='bbox 2235 5456 2597 5525; x_wconf 84' lang='grc' dir='ltr'>βραττόμενος</span> <span class='ocrx_word' id='word_1_840' title='bbox 2624 5473 2638 5490; x_wconf 77' lang='grc' dir='ltr'><strong><em>ο</em></strong></span> <span class='ocrx_word' id='word_1_841' title='bbox 2669 5461 2763 5511; x_wconf 75' lang='grc' dir='ltr'>καὶ</span> <span class='ocrx_word' id='word_1_842' title='bbox 2792 5459 2851 5511; x_wconf 72' lang='grc' dir='ltr'><strong>τὸ</strong></span> <span class='ocrx_word' id='word_1_843' title='bbox 2888 5458 3107 5529; x_wconf 77' lang='grc' dir='ltr'>βράσμα</span> <span class='ocrx_word' id='word_1_844' title='bbox 3138 5453 3203 5528; x_wconf 76' lang='grc' dir='ltr'>ἦν</span> <span class='ocrx_word' id='word_1_845' title='bbox 3233 5459 3344 5520; x_wconf 88' lang='grc' dir='ltr'><strong>τοίς</strong></span> <span class='ocrx_word' id='word_1_846' title='bbox 3375 5457 3675 5526; x_wconf 79' lang='grc' dir='ltr'>προσιεμέ-</span> 
     </span>
    </p>
   </div>
   <div class='ocr_carea' id='block_1_112' title="bbox 2106 5547 3675 5619">
    <p class='ocr_par' dir='ltr' id='par_1_112' title="bbox 2106 5547 3675 5619">
     <span class='ocr_line' id='line_1_113' title="bbox 2106 5547 3675 5619; baseline 0.001 -21"><span class='ocrx_word' id='word_1_847' title='bbox 2106 5556 2216 5606; x_wconf 84' lang='grc' dir='ltr'>νοις</span> <span class='ocrx_word' id='word_1_848' title='bbox 2241 5547 2379 5600; x_wconf 83' lang='grc' dir='ltr'><strong>καθά</strong></span> <span class='ocrx_word' id='word_1_849' title='bbox 2404 5548 2496 5600; x_wconf 87' lang='grc' dir='ltr'><strong>καί</strong></span> <span class='ocrx_word' id='word_1_850' title='bbox 2517 5566 2568 5602; x_wconf 90' lang='grc' dir='ltr'><strong>τι</strong></span> <span class='ocrx_word' id='word_1_851' title='bbox 2593 5550 2869 5619; x_wconf 78' lang='grc' dir='ltr'>ἐμὸόημα,</span> <span class='ocrx_word' id='word_1_852' title='bbox 2898 5550 2989 5601; x_wconf 77' lang='grc' dir='ltr'><strong>καὶ</strong></span> <span class='ocrx_word' id='word_1_853' title='bbox 3015 5549 3212 5618; x_wconf 85' lang='grc' dir='ltr'>ἀπειλὴ</span> <span class='ocrx_word' id='word_1_854' title='bbox 3237 5549 3351 5616; x_wconf 83' lang='grc' dir='ltr'>βίου</span> <span class='ocrx_word' id='word_1_855' title='bbox 3379 5548 3675 5614; x_wconf 81' lang='grc' dir='ltr'>ὑπεξαγω-</span> 
     </span>
    </p>
   </div>
   <div class='ocr_carea' id='block_1_113' title="bbox 2105 5637 3675 5710">
    <p class='ocr_par' dir='ltr' id='par_1_113' title="bbox 2105 5637 3675 5710">
     <span class='ocr_line' id='line_1_114' title="bbox 2105 5637 3675 5710; baseline 0 -19"><span class='ocrx_word' id='word_1_856' title='bbox 2105 5639 2228 5708; x_wconf 80' lang='grc' dir='ltr'>γῆς.</span> <span class='ocrx_word' id='word_1_857' title='bbox 2267 5640 2328 5691; x_wconf 74' lang='lat' dir='ltr'><strong>Oi</strong></span> <span class='ocrx_word' id='word_1_858' title='bbox 2365 5640 2470 5710; x_wconf 74' lang='grc' dir='ltr'><strong>γὰρ</strong></span> <span class='ocrx_word' id='word_1_859' title='bbox 2504 5640 2692 5694; x_wconf 84' lang='grc' dir='ltr'>τούτου</span> <span class='ocrx_word' id='word_1_860' title='bbox 2735 5640 3246 5710; x_wconf 80' lang='grc' dir='ltr'>ὑποπιμπλάμενοι,</span> <span class='ocrx_word' id='word_1_861' title='bbox 3283 5637 3402 5693; x_wconf 82' lang='grc' dir='ltr'>εἶτα</span> <span class='ocrx_word' id='word_1_862' title='bbox 3441 5641 3534 5692; x_wconf 77' lang='grc' dir='ltr'><strong>τοῦ</strong></span> <span class='ocrx_word' id='word_1_863' title='bbox 3570 5642 3675 5708; x_wconf 81' lang='grc' dir='ltr'>τῆς</span> 
     </span>
    </p>
   </div>
   <div class='ocr_carea' id='block_1_114' title="bbox 2105 5727 3676 5800">
    <p class='ocr_par' dir='ltr' id='par_1_114' title="bbox 2105 5727 3676 5800">
     <span class='ocr_line' id='line_1_115' title="bbox 2105 5727 3676 5800; baseline 0.002 -22"><span class='ocrx_word' id='word_1_864' title='bbox 2105 5727 2276 5797; x_wconf 85' lang='grc' dir='ltr'>λήθης</span> <span class='ocrx_word' id='word_1_865' title='bbox 2314 5727 2495 5781; x_wconf 72' lang='grc' dir='ltr'>ἔπινον</span> <span class='ocrx_word' id='word_1_866' title='bbox 2531 5731 2800 5800; x_wconf 76' lang='grc' dir='ltr'>πόματος,</span> <span class='ocrx_word' id='word_1_867' title='bbox 2837 5731 2864 5783; x_wconf 82' lang='grc' dir='ltr'><strong>ὃ</strong></span> <span class='ocrx_word' id='word_1_868' title='bbox 2905 5731 3132 5792; x_wconf 80' lang='grc' dir='ltr'>θάνατος</span> <span class='ocrx_word' id='word_1_869' title='bbox 3174 5731 3427 5799; x_wconf 83' lang='grc' dir='ltr'>οίνοχοεῖ,</span> <span class='ocrx_word' id='word_1_870' title='bbox 3462 5728 3522 5780; x_wconf 84' lang='grc' dir='ltr'><strong>ού</strong></span> <span class='ocrx_word' id='word_1_871' title='bbox 3558 5732 3676 5794; x_wconf 62' lang='grc' dir='ltr'>τοῖς</span> 
     </span>
    </p>
   </div>
   <div class='ocr_carea' id='block_1_115' title="bbox 2114 5819 3671 5892">
    <p class='ocr_par' dir='ltr' id='par_1_115' title="bbox 2114 5819 3671 5892">
     <span class='ocr_line' id='line_1_116' title="bbox 2114 5819 3671 5892; baseline 0.002 -22"><span class='ocrx_word' id='word_1_872' title='bbox 2114 5819 2396 5889; x_wconf 59' lang='grc' dir='ltr'>ἡμετέροις</span> <span class='ocrx_word' id='word_1_873' title='bbox 2429 5821 2627 5890; x_wconf 77' lang='grc' dir='ltr'>μόνοις,</span> <span class='ocrx_word' id='word_1_874' title='bbox 2655 5821 2768 5876; x_wconf 85' lang='grc' dir='ltr'>ἀλλ’</span> <span class='ocrx_word' id='word_1_875' title='bbox 2801 5821 2862 5892; x_wconf 67' lang='grc' dir='ltr'>(δ</span> <span class='ocrx_word' id='word_1_876' title='bbox 2897 5823 2986 5874; x_wconf 75' lang='grc' dir='ltr'>καὶ</span> <span class='ocrx_word' id='word_1_877' title='bbox 3018 5822 3304 5890; x_wconf 54' lang='grc' dir='ltr'>προτέρων</span> <span class='ocrx_word' id='word_1_878' title='bbox 3330 5821 3408 5888; x_wconf 80' lang='grc' dir='ltr'>τῷ</span> <span class='ocrx_word' id='word_1_879' title='bbox 3436 5819 3671 5888; x_wconf 84' lang='grc' dir='ltr'>στόματι</span> 
     </span>
    </p>
   </div>
  </div>
