  <div class='ocr_page' id='page_1' title='image "/cluster/home/n/w/nwhite01/storage/ocr_20150623/136/hvd.32044019208305/074.png"; bbox 0 0 3968 6564; ppageno 0'>
   <div class='ocr_carea' id='block_1_1' title="bbox 270 395 367 460">
    <p class='ocr_par' dir='ltr' id='par_1_1' title="bbox 270 395 367 460">
     <span class='ocr_line' id='line_1_1' title="bbox 270 395 367 460; baseline 0.021 -2"><span class='ocrx_word' id='word_1_1' title='bbox 270 395 367 460; x_wconf 71' lang='lat'><strong>133</strong></span> 
     </span>
    </p>
   </div>
   <div class='ocr_carea' id='block_1_2' title="bbox 1016 400 2684 475">
    <p class='ocr_par' dir='ltr' id='par_1_2' title="bbox 1016 400 2684 475">
     <span class='ocr_line' id='line_1_2' title="bbox 1016 400 2684 475; baseline 0.01 -16"><span class='ocrx_word' id='word_1_2' title='bbox 1016 400 1113 460; x_wconf 86' lang='lat' dir='ltr'><strong>DE</strong></span> <span class='ocrx_word' id='word_1_3' title='bbox 1139 401 1708 467; x_wconf 79' lang='lat' dir='ltr'><strong>THESSALONICA</strong></span> <span class='ocrx_word' id='word_1_4' title='bbox 1748 407 1954 470; x_wconf 80' lang='lat' dir='ltr'><strong>URBE</strong></span> <span class='ocrx_word' id='word_1_5' title='bbox 1996 412 2042 471; x_wconf 85' lang='lat' dir='ltr'><strong>A</strong></span> <span class='ocrx_word' id='word_1_6' title='bbox 2082 410 2392 473; x_wconf 83' lang='lat' dir='ltr'><strong>LATINIS</strong></span> <span class='ocrx_word' id='word_1_7' title='bbox 2429 413 2684 475; x_wconf 74' lang='lat' dir='ltr'><strong>CAPTA.</strong></span> 
     </span>
    </p>
   </div>
   <div class='ocr_carea' id='block_1_3' title="bbox 3413 404 3514 470">
    <p class='ocr_par' dir='ltr' id='par_1_3' title="bbox 3413 404 3514 470">
     <span class='ocr_line' id='line_1_3' title="bbox 3413 404 3514 470; baseline 0.02 -2"><span class='ocrx_word' id='word_1_8' title='bbox 3413 404 3514 470; x_wconf 77' lang='grc'><strong>134</strong></span> 
     </span>
    </p>
   </div>
   <div class='ocr_carea' id='block_1_4' title="bbox 267 517 1843 596">
    <p class='ocr_par' dir='ltr' id='par_1_4' title="bbox 267 517 1836 594">
     <span class='ocr_line' id='line_1_4' title="bbox 267 517 1836 594; baseline 0.004 -22"><span class='ocrx_word' id='word_1_9' title='bbox 267 517 472 591; x_wconf 82' lang='grc' dir='ltr'>χαίρω)</span> <span class='ocrx_word' id='word_1_10' title='bbox 500 519 596 574; x_wconf 83' lang='grc' dir='ltr'>καὶ</span> <span class='ocrx_word' id='word_1_11' title='bbox 633 519 870 589; x_wconf 78' lang='grc' dir='ltr'>μάλιστα</span> <span class='ocrx_word' id='word_1_12' title='bbox 902 521 1012 584; x_wconf 88' lang='grc' dir='ltr'>τοῖς</span> <span class='ocrx_word' id='word_1_13' title='bbox 1043 521 1295 584; x_wconf 78' lang='grc' dir='ltr'><strong>Λατίνοις</strong></span> <span class='ocrx_word' id='word_1_14' title='bbox 1317 540 1332 554; x_wconf 68' lang='grc' dir='ltr'>θ</span> <span class='ocrx_word' id='word_1_15' title='bbox 1361 518 1443 586; x_wconf 74' lang='grc' dir='ltr'>οἷς</span> <span class='ocrx_word' id='word_1_16' title='bbox 1481 525 1622 594; x_wconf 85' lang='grc' dir='ltr'>μέγα</span> <span class='ocrx_word' id='word_1_17' title='bbox 1654 543 1706 578; x_wconf 85' lang='grc' dir='ltr'><strong>τι</strong></span> <span class='ocrx_word' id='word_1_18' title='bbox 1744 544 1836 579; x_wconf 76' lang='grc' dir='ltr'>κα-</span> 
     </span>
    </p>
   </div>
   <div class='ocr_carea' id='block_1_5' title="bbox 1951 517 3516 596">
    <p class='ocr_par' dir='ltr' id='par_1_5' title="bbox 1953 522 3516 596">
     <span class='ocr_line' id='line_1_5' title="bbox 1953 522 3516 596; baseline -0.001 -17"><span class='ocrx_word' id='word_1_19' title='bbox 1953 525 2143 596; x_wconf 89' lang='lat' dir='ltr'><strong>phoris</strong></span> <span class='ocrx_word' id='word_1_20' title='bbox 2172 528 2578 583; x_wconf 83' lang='lat' dir='ltr'><strong>delitescerent.</strong></span> <span class='ocrx_word' id='word_1_21' title='bbox 2604 527 2712 582; x_wconf 81' lang='lat' dir='ltr'><strong>Nos</strong></span> <span class='ocrx_word' id='word_1_22' title='bbox 2756 525 2976 596; x_wconf 85' lang='lat' dir='ltr'><strong>quidem</strong></span> <span class='ocrx_word' id='word_1_23' title='bbox 3000 522 3126 577; x_wconf 88' lang='lat' dir='ltr'><strong>huic</strong></span> <span class='ocrx_word' id='word_1_24' title='bbox 3145 525 3272 577; x_wconf 84' lang='lat' dir='ltr'><strong>vino</strong></span> <span class='ocrx_word' id='word_1_25' title='bbox 3306 523 3516 578; x_wconf 76' lang='lat' dir='ltr'><strong>fervido</strong></span> 
     </span>
    </p>
   </div>
   <div class='ocr_carea' id='block_1_6' title="bbox 267 617 1830 688">
    <p class='ocr_par' dir='ltr' id='par_1_6' title="bbox 267 617 1830 688">
     <span class='ocr_line' id='line_1_6' title="bbox 267 617 1830 688; baseline 0.001 -19"><span class='ocrx_word' id='word_1_26' title='bbox 267 619 350 670; x_wconf 84' lang='grc' dir='ltr'><strong>λδν</strong></span> <span class='ocrx_word' id='word_1_27' title='bbox 375 617 539 681; x_wconf 76' lang='grc' dir='ltr'>αὐτὸς</span> <span class='ocrx_word' id='word_1_28' title='bbox 567 618 839 688; x_wconf 78' lang='grc' dir='ltr'>ἐκρίνετο,</span> <span class='ocrx_word' id='word_1_29' title='bbox 867 617 982 687; x_wconf 75' lang='grc' dir='ltr'><strong>ἅμα</strong></span> <span class='ocrx_word' id='word_1_30' title='bbox 1011 617 1324 681; x_wconf 77' lang='grc' dir='ltr'>ἐκπιέζουσι</span> <span class='ocrx_word' id='word_1_31' title='bbox 1351 619 1506 686; x_wconf 77' lang='grc' dir='ltr'>χερσὶ</span> <span class='ocrx_word' id='word_1_32' title='bbox 1535 617 1830 686; x_wconf 61' lang='grc' dir='ltr'>σταφυλὰς,</span> 
     </span>
    </p>
   </div>
   <div class='ocr_carea' id='block_1_7' title="bbox 267 707 1838 777">
    <p class='ocr_par' dir='ltr' id='par_1_7' title="bbox 267 707 1838 777">
     <span class='ocr_line' id='line_1_7' title="bbox 267 707 1838 777; baseline 0 -17"><span class='ocrx_word' id='word_1_33' title='bbox 267 709 356 760; x_wconf 74' lang='grc' dir='ltr'>καὶ</span> <span class='ocrx_word' id='word_1_34' title='bbox 386 707 616 777; x_wconf 70' lang='grc' dir='ltr'>ροφοῦσι</span> <span class='ocrx_word' id='word_1_35' title='bbox 644 707 836 777; x_wconf 80' lang='grc' dir='ltr'>χανδὸν</span> <span class='ocrx_word' id='word_1_36' title='bbox 861 707 922 759; x_wconf 79' lang='grc' dir='ltr'><strong>τὸ</strong></span> <span class='ocrx_word' id='word_1_37' title='bbox 951 707 1288 767; x_wconf 73' lang='grc' dir='ltr'>νεόθλιτττον.</span> <span class='ocrx_word' id='word_1_38' title='bbox 1319 707 1404 760; x_wconf 82' lang='grc' dir='ltr'>ἵνα</span> <span class='ocrx_word' id='word_1_39' title='bbox 1436 707 1570 775; x_wconf 82' lang='grc' dir='ltr'>μηδὲ</span> <span class='ocrx_word' id='word_1_40' title='bbox 1598 710 1717 770; x_wconf 84' lang='grc' dir='ltr'>ταῖς</span> <span class='ocrx_word' id='word_1_41' title='bbox 1747 708 1838 760; x_wconf 86' lang='grc' dir='ltr'>λα·-</span> 
     </span>
    </p>
   </div>
   <div class='ocr_carea' id='block_1_8' title="bbox 267 796 1838 867">
    <p class='ocr_par' dir='ltr' id='par_1_8' title="bbox 267 796 1838 867">
     <span class='ocr_line' id='line_1_8' title="bbox 267 796 1838 867; baseline -0.001 -18"><span class='ocrx_word' id='word_1_42' title='bbox 267 796 447 864; x_wconf 79' lang='grc' dir='ltr'>γύνοις</span> <span class='ocrx_word' id='word_1_43' title='bbox 481 797 755 866; x_wconf 77' lang='grc' dir='ltr'><strong>πρωτείου</strong></span> <span class='ocrx_word' id='word_1_44' title='bbox 789 796 1055 865; x_wconf 80' lang='grc' dir='ltr'><strong>ὑποδοχῆς</strong></span> <span class='ocrx_word' id='word_1_45' title='bbox 1088 798 1464 867; x_wconf 77' lang='grc' dir='ltr'>ὲκχωρήσωσι.</span> <span class='ocrx_word' id='word_1_46' title='bbox 1497 798 1603 851; x_wconf 78' lang='grc' dir='ltr'>Καὶ</span> <span class='ocrx_word' id='word_1_47' title='bbox 1629 797 1838 866; x_wconf 81' lang='grc' dir='ltr'>ὀφείλο-</span> 
     </span>
    </p>
   </div>
   <div class='ocr_carea' id='block_1_9' title="bbox 271 883 1837 959">
    <p class='ocr_par' dir='ltr' id='par_1_9' title="bbox 271 883 1837 959">
     <span class='ocr_line' id='line_1_9' title="bbox 271 883 1837 959; baseline 0.003 -21"><span class='ocrx_word' id='word_1_48' title='bbox 271 905 366 956; x_wconf 83' lang='grc' dir='ltr'><strong>μεν</strong></span> <span class='ocrx_word' id='word_1_49' title='bbox 396 889 559 956; x_wconf 76' lang='grc' dir='ltr'>ἡμεῖς</span> <span class='ocrx_word' id='word_1_50' title='bbox 589 887 669 957; x_wconf 80' lang='grc' dir='ltr'>τῷ</span> <span class='ocrx_word' id='word_1_51' title='bbox 697 889 924 958; x_wconf 83' lang='grc' dir='ltr'><strong>τοιούτῳ</strong></span> <span class='ocrx_word' id='word_1_52' title='bbox 959 888 1270 958; x_wconf 74' lang='grc' dir='ltr'>βρασματία</span> <span class='ocrx_word' id='word_1_53' title='bbox 1301 888 1428 958; x_wconf 86' lang='grc' dir='ltr'>οίνῳ</span> <span class='ocrx_word' id='word_1_54' title='bbox 1459 889 1719 959; x_wconf 84' lang='grc' dir='ltr'>χάριτας,</span> <span class='ocrx_word' id='word_1_55' title='bbox 1750 883 1837 942; x_wconf 76' lang='grc' dir='ltr'>οἶα</span> 
     </span>
    </p>
   </div>
   <div class='ocr_carea' id='block_1_10' title="bbox 270 977 1838 1048">
    <p class='ocr_par' dir='ltr' id='par_1_10' title="bbox 270 977 1838 1048">
     <span class='ocr_line' id='line_1_10' title="bbox 270 977 1838 1048; baseline 0.003 -20"><span class='ocrx_word' id='word_1_56' title='bbox 270 977 821 1048; x_wconf 80' lang='grc' dir='ltr'>προσεταιρισαμένῳ</span> <span class='ocrx_word' id='word_1_57' title='bbox 864 979 1006 1030; x_wconf 75' lang='grc' dir='ltr'>κατὰ</span> <span class='ocrx_word' id='word_1_58' title='bbox 1044 978 1288 1030; x_wconf 78' lang='grc' dir='ltr'><strong>Λατίνων</strong></span> <span class='ocrx_word' id='word_1_59' title='bbox 1331 979 1424 1032; x_wconf 86' lang='grc' dir='ltr'><strong>τὸν</strong></span> <span class='ocrx_word' id='word_1_60' title='bbox 1467 979 1733 1033; x_wconf 81' lang='grc' dir='ltr'>θάνατον’</span> <span class='ocrx_word' id='word_1_61' title='bbox 1778 981 1838 1033; x_wconf 80' lang='grc' dir='ltr'>ὃν</span> 
     </span>
    </p>
   </div>
   <div class='ocr_carea' id='block_1_11' title="bbox 270 1065 1842 1138">
    <p class='ocr_par' dir='ltr' id='par_1_11' title="bbox 270 1065 1842 1138">
     <span class='ocr_line' id='line_1_11' title="bbox 270 1065 1842 1138; baseline 0.003 -18"><span class='ocrx_word' id='word_1_62' title='bbox 270 1066 585 1136; x_wconf 74' lang='grc' dir='ltr'>ὲπιὶνερυνεν</span> <span class='ocrx_word' id='word_1_63' title='bbox 615 1068 799 1129; x_wconf 82' lang='grc' dir='ltr'>αὐτοῖς</span> <span class='ocrx_word' id='word_1_64' title='bbox 828 1067 922 1121; x_wconf 76' lang='grc' dir='ltr'>καὶ</span> <span class='ocrx_word' id='word_1_65' title='bbox 948 1069 1017 1120; x_wconf 81' lang='grc' dir='ltr'>τὰ</span> <span class='ocrx_word' id='word_1_66' title='bbox 1049 1065 1170 1120; x_wconf 82' lang='grc' dir='ltr'>ὕεια</span> <span class='ocrx_word' id='word_1_67' title='bbox 1201 1067 1337 1138; x_wconf 82' lang='grc' dir='ltr'>κρέα</span> <span class='ocrx_word' id='word_1_68' title='bbox 1357 1111 1373 1133; x_wconf 89' lang='grc'><strong>,</strong></span> <span class='ocrx_word' id='word_1_69' title='bbox 1403 1065 1483 1132; x_wconf 74' lang='grc' dir='ltr'>οἷς</span> <span class='ocrx_word' id='word_1_70' title='bbox 1514 1072 1612 1134; x_wconf 81' lang='grc' dir='ltr'>τὰς</span> <span class='ocrx_word' id='word_1_71' title='bbox 1642 1072 1842 1137; x_wconf 80' lang='grc' dir='ltr'>γαστέ-</span> 
     </span>
    </p>
   </div>
   <div class='ocr_carea' id='block_1_12' title="bbox 273 1158 1845 1231">
    <p class='ocr_par' dir='ltr' id='par_1_12' title="bbox 273 1158 1845 1231">
     <span class='ocr_line' id='line_1_12' title="bbox 273 1158 1845 1231; baseline 0.002 -20"><span class='ocrx_word' id='word_1_72' title='bbox 273 1177 368 1230; x_wconf 88' lang='grc' dir='ltr'><strong>ρας</strong></span> <span class='ocrx_word' id='word_1_73' title='bbox 398 1158 701 1227; x_wconf 81' lang='grc' dir='ltr'>πλησμίως</span> <span class='ocrx_word' id='word_1_74' title='bbox 728 1158 950 1211; x_wconf 73' lang='grc' dir='ltr'>ἔσαττον</span> <span class='ocrx_word' id='word_1_75' title='bbox 969 1175 982 1189; x_wconf 90' lang='grc'><strong>·</strong></span> <span class='ocrx_word' id='word_1_76' title='bbox 1016 1158 1159 1212; x_wconf 80' lang='grc' dir='ltr'>οὕτω</span> <span class='ocrx_word' id='word_1_77' title='bbox 1187 1160 1242 1213; x_wconf 81' lang='grc' dir='ltr'>δὲ</span> <span class='ocrx_word' id='word_1_78' title='bbox 1272 1163 1365 1215; x_wconf 76' lang='grc' dir='ltr'>καὶ</span> <span class='ocrx_word' id='word_1_79' title='bbox 1393 1161 1458 1214; x_wconf 81' lang='grc' dir='ltr'>τὰ</span> <span class='ocrx_word' id='word_1_80' title='bbox 1489 1163 1551 1215; x_wconf 83' lang='grc' dir='ltr'>ὲκ</span> <span class='ocrx_word' id='word_1_81' title='bbox 1584 1161 1723 1231; x_wconf 85' lang='grc' dir='ltr'>βοῶν</span> <span class='ocrx_word' id='word_1_82' title='bbox 1752 1163 1845 1215; x_wconf 73' lang='grc' dir='ltr'><strong>καὶ</strong></span> 
     </span>
    </p>
   </div>
   <div class='ocr_carea' id='block_1_13' title="bbox 269 1245 1847 1323">
    <p class='ocr_par' dir='ltr' id='par_1_13' title="bbox 269 1245 1847 1323">
     <span class='ocr_line' id='line_1_13' title="bbox 269 1245 1847 1323; baseline 0.002 -19"><span class='ocrx_word' id='word_1_83' title='bbox 269 1254 336 1304; x_wconf 70' lang='grc' dir='ltr'>τὰ</span> <span class='ocrx_word' id='word_1_84' title='bbox 374 1251 520 1305; x_wconf 80' lang='grc' dir='ltr'>καλὰ</span> <span class='ocrx_word' id='word_1_85' title='bbox 563 1251 815 1320; x_wconf 85' lang='grc' dir='ltr'>σκόροδα,</span> <span class='ocrx_word' id='word_1_86' title='bbox 856 1250 922 1304; x_wconf 85' lang='grc' dir='ltr'>δι’</span> <span class='ocrx_word' id='word_1_87' title='bbox 949 1245 1025 1305; x_wconf 85' lang='grc' dir='ltr'><strong>ῶν</strong></span> <span class='ocrx_word' id='word_1_88' title='bbox 1065 1251 1094 1302; x_wconf 79' lang='grc' dir='ltr'><strong>ὁ</strong></span> <span class='ocrx_word' id='word_1_89' title='bbox 1137 1252 1260 1306; x_wconf 84' lang='grc' dir='ltr'>καθ’</span> <span class='ocrx_word' id='word_1_90' title='bbox 1288 1254 1429 1323; x_wconf 79' lang='grc' dir='ltr'>ἡμᾶς</span> <span class='ocrx_word' id='word_1_91' title='bbox 1471 1254 1671 1323; x_wconf 78' lang='grc' dir='ltr'>κλῆρος</span> <span class='ocrx_word' id='word_1_92' title='bbox 1713 1253 1847 1308; x_wconf 66' lang='grc' dir='ltr'><strong>ἐσώ-</strong></span> 
     </span>
    </p>
   </div>
   <div class='ocr_carea' id='block_1_14' title="bbox 271 1340 1845 1412">
    <p class='ocr_par' dir='ltr' id='par_1_14' title="bbox 271 1340 1845 1412">
     <span class='ocr_line' id='line_1_14' title="bbox 271 1340 1845 1412; baseline 0.002 -19"><span class='ocrx_word' id='word_1_93' title='bbox 271 1342 414 1405; x_wconf 80' lang='grc' dir='ltr'>ζετο,</span> <span class='ocrx_word' id='word_1_94' title='bbox 440 1340 808 1409; x_wconf 75' lang='grc' dir='ltr'>καταψάλλων</span> <span class='ocrx_word' id='word_1_95' title='bbox 833 1342 925 1393; x_wconf 76' lang='grc' dir='ltr'><strong>καὶ</strong></span> <span class='ocrx_word' id='word_1_96' title='bbox 953 1341 1351 1411; x_wconf 83' lang='grc' dir='ltr'>καρπιζόμενος</span> <span class='ocrx_word' id='word_1_97' title='bbox 1376 1343 1444 1396; x_wconf 81' lang='grc' dir='ltr'>τὰ</span> <span class='ocrx_word' id='word_1_98' title='bbox 1469 1343 1525 1403; x_wconf 79' lang='grc' dir='ltr'><strong>ἐς</strong></span> <span class='ocrx_word' id='word_1_99' title='bbox 1553 1343 1721 1412; x_wconf 73' lang='grc' dir='ltr'>ζωὴν,</span> <span class='ocrx_word' id='word_1_100' title='bbox 1752 1345 1845 1396; x_wconf 81' lang='grc' dir='ltr'>καὶ</span> 
     </span>
    </p>
   </div>
   <div class='ocr_carea' id='block_1_15' title="bbox 1943 616 3509 688">
    <p class='ocr_par' dir='ltr' id='par_1_15' title="bbox 1943 616 3509 688">
     <span class='ocr_line' id='line_1_15' title="bbox 1943 616 3509 688; baseline -0.001 -16"><span class='ocrx_word' id='word_1_101' title='bbox 1943 619 2146 688; x_wconf 79' lang='lat' dir='ltr'><strong>gratias</strong></span> <span class='ocrx_word' id='word_1_102' title='bbox 2171 621 2240 675; x_wconf 89' lang='lat' dir='ltr'><strong>ob</strong></span> <span class='ocrx_word' id='word_1_103' title='bbox 2262 622 2315 675; x_wconf 90' lang='lat' dir='ltr'><strong>id</strong></span> <span class='ocrx_word' id='word_1_104' title='bbox 2347 621 2629 685; x_wconf 83' lang='lat' dir='ltr'><strong>debemus,</strong></span> <span class='ocrx_word' id='word_1_105' title='bbox 2664 621 2806 688; x_wconf 88' lang='lat' dir='ltr'><strong>quod</strong></span> <span class='ocrx_word' id='word_1_106' title='bbox 2829 619 3042 675; x_wconf 78' lang='lat' dir='ltr'><strong>Latinis</strong></span> <span class='ocrx_word' id='word_1_107' title='bbox 3070 626 3296 670; x_wconf 89' lang='lat' dir='ltr'><strong>mortem</strong></span> <span class='ocrx_word' id='word_1_108' title='bbox 3333 616 3509 683; x_wconf 84' lang='lat' dir='ltr'><strong>dedit,</strong></span> 
     </span>
    </p>
   </div>
   <div class='ocr_carea' id='block_1_16' title="bbox 1945 707 3514 782">
    <p class='ocr_par' dir='ltr' id='par_1_16' title="bbox 1945 707 3514 782">
     <span class='ocr_line' id='line_1_16' title="bbox 1945 707 3514 782; baseline -0.001 -18"><span class='ocrx_word' id='word_1_109' title='bbox 1945 710 2103 764; x_wconf 89' lang='lat' dir='ltr'><strong>simul</strong></span> <span class='ocrx_word' id='word_1_110' title='bbox 2140 726 2264 764; x_wconf 88' lang='lat' dir='ltr'><strong>cunt</strong></span> <span class='ocrx_word' id='word_1_111' title='bbox 2296 727 2460 766; x_wconf 89' lang='lat' dir='ltr'><strong>carne</strong></span> <span class='ocrx_word' id='word_1_112' title='bbox 2507 712 2751 780; x_wconf 87' lang='lat' dir='ltr'><strong>porcina,</strong></span> <span class='ocrx_word' id='word_1_113' title='bbox 2777 711 2976 782; x_wconf 85' lang='lat' dir='ltr'><strong>quibus</strong></span> <span class='ocrx_word' id='word_1_114' title='bbox 3007 721 3246 763; x_wconf 88' lang='lat' dir='ltr'><strong>ventrem</strong></span> <span class='ocrx_word' id='word_1_115' title='bbox 3288 707 3514 763; x_wconf 86' lang='lat' dir='ltr'><strong>iufersc-</strong></span> 
     </span>
    </p>
   </div>
   <div class='ocr_carea' id='block_1_17' title="bbox 1945 800 3515 872">
    <p class='ocr_par' dir='ltr' id='par_1_17' title="bbox 1945 800 3515 872">
     <span class='ocr_line' id='line_1_17' title="bbox 1945 800 3515 872; baseline 0 -20"><span class='ocrx_word' id='word_1_116' title='bbox 1945 807 2097 862; x_wconf 89' lang='lat' dir='ltr'><strong>runt,</strong></span> <span class='ocrx_word' id='word_1_117' title='bbox 2130 810 2191 855; x_wconf 91' lang='lat' dir='ltr'><strong>ut</strong></span> <span class='ocrx_word' id='word_1_118' title='bbox 2236 811 2291 856; x_wconf 91' lang='lat' dir='ltr'><strong>et</strong></span> <span class='ocrx_word' id='word_1_119' title='bbox 2321 802 2540 858; x_wconf 84' lang='lat' dir='ltr'><strong>bubulis</strong></span> <span class='ocrx_word' id='word_1_120' title='bbox 2579 813 2634 858; x_wconf 89' lang='lat' dir='ltr'><strong>et</strong></span> <span class='ocrx_word' id='word_1_121' title='bbox 2669 803 2834 866; x_wconf 86' lang='lat' dir='ltr'><strong>alliis,</strong></span> <span class='ocrx_word' id='word_1_122' title='bbox 2861 801 3061 872; x_wconf 86' lang='lat' dir='ltr'><strong>quibus</strong></span> <span class='ocrx_word' id='word_1_123' title='bbox 3111 800 3290 854; x_wconf 90' lang='lat' dir='ltr'><strong>clerus</strong></span> <span class='ocrx_word' id='word_1_124' title='bbox 3324 806 3515 853; x_wconf 82' lang='lat' dir='ltr'><strong>noster</strong></span> 
     </span>
    </p>
   </div>
   <div class='ocr_carea' id='block_1_18' title="bbox 1944 891 3512 964">
    <p class='ocr_par' dir='ltr' id='par_1_18' title="bbox 1944 891 3512 964">
     <span class='ocr_line' id='line_1_18' title="bbox 1944 891 3512 964; baseline -0.001 -19"><span class='ocrx_word' id='word_1_125' title='bbox 1944 892 2091 948; x_wconf 89' lang='lat' dir='ltr'><strong>inter</strong></span> <span class='ocrx_word' id='word_1_126' title='bbox 2119 894 2460 963; x_wconf 89' lang='lat' dir='ltr'><strong>psallendum</strong></span> <span class='ocrx_word' id='word_1_127' title='bbox 2506 906 2560 951; x_wconf 92' lang='lat' dir='ltr'><strong>et</strong></span> <span class='ocrx_word' id='word_1_128' title='bbox 2597 896 2799 950; x_wconf 88' lang='lat' dir='ltr'><strong>victum</strong></span> <span class='ocrx_word' id='word_1_129' title='bbox 2837 893 3129 964; x_wconf 72' lang='lat' dir='ltr'><strong>quterendo</strong></span> <span class='ocrx_word' id='word_1_130' title='bbox 3161 891 3512 948; x_wconf 81' lang='lat' dir='ltr'><strong>sustentaba-</strong></span> 
     </span>
    </p>
   </div>
   <div class='ocr_carea' id='block_1_19' title="bbox 1947 986 3517 1058">
    <p class='ocr_par' dir='ltr' id='par_1_19' title="bbox 1947 986 3517 1058">
     <span class='ocr_line' id='line_1_19' title="bbox 1947 986 3517 1058; baseline 0 -21"><span class='ocrx_word' id='word_1_131' title='bbox 1947 991 2057 1049; x_wconf 89' lang='lat' dir='ltr'><strong>tttr,</strong></span> <span class='ocrx_word' id='word_1_132' title='bbox 2085 993 2137 1039; x_wconf 90' lang='lat' dir='ltr'><strong>et</strong></span> <span class='ocrx_word' id='word_1_133' title='bbox 2167 986 2246 1040; x_wconf 91' lang='lat' dir='ltr'><strong>sic</strong></span> <span class='ocrx_word' id='word_1_134' title='bbox 2275 986 2570 1041; x_wconf 90' lang='lat' dir='ltr'><strong>homicidia</strong></span> <span class='ocrx_word' id='word_1_135' title='bbox 2601 988 2854 1057; x_wconf 82' lang='lat' dir='ltr'><strong>puniens,</strong></span> <span class='ocrx_word' id='word_1_136' title='bbox 2876 989 3075 1058; x_wconf 85' lang='lat' dir='ltr'><strong>quibus</strong></span> <span class='ocrx_word' id='word_1_137' title='bbox 3106 987 3196 1041; x_wconf 88' lang='lat' dir='ltr'><strong>isti</strong></span> <span class='ocrx_word' id='word_1_138' title='bbox 3223 988 3274 1038; x_wconf 88' lang='lat' dir='ltr'><strong>itt</strong></span> <span class='ocrx_word' id='word_1_139' title='bbox 3302 993 3517 1039; x_wconf 86' lang='lat' dir='ltr'><strong>nostra-</strong></span> 
     </span>
    </p>
   </div>
   <div class='ocr_carea' id='block_1_20' title="bbox 1945 1075 3512 1147">
    <p class='ocr_par' dir='ltr' id='par_1_20' title="bbox 1945 1075 3512 1147">
     <span class='ocr_line' id='line_1_20' title="bbox 1945 1075 3512 1147; baseline 0.001 -21"><span class='ocrx_word' id='word_1_140' title='bbox 1945 1082 2030 1129; x_wconf 81' lang='lat' dir='ltr'><strong>tes</strong></span> <span class='ocrx_word' id='word_1_141' title='bbox 2061 1077 2374 1141; x_wconf 79' lang='lat' dir='ltr'><strong>s:evierunt,</strong></span> <span class='ocrx_word' id='word_1_142' title='bbox 2400 1077 2592 1132; x_wconf 88' lang='lat' dir='ltr'><strong>beatos</strong></span> <span class='ocrx_word' id='word_1_143' title='bbox 2616 1079 2861 1133; x_wconf 84' lang='lat' dir='ltr'><strong>dicentes</strong></span> <span class='ocrx_word' id='word_1_144' title='bbox 2890 1093 2994 1132; x_wconf 92' lang='lat' dir='ltr'><strong>non</strong></span> <span class='ocrx_word' id='word_1_145' title='bbox 3025 1078 3196 1147; x_wconf 89' lang='lat' dir='ltr'><strong>ipsos,</strong></span> <span class='ocrx_word' id='word_1_146' title='bbox 3232 1075 3326 1130; x_wconf 92' lang='lat' dir='ltr'><strong>sed</strong></span> <span class='ocrx_word' id='word_1_147' title='bbox 3365 1089 3512 1128; x_wconf 89' lang='lat' dir='ltr'><strong>mor-</strong></span> 
     </span>
    </p>
   </div>
   <div class='ocr_carea' id='block_1_21' title="bbox 1943 1166 3506 1238">
    <p class='ocr_par' dir='ltr' id='par_1_21' title="bbox 1943 1166 3506 1238">
     <span class='ocr_line' id='line_1_21' title="bbox 1943 1166 3506 1238; baseline 0.001 -19"><span class='ocrx_word' id='word_1_148' title='bbox 1943 1166 2061 1233; x_wconf 89' lang='lat' dir='ltr'><strong>bos,</strong></span> <span class='ocrx_word' id='word_1_149' title='bbox 2090 1167 2196 1220; x_wconf 91' lang='lat' dir='ltr'><strong>imo</strong></span> <span class='ocrx_word' id='word_1_150' title='bbox 2225 1177 2452 1223; x_wconf 90' lang='lat' dir='ltr'><strong>mortem</strong></span> <span class='ocrx_word' id='word_1_151' title='bbox 2479 1169 2720 1224; x_wconf 87' lang='lat' dir='ltr'><strong>Gadibus</strong></span> <span class='ocrx_word' id='word_1_152' title='bbox 2749 1171 3041 1237; x_wconf 82' lang='lat' dir='ltr'><strong>invectam,</strong></span> <span class='ocrx_word' id='word_1_153' title='bbox 3079 1169 3220 1238; x_wconf 87' lang='lat' dir='ltr'><strong>apud</strong></span> <span class='ocrx_word' id='word_1_154' title='bbox 3247 1183 3386 1238; x_wconf 89' lang='lat' dir='ltr'><strong>quos</strong></span> <span class='ocrx_word' id='word_1_155' title='bbox 3419 1167 3506 1220; x_wconf 91' lang='lat' dir='ltr'><strong>in-</strong></span> 
     </span>
    </p>
   </div>
   <div class='ocr_carea' id='block_1_22' title="bbox 1943 1253 3510 1330">
    <p class='ocr_par' dir='ltr' id='par_1_22' title="bbox 1943 1253 3510 1330">
     <span class='ocr_line' id='line_1_22' title="bbox 1943 1253 3510 1330; baseline 0.004 -23"><span class='ocrx_word' id='word_1_156' title='bbox 1943 1253 2133 1308; x_wconf 78' lang='lat' dir='ltr'><strong>fernus</strong></span> <span class='ocrx_word' id='word_1_157' title='bbox 2166 1256 2562 1325; x_wconf 90' lang='lat' dir='ltr'><strong>honorabatur,</strong></span> <span class='ocrx_word' id='word_1_158' title='bbox 2605 1260 2727 1314; x_wconf 90' lang='lat' dir='ltr'><strong>licet</strong></span> <span class='ocrx_word' id='word_1_159' title='bbox 2760 1259 2816 1314; x_wconf 88' lang='lat' dir='ltr'><strong>in</strong></span> <span class='ocrx_word' id='word_1_160' title='bbox 2843 1261 3110 1330; x_wconf 63' lang='lat' dir='ltr'><strong>tragoedia</strong></span> <span class='ocrx_word' id='word_1_161' title='bbox 3139 1274 3288 1315; x_wconf 89' lang='lat' dir='ltr'><strong>mors</strong></span> <span class='ocrx_word' id='word_1_162' title='bbox 3323 1267 3510 1329; x_wconf 79' lang='lat' dir='ltr'><strong>grates</strong></span> 
     </span>
    </p>
   </div>
   <div class='ocr_carea' id='block_1_23' title="bbox 1944 1345 2179 1413">
    <p class='ocr_par' dir='ltr' id='par_1_23' title="bbox 1944 1345 2179 1413">
     <span class='ocr_line' id='line_1_23' title="bbox 1944 1345 2179 1413; baseline 0.03 -17"><span class='ocrx_word' id='word_1_163' title='bbox 1944 1345 2179 1413; x_wconf 77' lang='lat' dir='ltr'><strong>ignoret.</strong></span> 
     </span>
    </p>
   </div>
   <div class='ocr_carea' id='block_1_24' title="bbox 273 1429 3508 1514">
    <p class='ocr_par' dir='ltr' id='par_1_24' title="bbox 273 1429 3508 1514">
     <span class='ocr_line' id='line_1_24' title="bbox 273 1429 3508 1514; baseline 0.003 -30"><span class='ocrx_word' id='word_1_164' title='bbox 273 1431 412 1485; x_wconf 77' lang='grc' dir='ltr'>οὕτω</span> <span class='ocrx_word' id='word_1_165' title='bbox 483 1433 804 1502; x_wconf 75' lang='grc' dir='ltr'>τιννύμενος</span> <span class='ocrx_word' id='word_1_166' title='bbox 860 1434 984 1495; x_wconf 78' lang='grc' dir='ltr'>τοὺς</span> <span class='ocrx_word' id='word_1_167' title='bbox 1042 1434 1259 1502; x_wconf 82' lang='grc' dir='ltr'><strong>φόνους,</strong></span> <span class='ocrx_word' id='word_1_168' title='bbox 1294 1429 1376 1497; x_wconf 75' lang='grc' dir='ltr'>οἷς</span> <span class='ocrx_word' id='word_1_169' title='bbox 1413 1437 1609 1488; x_wconf 74' lang='grc' dir='ltr'>ἐκεῖνοι</span> <span class='ocrx_word' id='word_1_170' title='bbox 1670 1433 1796 1496; x_wconf 82' lang='grc' dir='ltr'>τοὺς</span> <span class='ocrx_word' id='word_1_171' title='bbox 1829 1435 2137 1508; x_wconf 78' lang='grc' dir='ltr'>ἡμετέρους</span> <span class='ocrx_word' id='word_1_172' title='bbox 2190 1440 2504 1514; x_wconf 76' lang='grc' dir='ltr'>ἒνέρῤιψαν,</span> <span class='ocrx_word' id='word_1_173' title='bbox 2551 1442 2645 1495; x_wconf 78' lang='grc' dir='ltr'>καὶ</span> <span class='ocrx_word' id='word_1_174' title='bbox 2700 1441 3088 1514; x_wconf 73' lang='grc' dir='ltr'>μακαρίζοντες</span> <span class='ocrx_word' id='word_1_175' title='bbox 3140 1443 3241 1496; x_wconf 83' lang='grc' dir='ltr'><strong>οὐκ</strong></span> <span class='ocrx_word' id='word_1_176' title='bbox 3291 1441 3508 1507; x_wconf 79' lang='grc' dir='ltr'>αὐτοὺς,</span> 
     </span>
    </p>
   </div>
   <div class='ocr_carea' id='block_1_25' title="bbox 273 1524 3512 1607">
    <p class='ocr_par' dir='ltr' id='par_1_25' title="bbox 273 1524 3512 1607">
     <span class='ocr_line' id='line_1_25' title="bbox 273 1524 3512 1607; baseline 0.002 -29"><span class='ocrx_word' id='word_1_177' title='bbox 273 1524 408 1578; x_wconf 75' lang='grc' dir='ltr'>ἀλλὰ</span> <span class='ocrx_word' id='word_1_178' title='bbox 441 1524 545 1594; x_wconf 78' lang='grc' dir='ltr'>τὴν</span> <span class='ocrx_word' id='word_1_179' title='bbox 581 1526 768 1589; x_wconf 79' lang='grc' dir='ltr'>νόσον,</span> <span class='ocrx_word' id='word_1_180' title='bbox 805 1525 903 1596; x_wconf 70' lang='grc' dir='ltr'>ἤδη</span> <span class='ocrx_word' id='word_1_181' title='bbox 945 1526 1003 1578; x_wconf 83' lang='grc' dir='ltr'><em>δέ</em></span> <span class='ocrx_word' id='word_1_182' title='bbox 1045 1543 1148 1578; x_wconf 89' lang='grc' dir='ltr'><strong>που</strong></span> <span class='ocrx_word' id='word_1_183' title='bbox 1189 1527 1284 1580; x_wconf 74' lang='grc' dir='ltr'><strong>καὶ</strong></span> <span class='ocrx_word' id='word_1_184' title='bbox 1316 1526 1408 1578; x_wconf 79' lang='grc' dir='ltr'><strong>τὸν</strong></span> <span class='ocrx_word' id='word_1_185' title='bbox 1441 1525 1669 1580; x_wconf 86' lang='grc' dir='ltr'>θάνατον</span> <span class='ocrx_word' id='word_1_186' title='bbox 1705 1525 1847 1578; x_wconf 81' lang='grc' dir='ltr'>κατὰ</span> <span class='ocrx_word' id='word_1_187' title='bbox 1907 1529 2034 1594; x_wconf 76' lang='grc' dir='ltr'>τοὺς</span> <span class='ocrx_word' id='word_1_188' title='bbox 2068 1532 2176 1585; x_wconf 77' lang='grc' dir='ltr'>ἀπδ</span> <span class='ocrx_word' id='word_1_189' title='bbox 2210 1534 2506 1604; x_wconf 82' lang='grc' dir='ltr'><strong>Γαδείρων,</strong></span> <span class='ocrx_word' id='word_1_190' title='bbox 2538 1534 2669 1604; x_wconf 86' lang='grc' dir='ltr'>παρ’</span> <span class='ocrx_word' id='word_1_191' title='bbox 2699 1529 2780 1598; x_wconf 77' lang='grc' dir='ltr'>οἷς</span> <span class='ocrx_word' id='word_1_192' title='bbox 2827 1537 2854 1589; x_wconf 86' lang='grc' dir='ltr'><strong>ό</strong></span> <span class='ocrx_word' id='word_1_193' title='bbox 2904 1534 3039 1607; x_wconf 71' lang='grc' dir='ltr'>ᾅδης</span> <span class='ocrx_word' id='word_1_194' title='bbox 3094 1535 3439 1606; x_wconf 82' lang='grc' dir='ltr'>ὲκτετίμητο,</span> <span class='ocrx_word' id='word_1_195' title='bbox 3461 1535 3512 1586; x_wconf 83' lang='grc' dir='ltr'><strong>εί</strong></span> 
     </span>
    </p>
   </div>
   <div class='ocr_carea' id='block_1_26' title="bbox 273 1610 1885 1686">
    <p class='ocr_par' dir='ltr' id='par_1_26' title="bbox 273 1610 1885 1686">
     <span class='ocr_line' id='line_1_26' title="bbox 273 1610 1885 1686; baseline 0 -17"><span class='ocrx_word' id='word_1_196' title='bbox 273 1617 367 1670; x_wconf 71' lang='grc' dir='ltr'><strong>καὶ</strong></span> <span class='ocrx_word' id='word_1_197' title='bbox 393 1614 675 1684; x_wconf 74' lang='grc' dir='ltr'>μηδεμίαν</span> <span class='ocrx_word' id='word_1_198' title='bbox 709 1617 868 1685; x_wconf 86' lang='grc' dir='ltr'>χάριν</span> <span class='ocrx_word' id='word_1_199' title='bbox 901 1610 1010 1670; x_wconf 72' lang='grc' dir='ltr'>οἶδε</span> <span class='ocrx_word' id='word_1_200' title='bbox 1034 1615 1264 1679; x_wconf 81' lang='grc' dir='ltr'>Θάνατος</span> <span class='ocrx_word' id='word_1_201' title='bbox 1289 1616 1432 1670; x_wconf 77' lang='grc' dir='ltr'>κατὰ</span> <span class='ocrx_word' id='word_1_202' title='bbox 1465 1618 1556 1669; x_wconf 83' lang='grc' dir='ltr'><strong>τὸν</strong></span> <span class='ocrx_word' id='word_1_203' title='bbox 1585 1615 1885 1686; x_wconf 84' lang='grc' dir='ltr'>τραγῳδόν.</span> 
     </span>
    </p>
   </div>
   <div class='ocr_carea' id='block_1_27' title="bbox 342 1710 1846 1780">
    <p class='ocr_par' dir='ltr' id='par_1_27' title="bbox 342 1710 1846 1780">
     <span class='ocr_line' id='line_1_27' title="bbox 342 1710 1846 1780; baseline 0.002 -19"><span class='ocrx_word' id='word_1_204' title='bbox 342 1710 477 1776; x_wconf 71' lang='grc' dir='ltr'>ρλζθ.</span> <span class='ocrx_word' id='word_1_205' title='bbox 519 1712 628 1763; x_wconf 74' lang='grc' dir='ltr'><strong>Τὸν</strong></span> <span class='ocrx_word' id='word_1_206' title='bbox 681 1711 738 1764; x_wconf 85' lang='grc' dir='ltr'>δὲ</span> <span class='ocrx_word' id='word_1_207' title='bbox 787 1711 980 1780; x_wconf 80' lang='grc' dir='ltr'>συχνὸν</span> <span class='ocrx_word' id='word_1_208' title='bbox 1026 1710 1220 1764; x_wconf 82' lang='grc' dir='ltr'>τοῦτον</span> <span class='ocrx_word' id='word_1_209' title='bbox 1267 1713 1556 1766; x_wconf 84' lang='grc' dir='ltr'>Λατινικδν</span> <span class='ocrx_word' id='word_1_210' title='bbox 1597 1712 1846 1766; x_wconf 80' lang='grc' dir='ltr'>’θάνατον</span> 
     </span>
    </p>
   </div>
   <div class='ocr_carea' id='block_1_28' title="bbox 269 1803 1846 1874">
    <p class='ocr_par' dir='ltr' id='par_1_28' title="bbox 269 1803 1846 1874">
     <span class='ocr_line' id='line_1_28' title="bbox 269 1803 1846 1874; baseline 0.001 -18"><span class='ocrx_word' id='word_1_211' title='bbox 269 1803 431 1864; x_wconf 77' lang='grc' dir='ltr'>αὐτὸς</span> <span class='ocrx_word' id='word_1_212' title='bbox 489 1803 519 1854; x_wconf 83' lang='grc' dir='ltr'>ὁ</span> <span class='ocrx_word' id='word_1_213' title='bbox 560 1803 863 1864; x_wconf 81' lang='grc' dir='ltr'>’Δλδουῖνος</span> <span class='ocrx_word' id='word_1_214' title='bbox 915 1803 1211 1872; x_wconf 83' lang='grc' dir='ltr'>ὲτράνωσε,</span> <span class='ocrx_word' id='word_1_215' title='bbox 1252 1805 1558 1873; x_wconf 84' lang='grc' dir='ltr'>περίλυπος</span> <span class='ocrx_word' id='word_1_216' title='bbox 1604 1803 1846 1874; x_wconf 83' lang='grc' dir='ltr'>φάμενος</span> 
     </span>
    </p>
   </div>
   <div class='ocr_carea' id='block_1_29' title="bbox 2021 1717 3511 1780">
    <p class='ocr_par' dir='ltr' id='par_1_29' title="bbox 2021 1717 3511 1780">
     <span class='ocr_line' id='line_1_29' title="bbox 2021 1717 3511 1780; baseline 0.005 -10"><span class='ocrx_word' id='word_1_217' title='bbox 2021 1719 2145 1774; x_wconf 78' lang='grc'><strong>157.</strong></span> <span class='ocrx_word' id='word_1_218' title='bbox 2206 1717 2542 1778; x_wconf 87' lang='lat' dir='ltr'><strong>Numerosas</strong></span> <span class='ocrx_word' id='word_1_219' title='bbox 2607 1723 2929 1779; x_wconf 87' lang='lat' dir='ltr'><strong>Latinorum</strong></span> <span class='ocrx_word' id='word_1_220' title='bbox 2982 1732 3188 1780; x_wconf 88' lang='lat' dir='ltr'><strong>mortes</strong></span> <span class='ocrx_word' id='word_1_221' title='bbox 3237 1723 3511 1778; x_wconf 80' lang='lat' dir='ltr'><strong>Alduinus</strong></span> 
     </span>
    </p>
   </div>
   <div class='ocr_carea' id='block_1_30' title="bbox 1946 1809 3511 1886">
    <p class='ocr_par' dir='ltr' id='par_1_30' title="bbox 1946 1809 3511 1886">
     <span class='ocr_line' id='line_1_30' title="bbox 1946 1809 3511 1886; baseline 0.003 -23"><span class='ocrx_word' id='word_1_222' title='bbox 1946 1809 2147 1865; x_wconf 86' lang='lat' dir='ltr'><strong>diserte</strong></span> <span class='ocrx_word' id='word_1_223' title='bbox 2183 1813 2446 1879; x_wconf 87' lang='lat' dir='ltr'><strong>narravit,</strong></span> <span class='ocrx_word' id='word_1_224' title='bbox 2475 1825 2670 1870; x_wconf 72' lang='lat' dir='ltr'><strong>mmsto</strong></span> <span class='ocrx_word' id='word_1_225' title='bbox 2717 1817 2898 1870; x_wconf 91' lang='lat' dir='ltr'><strong>animo</strong></span> <span class='ocrx_word' id='word_1_226' title='bbox 2928 1816 3173 1872; x_wconf 87' lang='lat' dir='ltr'><strong>referens</strong></span> <span class='ocrx_word' id='word_1_227' title='bbox 3198 1815 3320 1886; x_wconf 87' lang='lat' dir='ltr'><strong>plus</strong></span> <span class='ocrx_word' id='word_1_228' title='bbox 3346 1829 3511 1884; x_wconf 86' lang='lat' dir='ltr'><strong>quam</strong></span> 
     </span>
    </p>
   </div>
   <div class='ocr_carea' id='block_1_31' title="bbox 271 1893 1843 1976">
    <p class='ocr_par' dir='ltr' id='par_1_31' title="bbox 271 1893 1843 1968">
     <span class='ocr_line' id='line_1_31' title="bbox 271 1893 1843 1968; baseline 0.003 -20"><span class='ocrx_word' id='word_1_229' title='bbox 271 1897 412 1964; x_wconf 81' lang='grc' dir='ltr'>ὑπὲρ</span> <span class='ocrx_word' id='word_1_230' title='bbox 461 1894 711 1962; x_wconf 82' lang='grc' dir='ltr'><strong>χιλιάδας</strong></span> <span class='ocrx_word' id='word_1_231' title='bbox 743 1898 897 1964; x_wconf 83' lang='grc' dir='ltr'>τρεῖς</span> <span class='ocrx_word' id='word_1_232' title='bbox 931 1893 1184 1963; x_wconf 80' lang='grc' dir='ltr'>μεγάλων</span> <span class='ocrx_word' id='word_1_233' title='bbox 1215 1896 1398 1958; x_wconf 83' lang='grc' dir='ltr'>αὐτοῖς</span> <span class='ocrx_word' id='word_1_234' title='bbox 1445 1896 1751 1968; x_wconf 85' lang='grc' dir='ltr'>ἀνθρώπων</span> <span class='ocrx_word' id='word_1_235' title='bbox 1780 1900 1843 1952; x_wconf 81' lang='grc' dir='ltr'>ὲκ</span> 
     </span>
    </p>
   </div>
   <div class='ocr_carea' id='block_1_32' title="bbox 1951 1893 3516 1976">
    <p class='ocr_par' dir='ltr' id='par_1_32' title="bbox 1951 1896 3516 1976">
     <span class='ocr_line' id='line_1_32' title="bbox 1951 1896 3516 1976; baseline 0.003 -22"><span class='ocrx_word' id='word_1_236' title='bbox 1951 1904 2053 1956; x_wconf 88' lang='lat' dir='ltr'><strong>tria</strong></span> <span class='ocrx_word' id='word_1_237' title='bbox 2088 1896 2256 1957; x_wconf 85' lang='lat' dir='ltr'><strong>millia</strong></span> <span class='ocrx_word' id='word_1_238' title='bbox 2280 1905 2521 1959; x_wconf 90' lang='lat' dir='ltr'><strong>virorum</strong></span> <span class='ocrx_word' id='word_1_239' title='bbox 2548 1909 2947 1976; x_wconf 62' lang='lat' dir='ltr'><strong>precipuorum</strong></span> <span class='ocrx_word' id='word_1_240' title='bbox 2976 1923 3041 1963; x_wconf 93' lang='lat' dir='ltr'><strong>eo</strong></span> <span class='ocrx_word' id='word_1_241' title='bbox 3079 1907 3268 1962; x_wconf 89' lang='lat' dir='ltr'><strong>morbo</strong></span> <span class='ocrx_word' id='word_1_242' title='bbox 3299 1905 3516 1961; x_wconf 81' lang='lat' dir='ltr'><strong>exstin-</strong></span> 
     </span>
    </p>
   </div>
   <div class='ocr_carea' id='block_1_33' title="bbox 269 1980 1847 2058">
    <p class='ocr_par' dir='ltr' id='par_1_33' title="bbox 269 1980 1847 2058">
     <span class='ocr_line' id='line_1_33' title="bbox 269 1980 1847 2058; baseline 0.001 -17"><span class='ocrx_word' id='word_1_243' title='bbox 269 1988 426 2041; x_wconf 81' lang='grc' dir='ltr'>νόσου</span> <span class='ocrx_word' id='word_1_244' title='bbox 459 1989 676 2041; x_wconf 81' lang='grc' dir='ltr'>πεσεῖν.</span> <span class='ocrx_word' id='word_1_245' title='bbox 696 1987 877 2056; x_wconf 83' lang='grc' dir='ltr'>Σωρδς</span> <span class='ocrx_word' id='word_1_246' title='bbox 900 1980 1055 2050; x_wconf 70' lang='grc' dir='ltr'>οὗτος</span> <span class='ocrx_word' id='word_1_247' title='bbox 1082 1986 1214 2057; x_wconf 77' lang='grc' dir='ltr'>ἡδὺς</span> <span class='ocrx_word' id='word_1_248' title='bbox 1233 1988 1389 2056; x_wconf 78' lang='grc' dir='ltr'>ἡμῖν,</span> <span class='ocrx_word' id='word_1_249' title='bbox 1417 1989 1467 2040; x_wconf 80' lang='grc' dir='ltr'><strong>εί</strong></span> <span class='ocrx_word' id='word_1_250' title='bbox 1493 1988 1586 2042; x_wconf 75' lang='grc' dir='ltr'><strong>καὶ</strong></span> <span class='ocrx_word' id='word_1_251' title='bbox 1616 1989 1690 2058; x_wconf 82' lang='grc' dir='ltr'>μὴ</span> <span class='ocrx_word' id='word_1_252' title='bbox 1720 1989 1847 2042; x_wconf 80' lang='grc' dir='ltr'>ἀντ-</span> 
     </span>
    </p>
   </div>
   <div class='ocr_carea' id='block_1_34' title="bbox 271 2078 1844 2152">
    <p class='ocr_par' dir='ltr' id='par_1_34' title="bbox 271 2078 1844 2152">
     <span class='ocr_line' id='line_1_34' title="bbox 271 2078 1844 2152; baseline -0.001 -19"><span class='ocrx_word' id='word_1_253' title='bbox 271 2081 474 2148; x_wconf 79' lang='grc' dir='ltr'>εσήκου</span> <span class='ocrx_word' id='word_1_254' title='bbox 521 2079 663 2148; x_wconf 85' lang='grc' dir='ltr'>πρὸς</span> <span class='ocrx_word' id='word_1_255' title='bbox 699 2079 797 2150; x_wconf 83' lang='grc' dir='ltr'><strong>τὴν</strong></span> <span class='ocrx_word' id='word_1_256' title='bbox 831 2078 890 2144; x_wconf 69' lang='grc' dir='ltr'><strong>ἐξ</strong></span> <span class='ocrx_word' id='word_1_257' title='bbox 920 2079 1075 2147; x_wconf 83' lang='grc' dir='ltr'>ἡμῶν</span> <span class='ocrx_word' id='word_1_258' title='bbox 1125 2078 1366 2149; x_wconf 82' lang='grc' dir='ltr'>στοιϐήν.</span> <span class='ocrx_word' id='word_1_259' title='bbox 1398 2079 1844 2152; x_wconf 83' lang='grc' dir='ltr'>Συναριθμουμέ-</span> 
     </span>
    </p>
   </div>
   <div class='ocr_carea' id='block_1_35' title="bbox 269 2170 1842 2241">
    <p class='ocr_par' dir='ltr' id='par_1_35' title="bbox 269 2170 1842 2241">
     <span class='ocr_line' id='line_1_35' title="bbox 269 2170 1842 2241; baseline -0.001 -15"><span class='ocrx_word' id='word_1_260' title='bbox 269 2190 373 2226; x_wconf 85' lang='grc' dir='ltr'><strong>νων</strong></span> <span class='ocrx_word' id='word_1_261' title='bbox 404 2172 463 2224; x_wconf 82' lang='grc' dir='ltr'><em>δέ</em></span> <span class='ocrx_word' id='word_1_262' title='bbox 499 2189 565 2239; x_wconf 90' lang='grc' dir='ltr'><strong>γε</strong></span> <span class='ocrx_word' id='word_1_263' title='bbox 606 2172 700 2224; x_wconf 74' lang='grc' dir='ltr'><strong>καὶ</strong></span> <span class='ocrx_word' id='word_1_264' title='bbox 727 2170 839 2223; x_wconf 91' lang='grc' dir='ltr'><strong>τῶν</strong></span> <span class='ocrx_word' id='word_1_265' title='bbox 869 2173 927 2224; x_wconf 77' lang='grc' dir='ltr'>ὲν</span> <span class='ocrx_word' id='word_1_266' title='bbox 968 2171 1190 2240; x_wconf 79' lang='grc' dir='ltr'>πολέμῳ</span> <span class='ocrx_word' id='word_1_267' title='bbox 1209 2171 1599 2235; x_wconf 72' lang='grc' dir='ltr'>πεπτωκότων,</span> <span class='ocrx_word' id='word_1_268' title='bbox 1623 2171 1842 2241; x_wconf 77' lang='grc' dir='ltr'>εἴχομεν</span> 
     </span>
    </p>
   </div>
   <div class='ocr_carea' id='block_1_36' title="bbox 269 2261 1842 2333">
    <p class='ocr_par' dir='ltr' id='par_1_36' title="bbox 269 2261 1842 2333">
     <span class='ocr_line' id='line_1_36' title="bbox 269 2261 1842 2333; baseline 0.001 -18"><span class='ocrx_word' id='word_1_269' title='bbox 269 2261 635 2332; x_wconf 73' lang='grc' dir='ltr'>παραμυθίαν</span> <span class='ocrx_word' id='word_1_270' title='bbox 661 2261 908 2318; x_wconf 81' lang='grc' dir='ltr'>πλείονα.</span> <span class='ocrx_word' id='word_1_271' title='bbox 945 2263 1006 2318; x_wconf 87' lang='grc' dir='ltr'><strong>Ὀ</strong></span> <span class='ocrx_word' id='word_1_272' title='bbox 1029 2262 1192 2326; x_wconf 79' lang='grc' dir='ltr'>αὐτὸς</span> <span class='ocrx_word' id='word_1_273' title='bbox 1216 2264 1328 2333; x_wconf 83' lang='grc' dir='ltr'>γὰρ</span> <span class='ocrx_word' id='word_1_274' title='bbox 1363 2263 1689 2333; x_wconf 75' lang='grc' dir='ltr'>αἰτιώμενος</span> <span class='ocrx_word' id='word_1_275' title='bbox 1711 2265 1842 2319; x_wconf 73' lang='grc' dir='ltr'>ἄλο-</span> 
     </span>
    </p>
   </div>
   <div class='ocr_carea' id='block_1_37' title="bbox 267 2352 1844 2426">
    <p class='ocr_par' dir='ltr' id='par_1_37' title="bbox 267 2352 1844 2426">
     <span class='ocr_line' id='line_1_37' title="bbox 267 2352 1844 2426; baseline 0.001 -19"><span class='ocrx_word' id='word_1_276' title='bbox 267 2371 361 2422; x_wconf 84' lang='grc' dir='ltr'><strong>γον</strong></span> <span class='ocrx_word' id='word_1_277' title='bbox 383 2354 750 2407; x_wconf 78' lang='grc' dir='ltr'>ἀντιστασίαν</span> <span class='ocrx_word' id='word_1_278' title='bbox 779 2353 958 2424; x_wconf 78' lang='grc' dir='ltr'>ἡμῶν,</span> <span class='ocrx_word' id='word_1_279' title='bbox 984 2356 1078 2407; x_wconf 71' lang='grc' dir='ltr'>καὶ</span> <span class='ocrx_word' id='word_1_280' title='bbox 1105 2352 1309 2426; x_wconf 79' lang='grc' dir='ltr'>ζημίαν</span> <span class='ocrx_word' id='word_1_281' title='bbox 1338 2355 1590 2410; x_wconf 70' lang='grc' dir='ltr'>ἐντεῦθεν</span> <span class='ocrx_word' id='word_1_282' title='bbox 1615 2355 1709 2410; x_wconf 82' lang='grc' dir='ltr'>τοῦ</span> <span class='ocrx_word' id='word_1_283' title='bbox 1741 2359 1844 2426; x_wconf 81' lang='grc' dir='ltr'>ρη-</span> 
     </span>
    </p>
   </div>
   <div class='ocr_carea' id='block_1_38' title="bbox 267 2445 1842 2518">
    <p class='ocr_par' dir='ltr' id='par_1_38' title="bbox 267 2445 1842 2518">
     <span class='ocr_line' id='line_1_38' title="bbox 267 2445 1842 2518; baseline 0.001 -18"><span class='ocrx_word' id='word_1_284' title='bbox 267 2448 382 2516; x_wconf 78' lang='grc' dir='ltr'>γδς,</span> <span class='ocrx_word' id='word_1_285' title='bbox 421 2445 878 2517; x_wconf 67' lang='grc' dir='ltr'>ἐξετραγῴδησεν</span> <span class='ocrx_word' id='word_1_286' title='bbox 919 2447 1056 2516; x_wconf 85' lang='grc' dir='ltr'>ὑπὲρ</span> <span class='ocrx_word' id='word_1_287' title='bbox 1105 2447 1440 2518; x_wconf 84' lang='grc' dir='ltr'>τρισχιλίους</span> <span class='ocrx_word' id='word_1_288' title='bbox 1491 2451 1681 2502; x_wconf 82' lang='grc' dir='ltr'>πεσεῖν</span> <span class='ocrx_word' id='word_1_289' title='bbox 1736 2449 1842 2502; x_wconf 81' lang='grc' dir='ltr'><strong>ὑπὸ</strong></span> 
     </span>
    </p>
   </div>
   <div class='ocr_carea' id='block_1_39' title="bbox 267 2537 1843 2612">
    <p class='ocr_par' dir='ltr' id='par_1_39' title="bbox 267 2537 1843 2612">
     <span class='ocr_line' id='line_1_39' title="bbox 267 2537 1843 2612; baseline 0.002 -20"><span class='ocrx_word' id='word_1_290' title='bbox 267 2541 373 2593; x_wconf 87' lang='grc' dir='ltr'><strong>τῶν</strong></span> <span class='ocrx_word' id='word_1_291' title='bbox 399 2540 468 2592; x_wconf 70' lang='grc' dir='ltr'>ἐκ</span> <span class='ocrx_word' id='word_1_292' title='bbox 495 2537 594 2591; x_wconf 79' lang='grc' dir='ltr'>τοῦ</span> <span class='ocrx_word' id='word_1_293' title='bbox 623 2539 835 2608; x_wconf 81' lang='grc' dir='ltr'>τείχους</span> <span class='ocrx_word' id='word_1_294' title='bbox 856 2538 960 2605; x_wconf 74' lang='grc' dir='ltr'><strong>ἔξω</strong></span> <span class='ocrx_word' id='word_1_295' title='bbox 983 2540 1492 2610; x_wconf 84' lang='grc' dir='ltr'>καταπεμπομένων</span> <span class='ocrx_word' id='word_1_296' title='bbox 1522 2541 1690 2611; x_wconf 82' lang='grc' dir='ltr'>βελῶν</span> <span class='ocrx_word' id='word_1_297' title='bbox 1721 2541 1843 2612; x_wconf 88' lang='grc' dir='ltr'>δίχα</span> 
     </span>
    </p>
   </div>
   <div class='ocr_carea' id='block_1_40' title="bbox 271 2631 1842 2703">
    <p class='ocr_par' dir='ltr' id='par_1_40' title="bbox 271 2631 1842 2703">
     <span class='ocr_line' id='line_1_40' title="bbox 271 2631 1842 2703; baseline -0.001 -16"><span class='ocrx_word' id='word_1_298' title='bbox 271 2649 333 2701; x_wconf 73' lang='grc' dir='ltr'><strong>γε</strong></span> <span class='ocrx_word' id='word_1_299' title='bbox 355 2633 467 2687; x_wconf 87' lang='grc' dir='ltr'><strong>τῶν</strong></span> <span class='ocrx_word' id='word_1_300' title='bbox 493 2633 554 2686; x_wconf 83' lang='grc' dir='ltr'>ὲν</span> <span class='ocrx_word' id='word_1_301' title='bbox 590 2633 900 2703; x_wconf 80' lang='grc' dir='ltr'>προνομαῖς</span> <span class='ocrx_word' id='word_1_302' title='bbox 932 2633 1264 2696; x_wconf 77' lang='grc' dir='ltr'>πιπτόντων,</span> <span class='ocrx_word' id='word_1_303' title='bbox 1293 2632 1327 2703; x_wconf 79' lang='grc' dir='ltr'>ἢ</span> <span class='ocrx_word' id='word_1_304' title='bbox 1360 2633 1455 2686; x_wconf 73' lang='grc' dir='ltr'><strong>καὶ</strong></span> <span class='ocrx_word' id='word_1_305' title='bbox 1483 2631 1681 2698; x_wconf 77' lang='grc' dir='ltr'>ἄλλως,</span> <span class='ocrx_word' id='word_1_306' title='bbox 1711 2633 1788 2696; x_wconf 84' lang='grc' dir='ltr'><strong>ὡς</strong></span> <span class='ocrx_word' id='word_1_307' title='bbox 1814 2634 1842 2686; x_wconf 86' lang='grc' dir='ltr'>ὁ</span> 
     </span>
    </p>
   </div>
   <div class='ocr_carea' id='block_1_41' title="bbox 269 2724 1843 2796">
    <p class='ocr_par' dir='ltr' id='par_1_41' title="bbox 269 2724 1843 2796">
     <span class='ocr_line' id='line_1_41' title="bbox 269 2724 1843 2796; baseline -0.001 -17"><span class='ocrx_word' id='word_1_308' title='bbox 269 2726 360 2779; x_wconf 75' lang='grc' dir='ltr'>τοῦ</span> <span class='ocrx_word' id='word_1_309' title='bbox 392 2725 639 2795; x_wconf 70' lang='grc' dir='ltr'>πολέμου</span> <span class='ocrx_word' id='word_1_310' title='bbox 672 2724 839 2786; x_wconf 75' lang='grc' dir='ltr'>κύϐος</span> <span class='ocrx_word' id='word_1_311' title='bbox 863 2725 1116 2795; x_wconf 69' lang='grc' dir='ltr'>ἔρριπτε,</span> <span class='ocrx_word' id='word_1_312' title='bbox 1153 2725 1251 2778; x_wconf 73' lang='grc' dir='ltr'>καὶ</span> <span class='ocrx_word' id='word_1_313' title='bbox 1282 2726 1310 2779; x_wconf 87' lang='grc' dir='ltr'><strong>ό</strong></span> <span class='ocrx_word' id='word_1_314' title='bbox 1336 2726 1436 2795; x_wconf 85' lang='grc' dir='ltr'>τῆς</span> <span class='ocrx_word' id='word_1_315' title='bbox 1463 2725 1621 2794; x_wconf 84' lang='grc' dir='ltr'>δίκης</span> <span class='ocrx_word' id='word_1_316' title='bbox 1647 2724 1843 2796; x_wconf 79' lang='grc' dir='ltr'>τροχὸς</span> 
     </span>
    </p>
   </div>
   <div class='ocr_carea' id='block_1_42' title="bbox 271 2813 1842 2888">
    <p class='ocr_par' dir='ltr' id='par_1_42' title="bbox 271 2813 1842 2888">
     <span class='ocr_line' id='line_1_42' title="bbox 271 2813 1842 2888; baseline -0.001 -18"><span class='ocrx_word' id='word_1_317' title='bbox 271 2816 618 2880; x_wconf 80' lang='grc' dir='ltr'>κατεκύλιεν,</span> <span class='ocrx_word' id='word_1_318' title='bbox 668 2813 944 2885; x_wconf 77' lang='grc' dir='ltr'>εὔστροφα</span> <span class='ocrx_word' id='word_1_319' title='bbox 991 2816 1448 2888; x_wconf 84' lang='grc' dir='ltr'>περιφερόμενος.</span> <span class='ocrx_word' id='word_1_320' title='bbox 1504 2816 1738 2880; x_wconf 80' lang='grc' dir='ltr'>Πολλοὺς</span> <span class='ocrx_word' id='word_1_321' title='bbox 1784 2815 1842 2870; x_wconf 75' lang='grc' dir='ltr'>δὲ</span> 
     </span>
    </p>
   </div>
   <div class='ocr_carea' id='block_1_43' title="bbox 271 2907 1842 2979">
    <p class='ocr_par' dir='ltr' id='par_1_43' title="bbox 271 2907 1842 2979">
     <span class='ocr_line' id='line_1_43' title="bbox 271 2907 1842 2979; baseline -0.001 -17"><span class='ocrx_word' id='word_1_322' title='bbox 271 2910 366 2966; x_wconf 81' lang='grc' dir='ltr'>καὶ</span> <span class='ocrx_word' id='word_1_323' title='bbox 405 2909 571 2979; x_wconf 81' lang='grc' dir='ltr'>λιμὸς</span> <span class='ocrx_word' id='word_1_324' title='bbox 611 2907 852 2977; x_wconf 79' lang='grc' dir='ltr'>ἀπῆγεν.</span> <span class='ocrx_word' id='word_1_325' title='bbox 898 2907 1349 2979; x_wconf 84' lang='grc' dir='ltr'>Ἐστενοχωρεῖτο</span> <span class='ocrx_word' id='word_1_326' title='bbox 1395 2907 1506 2978; x_wconf 83' lang='grc' dir='ltr'>γὰρ</span> <span class='ocrx_word' id='word_1_327' title='bbox 1552 2909 1648 2962; x_wconf 72' lang='grc' dir='ltr'>καὶ</span> <span class='ocrx_word' id='word_1_328' title='bbox 1689 2908 1842 2977; x_wconf 83' lang='grc' dir='ltr'>σφίσι</span> 
     </span>
    </p>
   </div>
   <div class='ocr_carea' id='block_1_44' title="bbox 265 3001 681 3069">
    <p class='ocr_par' dir='ltr' id='par_1_44' title="bbox 265 3001 681 3069">
     <span class='ocr_line' id='line_1_44' title="bbox 265 3001 681 3069; baseline 0.005 -16"><span class='ocrx_word' id='word_1_329' title='bbox 265 3003 332 3054; x_wconf 69' lang='grc' dir='ltr'>τὰ</span> <span class='ocrx_word' id='word_1_330' title='bbox 374 3001 681 3069; x_wconf 84' lang='grc' dir='ltr'>ἀναγκαῖα.</span> 
     </span>
    </p>
   </div>
   <div class='ocr_carea' id='block_1_45' title="bbox 337 3092 1844 3164">
    <p class='ocr_par' dir='ltr' id='par_1_45' title="bbox 337 3092 1844 3164">
     <span class='ocr_line' id='line_1_45' title="bbox 337 3092 1844 3164; baseline 0.001 -19"><span class='ocrx_word' id='word_1_331' title='bbox 337 3093 477 3164; x_wconf 85' lang='grc' dir='ltr'>ρλη’.</span> <span class='ocrx_word' id='word_1_332' title='bbox 519 3093 633 3146; x_wconf 79' lang='grc' dir='ltr'><strong>Καὶ</strong></span> <span class='ocrx_word' id='word_1_333' title='bbox 665 3092 837 3154; x_wconf 76' lang='grc' dir='ltr'>οὕτως</span> <span class='ocrx_word' id='word_1_334' title='bbox 866 3094 998 3163; x_wconf 81' lang='grc' dir='ltr'>ἡμῖν</span> <span class='ocrx_word' id='word_1_335' title='bbox 1036 3092 1469 3146; x_wconf 77' lang='grc' dir='ltr'>ὲπεσταλάττετο</span> <span class='ocrx_word' id='word_1_336' title='bbox 1511 3093 1711 3163; x_wconf 83' lang='grc' dir='ltr'>νέκταρ</span> <span class='ocrx_word' id='word_1_337' title='bbox 1739 3109 1844 3146; x_wconf 88' lang='grc' dir='ltr'>πα-</span> 
     </span>
    </p>
   </div>
   <div class='ocr_carea' id='block_1_46' title="bbox 268 3183 1838 3254">
    <p class='ocr_par' dir='ltr' id='par_1_46' title="bbox 268 3183 1838 3254">
     <span class='ocr_line' id='line_1_46' title="bbox 268 3183 1838 3254; baseline 0.001 -19"><span class='ocrx_word' id='word_1_338' title='bbox 268 3183 548 3252; x_wconf 86' lang='grc' dir='ltr'>ραμυθίας</span> <span class='ocrx_word' id='word_1_339' title='bbox 579 3185 648 3254; x_wconf 84' lang='grc' dir='ltr'>τῇ</span> <span class='ocrx_word' id='word_1_340' title='bbox 680 3183 1091 3237; x_wconf 81' lang='grc' dir='ltr'>ὑποκαταϐάσει</span> <span class='ocrx_word' id='word_1_341' title='bbox 1124 3186 1224 3254; x_wconf 87' lang='grc' dir='ltr'><strong>τῆς</strong></span> <span class='ocrx_word' id='word_1_342' title='bbox 1261 3183 1522 3253; x_wconf 82' lang='grc' dir='ltr'>πολεμίου</span> <span class='ocrx_word' id='word_1_343' title='bbox 1554 3185 1838 3254; x_wconf 78' lang='grc' dir='ltr'>στρατιᾶς,</span> 
     </span>
    </p>
   </div>
   <div class='ocr_carea' id='block_1_47' title="bbox 1949 1984 3514 2067">
    <p class='ocr_par' dir='ltr' id='par_1_47' title="bbox 1949 1984 3514 2067">
     <span class='ocr_line' id='line_1_47' title="bbox 1949 1984 3514 2067; baseline -0.001 -16"><span class='ocrx_word' id='word_1_344' title='bbox 1949 2004 2068 2051; x_wconf 88' lang='lat' dir='ltr'><strong>ctos</strong></span> <span class='ocrx_word' id='word_1_345' title='bbox 2095 2012 2259 2059; x_wconf 89' lang='lat' dir='ltr'><strong>esse;</strong></span> <span class='ocrx_word' id='word_1_346' title='bbox 2311 1999 2403 2067; x_wconf 89' lang='lat' dir='ltr'><strong>qui</strong></span> <span class='ocrx_word' id='word_1_347' title='bbox 2442 2014 2706 2054; x_wconf 88' lang='lat' dir='ltr'><strong>numerus</strong></span> <span class='ocrx_word' id='word_1_348' title='bbox 2745 2000 2900 2055; x_wconf 89' lang='lat' dir='ltr'><strong>nobis</strong></span> <span class='ocrx_word' id='word_1_349' title='bbox 2931 1984 3036 2053; x_wconf 81' lang='lat' dir='ltr'><strong>non</strong></span> <span class='ocrx_word' id='word_1_350' title='bbox 3072 1998 3344 2067; x_wconf 86' lang='lat' dir='ltr'><strong>displicet,</strong></span> <span class='ocrx_word' id='word_1_351' title='bbox 3384 1996 3514 2050; x_wconf 82' lang='lat' dir='ltr'><strong>licet</strong></span> 
     </span>
    </p>
   </div>
   <div class='ocr_carea' id='block_1_48' title="bbox 1949 2087 3509 2160">
    <p class='ocr_par' dir='ltr' id='par_1_48' title="bbox 1949 2087 3509 2160">
     <span class='ocr_line' id='line_1_48' title="bbox 1949 2087 3509 2160; baseline -0.002 -17"><span class='ocrx_word' id='word_1_352' title='bbox 1949 2088 2017 2143; x_wconf 88' lang='lat' dir='ltr'><strong>de</strong></span> <span class='ocrx_word' id='word_1_353' title='bbox 2051 2089 2254 2143; x_wconf 89' lang='lat' dir='ltr'><strong>nostris</strong></span> <span class='ocrx_word' id='word_1_354' title='bbox 2282 2104 2391 2143; x_wconf 91' lang='lat' dir='ltr'><strong>non</strong></span> <span class='ocrx_word' id='word_1_355' title='bbox 2430 2090 2608 2145; x_wconf 88' lang='lat' dir='ltr'><strong>minus</strong></span> <span class='ocrx_word' id='word_1_356' title='bbox 2638 2091 2792 2145; x_wconf 90' lang='lat' dir='ltr'><strong>multi</strong></span> <span class='ocrx_word' id='word_1_357' title='bbox 2829 2091 3130 2160; x_wconf 89' lang='lat' dir='ltr'><strong>perierunt.</strong></span> <span class='ocrx_word' id='word_1_358' title='bbox 3161 2087 3316 2154; x_wconf 85' lang='lat' dir='ltr'><strong>Quod</strong></span> <span class='ocrx_word' id='word_1_359' title='bbox 3345 2087 3389 2142; x_wconf 88' lang='lat' dir='ltr'><strong>si</strong></span> <span class='ocrx_word' id='word_1_360' title='bbox 3415 2101 3509 2140; x_wconf 90' lang='lat' dir='ltr'><strong>eo-</strong></span> 
     </span>
    </p>
   </div>
   <div class='ocr_carea' id='block_1_49' title="bbox 1951 2180 3511 2252">
    <p class='ocr_par' dir='ltr' id='par_1_49' title="bbox 1951 2180 3511 2252">
     <span class='ocr_line' id='line_1_49' title="bbox 1951 2180 3511 2252; baseline -0.001 -18"><span class='ocrx_word' id='word_1_361' title='bbox 1951 2196 2072 2235; x_wconf 91' lang='lat' dir='ltr'><strong>rum</strong></span> <span class='ocrx_word' id='word_1_362' title='bbox 2102 2183 2193 2251; x_wconf 93' lang='lat' dir='ltr'><strong>qui</strong></span> <span class='ocrx_word' id='word_1_363' title='bbox 2221 2182 2274 2236; x_wconf 91' lang='lat' dir='ltr'><strong>in</strong></span> <span class='ocrx_word' id='word_1_364' title='bbox 2299 2183 2501 2252; x_wconf 69' lang='lat' dir='ltr'><strong>przeliis</strong></span> <span class='ocrx_word' id='word_1_365' title='bbox 2537 2184 2855 2239; x_wconf 89' lang='lat' dir='ltr'><strong>ceciderunt</strong></span> <span class='ocrx_word' id='word_1_366' title='bbox 2887 2191 3202 2250; x_wconf 89' lang='lat' dir='ltr'><strong>computum</strong></span> <span class='ocrx_word' id='word_1_367' title='bbox 3241 2180 3473 2234; x_wconf 88' lang='lat' dir='ltr'><strong>facimus</strong></span> <span class='ocrx_word' id='word_1_368' title='bbox 3495 2219 3511 2244; x_wconf 91' lang='lat'><strong>,</strong></span> 
     </span>
    </p>
   </div>
   <div class='ocr_carea' id='block_1_50' title="bbox 1947 2271 3514 2342">
    <p class='ocr_par' dir='ltr' id='par_1_50' title="bbox 1947 2271 3514 2342">
     <span class='ocr_line' id='line_1_50' title="bbox 1947 2271 3514 2342; baseline -0.003 -16"><span class='ocrx_word' id='word_1_369' title='bbox 1947 2287 2060 2327; x_wconf 87' lang='lat' dir='ltr'><strong>non</strong></span> <span class='ocrx_word' id='word_1_370' title='bbox 2093 2289 2285 2342; x_wconf 88' lang='lat' dir='ltr'><strong>parum</strong></span> <span class='ocrx_word' id='word_1_371' title='bbox 2311 2275 2711 2330; x_wconf 84' lang='lat' dir='ltr'><strong>consolationis</strong></span> <span class='ocrx_word' id='word_1_372' title='bbox 2759 2276 2944 2330; x_wconf 89' lang='lat' dir='ltr'><strong>datur.</strong></span> <span class='ocrx_word' id='word_1_373' title='bbox 2983 2273 3088 2340; x_wconf 87' lang='lat' dir='ltr'><strong>Qui</strong></span> <span class='ocrx_word' id='word_1_374' title='bbox 3136 2272 3280 2327; x_wconf 92' lang='lat' dir='ltr'><strong>enim</strong></span> <span class='ocrx_word' id='word_1_375' title='bbox 3331 2271 3514 2326; x_wconf 89' lang='lat' dir='ltr'><strong>insur-</strong></span> 
     </span>
    </p>
   </div>
   <div class='ocr_carea' id='block_1_51' title="bbox 1946 2363 3516 2433">
    <p class='ocr_par' dir='ltr' id='par_1_51' title="bbox 1946 2363 3516 2433">
     <span class='ocr_line' id='line_1_51' title="bbox 1946 2363 3516 2433; baseline -0.003 -12"><span class='ocrx_word' id='word_1_376' title='bbox 1946 2367 2247 2421; x_wconf 88' lang='lat' dir='ltr'><strong>rectionem</strong></span> <span class='ocrx_word' id='word_1_377' title='bbox 2283 2376 2533 2423; x_wconf 89' lang='lat' dir='ltr'><strong>nostram</strong></span> <span class='ocrx_word' id='word_1_378' title='bbox 2577 2368 2630 2421; x_wconf 92' lang='lat' dir='ltr'><strong>in</strong></span> <span class='ocrx_word' id='word_1_379' title='bbox 2663 2367 3019 2422; x_wconf 85' lang='lat' dir='ltr'><strong>absurditatis</strong></span> <span class='ocrx_word' id='word_1_380' title='bbox 3051 2365 3171 2419; x_wconf 88' lang='lat' dir='ltr'><strong>loco</strong></span> <span class='ocrx_word' id='word_1_381' title='bbox 3203 2363 3404 2433; x_wconf 71' lang='lat' dir='ltr'><strong>pos-uit,</strong></span> <span class='ocrx_word' id='word_1_382' title='bbox 3429 2376 3516 2416; x_wconf 81' lang='lat' dir='ltr'><strong>ro-</strong></span> 
     </span>
    </p>
   </div>
   <div class='ocr_carea' id='block_1_52' title="bbox 1943 2453 3514 2528">
    <p class='ocr_par' dir='ltr' id='par_1_52' title="bbox 1943 2453 3514 2528">
     <span class='ocr_line' id='line_1_52' title="bbox 1943 2453 3514 2528; baseline -0.002 -18"><span class='ocrx_word' id='word_1_383' title='bbox 1943 2457 2028 2528; x_wconf 91' lang='lat' dir='ltr'><strong>gis</strong></span> <span class='ocrx_word' id='word_1_384' title='bbox 2066 2457 2364 2512; x_wconf 86' lang='lat' dir='ltr'><strong>vindictam</strong></span> <span class='ocrx_word' id='word_1_385' title='bbox 2399 2459 2628 2512; x_wconf 90' lang='lat' dir='ltr'><strong>invocan</strong></span> <span class='ocrx_word' id='word_1_386' title='bbox 2651 2473 2676 2514; x_wconf 92' lang='lat' dir='ltr'><strong>s</strong></span> <span class='ocrx_word' id='word_1_387' title='bbox 2717 2460 2818 2513; x_wconf 89' lang='lat' dir='ltr'><strong>tria</strong></span> <span class='ocrx_word' id='word_1_388' title='bbox 2847 2458 3016 2512; x_wconf 88' lang='lat' dir='ltr'><strong>millia</strong></span> <span class='ocrx_word' id='word_1_389' title='bbox 3042 2465 3098 2512; x_wconf 91' lang='lat' dir='ltr'><strong>et</strong></span> <span class='ocrx_word' id='word_1_390' title='bbox 3121 2457 3264 2524; x_wconf 87' lang='lat' dir='ltr'><strong>quod</strong></span> <span class='ocrx_word' id='word_1_391' title='bbox 3297 2453 3514 2509; x_wconf 82' lang='lat' dir='ltr'><strong>excedit</strong></span> 
     </span>
    </p>
   </div>
   <div class='ocr_carea' id='block_1_53' title="bbox 1945 2549 3510 2621">
    <p class='ocr_par' dir='ltr' id='par_1_53' title="bbox 1945 2549 3510 2621">
     <span class='ocr_line' id='line_1_53' title="bbox 1945 2549 3510 2621; baseline -0.003 -18"><span class='ocrx_word' id='word_1_392' title='bbox 1945 2550 2071 2604; x_wconf 85' lang='lat' dir='ltr'><strong>telis</strong></span> <span class='ocrx_word' id='word_1_393' title='bbox 2103 2565 2133 2605; x_wconf 89' lang='lat' dir='ltr'><strong>e</strong></span> <span class='ocrx_word' id='word_1_394' title='bbox 2183 2565 2344 2604; x_wconf 84' lang='lat' dir='ltr'><strong>muro</strong></span> <span class='ocrx_word' id='word_1_395' title='bbox 2391 2550 2657 2621; x_wconf 86' lang='lat' dir='ltr'><strong>conjectis</strong></span> <span class='ocrx_word' id='word_1_396' title='bbox 2706 2550 3068 2606; x_wconf 86' lang='lat' dir='ltr'><strong>succubuisse</strong></span> <span class='ocrx_word' id='word_1_397' title='bbox 3102 2563 3252 2602; x_wconf 89' lang='lat' dir='ltr'><strong>more</strong></span> <span class='ocrx_word' id='word_1_398' title='bbox 3298 2549 3510 2614; x_wconf 83' lang='lat' dir='ltr'><strong>tragico</strong></span> 
     </span>
    </p>
   </div>
   <div class='ocr_carea' id='block_1_54' title="bbox 1947 2635 3512 2712">
    <p class='ocr_par' dir='ltr' id='par_1_54' title="bbox 1947 2635 3512 2712">
     <span class='ocr_line' id='line_1_54' title="bbox 1947 2635 3512 2712; baseline -0.006 -15"><span class='ocrx_word' id='word_1_399' title='bbox 1947 2641 2403 2712; x_wconf 77' lang='lat' dir='ltr'><strong>refert,exceptis</strong></span> <span class='ocrx_word' id='word_1_400' title='bbox 2428 2642 2497 2697; x_wconf 88' lang='lat' dir='ltr'><strong>iis</strong></span> <span class='ocrx_word' id='word_1_401' title='bbox 2524 2641 2616 2711; x_wconf 89' lang='lat' dir='ltr'><strong>qui</strong></span> <span class='ocrx_word' id='word_1_402' title='bbox 2644 2641 2786 2696; x_wconf 89' lang='lat' dir='ltr'><strong>inter</strong></span> <span class='ocrx_word' id='word_1_403' title='bbox 2812 2638 3255 2695; x_wconf 89' lang='lat' dir='ltr'><strong>frumentandum</strong></span> <span class='ocrx_word' id='word_1_404' title='bbox 3287 2648 3380 2690; x_wconf 90' lang='lat' dir='ltr'><strong>aut</strong></span> <span class='ocrx_word' id='word_1_405' title='bbox 3413 2635 3512 2690; x_wconf 88' lang='lat' dir='ltr'><strong>ali-</strong></span> 
     </span>
    </p>
   </div>
   <div class='ocr_carea' id='block_1_55' title="bbox 1949 2729 3512 2804">
    <p class='ocr_par' dir='ltr' id='par_1_55' title="bbox 1949 2729 3512 2804">
     <span class='ocr_line' id='line_1_55' title="bbox 1949 2729 3512 2804; baseline -0.004 -15"><span class='ocrx_word' id='word_1_406' title='bbox 1949 2744 2032 2790; x_wconf 89' lang='lat' dir='ltr'><strong>ter</strong></span> <span class='ocrx_word' id='word_1_407' title='bbox 2063 2735 2408 2799; x_wconf 84' lang='lat' dir='ltr'><strong>interierunt,</strong></span> <span class='ocrx_word' id='word_1_408' title='bbox 2459 2742 2622 2804; x_wconf 87' lang='lat' dir='ltr'><strong>prout</strong></span> <span class='ocrx_word' id='word_1_409' title='bbox 2659 2734 2785 2789; x_wconf 86' lang='lat' dir='ltr'><strong>belli</strong></span> <span class='ocrx_word' id='word_1_410' title='bbox 2821 2733 2932 2787; x_wconf 88' lang='lat' dir='ltr'><strong>alea</strong></span> <span class='ocrx_word' id='word_1_411' title='bbox 2967 2731 3154 2797; x_wconf 91' lang='lat' dir='ltr'><strong>voluit,</strong></span> <span class='ocrx_word' id='word_1_412' title='bbox 3184 2738 3238 2785; x_wconf 91' lang='lat' dir='ltr'><strong>et</strong></span> <span class='ocrx_word' id='word_1_413' title='bbox 3270 2729 3512 2784; x_wconf 69' lang='lat' dir='ltr'><strong>fortunae</strong></span> 
     </span>
    </p>
   </div>
   <div class='ocr_carea' id='block_1_56' title="bbox 1952 2820 3514 2898">
    <p class='ocr_par' dir='ltr' id='par_1_56' title="bbox 1952 2820 3514 2898">
     <span class='ocr_line' id='line_1_56' title="bbox 1952 2820 3514 2898; baseline -0.004 -16"><span class='ocrx_word' id='word_1_414' title='bbox 1952 2839 2070 2882; x_wconf 87' lang='lat' dir='ltr'><strong>rota</strong></span> <span class='ocrx_word' id='word_1_415' title='bbox 2100 2827 2302 2898; x_wconf 73' lang='lat' dir='ltr'><strong>iugiter</strong></span> <span class='ocrx_word' id='word_1_416' title='bbox 2342 2826 2567 2880; x_wconf 88' lang='lat' dir='ltr'><strong>volvens</strong></span> <span class='ocrx_word' id='word_1_417' title='bbox 2596 2825 2888 2891; x_wconf 89' lang='lat' dir='ltr'><strong>disposuit.</strong></span> <span class='ocrx_word' id='word_1_418' title='bbox 2932 2823 3128 2878; x_wconf 82' lang='lat' dir='ltr'><strong>Multos</strong></span> <span class='ocrx_word' id='word_1_419' title='bbox 3147 2822 3310 2876; x_wconf 88' lang='lat' dir='ltr'><strong>etiam</strong></span> <span class='ocrx_word' id='word_1_420' title='bbox 3338 2820 3514 2876; x_wconf 86' lang='lat' dir='ltr'><strong>fames</strong></span> 
     </span>
    </p>
   </div>
   <div class='ocr_carea' id='block_1_57' title="bbox 1947 2917 3025 2988">
    <p class='ocr_par' dir='ltr' id='par_1_57' title="bbox 1947 2917 3025 2988">
     <span class='ocr_line' id='line_1_57' title="bbox 1947 2917 3025 2988; baseline -0.004 -14"><span class='ocrx_word' id='word_1_421' title='bbox 1947 2919 2184 2985; x_wconf 86' lang='lat' dir='ltr'><strong>necavit,</strong></span> <span class='ocrx_word' id='word_1_422' title='bbox 2209 2919 2456 2974; x_wconf 90' lang='lat' dir='ltr'><strong>ciborum</strong></span> <span class='ocrx_word' id='word_1_423' title='bbox 2491 2917 2673 2988; x_wconf 89' lang='lat' dir='ltr'><strong>in0pia</strong></span> <span class='ocrx_word' id='word_1_424' title='bbox 2721 2927 3025 2987; x_wconf 79' lang='lat' dir='ltr'><strong>grassante.</strong></span> 
     </span>
    </p>
   </div>
   <div class='ocr_carea' id='block_1_58' title="bbox 2017 3091 3511 3156">
    <p class='ocr_par' dir='ltr' id='par_1_58' title="bbox 2017 3091 3511 3156">
     <span class='ocr_line' id='line_1_58' title="bbox 2017 3091 3511 3156; baseline -0.007 -1"><span class='ocrx_word' id='word_1_425' title='bbox 2017 3101 2143 3156; x_wconf 77' lang='grc'><strong>158.</strong></span> <span class='ocrx_word' id='word_1_426' title='bbox 2173 3101 2265 3156; x_wconf 87' lang='lat' dir='ltr'><strong>Sic</strong></span> <span class='ocrx_word' id='word_1_427' title='bbox 2291 3100 2453 3156; x_wconf 89' lang='lat' dir='ltr'><strong>nobis</strong></span> <span class='ocrx_word' id='word_1_428' title='bbox 2482 3109 2672 3156; x_wconf 89' lang='lat' dir='ltr'><strong>nectar</strong></span> <span class='ocrx_word' id='word_1_429' title='bbox 2696 3097 3086 3152; x_wconf 74' lang='lat' dir='ltr'><strong>consolationis</strong></span> <span class='ocrx_word' id='word_1_430' title='bbox 3116 3110 3183 3148; x_wconf 81' lang='lat' dir='ltr'><strong>ex</strong></span> <span class='ocrx_word' id='word_1_431' title='bbox 3200 3091 3511 3147; x_wconf 72' lang='lat' dir='ltr'><strong>humilitate</strong></span> 
     </span>
    </p>
   </div>
   <div class='ocr_carea' id='block_1_59' title="bbox 1947 3183 3510 3262">
    <p class='ocr_par' dir='ltr' id='par_1_59' title="bbox 1947 3183 3510 3262">
     <span class='ocr_line' id='line_1_59' title="bbox 1947 3183 3510 3262; baseline -0.008 -13"><span class='ocrx_word' id='word_1_432' title='bbox 1947 3192 2224 3248; x_wconf 79' lang='lat' dir='ltr'><strong>exercitus</strong></span> <span class='ocrx_word' id='word_1_433' title='bbox 2279 3192 2530 3261; x_wconf 82' lang='lat' dir='ltr'><strong>hostilis,</strong></span> <span class='ocrx_word' id='word_1_434' title='bbox 2584 3205 2746 3262; x_wconf 91' lang='lat' dir='ltr'><strong>quam</strong></span> <span class='ocrx_word' id='word_1_435' title='bbox 2791 3188 2972 3243; x_wconf 87' lang='lat' dir='ltr'><strong>Latini</strong></span> <span class='ocrx_word' id='word_1_436' title='bbox 3029 3187 3191 3242; x_wconf 91' lang='lat' dir='ltr'><strong>nobis</strong></span> <span class='ocrx_word' id='word_1_437' title='bbox 3247 3183 3510 3238; x_wconf 88' lang='lat' dir='ltr'><strong>associati</strong></span> 
     </span>
    </p>
   </div>
   <div class='ocr_carea' id='block_1_60' title="bbox 265 3275 1843 3354">
    <p class='ocr_par' dir='ltr' id='par_1_60' title="bbox 265 3275 1840 3349">
     <span class='ocr_line' id='line_1_60' title="bbox 265 3275 1840 3349; baseline -0.002 -18"><span class='ocrx_word' id='word_1_438' title='bbox 265 3279 332 3349; x_wconf 73' lang='grc' dir='ltr'>ἢν</span> <span class='ocrx_word' id='word_1_439' title='bbox 366 3279 417 3330; x_wconf 87' lang='grc' dir='ltr'>οἱ</span> <span class='ocrx_word' id='word_1_440' title='bbox 449 3275 646 3340; x_wconf 79' lang='grc' dir='ltr'>δεξιῶς</span> <span class='ocrx_word' id='word_1_441' title='bbox 677 3275 1030 3344; x_wconf 81' lang='grc' dir='ltr'>φιλιωθέντες</span> <span class='ocrx_word' id='word_1_442' title='bbox 1057 3277 1188 3346; x_wconf 76' lang='grc' dir='ltr'>ἡμῖν</span> <span class='ocrx_word' id='word_1_443' title='bbox 1209 3277 1426 3330; x_wconf 84' lang='grc' dir='ltr'>Λατῖνοι</span> <span class='ocrx_word' id='word_1_444' title='bbox 1455 3275 1706 3348; x_wconf 83' lang='grc' dir='ltr'>(πολλοὺς</span> <span class='ocrx_word' id='word_1_445' title='bbox 1731 3277 1840 3346; x_wconf 85' lang='grc' dir='ltr'>γὰρ</span> 
     </span>
    </p>
   </div>
   <div class='ocr_carea' id='block_1_61' title="bbox 1951 3275 3512 3354">
    <p class='ocr_par' dir='ltr' id='par_1_61' title="bbox 1951 3276 3512 3354">
     <span class='ocr_line' id='line_1_61' title="bbox 1951 3276 3512 3354; baseline -0.007 -17"><span class='ocrx_word' id='word_1_446' title='bbox 1951 3284 1965 3354; x_wconf 83' lang='lat'>(</span> <span class='ocrx_word' id='word_1_447' title='bbox 1988 3285 2188 3339; x_wconf 89' lang='lat' dir='ltr'><strong>multos</strong></span> <span class='ocrx_word' id='word_1_448' title='bbox 2213 3283 2357 3338; x_wconf 90' lang='lat' dir='ltr'><strong>enim</strong></span> <span class='ocrx_word' id='word_1_449' title='bbox 2384 3291 2606 3338; x_wconf 90' lang='lat' dir='ltr'><strong>nostros</strong></span> <span class='ocrx_word' id='word_1_450' title='bbox 2635 3282 2885 3345; x_wconf 83' lang='lat' dir='ltr'><strong>fecimus,</strong></span> <span class='ocrx_word' id='word_1_451' title='bbox 2905 3279 3033 3334; x_wconf 90' lang='lat' dir='ltr'><strong>dum</strong></span> <span class='ocrx_word' id='word_1_452' title='bbox 3058 3276 3170 3332; x_wconf 88' lang='lat' dir='ltr'><strong>Deo</strong></span> <span class='ocrx_word' id='word_1_453' title='bbox 3195 3283 3347 3346; x_wconf 85' lang='lat' dir='ltr'><strong>grata</strong></span> <span class='ocrx_word' id='word_1_454' title='bbox 3377 3287 3512 3342; x_wconf 87' lang='lat' dir='ltr'><strong>ope-</strong></span> 
     </span>
    </p>
   </div>
   <div class='ocr_carea' id='block_1_62' title="bbox 267 3363 1844 3436">
    <p class='ocr_par' dir='ltr' id='par_1_62' title="bbox 267 3363 1844 3436">
     <span class='ocr_line' id='line_1_62' title="bbox 267 3363 1844 3436; baseline -0.003 -15"><span class='ocrx_word' id='word_1_455' title='bbox 267 3369 626 3436; x_wconf 72' lang='grc' dir='ltr'>ὑπηγόμεθα,</span> <span class='ocrx_word' id='word_1_456' title='bbox 676 3365 1194 3436; x_wconf 84' lang='grc' dir='ltr'>πραγματευόμενοι</span> <span class='ocrx_word' id='word_1_457' title='bbox 1241 3367 1312 3420; x_wconf 82' lang='grc' dir='ltr'>τὰ</span> <span class='ocrx_word' id='word_1_458' title='bbox 1349 3365 1414 3419; x_wconf 79' lang='grc' dir='ltr'>ὲκ</span> <span class='ocrx_word' id='word_1_459' title='bbox 1450 3363 1608 3434; x_wconf 83' lang='grc' dir='ltr'>Θεοῦ)</span> <span class='ocrx_word' id='word_1_460' title='bbox 1654 3363 1844 3428; x_wconf 74' lang='grc' dir='ltr'>ἐξεκά-</span> 
     </span>
    </p>
   </div>
   <div class='ocr_carea' id='block_1_63' title="bbox 264 3453 1836 3529">
    <p class='ocr_par' dir='ltr' id='par_1_63' title="bbox 264 3453 1836 3529">
     <span class='ocr_line' id='line_1_63' title="bbox 264 3453 1836 3529; baseline -0.001 -19"><span class='ocrx_word' id='word_1_461' title='bbox 264 3458 498 3521; x_wconf 83' lang='grc' dir='ltr'>λυπτον,</span> <span class='ocrx_word' id='word_1_462' title='bbox 539 3456 684 3529; x_wconf 71' lang='grc' dir='ltr'>ὑπὲρ</span> <span class='ocrx_word' id='word_1_463' title='bbox 729 3457 1060 3527; x_wconf 81' lang='grc' dir='ltr'>ὀγδοήκοντα</span> <span class='ocrx_word' id='word_1_464' title='bbox 1088 3457 1335 3527; x_wconf 84' lang='grc' dir='ltr'>χιλιάδας</span> <span class='ocrx_word' id='word_1_465' title='bbox 1381 3457 1519 3527; x_wconf 78' lang='grc' dir='ltr'>πεζῆ</span> <span class='ocrx_word' id='word_1_466' title='bbox 1553 3453 1836 3510; x_wconf 72' lang='grc' dir='ltr'>ὲπελθεῖνδ</span> 
     </span>
    </p>
   </div>
   <div class='ocr_carea' id='block_1_64' title="bbox 263 3544 1873 3620">
    <p class='ocr_par' dir='ltr' id='par_1_64' title="bbox 263 3544 1873 3620">
     <span class='ocr_line' id='line_1_64' title="bbox 263 3544 1873 3620; baseline -0.002 -16"><span class='ocrx_word' id='word_1_467' title='bbox 263 3544 341 3612; x_wconf 81' lang='grc' dir='ltr'><strong>ῶν</strong></span> <span class='ocrx_word' id='word_1_468' title='bbox 391 3549 560 3620; x_wconf 80' lang='grc' dir='ltr'>χίλιοι</span> <span class='ocrx_word' id='word_1_469' title='bbox 614 3548 716 3617; x_wconf 76' lang='grc' dir='ltr'>μὲν</span> <span class='ocrx_word' id='word_1_470' title='bbox 763 3549 1022 3612; x_wconf 86' lang='grc' dir='ltr'>πεντάκις</span> <span class='ocrx_word' id='word_1_471' title='bbox 1081 3549 1378 3620; x_wconf 82' lang='grc' dir='ltr'>φερέγγυοι</span> <span class='ocrx_word' id='word_1_472' title='bbox 1429 3547 1873 3618; x_wconf 76' lang='grc' dir='ltr'>ὲμαρτυροῦντο.</span> 
     </span>
    </p>
   </div>
   <div class='ocr_carea' id='block_1_65' title="bbox 264 3636 1840 3711">
    <p class='ocr_par' dir='ltr' id='par_1_65' title="bbox 264 3636 1840 3711">
     <span class='ocr_line' id='line_1_65' title="bbox 264 3636 1840 3711; baseline -0.003 -15"><span class='ocrx_word' id='word_1_473' title='bbox 264 3643 497 3696; x_wconf 70' lang='grc' dir='ltr'>ἱππόται</span> <span class='ocrx_word' id='word_1_474' title='bbox 525 3636 690 3703; x_wconf 76' lang='grc' dir='ltr'>εἶναι,</span> <span class='ocrx_word' id='word_1_475' title='bbox 717 3641 1054 3710; x_wconf 84' lang='grc' dir='ltr'>πεντήκοντα</span> <span class='ocrx_word' id='word_1_476' title='bbox 1079 3639 1285 3710; x_wconf 83' lang='grc' dir='ltr'>χιλιάσι</span> <span class='ocrx_word' id='word_1_477' title='bbox 1318 3641 1655 3711; x_wconf 77' lang='grc' dir='ltr'>Ῥωμαϊκαῖς</span> <span class='ocrx_word' id='word_1_478' title='bbox 1684 3640 1840 3692; x_wconf 72' lang='grc' dir='ltr'>ἐναν-</span> 
     </span>
    </p>
   </div>
   <div class='ocr_carea' id='block_1_66' title="bbox 259 3728 1836 3802">
    <p class='ocr_par' dir='ltr' id='par_1_66' title="bbox 259 3728 1836 3802">
     <span class='ocr_line' id='line_1_66' title="bbox 259 3728 1836 3802; baseline -0.003 -16"><span class='ocrx_word' id='word_1_479' title='bbox 259 3733 380 3786; x_wconf 85' lang='grc' dir='ltr'>τίαι</span> <span class='ocrx_word' id='word_1_480' title='bbox 413 3732 559 3785; x_wconf 79' lang='grc' dir='ltr'>κατὰ</span> <span class='ocrx_word' id='word_1_481' title='bbox 611 3732 712 3801; x_wconf 78' lang='grc' dir='ltr'><strong>τὴν</strong></span> <span class='ocrx_word' id='word_1_482' title='bbox 742 3730 969 3784; x_wconf 76' lang='grc' dir='ltr'>ἐκείνων</span> <span class='ocrx_word' id='word_1_483' title='bbox 1009 3729 1165 3796; x_wconf 82' lang='grc' dir='ltr'>δόξαν</span> <span class='ocrx_word' id='word_1_484' title='bbox 1205 3731 1576 3802; x_wconf 82' lang='grc' dir='ltr'>ἁντιδραμεῖν.</span> <span class='ocrx_word' id='word_1_485' title='bbox 1616 3730 1740 3784; x_wconf 87' lang='grc' dir='ltr'>Τῶν</span> <span class='ocrx_word' id='word_1_486' title='bbox 1775 3728 1836 3782; x_wconf 75' lang='grc' dir='ltr'>δὲ</span> 
     </span>
    </p>
   </div>
   <div class='ocr_carea' id='block_1_67' title="bbox 259 3817 1837 3894">
    <p class='ocr_par' dir='ltr' id='par_1_67' title="bbox 259 3817 1837 3894">
     <span class='ocr_line' id='line_1_67' title="bbox 259 3817 1837 3894; baseline -0.003 -16"><span class='ocrx_word' id='word_1_487' title='bbox 259 3825 475 3880; x_wconf 81' lang='grc' dir='ltr'>λοιπῶν</span> <span class='ocrx_word' id='word_1_488' title='bbox 504 3824 554 3876; x_wconf 85' lang='grc' dir='ltr'><strong>οί</strong></span> <span class='ocrx_word' id='word_1_489' title='bbox 594 3823 693 3893; x_wconf 70' lang='grc' dir='ltr'>μὲν</span> <span class='ocrx_word' id='word_1_490' title='bbox 719 3823 1066 3889; x_wconf 81' lang='grc' dir='ltr'>ἱπποτοξόται</span> <span class='ocrx_word' id='word_1_491' title='bbox 1102 3817 1266 3894; x_wconf 78' lang='grc' dir='ltr'>ἦσαν,</span> <span class='ocrx_word' id='word_1_492' title='bbox 1293 3822 1343 3875; x_wconf 88' lang='grc' dir='ltr'><strong>οί</strong></span> <span class='ocrx_word' id='word_1_493' title='bbox 1379 3821 1436 3874; x_wconf 77' lang='grc' dir='ltr'>δὲ</span> <span class='ocrx_word' id='word_1_494' title='bbox 1457 3821 1700 3890; x_wconf 82' lang='grc' dir='ltr'>ψιλῆται,</span> <span class='ocrx_word' id='word_1_495' title='bbox 1741 3820 1837 3874; x_wconf 77' lang='grc' dir='ltr'>καὶ</span> 
     </span>
    </p>
   </div>
   <div class='ocr_carea' id='block_1_68' title="bbox 260 3909 1836 3984">
    <p class='ocr_par' dir='ltr' id='par_1_68' title="bbox 260 3909 1836 3984">
     <span class='ocr_line' id='line_1_68' title="bbox 260 3909 1836 3984; baseline -0.003 -15"><span class='ocrx_word' id='word_1_496' title='bbox 260 3916 447 3978; x_wconf 71' lang='grc' dir='ltr'>ἄλλως</span> <span class='ocrx_word' id='word_1_497' title='bbox 474 3914 532 3967; x_wconf 72' lang='grc' dir='ltr'>δὲ</span> <span class='ocrx_word' id='word_1_498' title='bbox 567 3912 691 3984; x_wconf 86' lang='grc' dir='ltr'>μεθ’</span> <span class='ocrx_word' id='word_1_499' title='bbox 721 3913 905 3966; x_wconf 83' lang='grc' dir='ltr'>ὅπλων</span> <span class='ocrx_word' id='word_1_500' title='bbox 952 3912 1235 3983; x_wconf 76' lang='grc' dir='ltr'>χρήσιμοι.</span> <span class='ocrx_word' id='word_1_501' title='bbox 1265 3912 1640 3983; x_wconf 80' lang='grc' dir='ltr'>Συνεπλήρουν</span> <span class='ocrx_word' id='word_1_502' title='bbox 1665 3911 1723 3966; x_wconf 72' lang='grc' dir='ltr'>δὲ</span> <span class='ocrx_word' id='word_1_503' title='bbox 1743 3909 1836 3964; x_wconf 84' lang='grc' dir='ltr'><strong>τὸν</strong></span> 
     </span>
    </p>
   </div>
   <div class='ocr_carea' id='block_1_69' title="bbox 263 4001 1836 4077">
    <p class='ocr_par' dir='ltr' id='par_1_69' title="bbox 263 4001 1836 4077">
     <span class='ocr_line' id='line_1_69' title="bbox 263 4001 1836 4077; baseline -0.006 -12"><span class='ocrx_word' id='word_1_504' title='bbox 263 4010 446 4065; x_wconf 76' lang='grc' dir='ltr'>πολὺν</span> <span class='ocrx_word' id='word_1_505' title='bbox 493 4011 553 4064; x_wconf 73' lang='grc' dir='ltr'>ἑν</span> <span class='ocrx_word' id='word_1_506' title='bbox 607 4008 791 4070; x_wconf 86' lang='grc' dir='ltr'>αὐτοῖς</span> <span class='ocrx_word' id='word_1_507' title='bbox 845 4006 1084 4077; x_wconf 75' lang='grc' dir='ltr'>ἀριθμὸν</span> <span class='ocrx_word' id='word_1_508' title='bbox 1133 4005 1230 4060; x_wconf 75' lang='grc' dir='ltr'>καὶ</span> <span class='ocrx_word' id='word_1_509' title='bbox 1269 4003 1487 4075; x_wconf 79' lang='grc' dir='ltr'>ἄνδρες,</span> <span class='ocrx_word' id='word_1_510' title='bbox 1534 4005 1690 4075; x_wconf 78' lang='grc' dir='ltr'>φασὶ,</span> <span class='ocrx_word' id='word_1_511' title='bbox 1739 4001 1836 4058; x_wconf 81' lang='grc' dir='ltr'>τοῦ</span> 
     </span>
    </p>
   </div>
   <div class='ocr_carea' id='block_1_70' title="bbox 272 4095 1834 4170">
    <p class='ocr_par' dir='ltr' id='par_1_70' title="bbox 272 4095 1834 4170">
     <span class='ocr_line' id='line_1_70' title="bbox 272 4095 1834 4170; baseline -0.005 -15"><span class='ocrx_word' id='word_1_512' title='bbox 272 4101 547 4166; x_wconf 79' lang='grc' dir='ltr'>Ῥιζίκου,</span> <span class='ocrx_word' id='word_1_513' title='bbox 586 4099 726 4170; x_wconf 81' lang='grc' dir='ltr'>μήτε</span> <span class='ocrx_word' id='word_1_514' title='bbox 770 4097 958 4166; x_wconf 83' lang='grc' dir='ltr'>διάρια</span> <span class='ocrx_word' id='word_1_515' title='bbox 987 4097 1244 4168; x_wconf 87' lang='grc' dir='ltr'>λαχόντες</span> <span class='ocrx_word' id='word_1_516' title='bbox 1276 4097 1474 4150; x_wconf 80' lang='grc' dir='ltr'>ἐκεῖνοι</span> <span class='ocrx_word' id='word_1_517' title='bbox 1507 4097 1574 4149; x_wconf 77' lang='grc' dir='ltr'>ὲκ</span> <span class='ocrx_word' id='word_1_518' title='bbox 1608 4095 1704 4148; x_wconf 77' lang='grc' dir='ltr'><strong>τοῦ</strong></span> <span class='ocrx_word' id='word_1_519' title='bbox 1733 4098 1834 4164; x_wconf 76' lang='grc' dir='ltr'>ρη-</span> 
     </span>
    </p>
   </div>
   <div class='ocr_carea' id='block_1_71' title="bbox 261 4182 1836 4262">
    <p class='ocr_par' dir='ltr' id='par_1_71' title="bbox 261 4182 1836 4262">
     <span class='ocr_line' id='line_1_71' title="bbox 261 4182 1836 4262; baseline -0.007 -16"><span class='ocrx_word' id='word_1_520' title='bbox 261 4195 389 4262; x_wconf 79' lang='grc' dir='ltr'>γδς,</span> <span class='ocrx_word' id='word_1_521' title='bbox 418 4189 547 4262; x_wconf 75' lang='grc' dir='ltr'>μήθ’</span> <span class='ocrx_word' id='word_1_522' title='bbox 573 4189 866 4259; x_wconf 78' lang='grc' dir='ltr'>ὑπόσχεσιν</span> <span class='ocrx_word' id='word_1_523' title='bbox 887 4205 903 4221; x_wconf 78' lang='grc' dir='ltr'><strong>ο</strong></span> <span class='ocrx_word' id='word_1_524' title='bbox 927 4186 1463 4254; x_wconf 68' lang='grc' dir='ltr'>ἐπακολουθήσαντες</span> <span class='ocrx_word' id='word_1_525' title='bbox 1481 4185 1539 4240; x_wconf 67' lang='grc' dir='ltr'>δὲ</span> <span class='ocrx_word' id='word_1_526' title='bbox 1563 4184 1642 4254; x_wconf 86' lang='grc' dir='ltr'><strong>τῷ</strong></span> <span class='ocrx_word' id='word_1_527' title='bbox 1661 4182 1836 4255; x_wconf 83' lang='grc' dir='ltr'>λοιπῷ</span> 
     </span>
    </p>
   </div>
   <div class='ocr_carea' id='block_1_72' title="bbox 262 4275 1837 4353">
    <p class='ocr_par' dir='ltr' id='par_1_72' title="bbox 262 4275 1837 4353">
     <span class='ocr_line' id='line_1_72' title="bbox 262 4275 1837 4353; baseline -0.004 -17"><span class='ocrx_word' id='word_1_528' title='bbox 262 4281 512 4353; x_wconf 83' lang='grc' dir='ltr'>στρατῷ,</span> <span class='ocrx_word' id='word_1_529' title='bbox 547 4280 602 4332; x_wconf 81' lang='grc' dir='ltr'><strong>εί</strong></span> <span class='ocrx_word' id='word_1_530' title='bbox 631 4295 749 4342; x_wconf 87' lang='grc' dir='ltr'><strong>πως</strong></span> <span class='ocrx_word' id='word_1_531' title='bbox 780 4278 890 4332; x_wconf 85' lang='grc' dir='ltr'><strong>τῶν</strong></span> <span class='ocrx_word' id='word_1_532' title='bbox 918 4277 1098 4349; x_wconf 64' lang='grc' dir='ltr'>ἔργων</span> <span class='ocrx_word' id='word_1_533' title='bbox 1131 4277 1532 4348; x_wconf 84' lang='grc' dir='ltr'>συναιρόμενοι,</span> <span class='ocrx_word' id='word_1_534' title='bbox 1558 4276 1626 4330; x_wconf 87' lang='grc' dir='ltr'>τὰ</span> <span class='ocrx_word' id='word_1_535' title='bbox 1653 4277 1719 4330; x_wconf 80' lang='grc' dir='ltr'>ὲκ</span> <span class='ocrx_word' id='word_1_536' title='bbox 1742 4275 1837 4329; x_wconf 78' lang='grc' dir='ltr'>τό·</span> 
     </span>
    </p>
   </div>
   <div class='ocr_carea' id='block_1_73' title="bbox 259 4366 1835 4445">
    <p class='ocr_par' dir='ltr' id='par_1_73' title="bbox 259 4366 1835 4445">
     <span class='ocr_line' id='line_1_73' title="bbox 259 4366 1835 4445; baseline -0.004 -18"><span class='ocrx_word' id='word_1_537' title='bbox 259 4391 375 4445; x_wconf 89' lang='grc' dir='ltr'><strong>χης</strong></span> <span class='ocrx_word' id='word_1_538' title='bbox 406 4373 623 4442; x_wconf 76' lang='grc' dir='ltr'>εὕροιεν</span> <span class='ocrx_word' id='word_1_539' title='bbox 654 4371 856 4440; x_wconf 80' lang='grc' dir='ltr'>ἀγαθά.</span> <span class='ocrx_word' id='word_1_540' title='bbox 887 4371 998 4425; x_wconf 79' lang='grc' dir='ltr'><strong>Καὶ</strong></span> <span class='ocrx_word' id='word_1_541' title='bbox 1038 4369 1285 4424; x_wconf 81' lang='grc' dir='ltr'>τοσοῦτοι</span> <span class='ocrx_word' id='word_1_542' title='bbox 1325 4371 1425 4439; x_wconf 82' lang='grc' dir='ltr'>μὲν</span> <span class='ocrx_word' id='word_1_543' title='bbox 1455 4369 1517 4422; x_wconf 84' lang='grc' dir='ltr'><strong>τὸ</strong></span> <span class='ocrx_word' id='word_1_544' title='bbox 1545 4366 1731 4432; x_wconf 80' lang='grc' dir='ltr'>πεζόν.</span> <span class='ocrx_word' id='word_1_545' title='bbox 1759 4368 1835 4421; x_wconf 83' lang='grc' dir='ltr'><strong>Τὸ</strong></span> 
     </span>
    </p>
   </div>
   <div class='ocr_carea' id='block_1_74' title="bbox 259 4459 1835 4532">
    <p class='ocr_par' dir='ltr' id='par_1_74' title="bbox 259 4459 1835 4532">
     <span class='ocr_line' id='line_1_74' title="bbox 259 4459 1835 4532; baseline -0.005 -11"><span class='ocrx_word' id='word_1_546' title='bbox 259 4467 322 4521; x_wconf 66' lang='grc' dir='ltr'>δὲ</span> <span class='ocrx_word' id='word_1_547' title='bbox 353 4465 636 4528; x_wconf 77' lang='grc' dir='ltr'>ναυτικὸν,</span> <span class='ocrx_word' id='word_1_548' title='bbox 670 4463 786 4518; x_wconf 78' lang='grc' dir='ltr'>ἀλλ’</span> <span class='ocrx_word' id='word_1_549' title='bbox 818 4463 972 4518; x_wconf 78' lang='grc' dir='ltr'>αὐτοὶ</span> <span class='ocrx_word' id='word_1_550' title='bbox 998 4462 1148 4532; x_wconf 80' lang='grc' dir='ltr'>δῆλοι</span> <span class='ocrx_word' id='word_1_551' title='bbox 1171 4463 1291 4516; x_wconf 80' lang='grc' dir='ltr'>κατ’</span> <span class='ocrx_word' id='word_1_552' title='bbox 1315 4461 1551 4532; x_wconf 83' lang='grc' dir='ltr'>ἀριθμὸν</span> <span class='ocrx_word' id='word_1_553' title='bbox 1580 4460 1672 4514; x_wconf 77' lang='grc' dir='ltr'>τὸν</span> <span class='ocrx_word' id='word_1_554' title='bbox 1691 4459 1835 4531; x_wconf 69' lang='grc' dir='ltr'>ὑπὲρ</span> 
     </span>
    </p>
   </div>
   <div class='ocr_carea' id='block_1_75' title="bbox 260 4551 1866 4623">
    <p class='ocr_par' dir='ltr' id='par_1_75' title="bbox 260 4551 1866 4623">
     <span class='ocr_line' id='line_1_75' title="bbox 260 4551 1866 4623; baseline -0.005 -11"><span class='ocrx_word' id='word_1_555' title='bbox 260 4556 550 4618; x_wconf 74' lang='grc' dir='ltr'>διακοσίας</span> <span class='ocrx_word' id='word_1_556' title='bbox 576 4555 734 4622; x_wconf 80' lang='grc' dir='ltr'>νεῶν,</span> <span class='ocrx_word' id='word_1_557' title='bbox 769 4555 865 4608; x_wconf 79' lang='grc' dir='ltr'>σύν</span> <span class='ocrx_word' id='word_1_558' title='bbox 884 4571 950 4623; x_wconf 80' lang='grc' dir='ltr'><strong>γε</strong></span> <span class='ocrx_word' id='word_1_559' title='bbox 980 4556 1096 4618; x_wconf 85' lang='grc' dir='ltr'>τοῖς</span> <span class='ocrx_word' id='word_1_560' title='bbox 1129 4555 1416 4623; x_wconf 86' lang='grc' dir='ltr'>πειραταῖς</span> <span class='ocrx_word' id='word_1_561' title='bbox 1433 4569 1448 4586; x_wconf 90' lang='grc'><strong>·</strong></span> <span class='ocrx_word' id='word_1_562' title='bbox 1475 4552 1525 4606; x_wconf 77' lang='grc' dir='ltr'>οἳ</span> <span class='ocrx_word' id='word_1_563' title='bbox 1549 4554 1644 4606; x_wconf 72' lang='grc' dir='ltr'><strong>καὶ</strong></span> <span class='ocrx_word' id='word_1_564' title='bbox 1679 4551 1834 4608; x_wconf 74' lang='grc' dir='ltr'>αὐτοὶ</span> <span class='ocrx_word' id='word_1_565' title='bbox 1860 4565 1866 4570; x_wconf 80' lang='lat'><strong>‘</strong></span> 
     </span>
    </p>
   </div>
   <div class='ocr_carea' id='block_1_76' title="bbox 1953 3365 3514 3444">
    <p class='ocr_par' dir='ltr' id='par_1_76' title="bbox 1953 3365 3514 3444">
     <span class='ocr_line' id='line_1_76' title="bbox 1953 3365 3514 3444; baseline -0.008 -16"><span class='ocrx_word' id='word_1_566' title='bbox 1953 3374 2582 3444; x_wconf 84' lang='lat' dir='ltr'><strong>rabamur)detexerant,</strong></span> <span class='ocrx_word' id='word_1_567' title='bbox 2599 3371 2721 3441; x_wconf 91' lang='lat' dir='ltr'><strong>plus</strong></span> <span class='ocrx_word' id='word_1_568' title='bbox 2745 3386 2906 3440; x_wconf 87' lang='lat' dir='ltr'><strong>quam</strong></span> <span class='ocrx_word' id='word_1_569' title='bbox 2927 3371 3203 3438; x_wconf 84' lang='lat' dir='ltr'><strong>octoginta</strong></span> <span class='ocrx_word' id='word_1_570' title='bbox 3228 3365 3396 3418; x_wconf 86' lang='lat' dir='ltr'><strong>millia</strong></span> <span class='ocrx_word' id='word_1_571' title='bbox 3421 3379 3514 3418; x_wconf 88' lang='lat' dir='ltr'><strong>ar-</strong></span> 
     </span>
    </p>
   </div>
   <div class='ocr_carea' id='block_1_77' title="bbox 1953 3461 3516 3536">
    <p class='ocr_par' dir='ltr' id='par_1_77' title="bbox 1953 3461 3516 3536">
     <span class='ocr_line' id='line_1_77' title="bbox 1953 3461 3516 3536; baseline -0.01 -12"><span class='ocrx_word' id='word_1_572' title='bbox 1953 3478 2250 3534; x_wconf 88' lang='lat' dir='ltr'><strong>matorum,</strong></span> <span class='ocrx_word' id='word_1_573' title='bbox 2277 3482 2308 3522; x_wconf 89' lang='lat' dir='ltr'><strong>e</strong></span> <span class='ocrx_word' id='word_1_574' title='bbox 2332 3467 2530 3536; x_wconf 88' lang='lat' dir='ltr'><strong>quibus</strong></span> <span class='ocrx_word' id='word_1_575' title='bbox 2549 3464 2792 3535; x_wconf 88' lang='lat' dir='ltr'><strong>quinque</strong></span> <span class='ocrx_word' id='word_1_576' title='bbox 2815 3462 2987 3518; x_wconf 88' lang='lat' dir='ltr'><strong>millia</strong></span> <span class='ocrx_word' id='word_1_577' title='bbox 3018 3461 3264 3532; x_wconf 90' lang='lat' dir='ltr'><strong>equitum</strong></span> <span class='ocrx_word' id='word_1_578' title='bbox 3299 3464 3516 3526; x_wconf 85' lang='lat' dir='ltr'><strong>specta-</strong></span> 
     </span>
    </p>
   </div>
   <div class='ocr_carea' id='block_1_78' title="bbox 1950 3550 3504 3626">
    <p class='ocr_par' dir='ltr' id='par_1_78' title="bbox 1950 3550 3504 3626">
     <span class='ocr_line' id='line_1_78' title="bbox 1950 3550 3504 3626; baseline -0.012 -8"><span class='ocrx_word' id='word_1_579' title='bbox 1950 3571 2020 3618; x_wconf 65' lang='lat' dir='ltr'><strong>tae</strong></span> <span class='ocrx_word' id='word_1_580' title='bbox 2048 3561 2270 3618; x_wconf 85' lang='lat' dir='ltr'><strong>virtutis</strong></span> <span class='ocrx_word' id='word_1_581' title='bbox 2310 3560 2364 3613; x_wconf 89' lang='lat' dir='ltr'><strong>in</strong></span> <span class='ocrx_word' id='word_1_582' title='bbox 2390 3557 2563 3613; x_wconf 84' lang='lat' dir='ltr'><strong>aciem</strong></span> <span class='ocrx_word' id='word_1_583' title='bbox 2590 3561 2977 3626; x_wconf 89' lang='lat' dir='ltr'><strong>processerunt</strong></span> <span class='ocrx_word' id='word_1_584' title='bbox 3003 3559 3196 3607; x_wconf 88' lang='lat' dir='ltr'><strong>contra</strong></span> <span class='ocrx_word' id='word_1_585' title='bbox 3226 3550 3504 3619; x_wconf 82' lang='lat' dir='ltr'><strong>quinqua-</strong></span> 
     </span>
    </p>
   </div>
   <div class='ocr_carea' id='block_1_79' title="bbox 1950 3639 3514 3728">
    <p class='ocr_par' dir='ltr' id='par_1_79' title="bbox 1950 3639 3514 3728">
     <span class='ocr_line' id='line_1_79' title="bbox 1950 3639 3514 3728; baseline -0.012 -15"><span class='ocrx_word' id='word_1_586' title='bbox 1950 3657 2096 3728; x_wconf 89' lang='lat' dir='ltr'><strong>ginta</strong></span> <span class='ocrx_word' id='word_1_587' title='bbox 2119 3653 2284 3708; x_wconf 88' lang='lat' dir='ltr'><strong>millia</strong></span> <span class='ocrx_word' id='word_1_588' title='bbox 2308 3651 2700 3714; x_wconf 85' lang='lat' dir='ltr'><strong>Romanorum,</strong></span> <span class='ocrx_word' id='word_1_589' title='bbox 2717 3654 2879 3718; x_wconf 89' lang='lat' dir='ltr'><strong>prout</strong></span> <span class='ocrx_word' id='word_1_590' title='bbox 2905 3645 3010 3715; x_wconf 90' lang='lat' dir='ltr'><strong>ipsi</strong></span> <span class='ocrx_word' id='word_1_591' title='bbox 3032 3643 3300 3699; x_wconf 87' lang='lat' dir='ltr'><strong>referunt.</strong></span> <span class='ocrx_word' id='word_1_592' title='bbox 3316 3639 3514 3694; x_wconf 62' lang='lat' dir='ltr'><strong>Caeteri</strong></span> 
     </span>
    </p>
   </div>
   <div class='ocr_carea' id='block_1_80' title="bbox 1952 3735 3515 3813">
    <p class='ocr_par' dir='ltr' id='par_1_80' title="bbox 1952 3735 3515 3813">
     <span class='ocr_line' id='line_1_80' title="bbox 1952 3735 3515 3813; baseline -0.008 -15"><span class='ocrx_word' id='word_1_593' title='bbox 1952 3753 2129 3799; x_wconf 87' lang='lat' dir='ltr'><strong>autem</strong></span> <span class='ocrx_word' id='word_1_594' title='bbox 2176 3742 2376 3813; x_wconf 90' lang='lat' dir='ltr'><strong>partim</strong></span> <span class='ocrx_word' id='word_1_595' title='bbox 2436 3739 2731 3811; x_wconf 86' lang='lat' dir='ltr'><strong>sagittarii,</strong></span> <span class='ocrx_word' id='word_1_596' title='bbox 2782 3738 2983 3808; x_wconf 89' lang='lat' dir='ltr'><strong>partim</strong></span> <span class='ocrx_word' id='word_1_597' title='bbox 3033 3735 3166 3812; x_wconf 65' lang='lat' dir='ltr'><strong>levis</strong></span> <span class='ocrx_word' id='word_1_598' title='bbox 3219 3739 3515 3787; x_wconf 73' lang='lat' dir='ltr'><strong>armatura:</strong></span> 
     </span>
    </p>
   </div>
   <div class='ocr_carea' id='block_1_81' title="bbox 1948 3825 3513 3900">
    <p class='ocr_par' dir='ltr' id='par_1_81' title="bbox 1948 3825 3513 3900">
     <span class='ocr_line' id='line_1_81' title="bbox 1948 3825 3513 3900; baseline -0.01 -9"><span class='ocrx_word' id='word_1_599' title='bbox 1948 3842 2125 3900; x_wconf 87' lang='lat' dir='ltr'><strong>erant,</strong></span> <span class='ocrx_word' id='word_1_600' title='bbox 2157 3849 2346 3889; x_wconf 90' lang='lat' dir='ltr'><strong>omnes</strong></span> <span class='ocrx_word' id='word_1_601' title='bbox 2371 3831 2974 3887; x_wconf 66' lang='lat' dir='ltr'><strong>utilitatisindubitatae.</strong></span> <span class='ocrx_word' id='word_1_602' title='bbox 3000 3825 3200 3881; x_wconf 86' lang='lat' dir='ltr'><strong>Horum</strong></span> <span class='ocrx_word' id='word_1_603' title='bbox 3221 3837 3513 3878; x_wconf 88' lang='lat' dir='ltr'><strong>numerum</strong></span> 
     </span>
    </p>
   </div>
   <div class='ocr_carea' id='block_1_82' title="bbox 1949 3917 3514 3998">
    <p class='ocr_par' dir='ltr' id='par_1_82' title="bbox 1949 3917 3514 3998">
     <span class='ocr_line' id='line_1_82' title="bbox 1949 3917 3514 3998; baseline -0.007 -15"><span class='ocrx_word' id='word_1_604' title='bbox 1949 3926 2359 3998; x_wconf 84' lang='lat' dir='ltr'><strong>compleverunt</strong></span> <span class='ocrx_word' id='word_1_605' title='bbox 2405 3923 2575 3996; x_wconf 69' lang='lat' dir='ltr'><strong>copiae</strong></span> <span class='ocrx_word' id='word_1_606' title='bbox 2621 3939 2650 3978; x_wconf 92' lang='lat' dir='ltr'><strong>a</strong></span> <span class='ocrx_word' id='word_1_607' title='bbox 2700 3921 2932 3978; x_wconf 84' lang='lat' dir='ltr'><strong>Rhizico</strong></span> <span class='ocrx_word' id='word_1_608' title='bbox 2969 3920 3172 3984; x_wconf 67' lang='lat' dir='ltr'><strong>missae,</strong></span> <span class='ocrx_word' id='word_1_609' title='bbox 3203 3917 3295 3987; x_wconf 89' lang='lat' dir='ltr'><strong>qui</strong></span> <span class='ocrx_word' id='word_1_610' title='bbox 3336 3931 3514 3998; x_wconf 84' lang='lat' dir='ltr'><strong>neque</strong></span> 
     </span>
    </p>
   </div>
   <div class='ocr_carea' id='block_1_83' title="bbox 1959 3995 3510 4089">
    <p class='ocr_par' dir='ltr' id='par_1_83' title="bbox 1959 3995 3510 4089">
     <span class='ocr_line' id='line_1_83' title="bbox 1959 3995 3510 4089; baseline -0.008 -16"><span class='ocrx_word' id='word_1_611' title='bbox 1959 3995 2229 4089; x_wconf 80' lang='lat' dir='ltr'><strong>stipendia</strong></span> <span class='ocrx_word' id='word_1_612' title='bbox 2259 4032 2361 4072; x_wconf 89' lang='lat' dir='ltr'><strong>nec</strong></span> <span class='ocrx_word' id='word_1_613' title='bbox 2398 3995 2564 4071; x_wconf 83' lang='lat' dir='ltr'><strong>ullum</strong></span> <span class='ocrx_word' id='word_1_614' title='bbox 2597 4015 2915 4069; x_wconf 88' lang='lat' dir='ltr'><strong>donativum</strong></span> <span class='ocrx_word' id='word_1_615' title='bbox 2946 4027 2974 4068; x_wconf 83' lang='lat' dir='ltr'><strong>a</strong></span> <span class='ocrx_word' id='word_1_616' title='bbox 3002 4026 3128 4081; x_wconf 88' lang='lat' dir='ltr'><strong>rege</strong></span> <span class='ocrx_word' id='word_1_617' title='bbox 3169 3995 3510 4072; x_wconf 80' lang='lat' dir='ltr'><strong>obtinebant,</strong></span> 
     </span>
    </p>
   </div>
   <div class='ocr_carea' id='block_1_84' title="bbox 1954 4103 3511 4174">
    <p class='ocr_par' dir='ltr' id='par_1_84' title="bbox 1954 4103 3511 4174">
     <span class='ocr_line' id='line_1_84' title="bbox 1954 4103 3511 4174; baseline -0.006 -12"><span class='ocrx_word' id='word_1_618' title='bbox 1954 4107 2252 4162; x_wconf 84' lang='lat' dir='ltr'><strong>exercitum</strong></span> <span class='ocrx_word' id='word_1_619' title='bbox 2280 4115 2462 4160; x_wconf 89' lang='lat' dir='ltr'><strong>autem</strong></span> <span class='ocrx_word' id='word_1_620' title='bbox 2492 4107 2884 4174; x_wconf 87' lang='lat' dir='ltr'><strong>sequebantur,</strong></span> <span class='ocrx_word' id='word_1_621' title='bbox 2919 4103 3010 4158; x_wconf 89' lang='lat' dir='ltr'><strong>ubi</strong></span> <span class='ocrx_word' id='word_1_622' title='bbox 3045 4115 3269 4172; x_wconf 88' lang='lat' dir='ltr'><strong>operam</strong></span> <span class='ocrx_word' id='word_1_623' title='bbox 3299 4114 3511 4154; x_wconf 88' lang='lat' dir='ltr'><strong>navan-</strong></span> 
     </span>
    </p>
   </div>
   <div class='ocr_carea' id='block_1_85' title="bbox 1947 4193 3513 4266">
    <p class='ocr_par' dir='ltr' id='par_1_85' title="bbox 1947 4193 3513 4266">
     <span class='ocr_line' id='line_1_85' title="bbox 1947 4193 3513 4266; baseline -0.006 -13"><span class='ocrx_word' id='word_1_624' title='bbox 1947 4207 2034 4253; x_wconf 90' lang='lat' dir='ltr'><strong>tcs</strong></span> <span class='ocrx_word' id='word_1_625' title='bbox 2052 4196 2531 4266; x_wconf 87' lang='lat' dir='ltr'><strong>fortunajuvabat.</strong></span> <span class='ocrx_word' id='word_1_626' title='bbox 2574 4195 2672 4250; x_wconf 88' lang='lat' dir='ltr'><strong>Hic</strong></span> <span class='ocrx_word' id='word_1_627' title='bbox 2708 4195 2872 4263; x_wconf 87' lang='lat' dir='ltr'><strong>igitur</strong></span> <span class='ocrx_word' id='word_1_628' title='bbox 2905 4193 3006 4247; x_wconf 86' lang='lat' dir='ltr'><strong>fuit</strong></span> <span class='ocrx_word' id='word_1_629' title='bbox 3039 4193 3319 4261; x_wconf 82' lang='lat' dir='ltr'><strong>copiarum</strong></span> <span class='ocrx_word' id='word_1_630' title='bbox 3345 4198 3513 4244; x_wconf 86' lang='lat' dir='ltr'><strong>terre-</strong></span> 
     </span>
    </p>
   </div>
   <div class='ocr_carea' id='block_1_86' title="bbox 1957 4281 3512 4352">
    <p class='ocr_par' dir='ltr' id='par_1_86' title="bbox 1957 4281 3512 4352">
     <span class='ocr_line' id='line_1_86' title="bbox 1957 4281 3512 4352; baseline -0.006 -9"><span class='ocrx_word' id='word_1_631' title='bbox 1957 4288 2148 4343; x_wconf 87' lang='lat' dir='ltr'><strong>strium</strong></span> <span class='ocrx_word' id='word_1_632' title='bbox 2178 4299 2454 4340; x_wconf 87' lang='lat' dir='ltr'><strong>numerus.</strong></span> <span class='ocrx_word' id='word_1_633' title='bbox 2479 4283 2632 4339; x_wconf 81' lang='lat' dir='ltr'><strong>Vires</strong></span> <span class='ocrx_word' id='word_1_634' title='bbox 2664 4285 2886 4337; x_wconf 90' lang='lat' dir='ltr'><strong>navales</strong></span> <span class='ocrx_word' id='word_1_635' title='bbox 2907 4282 3025 4352; x_wconf 89' lang='lat' dir='ltr'><strong>plus</strong></span> <span class='ocrx_word' id='word_1_636' title='bbox 3049 4298 3209 4352; x_wconf 87' lang='lat' dir='ltr'><strong>quam</strong></span> <span class='ocrx_word' id='word_1_637' title='bbox 3241 4281 3512 4336; x_wconf 83' lang='lat' dir='ltr'><strong>ducenta-</strong></span> 
     </span>
    </p>
   </div>
   <div class='ocr_carea' id='block_1_87' title="bbox 1944 4372 3513 4444">
    <p class='ocr_par' dir='ltr' id='par_1_87' title="bbox 1944 4372 3513 4444">
     <span class='ocr_line' id='line_1_87' title="bbox 1944 4372 3513 4444; baseline -0.004 -10"><span class='ocrx_word' id='word_1_638' title='bbox 1944 4395 2067 4434; x_wconf 86' lang='lat' dir='ltr'><strong>rum</strong></span> <span class='ocrx_word' id='word_1_639' title='bbox 2093 4377 2308 4432; x_wconf 88' lang='lat' dir='ltr'><strong>navium</strong></span> <span class='ocrx_word' id='word_1_640' title='bbox 2329 4384 2624 4430; x_wconf 84' lang='lat' dir='ltr'><strong>erantcum</strong></span> <span class='ocrx_word' id='word_1_641' title='bbox 2649 4375 2862 4442; x_wconf 90' lang='lat' dir='ltr'><strong>piratis,</strong></span> <span class='ocrx_word' id='word_1_642' title='bbox 2881 4375 2970 4444; x_wconf 93' lang='lat' dir='ltr'><strong>qui</strong></span> <span class='ocrx_word' id='word_1_643' title='bbox 2991 4382 3041 4427; x_wconf 90' lang='lat' dir='ltr'><strong>et</strong></span> <span class='ocrx_word' id='word_1_644' title='bbox 3062 4374 3166 4443; x_wconf 86' lang='lat' dir='ltr'><strong>ipsi</strong></span> <span class='ocrx_word' id='word_1_645' title='bbox 3187 4372 3318 4427; x_wconf 87' lang='lat' dir='ltr'><strong>nihil</strong></span> <span class='ocrx_word' id='word_1_646' title='bbox 3338 4388 3367 4426; x_wconf 91' lang='lat' dir='ltr'><strong>a</strong></span> <span class='ocrx_word' id='word_1_647' title='bbox 3389 4387 3513 4442; x_wconf 83' lang='lat' dir='ltr'><strong>rege</strong></span> 
     </span>
    </p>
   </div>
   <div class='ocr_carea' id='block_1_88' title="bbox 1954 4466 3509 4540">
    <p class='ocr_par' dir='ltr' id='par_1_88' title="bbox 1954 4466 3509 4540">
     <span class='ocr_line' id='line_1_88' title="bbox 1954 4466 3509 4540; baseline -0.005 -14"><span class='ocrx_word' id='word_1_648' title='bbox 1954 4472 2290 4540; x_wconf 90' lang='lat' dir='ltr'><strong>accipientes</strong></span> <span class='ocrx_word' id='word_1_649' title='bbox 2338 4467 2569 4524; x_wconf 60' lang='lat' dir='ltr'><strong>fortuna:</strong></span> <span class='ocrx_word' id='word_1_650' title='bbox 2609 4466 3081 4522; x_wconf 88' lang='lat' dir='ltr'><strong>vicissitudinibus</strong></span> <span class='ocrx_word' id='word_1_651' title='bbox 3127 4479 3184 4520; x_wconf 89' lang='lat' dir='ltr'><strong>se</strong></span> <span class='ocrx_word' id='word_1_652' title='bbox 3223 4467 3509 4535; x_wconf 88' lang='lat' dir='ltr'><strong>permitte-</strong></span> 
     </span>
    </p>
   </div>
   <div class='ocr_carea' id='block_1_89' title="bbox 1948 4553 3511 4631">
    <p class='ocr_par' dir='ltr' id='par_1_89' title="bbox 1948 4553 3511 4631">
     <span class='ocr_line' id='line_1_89' title="bbox 1948 4553 3511 4631; baseline -0.004 -14"><span class='ocrx_word' id='word_1_653' title='bbox 1948 4563 2119 4629; x_wconf 86' lang='lat' dir='ltr'><strong>bant;</strong></span> <span class='ocrx_word' id='word_1_654' title='bbox 2165 4578 2194 4616; x_wconf 89' lang='lat' dir='ltr'><strong>a</strong></span> <span class='ocrx_word' id='word_1_655' title='bbox 2227 4561 2426 4631; x_wconf 89' lang='lat' dir='ltr'><strong>quibus</strong></span> <span class='ocrx_word' id='word_1_656' title='bbox 2465 4567 2611 4614; x_wconf 85' lang='lat' dir='ltr'><strong>terra</strong></span> <span class='ocrx_word' id='word_1_657' title='bbox 2652 4557 2900 4626; x_wconf 88' lang='lat' dir='ltr'><strong>marique</strong></span> <span class='ocrx_word' id='word_1_658' title='bbox 2937 4556 3110 4627; x_wconf 91' lang='lat' dir='ltr'><strong>pressi</strong></span> <span class='ocrx_word' id='word_1_659' title='bbox 3151 4557 3206 4611; x_wconf 92' lang='lat' dir='ltr'><strong>in</strong></span> <span class='ocrx_word' id='word_1_660' title='bbox 3247 4557 3372 4610; x_wconf 83' lang='lat' dir='ltr'><strong>vitae</strong></span> <span class='ocrx_word' id='word_1_661' title='bbox 3398 4553 3511 4610; x_wconf 88' lang='lat' dir='ltr'><strong>dis-</strong></span> 
     </span>
    </p>
   </div>
   <div class='ocr_carea' id='block_1_90' title="bbox 268 4626 1843 4720">
    <p class='ocr_par' dir='ltr' id='par_1_90' title="bbox 268 4641 1836 4716">
     <span class='ocr_line' id='line_1_90' title="bbox 268 4641 1836 4716; baseline -0.003 -19"><span class='ocrx_word' id='word_1_662' title='bbox 268 4644 446 4716; x_wconf 73' lang='grc' dir='ltr'>μηδὲν</span> <span class='ocrx_word' id='word_1_663' title='bbox 500 4643 731 4713; x_wconf 70' lang='grc' dir='ltr'>ρηγικδν</span> <span class='ocrx_word' id='word_1_664' title='bbox 790 4642 1028 4713; x_wconf 70' lang='grc' dir='ltr'>ἔχοντες,</span> <span class='ocrx_word' id='word_1_665' title='bbox 1057 4642 1230 4714; x_wconf 84' lang='grc' dir='ltr'>τύχης</span> <span class='ocrx_word' id='word_1_666' title='bbox 1277 4642 1471 4714; x_wconf 83' lang='grc' dir='ltr'>δώροις</span> <span class='ocrx_word' id='word_1_667' title='bbox 1526 4641 1836 4712; x_wconf 71' lang='grc' dir='ltr'>ἐπέτρεψαν</span> 
     </span>
    </p>
   </div>
   <div class='ocr_carea' id='block_1_91' title="bbox 1951 4626 3507 4720">
    <p class='ocr_par' dir='ltr' id='par_1_91' title="bbox 1951 4649 3507 4720">
     <span class='ocr_line' id='line_1_91' title="bbox 1951 4649 3507 4720; baseline -0.006 -8"><span class='ocrx_word' id='word_1_668' title='bbox 1951 4656 2170 4712; x_wconf 79' lang='lat' dir='ltr'><strong>crimine</strong></span> <span class='ocrx_word' id='word_1_669' title='bbox 2197 4654 2431 4717; x_wconf 90' lang='lat' dir='ltr'><strong>fuimus;</strong></span> <span class='ocrx_word' id='word_1_670' title='bbox 2465 4651 2552 4706; x_wconf 88' lang='lat' dir='ltr'><strong>alii</strong></span> <span class='ocrx_word' id='word_1_671' title='bbox 2589 4658 2762 4705; x_wconf 81' lang='lat' dir='ltr'><strong>morte</strong></span> <span class='ocrx_word' id='word_1_672' title='bbox 2810 4649 2981 4704; x_wconf 84' lang='lat' dir='ltr'><strong>functi</strong></span> <span class='ocrx_word' id='word_1_673' title='bbox 3015 4650 3185 4720; x_wconf 79' lang='lat' dir='ltr'><strong>erepti</strong></span> <span class='ocrx_word' id='word_1_674' title='bbox 3211 4656 3369 4715; x_wconf 88' lang='lat' dir='ltr'><strong>sunt;</strong></span> <span class='ocrx_word' id='word_1_675' title='bbox 3408 4662 3507 4702; x_wconf 82' lang='lat' dir='ltr'><strong>nos</strong></span> 
     </span>
    </p>
   </div>
   <div class='ocr_carea' id='block_1_92' title="bbox 268 4729 1844 4806">
    <p class='ocr_par' dir='ltr' id='par_1_92' title="bbox 268 4729 1844 4806">
     <span class='ocr_line' id='line_1_92' title="bbox 268 4729 1844 4806; baseline -0.004 -15"><span class='ocrx_word' id='word_1_676' title='bbox 268 4737 505 4800; x_wconf 70' lang='grc' dir='ltr'>ἑαυτούς</span> <span class='ocrx_word' id='word_1_677' title='bbox 525 4753 541 4770; x_wconf 79' lang='grc' dir='ltr'><strong>ο</strong></span> <span class='ocrx_word' id='word_1_678' title='bbox 571 4736 665 4806; x_wconf 74' lang='grc' dir='ltr'><strong>ὑφ’</strong></span> <span class='ocrx_word' id='word_1_679' title='bbox 692 4729 790 4802; x_wconf 83' lang='grc' dir='ltr'><strong>ῶν,</strong></span> <span class='ocrx_word' id='word_1_680' title='bbox 826 4735 967 4789; x_wconf 85' lang='grc' dir='ltr'>κατὰ</span> <span class='ocrx_word' id='word_1_681' title='bbox 991 4737 1096 4806; x_wconf 80' lang='grc' dir='ltr'><strong>γῆν</strong></span> <span class='ocrx_word' id='word_1_682' title='bbox 1115 4752 1172 4788; x_wconf 87' lang='grc' dir='ltr'><strong>τε</strong></span> <span class='ocrx_word' id='word_1_683' title='bbox 1195 4738 1288 4790; x_wconf 74' lang='grc' dir='ltr'>καὶ</span> <span class='ocrx_word' id='word_1_684' title='bbox 1312 4735 1586 4790; x_wconf 83' lang='grc' dir='ltr'>θάλασσαν</span> <span class='ocrx_word' id='word_1_685' title='bbox 1617 4734 1844 4787; x_wconf 75' lang='grc' dir='ltr'>πιεσάν-</span> 
     </span>
    </p>
   </div>
   <div class='ocr_carea' id='block_1_93' title="bbox 263 4826 1843 4900">
    <p class='ocr_par' dir='ltr' id='par_1_93' title="bbox 263 4826 1843 4900">
     <span class='ocr_line' id='line_1_93' title="bbox 263 4826 1843 4900; baseline -0.003 -17"><span class='ocrx_word' id='word_1_686' title='bbox 263 4845 382 4883; x_wconf 73' lang='grc' dir='ltr'><strong>των</strong></span> <span class='ocrx_word' id='word_1_687' title='bbox 418 4830 591 4900; x_wconf 74' lang='grc' dir='ltr'>ἡμᾶς,</span> <span class='ocrx_word' id='word_1_688' title='bbox 612 4827 860 4897; x_wconf 65' lang='grc' dir='ltr'>ἐξεθλίϐη</span> <span class='ocrx_word' id='word_1_689' title='bbox 869 4844 969 4897; x_wconf 82' lang='grc' dir='ltr'><strong>μεν</strong></span> <span class='ocrx_word' id='word_1_690' title='bbox 987 4827 1086 4896; x_wconf 81' lang='grc' dir='ltr'>τῆς</span> <span class='ocrx_word' id='word_1_691' title='bbox 1115 4828 1286 4896; x_wconf 79' lang='grc' dir='ltr'>ζωῆς.</span> <span class='ocrx_word' id='word_1_692' title='bbox 1304 4827 1414 4880; x_wconf 78' lang='grc' dir='ltr'><strong>Καὶ</strong></span> <span class='ocrx_word' id='word_1_693' title='bbox 1438 4829 1488 4880; x_wconf 77' lang='lat' dir='ltr'><strong>oi</strong></span> <span class='ocrx_word' id='word_1_694' title='bbox 1514 4827 1611 4897; x_wconf 74' lang='grc' dir='ltr'>μὲν</span> <span class='ocrx_word' id='word_1_695' title='bbox 1629 4826 1843 4894; x_wconf 82' lang='grc' dir='ltr'>θανάτῳ</span> 
     </span>
    </p>
   </div>
   <div class='ocr_carea' id='block_1_94' title="bbox 262 4916 1846 4991">
    <p class='ocr_par' dir='ltr' id='par_1_94' title="bbox 262 4916 1846 4991">
     <span class='ocr_line' id='line_1_94' title="bbox 262 4916 1846 4991; baseline -0.004 -15"><span class='ocrx_word' id='word_1_696' title='bbox 262 4922 762 4991; x_wconf 73' lang='grc' dir='ltr'>κατεσπάσθημιν,</span> <span class='ocrx_word' id='word_1_697' title='bbox 804 4921 855 4972; x_wconf 84' lang='grc' dir='ltr'><strong>οί</strong></span> <span class='ocrx_word' id='word_1_698' title='bbox 885 4917 967 4982; x_wconf 71' lang='grc' dir='ltr'>δὲ,</span> <span class='ocrx_word' id='word_1_699' title='bbox 993 4919 1088 4972; x_wconf 82' lang='grc' dir='ltr'>τοῦ</span> <span class='ocrx_word' id='word_1_700' title='bbox 1126 4917 1254 4990; x_wconf 69' lang='grc' dir='ltr'>ᾅδου</span> <span class='ocrx_word' id='word_1_701' title='bbox 1298 4917 1358 4972; x_wconf 88' lang='grc' dir='ltr'><strong>τδ</strong></span> <span class='ocrx_word' id='word_1_702' title='bbox 1388 4918 1562 4988; x_wconf 86' lang='grc' dir='ltr'>στόμα</span> <span class='ocrx_word' id='word_1_703' title='bbox 1593 4916 1846 4986; x_wconf 86' lang='grc' dir='ltr'>συγκλεί-</span> 
     </span>
    </p>
   </div>
   <div class='ocr_carea' id='block_1_95' title="bbox 265 5007 1840 5082">
    <p class='ocr_par' dir='ltr' id='par_1_95' title="bbox 265 5007 1840 5082">
     <span class='ocr_line' id='line_1_95' title="bbox 265 5007 1840 5082; baseline -0.005 -14"><span class='ocrx_word' id='word_1_704' title='bbox 265 5029 487 5074; x_wconf 81' lang='grc' dir='ltr'>σαντος,</span> <span class='ocrx_word' id='word_1_705' title='bbox 514 5007 618 5075; x_wconf 76' lang='grc' dir='ltr'>οἷς,</span> <span class='ocrx_word' id='word_1_706' title='bbox 653 5007 831 5082; x_wconf 71' lang='grc' dir='ltr'>οἶμαι,</span> <span class='ocrx_word' id='word_1_707' title='bbox 867 5011 1177 5080; x_wconf 84' lang='grc' dir='ltr'>κεκόρεστο,</span> <span class='ocrx_word' id='word_1_708' title='bbox 1200 5008 1491 5078; x_wconf 75' lang='grc' dir='ltr'>ἡμιθνῆτες</span> <span class='ocrx_word' id='word_1_709' title='bbox 1524 5007 1840 5078; x_wconf 77' lang='grc' dir='ltr'>ἐμείναμεν.</span> 
     </span>
    </p>
   </div>
   <div class='ocr_carea' id='block_1_96' title="bbox 339 5097 1845 5170">
    <p class='ocr_par' dir='ltr' id='par_1_96' title="bbox 339 5097 1845 5170">
     <span class='ocr_line' id='line_1_96' title="bbox 339 5097 1845 5170; baseline -0.002 -17"><span class='ocrx_word' id='word_1_710' title='bbox 339 5101 478 5170; x_wconf 81' lang='grc' dir='ltr'>ρλθ¹.</span> <span class='ocrx_word' id='word_1_711' title='bbox 515 5100 660 5154; x_wconf 82' lang='grc' dir='ltr'>Ἀλλ’</span> <span class='ocrx_word' id='word_1_712' title='bbox 691 5100 925 5154; x_wconf 75' lang='grc' dir='ltr'>ἐνταῦθα</span> <span class='ocrx_word' id='word_1_713' title='bbox 947 5097 1429 5170; x_wconf 80' lang='grc' dir='ltr'>παρεκὸεὸηκότες</span> <span class='ocrx_word' id='word_1_714' title='bbox 1452 5098 1577 5152; x_wconf 83' lang='grc' dir='ltr'>καθ’</span> <span class='ocrx_word' id='word_1_715' title='bbox 1604 5098 1845 5169; x_wconf 75' lang='grc' dir='ltr'>ἱστορίας</span> 
     </span>
    </p>
   </div>
   <div class='ocr_carea' id='block_1_97' title="bbox 263 5185 1847 5263">
    <p class='ocr_par' dir='ltr' id='par_1_97' title="bbox 263 5185 1847 5263">
     <span class='ocr_line' id='line_1_97' title="bbox 263 5185 1847 5263; baseline 0.002 -22"><span class='ocrx_word' id='word_1_716' title='bbox 263 5193 543 5263; x_wconf 78' lang='grc' dir='ltr'>ἀνάγκην,</span> <span class='ocrx_word' id='word_1_717' title='bbox 581 5191 1051 5262; x_wconf 80' lang='grc' dir='ltr'>ἀναδραμούμεθα</span> <span class='ocrx_word' id='word_1_718' title='bbox 1081 5190 1217 5262; x_wconf 74' lang='grc' dir='ltr'>πρὸς</span> <span class='ocrx_word' id='word_1_719' title='bbox 1244 5192 1440 5263; x_wconf 83' lang='grc' dir='ltr'>μικρὸν</span> <span class='ocrx_word' id='word_1_720' title='bbox 1472 5185 1649 5253; x_wconf 81' lang='grc' dir='ltr'>αὖθις,</span> <span class='ocrx_word' id='word_1_721' title='bbox 1677 5190 1847 5259; x_wconf 80' lang='grc' dir='ltr'><strong>ἐκφῆ-</strong></span> 
     </span>
    </p>
   </div>
   <div class='ocr_carea' id='block_1_98' title="bbox 266 5281 1844 5354">
    <p class='ocr_par' dir='ltr' id='par_1_98' title="bbox 266 5281 1844 5354">
     <span class='ocr_line' id='line_1_98' title="bbox 266 5281 1844 5354; baseline -0.002 -18"><span class='ocrx_word' id='word_1_722' title='bbox 266 5303 362 5336; x_wconf 79' lang='grc' dir='ltr'><strong>ναι</strong></span> <span class='ocrx_word' id='word_1_723' title='bbox 415 5285 480 5336; x_wconf 84' lang='grc' dir='ltr'><strong>τδ</strong></span> <span class='ocrx_word' id='word_1_724' title='bbox 509 5283 916 5353; x_wconf 80' lang='grc' dir='ltr'>καὶ’πτωχικὸν</span> <span class='ocrx_word' id='word_1_725' title='bbox 951 5283 1046 5336; x_wconf 79' lang='grc' dir='ltr'>καὶ</span> <span class='ocrx_word' id='word_1_726' title='bbox 1086 5284 1343 5354; x_wconf 79' lang='grc' dir='ltr'>ὑπόπαχυ</span> <span class='ocrx_word' id='word_1_727' title='bbox 1402 5281 1512 5334; x_wconf 87' lang='grc' dir='ltr'><strong>τῶν</strong></span> <span class='ocrx_word' id='word_1_728' title='bbox 1564 5281 1844 5334; x_wconf 79' lang='grc' dir='ltr'>κατακλυ-</span> 
     </span>
    </p>
   </div>
   <div class='ocr_carea' id='block_1_99' title="bbox 270 5371 1843 5445">
    <p class='ocr_par' dir='ltr' id='par_1_99' title="bbox 270 5371 1843 5445">
     <span class='ocr_line' id='line_1_99' title="bbox 270 5371 1843 5445; baseline -0.002 -17"><span class='ocrx_word' id='word_1_729' title='bbox 270 5373 418 5445; x_wconf 82' lang='grc' dir='ltr'>σμοῦ</span> <span class='ocrx_word' id='word_1_730' title='bbox 445 5375 606 5444; x_wconf 83' lang='grc' dir='ltr'>δίκην</span> <span class='ocrx_word' id='word_1_731' title='bbox 639 5374 1078 5444; x_wconf 75' lang='grc' dir='ltr'>παρασυρὰντων</span> <span class='ocrx_word' id='word_1_732' title='bbox 1115 5377 1183 5426; x_wconf 82' lang='grc' dir='ltr'>τὰ</span> <span class='ocrx_word' id='word_1_733' title='bbox 1229 5375 1481 5427; x_wconf 83' lang='grc' dir='ltr'>πολιτικά</span> <span class='ocrx_word' id='word_1_734' title='bbox 1507 5387 1521 5403; x_wconf 74' lang='grc' dir='ltr'><strong>ο</strong></span> <span class='ocrx_word' id='word_1_735' title='bbox 1564 5371 1615 5424; x_wconf 86' lang='grc' dir='ltr'>οἳ</span> <span class='ocrx_word' id='word_1_736' title='bbox 1644 5371 1712 5424; x_wconf 85' lang='grc' dir='ltr'>τὰ</span> <span class='ocrx_word' id='word_1_737' title='bbox 1743 5371 1843 5442; x_wconf 84' lang='grc' dir='ltr'>μὲν</span> 
     </span>
    </p>
   </div>
   <div class='ocr_carea' id='block_1_100' title="bbox 262 5454 1845 5534">
    <p class='ocr_par' dir='ltr' id='par_1_100' title="bbox 262 5454 1845 5534">
     <span class='ocr_line' id='line_1_100' title="bbox 262 5454 1845 5534; baseline -0.002 -16"><span class='ocrx_word' id='word_1_738' title='bbox 262 5467 432 5534; x_wconf 84' lang='grc' dir='ltr'>τίμια</span> <span class='ocrx_word' id='word_1_739' title='bbox 468 5463 686 5533; x_wconf 79' lang='grc' dir='ltr'>εὐήθως</span> <span class='ocrx_word' id='word_1_740' title='bbox 735 5464 831 5517; x_wconf 75' lang='grc' dir='ltr'>καὶ</span> <span class='ocrx_word' id='word_1_741' title='bbox 866 5465 941 5523; x_wconf 84' lang='grc' dir='ltr'>ὡς</span> <span class='ocrx_word' id='word_1_742' title='bbox 972 5459 1060 5516; x_wconf 77' lang='grc' dir='ltr'>οἶα</span> <span class='ocrx_word' id='word_1_743' title='bbox 1097 5465 1375 5534; x_wconf 84' lang='grc' dir='ltr'>βρεφικῶς</span> <span class='ocrx_word' id='word_1_744' title='bbox 1416 5462 1748 5526; x_wconf 85' lang='grc' dir='ltr'>ἀπεδίδοντο,</span> <span class='ocrx_word' id='word_1_745' title='bbox 1785 5454 1845 5515; x_wconf 72' lang='grc' dir='ltr'>οὗ</span> 
     </span>
    </p>
   </div>
   <div class='ocr_carea' id='block_1_101' title="bbox 263 5554 1845 5629">
    <p class='ocr_par' dir='ltr' id='par_1_101' title="bbox 263 5554 1845 5629">
     <span class='ocr_line' id='line_1_101' title="bbox 263 5554 1845 5629; baseline -0.004 -15"><span class='ocrx_word' id='word_1_746' title='bbox 263 5560 340 5615; x_wconf 71' lang='grc' dir='ltr'>ἄν</span> <span class='ocrx_word' id='word_1_747' title='bbox 359 5575 445 5621; x_wconf 83' lang='grc' dir='ltr'><strong>τις</strong></span> <span class='ocrx_word' id='word_1_748' title='bbox 465 5558 656 5620; x_wconf 80' lang='grc' dir='ltr'>αὐτοῖς</span> <span class='ocrx_word' id='word_1_749' title='bbox 676 5559 968 5629; x_wconf 77' lang='grc' dir='ltr'>χειρίσειεο</span> <span class='ocrx_word' id='word_1_750' title='bbox 997 5557 1105 5612; x_wconf 87' lang='grc' dir='ltr'><strong>τῶν</strong></span> <span class='ocrx_word' id='word_1_751' title='bbox 1135 5557 1191 5611; x_wconf 76' lang='grc' dir='ltr'>δὲ</span> <span class='ocrx_word' id='word_1_752' title='bbox 1215 5557 1416 5611; x_wconf 91' lang='grc' dir='ltr'>λοιπῶν</span> <span class='ocrx_word' id='word_1_753' title='bbox 1435 5556 1588 5610; x_wconf 83' lang='grc' dir='ltr'>οὐδὲν</span> <span class='ocrx_word' id='word_1_754' title='bbox 1612 5556 1644 5626; x_wconf 73' lang='grc' dir='ltr'><strong>ἦ</strong></span> <span class='ocrx_word' id='word_1_755' title='bbox 1673 5554 1845 5626; x_wconf 84' lang='grc' dir='ltr'>βραχύ</span> 
     </span>
    </p>
   </div>
   <div class='ocr_carea' id='block_1_102' title="bbox 261 5649 1846 5721">
    <p class='ocr_par' dir='ltr' id='par_1_102' title="bbox 261 5649 1846 5721">
     <span class='ocr_line' id='line_1_102' title="bbox 261 5649 1846 5721; baseline -0.002 -16"><span class='ocrx_word' id='word_1_756' title='bbox 261 5667 323 5705; x_wconf 76' lang='grc' dir='ltr'><strong>τι</strong></span> <span class='ocrx_word' id='word_1_757' title='bbox 375 5650 664 5713; x_wconf 83' lang='grc' dir='ltr'>παντελῶς</span> <span class='ocrx_word' id='word_1_758' title='bbox 715 5651 984 5704; x_wconf 81' lang='grc' dir='ltr'>ἀνθίστων</span> <span class='ocrx_word' id='word_1_759' title='bbox 1016 5650 1257 5721; x_wconf 87' lang='grc' dir='ltr'>τίμημα,</span> <span class='ocrx_word' id='word_1_760' title='bbox 1304 5651 1397 5703; x_wconf 78' lang='grc' dir='ltr'>καὶ</span> <span class='ocrx_word' id='word_1_761' title='bbox 1451 5649 1684 5719; x_wconf 86' lang='grc' dir='ltr'>μάλιστα</span> <span class='ocrx_word' id='word_1_762' title='bbox 1713 5649 1846 5716; x_wconf 86' lang='grc' dir='ltr'>τῶν,</span> 
     </span>
    </p>
   </div>
   <div class='ocr_carea' id='block_1_103' title="bbox 262 5736 1849 5814">
    <p class='ocr_par' dir='ltr' id='par_1_103' title="bbox 262 5736 1849 5814">
     <span class='ocr_line' id='line_1_103' title="bbox 262 5736 1849 5814; baseline -0.001 -16"><span class='ocrx_word' id='word_1_763' title='bbox 262 5747 372 5798; x_wconf 79' lang='grc' dir='ltr'>ὅσα</span> <span class='ocrx_word' id='word_1_764' title='bbox 400 5742 678 5807; x_wconf 65' lang='grc' dir='ltr'>ἐξοπλίζει</span> <span class='ocrx_word' id='word_1_765' title='bbox 720 5743 1052 5814; x_wconf 84' lang='grc' dir='ltr'>χειρομάχον</span> <span class='ocrx_word' id='word_1_766' title='bbox 1085 5742 1316 5812; x_wconf 76' lang='grc' dir='ltr'>πληθύν.</span> <span class='ocrx_word' id='word_1_767' title='bbox 1359 5741 1503 5795; x_wconf 84' lang='grc' dir='ltr'>Ἀλλ’</span> <span class='ocrx_word' id='word_1_768' title='bbox 1530 5736 1677 5812; x_wconf 80' lang='grc' dir='ltr'>εἶχον</span> <span class='ocrx_word' id='word_1_769' title='bbox 1709 5741 1849 5796; x_wconf 82' lang='grc' dir='ltr'><strong>αὑτά</strong></span> 
     </span>
    </p>
   </div>
   <div class='ocr_carea' id='block_1_104' title="bbox 263 5832 1844 5907">
    <p class='ocr_par' dir='ltr' id='par_1_104' title="bbox 263 5832 1844 5907">
     <span class='ocr_line' id='line_1_104' title="bbox 263 5832 1844 5907; baseline 0 -19"><span class='ocrx_word' id='word_1_770' title='bbox 263 5837 353 5898; x_wconf 72' lang='grc' dir='ltr'>εἰς</span> <span class='ocrx_word' id='word_1_771' title='bbox 373 5833 530 5906; x_wconf 81' lang='grc' dir='ltr'>χύμα</span> <span class='ocrx_word' id='word_1_772' title='bbox 547 5833 890 5905; x_wconf 80' lang='grc' dir='ltr'>προκείμενα</span> <span class='ocrx_word' id='word_1_773' title='bbox 913 5835 972 5889; x_wconf 79' lang='lat' dir='ltr'><strong>at</strong></span> <span class='ocrx_word' id='word_1_774' title='bbox 991 5835 1278 5907; x_wconf 81' lang='grc' dir='ltr'>λεωφόροι,</span> <span class='ocrx_word' id='word_1_775' title='bbox 1301 5835 1371 5890; x_wconf 82' lang='grc' dir='ltr'>τὰ</span> <span class='ocrx_word' id='word_1_776' title='bbox 1396 5832 1629 5904; x_wconf 78' lang='grc' dir='ltr'>ἐλαιώδη</span> <span class='ocrx_word' id='word_1_777' title='bbox 1649 5833 1844 5904; x_wconf 84' lang='grc' dir='ltr'>εὐώδη,</span> 
     </span>
    </p>
   </div>
   <div class='ocr_carea' id='block_1_105' title="bbox 1943 4742 3508 4820">
    <p class='ocr_par' dir='ltr' id='par_1_105' title="bbox 1943 4742 3508 4820">
     <span class='ocr_line' id='line_1_105' title="bbox 1943 4742 3508 4820; baseline -0.004 -16"><span class='ocrx_word' id='word_1_778' title='bbox 1943 4752 2043 4820; x_wconf 88' lang='lat' dir='ltr'><strong>ipsi</strong></span> <span class='ocrx_word' id='word_1_779' title='bbox 2074 4750 2197 4818; x_wconf 88' lang='lat' dir='ltr'><strong>quia</strong></span> <span class='ocrx_word' id='word_1_780' title='bbox 2226 4747 2492 4810; x_wconf 85' lang='lat' dir='ltr'><strong>infernus,</strong></span> <span class='ocrx_word' id='word_1_781' title='bbox 2522 4745 2634 4816; x_wconf 85' lang='lat' dir='ltr'><strong>jam</strong></span> <span class='ocrx_word' id='word_1_782' title='bbox 2663 4744 2925 4812; x_wconf 82' lang='lat' dir='ltr'><strong>repletus,</strong></span> <span class='ocrx_word' id='word_1_783' title='bbox 2958 4756 3020 4799; x_wconf 88' lang='lat' dir='ltr'><strong>os</strong></span> <span class='ocrx_word' id='word_1_784' title='bbox 3075 4742 3291 4810; x_wconf 86' lang='lat' dir='ltr'><strong>clausit,</strong></span> <span class='ocrx_word' id='word_1_785' title='bbox 3343 4742 3508 4798; x_wconf 88' lang='lat' dir='ltr'><strong>semi-</strong></span> 
     </span>
    </p>
   </div>
   <div class='ocr_carea' id='block_1_106' title="bbox 1945 4841 2452 4912">
    <p class='ocr_par' dir='ltr' id='par_1_106' title="bbox 1945 4841 2452 4912">
     <span class='ocr_line' id='line_1_106' title="bbox 1945 4841 2452 4912; baseline -0.004 -16"><span class='ocrx_word' id='word_1_786' title='bbox 1945 4842 2143 4896; x_wconf 92' lang='lat' dir='ltr'><strong>mortui</strong></span> <span class='ocrx_word' id='word_1_787' title='bbox 2159 4841 2452 4912; x_wconf 87' lang='lat' dir='ltr'><strong>jacuimus.</strong></span> 
     </span>
    </p>
   </div>
   <div class='ocr_carea' id='block_1_107' title="bbox 2018 5089 3498 5166">
    <p class='ocr_par' dir='ltr' id='par_1_107' title="bbox 2018 5089 3498 5166">
     <span class='ocr_line' id='line_1_107' title="bbox 2018 5089 3498 5166; baseline -0.005 -14"><span class='ocrx_word' id='word_1_788' title='bbox 2018 5098 2143 5153; x_wconf 67' lang='lat'><strong>459.</strong></span> <span class='ocrx_word' id='word_1_789' title='bbox 2186 5095 2301 5152; x_wconf 81' lang='lat' dir='ltr'><strong>Hoc</strong></span> <span class='ocrx_word' id='word_1_790' title='bbox 2334 5095 2556 5162; x_wconf 89' lang='lat' dir='ltr'><strong>inloco,</strong></span> <span class='ocrx_word' id='word_1_791' title='bbox 2600 5109 2786 5151; x_wconf 86' lang='lat' dir='ltr'><strong>rerum</strong></span> <span class='ocrx_word' id='word_1_792' title='bbox 2837 5101 3115 5166; x_wconf 88' lang='lat' dir='ltr'><strong>gestarum</strong></span> <span class='ocrx_word' id='word_1_793' title='bbox 3147 5091 3290 5148; x_wconf 88' lang='lat' dir='ltr'><strong>serie</strong></span> <span class='ocrx_word' id='word_1_794' title='bbox 3329 5089 3498 5146; x_wconf 84' lang='lat' dir='ltr'><strong>recla-</strong></span> 
     </span>
    </p>
   </div>
   <div class='ocr_carea' id='block_1_108' title="bbox 1955 5186 3507 5257">
    <p class='ocr_par' dir='ltr' id='par_1_108' title="bbox 1955 5186 3507 5257">
     <span class='ocr_line' id='line_1_108' title="bbox 1955 5186 3507 5257; baseline -0.005 -12"><span class='ocrx_word' id='word_1_795' title='bbox 1955 5198 2154 5250; x_wconf 86' lang='lat' dir='ltr'><strong>mante.</strong></span> <span class='ocrx_word' id='word_1_796' title='bbox 2188 5189 2597 5257; x_wconf 89' lang='lat' dir='ltr'><strong>retrospicimus</strong></span> <span class='ocrx_word' id='word_1_797' title='bbox 2625 5197 2684 5243; x_wconf 91' lang='lat' dir='ltr'><strong>ut</strong></span> <span class='ocrx_word' id='word_1_798' title='bbox 2711 5187 2928 5243; x_wconf 80' lang='lat' dir='ltr'><strong>exilitas</strong></span> <span class='ocrx_word' id='word_1_799' title='bbox 2959 5194 3012 5238; x_wconf 90' lang='lat' dir='ltr'><strong>et</strong></span> <span class='ocrx_word' id='word_1_800' title='bbox 3041 5186 3281 5254; x_wconf 64' lang='lat' dir='ltr'><strong>partitas</strong></span> <span class='ocrx_word' id='word_1_801' title='bbox 3313 5196 3507 5237; x_wconf 88' lang='lat' dir='ltr'><strong>eorum</strong></span> 
     </span>
    </p>
   </div>
   <div class='ocr_carea' id='block_1_109' title="bbox 1957 5275 3508 5347">
    <p class='ocr_par' dir='ltr' id='par_1_109' title="bbox 1957 5275 3508 5347">
     <span class='ocr_line' id='line_1_109' title="bbox 1957 5275 3508 5347; baseline -0.005 -13"><span class='ocrx_word' id='word_1_802' title='bbox 1957 5281 2236 5336; x_wconf 86' lang='lat' dir='ltr'><strong>manifesta</strong></span> <span class='ocrx_word' id='word_1_803' title='bbox 2276 5280 2530 5335; x_wconf 80' lang='lat' dir='ltr'><strong>reddatur</strong></span> <span class='ocrx_word' id='word_1_804' title='bbox 2577 5281 2666 5347; x_wconf 90' lang='lat' dir='ltr'><strong>qui</strong></span> <span class='ocrx_word' id='word_1_805' title='bbox 2717 5295 2828 5334; x_wconf 89' lang='lat' dir='ltr'><strong>rem</strong></span> <span class='ocrx_word' id='word_1_806' title='bbox 2885 5278 3153 5347; x_wconf 78' lang='lat' dir='ltr'><strong>publicam</strong></span> <span class='ocrx_word' id='word_1_807' title='bbox 3213 5276 3269 5329; x_wconf 88' lang='lat' dir='ltr'><strong>in</strong></span> <span class='ocrx_word' id='word_1_808' title='bbox 3315 5275 3508 5328; x_wconf 90' lang='lat' dir='ltr'><strong>ultimo</strong></span> 
     </span>
    </p>
   </div>
   <div class='ocr_carea' id='block_1_110' title="bbox 1951 5365 3513 5440">
    <p class='ocr_par' dir='ltr' id='par_1_110' title="bbox 1951 5365 3513 5440">
     <span class='ocr_line' id='line_1_110' title="bbox 1951 5365 3513 5440; baseline -0.006 -13"><span class='ocrx_word' id='word_1_809' title='bbox 1951 5374 2270 5427; x_wconf 88' lang='lat' dir='ltr'><strong>discrimine</strong></span> <span class='ocrx_word' id='word_1_810' title='bbox 2323 5372 2773 5440; x_wconf 85' lang='lat' dir='ltr'><strong>capessiverunt;</strong></span> <span class='ocrx_word' id='word_1_811' title='bbox 2810 5373 2901 5439; x_wconf 85' lang='lat' dir='ltr'><strong>qui</strong></span> <span class='ocrx_word' id='word_1_812' title='bbox 2939 5385 3025 5423; x_wconf 91' lang='lat' dir='ltr'><strong>res</strong></span> <span class='ocrx_word' id='word_1_813' title='bbox 3051 5368 3323 5438; x_wconf 80' lang='lat' dir='ltr'><strong>pretiosas</strong></span> <span class='ocrx_word' id='word_1_814' title='bbox 3350 5365 3513 5420; x_wconf 81' lang='lat' dir='ltr'><strong>stulte</strong></span> 
     </span>
    </p>
   </div>
   <div class='ocr_carea' id='block_1_111' title="bbox 1948 5457 3503 5534">
    <p class='ocr_par' dir='ltr' id='par_1_111' title="bbox 1948 5457 3503 5534">
     <span class='ocr_line' id='line_1_111' title="bbox 1948 5457 3503 5534; baseline -0.007 -15"><span class='ocrx_word' id='word_1_815' title='bbox 1948 5473 1999 5519; x_wconf 91' lang='lat' dir='ltr'><strong>et</strong></span> <span class='ocrx_word' id='word_1_816' title='bbox 2037 5479 2332 5534; x_wconf 88' lang='lat' dir='ltr'><strong>puerorum</strong></span> <span class='ocrx_word' id='word_1_817' title='bbox 2363 5477 2511 5516; x_wconf 89' lang='lat' dir='ltr'><strong>more</strong></span> <span class='ocrx_word' id='word_1_818' title='bbox 2535 5463 2714 5531; x_wconf 88' lang='lat' dir='ltr'><strong>primo</strong></span> <span class='ocrx_word' id='word_1_819' title='bbox 2741 5463 3030 5529; x_wconf 86' lang='lat' dir='ltr'><strong>occupanti</strong></span> <span class='ocrx_word' id='word_1_820' title='bbox 3065 5457 3365 5518; x_wconf 88' lang='lat' dir='ltr'><strong>tradidere,</strong></span> <span class='ocrx_word' id='word_1_821' title='bbox 3397 5467 3503 5508; x_wconf 64' lang='lat' dir='ltr'><strong>ca-</strong></span> 
     </span>
    </p>
   </div>
   <div class='ocr_carea' id='block_1_112' title="bbox 1949 5545 3502 5622">
    <p class='ocr_par' dir='ltr' id='par_1_112' title="bbox 1949 5545 3502 5622">
     <span class='ocr_line' id='line_1_112' title="bbox 1949 5545 3502 5622; baseline -0.008 -12"><span class='ocrx_word' id='word_1_822' title='bbox 1949 5565 2093 5611; x_wconf 89' lang='lat' dir='ltr'><strong>teras</strong></span> <span class='ocrx_word' id='word_1_823' title='bbox 2120 5565 2298 5610; x_wconf 87' lang='lat' dir='ltr'><strong>autem</strong></span> <span class='ocrx_word' id='word_1_824' title='bbox 2334 5555 2492 5610; x_wconf 86' lang='lat' dir='ltr'><strong>ﬂocci</strong></span> <span class='ocrx_word' id='word_1_825' title='bbox 2527 5555 2789 5616; x_wconf 88' lang='lat' dir='ltr'><strong>fecerunt,</strong></span> <span class='ocrx_word' id='word_1_826' title='bbox 2825 5551 3131 5622; x_wconf 84' lang='lat' dir='ltr'><strong>praesertim</strong></span> <span class='ocrx_word' id='word_1_827' title='bbox 3168 5562 3290 5617; x_wconf 73' lang='lat' dir='ltr'><strong>quae</strong></span> <span class='ocrx_word' id='word_1_828' title='bbox 3318 5545 3502 5598; x_wconf 76' lang='lat' dir='ltr'><strong>multi-</strong></span> 
     </span>
    </p>
   </div>
   <div class='ocr_carea' id='block_1_113' title="bbox 1949 5637 3509 5715">
    <p class='ocr_par' dir='ltr' id='par_1_113' title="bbox 1949 5637 3509 5715">
     <span class='ocr_line' id='line_1_113' title="bbox 1949 5637 3509 5715; baseline -0.007 -11"><span class='ocrx_word' id='word_1_829' title='bbox 1949 5649 2121 5704; x_wconf 86' lang='lat' dir='ltr'><strong>tudini</strong></span> <span class='ocrx_word' id='word_1_830' title='bbox 2171 5648 2435 5703; x_wconf 88' lang='lat' dir='ltr'><strong>bettatrici</strong></span> <span class='ocrx_word' id='word_1_831' title='bbox 2466 5662 2616 5701; x_wconf 85' lang='lat' dir='ltr'><strong>arma</strong></span> <span class='ocrx_word' id='word_1_832' title='bbox 2648 5645 3018 5715; x_wconf 84' lang='lat' dir='ltr'><strong>suppeditant.</strong></span> <span class='ocrx_word' id='word_1_833' title='bbox 3058 5643 3114 5694; x_wconf 85' lang='lat' dir='ltr'><strong>In</strong></span> <span class='ocrx_word' id='word_1_834' title='bbox 3141 5640 3244 5693; x_wconf 85' lang='lat' dir='ltr'><strong>viis</strong></span> <span class='ocrx_word' id='word_1_835' title='bbox 3271 5637 3509 5708; x_wconf 78' lang='lat' dir='ltr'><strong>publicis</strong></span> 
     </span>
    </p>
   </div>
   <div class='ocr_carea' id='block_1_114' title="bbox 1951 5725 3511 5808">
    <p class='ocr_par' dir='ltr' id='par_1_114' title="bbox 1951 5725 3511 5808">
     <span class='ocr_line' id='line_1_114' title="bbox 1951 5725 3511 5808; baseline -0.007 -15"><span class='ocrx_word' id='word_1_836' title='bbox 1951 5751 2133 5794; x_wconf 88' lang='lat' dir='ltr'><strong>autem</strong></span> <span class='ocrx_word' id='word_1_837' title='bbox 2179 5739 2492 5808; x_wconf 87' lang='lat' dir='ltr'><strong>promiscue</strong></span> <span class='ocrx_word' id='word_1_838' title='bbox 2524 5736 2782 5806; x_wconf 86' lang='lat' dir='ltr'><strong>jacebant</strong></span> <span class='ocrx_word' id='word_1_839' title='bbox 2812 5734 2930 5788; x_wconf 73' lang='lat' dir='ltr'><strong>olea</strong></span> <span class='ocrx_word' id='word_1_840' title='bbox 2965 5728 3289 5800; x_wconf 83' lang='lat' dir='ltr'><strong>fragrantia,</strong></span> <span class='ocrx_word' id='word_1_841' title='bbox 3320 5725 3511 5782; x_wconf 80' lang='lat' dir='ltr'><strong>lixivia</strong></span> 
     </span>
    </p>
   </div>
   <div class='ocr_carea' id='block_1_115' title="bbox 1950 5819 3506 5901">
    <p class='ocr_par' dir='ltr' id='par_1_115' title="bbox 1950 5819 3506 5901">
     <span class='ocr_line' id='line_1_115' title="bbox 1950 5819 3506 5901; baseline -0.012 -10"><span class='ocrx_word' id='word_1_842' title='bbox 1950 5834 2148 5901; x_wconf 85' lang='lat' dir='ltr'><strong>dulcis,</strong></span> <span class='ocrx_word' id='word_1_843' title='bbox 2185 5832 2440 5889; x_wconf 85' lang='lat' dir='ltr'><strong>materies</strong></span> <span class='ocrx_word' id='word_1_844' title='bbox 2476 5829 2622 5887; x_wconf 87' lang='lat' dir='ltr'><strong>sicca</strong></span> <span class='ocrx_word' id='word_1_845' title='bbox 2656 5842 2754 5884; x_wconf 87' lang='lat' dir='ltr'><strong>seu</strong></span> <span class='ocrx_word' id='word_1_846' title='bbox 2799 5836 2992 5883; x_wconf 89' lang='lat' dir='ltr'><strong>contra</strong></span> <span class='ocrx_word' id='word_1_847' title='bbox 3023 5823 3269 5888; x_wconf 87' lang='lat' dir='ltr'><strong>morbos,</strong></span> <span class='ocrx_word' id='word_1_848' title='bbox 3318 5833 3414 5876; x_wconf 84' lang='lat' dir='ltr'><strong>seu</strong></span> <span class='ocrx_word' id='word_1_849' title='bbox 3450 5819 3506 5874; x_wconf 87' lang='lat' dir='ltr'><strong>in</strong></span> 
     </span>
    </p>
   </div>
  </div>
