3906 6564
437 375 542 442 135

1152 382 1505 447 EUSTA'I‘H
1518 386 1576 446 ιι
1605 386 2056 448 THESSALON
2068 387 2308 448 ICENSl
2321 391 2362 449 S
2405 391 2962 454 METROl‘OLlT/E

3574 386 3686 452 136

431 505 592 546 usum
639 491 898 558 luxuriei,
943 494 1011 551 ad
1065 507 1240 554 artem
1297 503 1610 559 tinctoriam
1663 519 1993 576 caeteraque,

2115 509 2170 560 τὰ
2217 509 2427 561 στακτὰ
2480 507 2700 574 εὔοδμα,
2738 513 2807 562 τὰ
2857 507 3022 579 ξηρὰ,
3058 507 3128 561 τὰ
3178 505 3319 560 κατὰ
3367 504 3562 568 νόσων,
3615 508 3695 559 τά

430 584 634 655 quibus
651 586 758 640 vita
784 587 1001 656 elegans
1021 591 1215 647 utitur.
1243 592 1428 664 Itaque
1447 597 1650 665 lignum
1677 601 2000 655 suaveoleus

430 679 574 748 quod
603 679 726 747 quis
751 680 1030 750 obtingere
1052 685 1285 748 volebat,
1315 687 1677 742 dedolandum
1723 689 1854 755 fuit;
1896 709 2000 746 uva

426 783 592 840 passa
626 770 884 826 carbonis
909 773 1179 828 combusti
1213 786 1462 832 naturam
1496 781 1790 843 induebat;
1819 783 1998 853 liquor

431 875 499 914 ex
534 860 677 917 rosis
728 871 1012 921 extractus
1044 880 1183 933 aqua
1241 867 1453 924 inutilis
1490 870 1890 943 reputabatur;
1944 884 1998 931 et

423 952 508 1014 sic
551 953 604 1008 in
647 956 863 1010 caeteris
913 956 1280 1022 insaniebant,
1321 971 1374 1016 et
1413 965 1502 1031 qui
1549 981 1638 1020 res
1683 969 1996 1025 accuratius

429 1040 746 1097 examinare
783 1045 941 1100 vellet
971 1047 1209 1105 hominis
1240 1059 1490 1108 naturam
1524 1069 1649 1108 cum
1693 1056 1996 1114 bestiarum

429 1132 724 1190 confusam
755 1135 1047 1194 inveniret.
1085 1141 1278 1196 Mirum
1304 1157 1484 1199 autem
1519 1147 1621 1201 fuit
1646 1150 1789 1218 quod
1822 1166 2001 1208 annu-

431 1222 608 1277 lorum
679 1223 1002 1292 ferreorum,
1066 1233 1392 1301 pugiouum,
1465 1237 1874 1294 tliuribulorum
1943 1250 1998 1296 et

431 1326 625 1366 acuum
681 1325 941 1388 tanquam
975 1335 1157 1374 rerum
1196 1325 1577 1389 spectabilium
1611 1344 1862 1397 magnam
1894 1345 1998 1385 cu-

435 1419 550 1457 ram
575 1420 845 1472 gerentes,
879 1410 1080 1480 majora
1115 1413 1348 1481 pedibus
1394 1419 1806 1484 proculcarunt.
1842 1419 1998 1487 Igno-

431 1497 664 1555 rantiam
718 1509 899 1556 autem
939 1512 992 1556 et
1034 1505 1320 1561 mollitiem
1353 1510 1500 1565 circa
1533 1513 1698 1566 vitam
1743 1522 1798 1568 et
1834 1514 1999 1572 insti-

433 1597 549 1641 tuta
581 1591 794 1658 publica
827 1595 1242 1654 considerantes
1268 1602 1455 1656 mirari
1479 1604 1822 1662 desinemus.

2106 600 2240 667 πρὸς
2269 601 2506 669 τρυφὴν,
2541 600 2608 654 τὰ
2656 601 2794 670 πρὸς
2827 599 3028 669 βαφὴν,
3065 599 3254 660 τᾶλλα.
3286 591 3370 660 οἷς
3419 598 3688 651 διοικονο-

2109 695 2291 760 μεῖται
2328 693 2442 761 βίος
2485 694 2800 762 καθάρειος.
2835 691 3000 745 Ξύλον
3033 692 3166 760 γοῦν
3213 689 3440 757 εὔοδμον
3471 689 3684 757 εὑρεῖν.

2102 783 2460 854 ἐκπελέκημά
2494 802 2547 837 τι
2575 786 2761 846 αὐτοῖς
2789 781 2857 854 ἦν
2893 784 3026 836 ἰδεῖν
3050 799 3064 813 ο
3099 783 3132 852 ἡ
3169 781 3397 849 εὐγενὴς
3440 780 3684 846 ἀσταφὶς

2101 877 2368 945 ἄνθρακος
2400 876 2731 946 ὲσϐεσμένου
2757 876 2954 945 τμῆμα
2987 873 3292 941 ἐφάνταξεν
3319 873 3553 933 ἐκείνοις
3578 887 3593 902 ⁸
3620 871 3686 924 τὸ

2105 968 2285 1038 ῥόδεον
2319 968 2536 1037 στάγμα
2569 969 2648 1031 είς
2687 967 2831 1037 ὕδωρ
2866 969 3086 1036 ἀχρεῖον
3135 965 3402 1018 ἐτάσσετο
3427 981 3442 998 υ
3483 965 3581 1017 καὶ
3607 963 3682 1014 τὰ

2102 1059 2239 1112 ἄλλα
2272 1053 2371 1113 ὧδέ
2403 1077 2477 1127 πη
2518 1059 2904 1128 παρενοοῦντο,
2935 1059 3022 1111 ἵνα
3061 1057 3134 1128 μὴ
3163 1055 3542 1120 διασκευάζων
3594 1057 3683 1116 είς

2105 1152 2288 1217 πλέον,
2348 1151 2589 1221 θηριώδη
2634 1150 2926 1221 ἀγροικίαν
2985 1151 3202 1219 δοκοίην
3250 1148 3682 1213 ἀπανθρωπίζε-

2099 1245 2250 1296 σθαι.
2293 1244 2399 1296 Καὶ
2429 1239 2496 1313 ἦν
2537 1242 2858 1311 θαυμάζειν,
2899 1241 2976 1304 ὼς
3007 1241 3217 1310 κρίκων
3252 1238 3350 1309 μὲν
3380 1238 3678 1307 σιδηρείων,

2102 1338 2199 1390 καὶ
2254 1336 2514 1406 ήλαρίων,
2565 1336 2660 1388 καὶ
2699 1335 3081 1406 μαχαιριδίων,
3130 1334 3226 1386 καὶ
3275 1333 3539 1402 πυρείων,
3577 1332 3684 1385 καὶ

2106 1426 2363 1497 βελονίων
2404 1428 2680 1496 ἐπιμελῶς
2714 1413 2882 1496 εῐχον,
2912 1427 3046 1481 ὡσεὶ
3069 1428 3162 1480 καὶ
3195 1427 3448 1494 μεγάλων
3478 1426 3641 1479 τινῶν
3661 1444 3680 1458 ο

2101 1521 2169 1572 τὰ
2199 1520 2256 1571 δὲ
2292 1519 2466 1581 ἄλλως
2495 1519 2630 1587 ἁδρὰ
2667 1519 2824 1572 ποσὶν
2845 1519 3050 1573 ἐδίδουν
3081 1517 3392 1573 πατεῖσθαι.
3427 1518 3589 1570 Ἔλυε
3617 1517 3678 1569 δὲ

2101 1610 2162 1662 τδ
2193 1608 2379 1676 θαῦμα
2409 1611 2440 1679 ἠ
2471 1611 2590 1662 κατ’
2627 1610 2828 1672 αὐτοὺς
2876 1609 3125 1677 ἀπειρία,
3157 1609 3249 1661 καὶ
3291 1609 3351 1660 τὸ
3391 1611 3528 1679 πρὸς
3560 1607 3683 1678 βίον

2101 1702 2312 1771 ἥμερον
2339 1703 2434 1754 καὶ
2463 1700 2737 1754 πολιτικὸν
2764 1699 3074 1754 ἀνέθιστον.

510 1785 637 1839 ΗΟ.
681 1786 821 1843 Hinc
854 1792 1239 1850 concludimus
1276 1796 1328 1849 in
1382 1809 1568 1852 nostra
1612 1817 1832 1868 quoque
1865 1807 1999 1862 urbe

2179 1795 2291 1858 ρμ’.
2334 1788 2610 1842 Ἐντεῦθεν
2651 1789 2742 1843 οὖν
2788 1790 2931 1842 κατὰ
2970 1789 3068 1859 τὴν
3099 1789 3452 1858 Κερκυραΐαν
3480 1803 3683 1856 παροι-

438 1876 636 1946 euique
668 1878 920 1938 libertate
958 1883 1212 1939 indecora
1245 1902 1352 1955 qua
1386 1890 1500 1944 vult
1536 1892 1609 1944 uti
1638 1893 1824 1959 licere,
1854 1905 1912 1950 ut
1943 1899 1998 1952 in

2115 1881 2240 1946 μίαν
2269 1877 2338 1950 ἦν
2369 1882 2641 1948 ἐπιλέγειν
2681 1881 2920 1952 αἰσχρῶς
2951 1884 3044 1934 καὶ
3079 1883 3146 1951 τῇ
3185 1879 3310 1931 καθ’
3342 1880 3490 1950 ἡμᾶς
3517 1879 3679 1931 πόλει

433 2252 810 2314 expugnatum
857 2263 965 2303 non
1017 2266 1046 2306 a
1101 2251 1345 2323 Scythis,
1375 2272 1481 2312 non
1518 2273 1548 2312 a
1577 2259 1813 2326 Latinis,
1848 2263 1942 2318 sed
1971 2279 2000 2317 a

438 2331 856 2404 nobismetipsis
885 2355 902 2403 -;
934 2343 1085 2411 gravi
1111 2345 1255 2399 enim
1291 2360 1640 2416 peccatorum
1677 2363 2004 2424 tempestate

432 2424 695 2480 exsiccati
729 2428 917 2484 urbem
964 2445 1203 2488 nostram
1243 2437 1521 2494 desertam
1568 2441 1824 2510 fecimus,
1857 2454 1912 2500 et
1945 2447 2001 2504 in

439 2513 671 2584 Scyllam
708 2519 950 2577 Siculam
986 2523 1300 2594 incidimus,
1332 2539 1388 2586 et
1415 2531 1625 2589 utinam
1655 2535 1710 2588 in
1743 2534 2000 2607 Scyllam,

437 2608 626 2675 paucis
649 2625 748 2666 nos
779 2614 1051 2682 capitibus
1073 2619 1434 2686 privaturam.
1466 2622 1621 2682 Nune
1640 2637 1822 2684 autem
1859 2627 2003 2684 Cha-

441 2698 630 2766 rybdis
663 2701 882 2760 turbine
904 2719 1155 2778 arreptos
1183 2710 1252 2765 ad
1294 2727 1353 2770 se
1385 2714 1576 2774 traxit.

512 2953 634 3008 ιιι.
671 2954 791 3011 Jam
831 2974 960 3015 vero
1010 2975 1376 3034 opportunum
1427 2972 1532 3026 erit
1579 2971 1999 3035 lamentationes

443 3043 700 3106 inchoare
724 3058 779 3105 et
803 3050 871 3104 de
911 3053 1312 3113 calamitatibus
1355 3062 1560 3118 nostris
1582 3079 1820 3134 genlere.
1850 3069 2004 3124 Talia

2107 1975 2168 2027 τὸ
2194 1975 2524 2028 ἀπευκταῖον
2554 1973 2858 2046 ἐλεύθερον,
2891 1975 2967 2037 ὡς
3006 1973 3128 2038 ἐξὸν
3154 1972 3234 2034 ὃν,
3264 1975 3360 2028 καὶ
3399 1975 3456 2025 ἐν
3503 1973 3683 2043 ταύτῃ

2105 2067 2432 2128 ἀποπατεῖν,
2464 2068 2589 2120 ὅποι
2618 2066 2814 2132 ἐθέλει,
2843 2067 2936 2119 τὸν
2987 2065 3334 2136 βουλόμενον.
3367 2066 3484 2117 Οὐκ
3525 2065 3591 2116 ἂν
3616 2063 3681 2116 δέ

2106 2173 2190 2217 τις
2221 2155 2310 2209 ἐπ’
2366 2157 2534 2225 αὐτῆς
2569 2157 2759 2224 ἀφυῶς
2801 2156 2944 2210 εἴποι
2997 2159 3091 2210 καὶ
3136 2155 3375 2225 ἐρημίαν
3428 2155 3686 2223 μεγάλην

2108 2245 2380 2318 εἶναιτὴν
2438 2249 2837 2316 Μεγαλόπολιν,
2880 2249 2976 2303 καὶ
3023 2249 3278 2318 ἐρημίαν,
3311 2248 3372 2300 οὐ
3426 2246 3684 2308 Σκυθῶν,

2107 2341 2170 2394 οὐ
2203 2340 2310 2410 μὴν
2335 2339 2456 2392 οὐδὲ
2506 2340 2754 2394 Λατίνων
2798 2340 2907 2392 τῶν
2955 2340 3207 2403 ἑλόντων,
3242 2338 3359 2391 ἀλλ’
3400 2338 3558 2406 ἡμῶν
3583 2338 3690 2390 αὑ-

2109 2432 2248 2486 τῶνο
2278 2433 2328 2485 οἳ
2359 2431 2624 2501 ψυγέντες
2647 2431 2934 2500 ἁμαρτιῶν
2969 2431 3260 2501 βαρυτάτῳ
3292 2429 3521 2499 χειμῶνι
3551 2429 3688 2497 ἔρη-

2113 2537 2214 2592 μον
2264 2522 2598 2592 τηλικαύτην
2644 2524 2800 2576 πόλιν
2853 2523 3084 2591 ἀφέντες
3141 2521 3395 2590 ἐθέμεθα,
3445 2519 3539 2573 καὶ
3579 2520 3686 2590 τὴν

2110 2613 2398 2684 Σικελικὴν
2420 2615 2658 2669 Σκύλλαν
2682 2615 3097 2683 ἐπηγαγόμεθα,
3125 2613 3234 2666 sits
3263 2611 3364 2681 μὲν
3388 2608 3484 2666 οὖν
3511 2612 3689 2665 Σκύλ-

2109 2705 2230 2766 λαν,
2261 2705 2470 2771 ὀλίγαις
2505 2705 2650 2774 ἡμᾶς
2679 2703 2941 2772 κεφαλαῖς
2985 2701 3394 2770 ζημιώσουσαν.
3423 2704 3580 2770 Ἀρτι
3619 2702 3686 2755 δέ

2111 2793 2383 2863 Χάρυϐδις
2450 2795 2483 2861 ἡ
2534 2792 2743 2846 ἐκεῖθεν
2799 2791 3149 2847 κατέσπακεν
3197 2790 3369 2861 ἡμᾶς,
3432 2789 3687 2861 ὀλέθριον

2111 2881 2440 2952 ἀναρροιὸδή
2451 2898 2610 2937 σασα.

2185 2971 2331 3044 ρμα’.
2361 2975 2468 3028 Καὶ
2497 2969 2564 3044 ἦν
2593 2974 2692 3043 μὲν
2721 2971 2957 3026 ἐνταῦθα
2993 2987 3085 3040 μοι
3119 2971 3286 3032 τόπος
3313 2968 3528 3040 θρήνων
3552 2986 3689 3021 κατ-

2111 3065 2298 3134 άρξαι,
2333 3065 2426 3119 καὶ
2480 3064 2895 3134 ἀποιμώξασθαι
2923 3063 2992 3116 τὰ
3016 3063 3102 3131 ἐφ’
3146 3063 3293 3132 ἡμᾶς
3342 3065 3506 3116 κακά.
3540 3060 3688 3114 Οὔτε

442 3148 621 3193 autem
644 3156 743 3195 nec
762 3143 878 3198 seni
905 3145 1144 3212 proﬁcua
1161 3160 1286 3207 sunt
1310 3167 1407 3207 nec
1433 3152 1524 3208 Dei
1547 3156 1802 3226 episc0po
1822 3160 2004 3230 digna,

2115 3155 2168 3210 δέ
2201 3155 2415 3224 γέροντι
2443 3156 2510 3208 τὰ
2531 3154 2753 3210 τοιαῦτα
2784 3153 3262 3224 προσευπορείται,
3283 3151 3376 3204 καὶ
3400 3150 3519 3203 οὐδὲ
3539 3149 3685 3201 Θεοῦ

443 3231 538 3286 sed
571 3235 1060 3304 supplicationibus
1101 3253 1154 3298 et
1200 3243 1383 3312 gloriae
1425 3247 1691 3308 Altissimi
1725 3265 2002 3322 congrua,

445 3337 514 3376 ex
545 3338 656 3394 quo
681 3335 734 3381 et
759 3341 856 3397 per
882 3345 1044 3400 quem
1078 3341 1270 3388 nostra
1299 3338 1480 3392 omnia
1519 3349 1833 3409 suppetunt.
1865 3342 2006 3410 Quid

441 3431 577 3492 vero
613 3419 842 3492 impedit
872 3424 1006 3494 quin
1029 3467 1046 3492 ,
1078 3426 1184 3482 boc
1231 3430 1350 3486 solo
1381 3435 1547 3488 verbo
1579 3435 1794 3506 prolato
1850 3437 2006 3506 quie.

445 3525 620 3576 scam,
651 3527 740 3580 ne,
772 3523 831 3568 ut
873 3515 1070 3572 dixerit
1104 3519 1303 3588 aliquis
1339 3525 1552 3592 merito,
1587 3525 1759 3580 solem
1805 3528 2004 3584 alicubi

447 3603 683 3673 majores
702 3620 974 3664 arumuas
1004 3609 1240 3667 vidisse?
1273 3615 1478 3682 Quodsi
1509 3617 1882 3673 adversarium
1913 3620 2012 3674 ob-

447 3693 596 3752 vium
627 3692 856 3762 habebo,
884 3717 986 3756 nec
1023 3713 1322 3762 extremam
1361 3718 1719 3774 senectutem,
1754 3725 1855 3765 nec
1898 3712 2013 3781 epi-

448 3785 719 3854 scopalem
777 3789 1098 3857 dignitatem
1158 3795 1409 3861 verebor,
1460 3797 1556 3851 sed
1609 3797 1888 3862 resistam,
1951 3807 2006 3854 et

449 3878 742 3935 commisso
789 3882 974 3950 praelia
1021 3884 1124 3940 tela
1157 3888 1397 3944 oratoria
1445 3903 1550 3946 non
1593 3887 1750 3958 longe
1780 3902 1809 3941 a
1845 3901 2012 3960 scopo

444 3965 748 4038 iaculabor.

527 4153 648 4214 142.
670 4154 784 4214 Tali
815 4157 973 4214 modo
1003 4175 1088 4216 res
1110 4169 1260 4232 gesta
1282 4170 1384 4228 est,
1405 4161 1450 4216 si
1479 4161 1844 4232 tragoedorum
1865 4178 2015 4222 more

451 4261 636 4301 sermo
670 4251 1048 4308 terminandus
1079 4263 1161 4306 cst
1192 4254 1372 4321 potius
1414 4269 1576 4322 quam
1609 4252 1811 4308 rationi
1839 4255 2016 4324 operi-

451 4352 558 4406 que
587 4337 978 4397 insistendum.
1014 4341 1080 4396 Et
1108 4358 1234 4398 vere
1283 4359 1427 4400 nunc
1475 4345 1804 4401 cessandum
1854 4354 2012 4416 erat,

453 4429 557 4484 nisi
592 4432 993 4489 audivissemus
1022 4435 1114 4490 Dei
1149 4436 1283 4489 iram
1313 4436 1552 4492 nondum
1581 4452 1612 4490 a
1643 4437 1804 4492 nobis
1835 4450 2014 4491 reces-

451 4521 614 4588 sisse,
647 4522 743 4582 sed
787 4539 1009 4580 manum
1042 4525 1160 4597 ejus
1192 4527 1371 4582 adhuc
1400 4543 1522 4584 esse
1545 4537 1821 4584 extentam
1852 4543 2013 4598 para.

453 4614 678 4679 tamque
725 4614 791 4666 ad
825 4615 1024 4670 vulnus
1069 4615 1272 4670 letliale
1312 4616 1662 4685 inlligendum
1687 4655 1702 4682 ,
1737 4617 2015 4687 Deumque

453 4699 740 4755 nobiscum
762 4717 865 4756 non
887 4718 1202 4758 mansurum
1227 4705 1330 4761 nisi
1352 4705 1709 4775 corrigantur.
1739 4703 2018 4761 Correctio

451 4799 636 4847 autem
663 4796 770 4847 erit
795 4796 839 4848 si
867 4796 1032 4850 vitam
1064 4812 1369 4866 perversam
1399 4798 1870 4853 emendaverimus
1893 4813 2020 4867 pro-

453 4891 574 4951 pter
593 4900 756 4952 quam
788 4897 986 4941 cuncta
1020 4888 1134 4941 lia-c
1166 4888 1307 4942 mala
1335 4889 1387 4943 in
1416 4903 1514 4945 nos
1543 4890 2018 4946 irruerunt.Valde

449 4975 598 5028 enim
631 4984 781 5030 errat
807 4977 899 5046 qui
931 4993 1030 5034 nos
1056 4979 1300 5034 insontes
1322 4981 1428 5049 pati
1459 4980 1770 5038 crediderit.

536 5255 662 5311 143.
699 5259 840 5311 Ante
877 5253 1060 5310 omnia
1094 5254 1260 5324 igitur
1307 5265 1525 5322 peccata
1577 5272 1693 5312 mea
1732 5259 1803 5315 ob
1830 5261 2024 5318 oculos

459 5360 630 5416 pono,
662 5345 1100 5402 misericordiam
1134 5345 1373 5400 divinam
1410 5347 1689 5414 invocans,
1735 5365 1766 5402 a
1807 5350 2020 5418 justitia

457 5441 527 5492 all
569 5438 892 5490 lliaritatem
931 5439 1224 5505 appellans,
1257 5439 1346 5507 qui
1386 5439 1685 5494 subsistere
1718 5441 1862 5510 potis
1916 5457 2024 5498 non

457 5540 605 5592 sunt,
638 5527 685 5580 si
720 5525 862 5584 Deus
891 5539 1106 5593 peccata
1143 5545 1257 5586 mea
1293 5532 1483 5601 punire
1514 5531 1758 5586 voluerit.
1789 5532 2029 5589 Conver-

458 5617 612 5670 sione
639 5614 804 5688 igitur
834 5615 1236 5685 promptissima
1265 5634 1399 5690 opus
1431 5631 1534 5678 est.
1554 5620 1688 5676 Nam
1711 5660 1729 5688 ,
1762 5631 1818 5676 ttt
1845 5625 2026 5689 video,

461 5705 847 5775 plerarumque
902 5708 1188 5762 conversio
1235 5710 1448 5766 sincera
1500 5728 1606 5767 non
1639 5723 1744 5769 est.
1776 5711 2030 5769 Fortasse

448 5803 521 5867 ,et
553 5811 654 5854 uos
690 5805 889 5853 temere
917 5797 1162 5855 ausimus
1191 5799 1496 5856 exclamare
1530 5817 1545 5855 :
1575 5799 1710 5866 Quis
1736 5811 1818 5857 est
1846 5800 2025 5857 domi-

2110 3248 2409 3310 ἐπίσκοπος
2458 3246 2718 3310 τοιούτοις
2762 3245 2948 3314 λόγοις
2998 3245 3227 3316 πρέπων
3275 3244 3445 3306 ἐστὶν,
3497 3240 3612 3294 ἀλλ’
3645 3241 3685 3310 ἢ

2112 3339 2304 3409 μόναις
2335 3337 2726 3408 εὐχαριστίαις,
2761 3339 2856 3393 καὶ
2884 3336 3010 3406 δόξῃ
3049 3338 3115 3407 τῇ
3152 3337 3233 3398 είς
3267 3334 3358 3386 τὸν
3387 3334 3685 3401 ’Υψιστοη
3764 3342 3776 3351 ’

2110 3431 2170 3498 ἐξ
2195 3425 2256 3486 οὗ
2291 3433 2384 3490 καλ⁴
2431 3431 2497 3484 δι’
2535 3423 2596 3484 οὗ
2629 3431 2698 3484 τὰ
2744 3429 3009 3500 ἡμέτερα.
3044 3429 3110 3483 Τί
3143 3429 3198 3481 δέ
3231 3428 3296 3498 δὴ
3349 3426 3567 3489 κωλύει,
3620 3426 3688 3479 ἐν

2078 3524 2242 3594 ,γοῦν
2273 3523 2431 3578 τοῦτο
2478 3522 2637 3595 μόνον
2689 3522 2914 3576 εἰπόντα
2958 3539 3024 3592 με
3067 3517 3470 3582 πεπαύσεσθαι,
3500 3517 3693 3593 timet

2111 3633 2193 3679 τις
2225 3617 2343 3684 ἐρεῖ
2374 3615 2447 3684 μὴ
2477 3617 2543 3669 ἂν
2591 3614 2795 3670 ίδέσθαι
2844 3631 2930 3667 πω
2973 3612 3063 3666 τδν
3093 3611 3244 3682 ἥλιον
3285 3610 3468 3668 ἄλλοθι
3504 3609 3685 3678 μείζω

2113 3707 2282 3778 πάθη,
2304 3709 2404 3764 οὐκ
2435 3706 2500 3763 ἂν
2531 3706 2637 3772 ἔξω
2681 3706 2841 3766 λόγου
2872 3704 3329 3774 ἀπισχυρίσαιτο;
3367 3701 3474 3754 Καὶ
3517 3702 3686 3769 εἴπερ

2114 3797 2334 3866 εὑρήσω
2377 3796 2470 3849 τὸν
2513 3795 2994 3872 ἀντιπεσούμενον,
3031 3792 3146 3848 ἀλλ’
3192 3790 3425 3846 ἐνταῦθα
3465 3790 3564 3844 οὐκ
3593 3791 3690 3844 ai-

2113 3889 2338 3957 δέσομαι
2372 3888 2452 3951 είς
2491 3887 2680 3944 λαλιὰν
2732 3886 2857 3941 οὔτε
2884 3886 2946 3939 τὸ
2995 3884 3132 3954 βαθὺ
3169 3886 3365 3954 γῆρας,
3416 3880 3540 3934 οὗτε
3585 3879 3692 3950 τὴν

2113 3978 2443 4048 ἐπισκοπὴν,
2487 3977 2602 4035 ἀλλ’
2650 3980 3002 4044 ἐνστήσομαι,
3054 3977 3148 4028 καὶ
3181 3973 3691 4042 ἐπαγωνισᾶμενος,

2113 4070 2212 4122 οὐκ
2233 4068 2300 4124 ἂν
2319 4068 2506 4140 πόρρω
2534 4065 2739 4120 σκοποῦ
2759 4065 2818 4120 τὸ
2839 4067 2934 4135 τῆς
2958 4063 3245 4136 ῥητορείας
3264 4062 3418 4132 βέλος
3436 4061 3690 4132 ῥίψαιμι.

2188 4162 2336 4232 ρμβ’.
2375 4180 2395 4213 ι
2431 4159 2634 4215 Τοιὸνδ¹
2682 4158 2865 4228 ἀπέϐη
2893 4157 3012 4212 τόδε
3043 4157 3296 4225 πρᾶγμα,
3339 4171 3359 4205 ι
3403 4153 3456 4205 εῐ
3492 4169 3544 4206 τι
3575 4152 3690 4222 χρὴ

2115 4254 2468 4326 τραγῳᾶκῶς
2521 4253 2834 4308 συντελέσαι
2867 4253 2957 4304 τὸν
3009 4250 3188 4317 λόγον,
3237 4247 3367 4302 ἔνθα
3403 4247 3462 4299 τὸ
3510 4245 3725 4311 πάθος.

2115 4345 2425 4417 τραγῳδίας
2462 4344 2643 4410 ἄξιονο
2679 4343 2774 4398 καὶ
2819 4342 2946 4396 οὔτε
2990 4342 3132 4410 λόγῳ
3179 4339 3302 4393 καθ’
3332 4339 3452 4393 ὅλον
3485 4334 3598 4391 οἷόν
3628 4355 3692 4390 τε

2119 4437 2492 4507 παραστῆναι,
2517 4433 2642 4488 οὔτε
2669 4435 2810 4494 κατά
2831 4434 2991 4504 ἔργον
3017 4431 3298 4504 φέρεσθαι.
3323 4429 3424 4500 Εῐη
3447 4429 3502 4482 δέ
3524 4429 3697 4499 μέχρι

2118 4525 2271 4579 τοῦδε
2299 4525 2551 4595 λωφῆσαι
2574 4526 2634 4578 τὺ
2667 4527 2798 4586 πᾶν,
2833 4525 2909 4595 μὴ
2935 4527 3029 4578 καὶ
3050 4522 3372 4591 ἀκούσωμεν
3394 4523 3485 4574 καὶ
3512 4520 3695 4586 αὐτοὶ,

2093 4608 2194 4680 ’ὡς
2223 4619 2407 4672 οὐκέτι
2435 4621 2464 4672 ό
2491 4619 2584 4674 τοῦ
2616 4618 2751 4672 Θεοῦ
2787 4617 2909 4672 καθ’
2936 4619 2969 4688 ἡ
2980 4616 3098 4686 μῶν
3134 4616 3306 4685 θυμὸς
3337 4613 3694 4684 ἀπεστράφη,

2116 4709 2232 4764 ἀλλ’
2255 4709 2335 4763 ἔτι
2362 4711 2394 4778 ἡ
2416 4711 2538 4780 χεὶρ
2566 4710 2732 4762 αὑτοῦ
2757 4709 2956 4778 ὑψηλὴ,
2985 4709 3077 4761 καὶ
3107 4707 3196 4761 οἵα
3215 4723 3274 4760 τε
3305 4707 3698 4773 κατενεχθεῖσα

2119 4803 2360 4866 πατάξαι
2380 4804 2459 4866 είς
2477 4802 2707 4856 θάνατον
2729 4817 2744 4833 ο
2775 4802 2876 4861 oux
2900 4798 3243 4868 ἀκουσόμεθα
3268 4798 3327 4850 δὲ
3351 4797 3532 4867 μένειν
3551 4795 3695 4849 Θεοῦ

2122 4894 2247 4948 καθ’
2283 4895 2464 4964 ἡμῶν,
2498 4894 2658 4963 εἴπερ
2691 4891 3120 4962 διορθωσόμεθα.
3141 4888 3450 4959 ,Διόρθωσις
3477 4887 3533 4940 δὲ
3559 4890 3697 4955 ἡμῖν

2120 4986 2298 5052 ἔσται,
2328 4987 2378 5039 εί
2409 4985 2846 5056 μεταδαλώμεθα
2899 4984 2994 5038 τοῦ
3029 4982 3406 5052 περιπονήρου
3430 4979 3590 5048 βίου,
3623 4977 3698 5029 δι’

2119 5077 2180 5132 ὃν
2207 5079 2341 5152 ἡμῖν
2372 5077 2564 5132 ταῦτα.
2589 5075 2814 5144 Μηδένα
2839 5077 2948 5146 γὰρ
2973 5073 3094 5136 νοῦς
3135 5072 3393 5127 πλανάτω
3411 5070 3694 5139 φίλαυτος,

2121 5168 2198 5230 ὡς
2229 5167 2330 5222 οὐκ
2355 5166 2577 5228 ἐνδίκως
2603 5181 2668 5218 πε
2680 5163 3163 5236 ποινηλατήμεθα.¹

2193 5257 2343 5326 ρμγ’.
2381 5257 2602 5325 Πρῶτος
2633 5251 2726 5311 οὖν
2760 5255 2870 5323 ἐγὼ
2902 5256 3007 5326 πρὸ
3040 5253 3336 5324 ὀφθαλμῶν
3371 5249 3698 5318 ἱσταμένους

2123 5348 2249 5410 τοὺς
2287 5347 2394 5399 τῶν
2444 5347 2592 5415 ἐμῶν
2643 5347 2850 5401 κακιῶν
2903 5347 3158 5415 ἐλέγχους
3215 5341 3544 5410 ἁναθεωρῶ,
3599 5342 3699 5392 καὶ

2125 5439 2434 5507 ποτνιῶμαι
2463 5437 2768 5490 θεοκλυτῶν
2801 5439 2930 5506 περὶ
2957 5431 3334 5498 ἐλέους-Θεοῦ,
3365 5433 3458 5485 καί
3488 5448 3603 5494 πως
3627 5432 3699 5483 ἐκ

2124 5527 2220 5580 τοῦ
2250 5528 2458 5580 δικαίου
2489 5528 2673 5596 ἔφεσιν
2697 5527 2831 5597 πρὸς
2851 5527 2910 5580 τὸ
2938 5527 3316 5596 φιλάνθρωπον
3347 5523 3592 5591 τίθεμαι,
3615 5522 3697 5591 μὴ

2129 5618 2268 5688 ἔχων
2300 5619 2652 5686 ὑφίστασθαι,
2681 5619 2840 5689 εἴπερ
2869 5619 3098 5688 ἀνομίας
3125 5616 3435 5686 παρατηρεῖ
3463 5611 3696 5682 Κύριος.

2128 5709 2508 5780 Μεταϐλητέον
2530 5709 2644 5778 οὖν,
2674 5711 2798 5765 ὅσον
2822 5710 3008 5780 τάχος.
3033 5709 3230 5763 Οὐκέτι
3248 5708 3358 5778 γὰρ
3381 5706 3430 5758 οἱ
3452 5702 3698 5764 πλείους.

2131 5803 2206 5866 ὠς
2253 5803 2455 5874 βλέπω,
2489 5802 2790 5874 μεταϐολὴν
2828 5802 2924 5885 τὴν
2952 5801 3324 5874 χρηστοτέραν
3355 5793 3696 5868 ἡλλάγμεθα.
