3968 6574
219 389 305 453 137
970 381 1070 440 DE
1109 378 1676 442 THESSALONICA
1718 376 1922 441 URBE
1960 378 2007 436 A
2048 373 2353 436 LATINIS
2384 373 2645 433 CAPTA.
3347 375 3446 438 133

213 481 471 571 Μενοῦνγε
496 495 940 569 φιλοτιμούμεθα
982 499 1078 551 καὶ
1124 496 1282 550 αὐτοὶ
1313 496 1493 564 λέγειν
1530 495 1639 549 nos
1672 495 1770 548 καὶ

1881 509 1975 548 nus
1995 490 2223 549 noster?
2246 489 2412 560 idque
2441 488 2696 559 quoniam
2719 500 2878 543 nemo
2893 488 3125 544 verbum
3146 489 3201 544 in
3234 505 3336 548 nos
3361 508 3448 549 re-

215 598 369 653 πάλιν
396 594 586 663 ἡμεῖς’
622 591 718 654 Τίς
759 589 919 660 ἡμῶν
962 588 1153 661 κύριός
1200 590 1373 653 ἐστιν,
1425 587 1501 649 ὡς
1546 586 1773 658 μηδενὸς

1989 593 2116 653 luet.
2146 583 2191 641 0
2237 580 2621 640 hebetudinem
2656 581 2936 635 nostram!
2981 579 3139 637 Absit
3171 589 3348 635 autem
3390 592 3448 635 ut

213 690 336 757 ἡμῖν
361 685 560 755 φαῦλον
582 683 1069 753 ὲπιῴηφισαμέιου
1103 678 1271 753 μηδέν
1296 695 1312 747 ;
1350 680 1415 732 Ὢ
1445 679 1543 749 τῆς
1565 681 1622 732 ὲν
1644 678 1775 749 ἡμῖν

1885 675 2275 730 hebetudinem
2316 687 2593 736 accusem,
2643 672 2748 728 nisi
2796 674 3019 742 peccata
3075 673 3346 745 inquiram
3390 684 3449 731 et

214 776 585 844 δυσαισθησίας
614 776 629 828 l
663 776 740 845 μή
777 791 868 845 μοι
910 774 968 828 δὲ
996 774 1231 843 γένοιτο,
1280 771 1375 826 καὶ
1415 769 1775 841 ἀναισθησίας

1881 767 2143 838 rejiciani,
2180 775 2402 838 propter
2438 780 2559 838 quae
2592 763 2823 820 fulmina
2866 766 2986 821 dira
3018 766 3071 821 in
3106 781 3207 823 nos
3234 767 3448 823 cecide-

216 869 401 932 είπεῖν,
438 868 493 920 ἐν
523 865 599 936 τῷ
634 865 714 936 μὴ
745 866 815 918 τὰ
853 866 1002 919 αἴτια
1036 865 1130 918 καὶ
1173 861 1647 932 κατασκέψασθαι,
1682 862 1776 914 καὶ

1877 871 2021 925 runt,
2063 862 2265 930 quibus
2313 864 2651 918 concremati
2686 876 2916 927 sumus,
2954 876 2986 916 a
3015 862 3220 930 quibus
3253 862 3439 932 plagas

216 959 437 1015 ἐκποδὼν
462 957 818 1028 ποιήσασθαι,
847 957 940 1027 ἀφ’
967 951 1042 1011 ὧν
1068 959 1198 1029 ἡμῖν
1216 954 1557 1026 κατεόρέχθη
1575 951 1775 1023 κεραύο

1625 951 1775 1023 ιραύο
1873 946 2208 1023 accepimus,
2240 969 2380 1024 quas
2414 956 2568 1011 multi
2599 954 2726 1010 anni
2756 970 2860 1011 non
2895 954 3192 1010 sanabunt.

214 1071 289 1106 νια
306 1053 444 1106 κακά
462 1068 478 1083 ⁵
499 1049 571 1104 δι’
590 1044 666 1104 ὧν
682 1048 1142 1119 ἐκτεφρωθέντες,
1163 1047 1375 1119 πληγὰς
1393 1045 1769 1118 ὲνετρίὸημεν,

217 1144 341 1197 isne
348 1158 379 1210 ρ
395 1141 490 1192 οὐκ
502 1139 569 1193 ἂν
582 1138 759 1201 οὐδεὶς
777 1140 1021 1210 μακροὺς
1033 1137 1307 1201 ἐνιαυτοὺς
1322 1133 1771 1206 ἁπαλοησόμεοα.

279 1232 409 1305 ρμδν.
440 1232 563 1285 Elei.
607 1230 665 1284 δὲ
694 1230 869 1284 ταῦτα
913 1229 996 1300 (ού
1030 1229 1140 1299 γὰρ
1184 1228 1422 1298 ὀκνήσω,
1460 1228 1557 1281 καὶ⁹
1606 1227 1772 1283 πάλιν

1944 1233 2067 1287 MA.
2104 1231 2244 1286 Sunt
2280 1237 2461 1284 autem
2493 1245 2638 1285 nunc
2665 1229 2779 1283 haec
2818 1230 2948 1300 (non
2978 1228 3123 1282 enim
3171 1241 3257 1282 me
3295 1227 3442 1298 piget

216 1326 267 1377 τὸ
287 1324 376 1377 τοῦ
405 1322 565 1390 λόγου
596 1321 981 1393 χειρισάμενος
1011 1320 1265 1390 ἄροτρον,
1298 1318 1643 1387 άναπολῆσαι
1671 1317 1770 1389 τὴν

1875 1332 1931 1380 ιιι
1961 1324 2156 1378 iterum
2187 1316 2252 1376 ad
2288 1329 2531 1375 aratrum
2561 1318 2710 1375 verbi
2738 1320 2946 1373 mittam
2998 1332 3220 1373 manum
3245 1356 3260 1383 ,
3296 1318 3442 1372 hanc

218 1418 322 1473 κατ’
368 1416 466 1486 ἐμὲ
512 1412 895 1484 πνευματικὴν
949 1410 1158 1482 ταύτην
1185 1410 1310 1479 γῆν,
1361 1409 1583 1464 καὶτὸν
1626 1409 1770 1464 θεῖον

1876 1430 2047 1470 meam
2086 1428 2342 1471 renovem
2372 1413 2711 1483 spiritualem
2748 1419 2949 1466 terram
2977 1460 2995 1486 ,
3035 1425 3334 1481 semenque
3363 1409 3443 1464 tli-

219 1507 510 1579 σκόρον,ὠς
535 1506 789 1569 εἴθισται,
810 1501 1158 1571 καταϐαλεῖν)
1179 1517 1195 1534 ⁸
1225 1501 1276 1554 οἱ
1299 1501 1580 1570 φῦόνοι,τὸ
1604 1516 1771 1572 πρεσ-

1875 1505 2054 1560 vinum
2087 1519 2243 1560 more
2279 1503 2442 1560 solito
2473 1501 2784 1573 spargam):
2814 1499 3042 1567 invidia,
3066 1501 3269 1555 malum
3301 1500 3442 1555 anti-

216 1602 426 1654 δύτατον
455 1599 648 1663 κακὸν,
674 1596 735 1650 τὸ
766 1596 863 1650 τοῦ
889 1594 1179 1669 καλλίστου
1210 1593 1351 1658 (tuon
1379 1594 1521 1664 μέγα
1550 1588 1763 1663 αἶσχος,

1870 1596 2215 1668 quissimum,
2250 1594 2500 1650 animalis
2525 1593 2895 1649 venustissimi
2918 1605 3111 1662 magna
3136 1591 3437 1661 turpitudo.

216 1694 269 1746 τὸ
287 1690 450 1745 δεινὸν
477 1689 576 1743 τοῦ
610 1687 1012 1750 καταπεσόντος
1034 1685 1312 1756 ἑωσφόρον
1353 1684 1546 1751 Θέεῖον,
1577 1684 1607 1738 ὃ
1638 1701 1767 1738 συν-

1870 1685 2107 1741 Lucil'eri
2154 1684 2374 1739 coalitus
2423 1684 2747 1755 praecipitati
2789 1684 2971 1739 dirum
3025 1683 3258 1753 sulphur
3282 1670 3437 1752 quod

217 1784 446 1853 εφήψατο
499 1779 603 1851 τῆς
646 1780 707 1834 ὲν
747 1780 878 1849 ἡμῖν
906 1775 1206 1831 κακοποιοῦ
1256 1774 1681 1847 κεραυνώσεως’
1712 1775 1764 1828 οἱ

1872 1774 2075 1831 fulmen
2104 1772 2376 1830 funestum
2401 1773 2454 1827 in
2485 1773 2645 1830 nobis
2673 1774 2947 1842 accendit;
2974 1774 3202 1830 comites
3222 1772 3439 1828 invidiae

219 1835 672 1943 σύχοξιίροντεςντῷ
723 1835 903 1942 φδόνῳ
935 1868 1116 1938 τῦφοι,
1141 1868 1223 1931 είς
1251 1835 1345 1931 οὓς
1371 1868 1419 1932 ὁ,
1448 1865 1524 1930 ὡς
1563 1835 1762 1931 εἰπεῖν,

1869 1866 1962 1922 alti
1996 1866 2245 1937 spiritus,
2282 1864 2335 1919 in
2364 1879 2506 1935 quos
2536 1865 2747 1920 daemon
2778 1835 3055 1921 fastuosus
3081 1879 3184 1921 nos
3215 1873 3436 1935 protru-

216 1964 516 2036 τυφογέρων
547 1964 761 2033 δαίμων
808 1959 1146 2024 ἀναϐιϐάσας
1174 1960 1345 2030 ἡμᾶς,
1380 1958 1477 2014 καὶ
1525 1973 1768 2029 προσκυ-

1871 1961 1974 2028 sit;
2014 1958 2137 2016 dein
2167 1958 2429 2015 adoratus
2458 1964 2495 2013 a‘
2522 1957 2686 2016 nobis
2711 1973 2866 2014 more
2905 1958 3056 2029 regio
3086 1957 3353 2028 plurimos
3381 1958 3438 2013 in

217 2055 407 2125 νηθεὶς,
456 2055 533 2119 ὡς
580 2055 674 2108 ἐπὶ
725 2051 1030 2125 βασιλείαις
1079 2052 1247 2117 τισὶν,
1297 2045 1418 2106 εἶτα
1465 2051 1764 2125 κατέρριψε

1872 2052 2146 2108 infernum
2187 2051 2497 2122 prmcipites
2525 2050 2668 2121 egit;
2697 2050 3009 2116 calumniae,
3041 2049 3136 2120 qui
3181 2050 3439 2106 mortales

218 2148 350 2201 κάτω
377 2145 554 2216 βαλὼν
587 2146 715 2209 τοὺς
742 2144 1083 2209 πολλοὺςκαὶ
1106 2144 1191 2207 είς
1226 2142 1498 2214 τάρταρον
1517 2158 1533 2174 ⁶
1568 2143 1625 2198 αί
1647 2143 1763 2197 διαο

1874 2143 2027 2201 nobis
2056 2143 2241 2214 plagas
2266 2142 2610 2207 indixerunt;
2642 2141 2986 2197 mendacium
3010 2141 3197 2208 fallax,
3218 2151 3441 2213 propter

219 2237 377 2304 δολαὶ,
407 2237 466 2291 αἱ
501 2236 598 2300 τὰς
627 2236 962 2307 Θανασίμους
991 2234 1115 2290 καθ’
1151 2234 1308 2306 ἡμῶν
1340 2232 1647 2289 ἀπεύουναν
1680 2233 1767 2305 βο-

1874 2233 2010 2303 quod
2064 2232 2208 2288 Deus
2257 2232 2446 2287 oculos
2496 2246 2526 2285 a
2572 2231 2727 2284 nobis
2775 2232 3005 2298 avertit;
3040 2232 3296 2297 avaritia,
3343 2245 3441 2300 per

216 2330 297 2393 λάς
317 2344 332 2359 ·
355 2328 414 2383 τὸ
445 2329 587 2399 βαθὺ
616 2328 832 2398 ψεῦδος,
863 2320 923 2382 οὗ
958 2327 1144 2381 ἕνεκεν
1175 2327 1204 2379 ὁ
1225 2327 1323 2394 τῆς
1353 2318 1610 2397 ἀληθείας
1635 2325 1766 2390 Θεὸς

1868 2339 2031 2394 quam
2083 2337 2192 2378 non
2235 2321 2548 2393 iustiﬁcati,
2590 2322 2684 2378 sed
2732 2322 2932 2379 merito
2963 2324 3219 2378 omnibus
3272 2323 3434 2378 bonis

216 2423 375 2491 ἀπῆρε
407 2421 534 2483 τοὺς
566 2419 879 2489 ὀφθαλμοὺς
908 2418 970 2483 ἐξ
1008 2419 1201 2490 ἡμῶν
1233 2419 1294 2472 τὸ
1335 2418 1762 2489 φιλοχρήματον,

1871 2415 2013 2470 exuti
2051 2429 2264 2479 sumus,
2301 2415 2544 2483 exceptis
2579 2414 2645 2468 iis
2684 2415 2775 2485 qui
2808 2418 2861 2467 in
2894 2414 3134 2469 latibulis
3168 2413 3436 2480 resident,

218 2501 268 2562 οὗ
296 2508 411 2562 κατ’
440 2508 627 2563 αίτίαν
658 2507 717 2561 εὖ
747 2508 1177 2578 δεδικαιωμένοι,
1213 2507 1435 2561 πάντων
1466 2506 1766 2577 χρημάτων

1963 2507 2082 2562 inde
2112 2515 2318 2563 temere
2338 2512 2506 2577 agunt
2531 2507 2586 2561 in
2612 2520 2707 2562 eos
2731 2506 2824 2574 qui
2857 2520 3053 2562 caveas
3076 2521 3182 2562 non
3208 2506 3436 2571 habent,
3527 2493 3530 2498 ’

218 2582 694 2671 ἁπεῇυμνὼθημεν,
724 2599 850 2670 δῖχα
881 2615 946 2668 γε
997 2598 1104 2652 τῶν
1152 2600 1248 2655 καὶ
1294 2599 1461 2653 εἰσέτι
1489 2599 1566 2671 τῷ
1592 2599 1764 2673 φολεῷ

1869 2597 1961 2652 ubi
1999 2604 2165 2667 caput
2201 2596 2474 2652 reclinent
2504 2595 2747 2663 (videant
2778 2593 2833 2648 bi
2867 2609 2935 2650 ne
2967 2607 3195 2665 serpens
3241 2593 3436 2649 formi-

218 2689 373 2761 τούτῳ
422 2689 809 2753 ἒπωαζόντων,
860 2688 1112 2743 κάκεῖθεν
1172 2688 1761 2761 καταθρασυνομένων,

1867 2689 2082 2745 dandus
2110 2703 2405 2759 erumpens
2434 2702 2629 2743 caveas
2665 2701 2858 2742 eorum
2897 2697 3109 2742 evertat
3133 2687 3207 2740 ita
3256 2694 3316 2742 ut
3346 2688 3433 2741 ni-

216 2785 309 2838 τῶν
336 2784 408 2856 μὴ
447 2783 693 2855 φωλεοὺς
731 2784 984 2855 ἐχόντων,
1018 2782 1148 2839 ἔνθα
1179 2783 1419 2837 κλινοῦσι
1465 2783 1566 2848 τὰς
1595 2802 1767 2856 κεφαη

1871 2782 2088 2838 diﬁcari
2137 2782 2336 2837 ibidem
2374 2796 2481 2837 non
2518 2780 2792 2851 possint);
2840 2779 2992 2835 falsa:
3027 2778 3433 2844 accusationes,

218 2876 299 2940 λάς
335 2877 403 2947 (οἳ
450 2868 827 2947 βλεπέτωσαν.
889 2874 1134 2947 μήποθεν
1185 2874 1333 2944 ὄφις,
1388 2874 1607 2940 ὁποίους
1657 2875 1764 2949 χρὴ

1865 2889 2007 2946 quas
2044 2881 2360 2929 exsecratus
2391 2887 2620 2944 magnus
2643 2869 2818 2927 Judex
2847 2886 2948 2926 nos
2969 2870 3268 2942 judicavit;
3298 2885 3430 2926 usu-

215 2968 443 3034 δεδιέναι,
498 2966 821 3038 ύφερπύσας
860 2966 1137 3040 ἀχρειὼσῃ
1179 2967 1362 3030 αὐτοῖς
1406 2969 1473 3022 τὰ
1514 2969 1615 3039 τῆς
1647 2987 1763 3039 φωο

1866 2980 1939 3021 τω
1960 2967 2262 3023 immodicae
2276 2965 2628 3035 pecuniarum
2650 2973 2842 3019 mutuo
2854 2975 3215 3032 sumptarum,
3231 2962 3433 3033 quibus

216 3059 363 3126 λείας,
408 3061 486 3124 ὡς
534 3060 611 3131 μὴ
654 3058 1122 3131 τελεσφορηθῆναι
1168 3060 1249 3125 είς
1296 3059 1658 3133 νεόττευσιν)·
1700 3062 1759 3116 αι

1866 3057 2121 3113 homines
2150 3057 2424 3126 simplices
2451 3063 2506 3110 et
2530 3070 2709 3109 rerum
2739 3054 3009 3124 angustiis
3039 3054 3218 3108 vexati
3242 3053 3429 3125 oppri-

167 3155 173 3163 '
218 3152 294 3205 ixi
314 3151 433 3223 δίκῃ
491 3149 866 3219 συκοφαντίαι,
903 3150 971 3216 ἃς
1019 3150 1406 3221 ύπερμισήσας
1448 3150 1478 3203 ό
1528 3151 1734 3215 δίκαιος

1864 3148 2179 3216 mebantur,
2213 3160 2447 3218 quorum
2485 3147 2630 3202 Deus
2680 3146 2982 3216 sospitator
3032 3146 3316 3209 misertus,
3350 3147 3431 3200 la-

219 3240 509 3295 ὲδικαίωσεν
546 3242 714 3312 ἡμᾶς,
749 3237 831 3304 οἷς
876 3241 979 3296 οὐκ
1010 3239 1078 3295 ἂν
1109 3240 1470 3312 συκοφαντίαν
1514 3259 1761 3315 προηγη-

1865 3244 2123 3296 borantes
2150 3252 2204 3297 et
2232 3245 2489 3294 oneratos
2518 3238 2584 3292 ad
2619 3237 2855 3307 quietem
2898 3236 3134 3303 invitat,
3184 3236 3427 3308 gladium

220 3332 436 3404 σαμένην
481 3333 910 3404 ἐπικαλέσαιμεν
932 3349 949 3367 ο
980 3333 1030 3387 οί
1051 3333 1144 3386 ἐπὶ
1166 3332 1491 3404 δανείσμασι
1517 3332 1760 3405 μετρίοις

1860 3330 2121 3403 utrinque
2171 3345 2445 3386 exacuens
2494 3336 2558 3384 ut
2595 3329 2720 3384 talis
2763 3329 2932 3400 prolis
2977 3339 3186 3400 patrem
3233 3332 3425 3395 orbet;

218 3421 537 3493 ἀσύμμετροι
555 3425 652 3477 καὶ
677 3424 867 3496 βαρεῖς
895 3423 1066 3489 τόκοι,
1101 3421 1184 3488 οἷς
1208 3425 1257 3477 oi
1291 3422 1602 3494 ἀπάλαμνοι
1632 3440 1761 3477 κατ-

1859 3423 1951 3499 qui
1980 3438 2010 3478 a
2040 3420 2311 3495 principio
2343 3435 2373 3473 a
2400 3428 2555 3490 patre
2594 3420 2743 3492 gigni
2790 3435 2904 3474 non
2933 3420 3202 3475 debebant
3228 3436 3243 3486 ;
3275 3423 3425 3491 quod

220 3514 483 3570 επονοῦντο
528 3517 624 3569 καὶ
665 3516 948 3588 ἀπέριττοι
992 3513 1086 3570 καὶ
1131 3515 1601 3586 ἀπεριουσίαστοι,
1661 3514 1756 3580 οὒς

1863 3525 2042 3569 autem
2074 3511 2141 3568 de
2172 3524 2232 3567 re
2264 3509 2526 3582 penuaria
2562 3515 2847 3577 metuant,
2891 3508 3034 3565 inter
3073 3524 3263 3567 omnes
3292 3524 3426 3567 con-

219 3602 423 3677 ἐλεήσας
465 3611 495 3664 ό
525 3608 597 3662 τὰ
642 3607 853 3682 ἐλαφρὰ
879 3608 1148 3681 φορτίζων
1194 3607 1348 3675 Θεὸς,
1381 3609 1478 3664 καὶ
1510 3609 1637 3674 τοὺς
1664 3626 1755 3663 κο-
1860 3612 1987 3660 stat.

219 3700 433 3765 πιῶντας
496 3703 591 3756 καὶ
648 3704 1112 3776 πιφορτισμένους
1169 3701 1614 3773 προκαλούμενος
1674 3703 1755 3767 είς
1793 3700 2125 3762 ἀνάπαυσιν,
2173 3696 2451 3766 μάχαιραν
2504 3693 2879 3766 κατηκόνησεν
2927 3692 3125 3760 ἔξωθέν
3193 3712 3253 3749 τε
3330 3696 3427 3749 καὶ

217 3788 430 3857 ἔσωθεν,
467 3790 800 3846 άτεκνοῦσαν
849 3793 977 3856 τοὺς
1032 3792 1130 3845 τοῦ
1195 3792 1438 3845 τοιούτου
1479 3794 1641 3846 τόκου
1709 3791 1984 3864 πατέρας·
2012 3789 2062 3843 οἳ
2114 3786 2248 3859 μηδὲ
2295 3786 2394 3857 τὴν
2443 3785 2620 3857 ἀρχὴν
2667 3788 2942 3856 σπαρῆναι
2990 3789 3127 3858 πρὸς
3176 3786 3426 3860 πατέρων

219 3880 422 3952 ὤφειλον
446 3898 463 3914 ⁸
487 3886 538 3938 εί
566 3885 624 3938 δὲ
655 3888 749 3940 καὶ
775 3887 841 3940 ἐκ
865 3885 971 3939 τῶν
998 3885 1264 3956 ταμιείων
1287 3887 1450 3956 φόϐος
1520 3887 1647 3951 τοὺς
1694 3886 1972 3949 τοιούτους
2001 3884 2148 3955 ἔσχε,
2179 3884 2272 3938 καὶ⁹
2302 3883 2525 3952 οἴδαμεν
2558 3883 2652 3936 καὶ
2680 3883 2877 3938 οἴδασι.

278 3985 406 4049 ρμε’.
450 3979 877 4051 Προσλοτιστέον
905 3981 1017 4043 τοῖς
1050 3979 1275 4050 φαύλοις
1312 3981 1373 4034 ἐν
1400 3981 1533 4050 ἡμῖν
1560 3979 1753 4043 αἰτίοις

1932 3978 2057 4036 145.
2083 3975 2228 4032 Inter
2251 3984 2469 4046 peccata
2491 3981 2677 4032 nostra
2711 3975 3077 4033 recensendus
3097 3979 3241 4032 venit
3260 3980 3423 4036 etiam

217 4072 368 4127 καὶτὸ
388 4072 487 4143 τῆς
507 4056 691 4143 φιλίας
717 4071 1205 4145 εὐπεριφρόνητον,
1226 4072 1321 4126 καὶ
1343 4071 1404 4125 οὐ
1433 4070 1754 4143 μακρόϐιον,

1860 4070 2116 4128 amicitiae
2149 4075 2500 4139 contemptus
2527 4076 2584 4124 et
2635 4066 2757 4124 vita
2802 4068 3066 4136 brevitas,
3111 4072 3312 4141 quibus
3345 4075 3426 4129 in-

216 4162 313 4216 sur
338 4164 642 4235 ἐφήμερον·
675 4163 800 4218 ὅθεν
834 4163 1184 4234 κεκινημένοι
1221 4164 1282 4216 τὸ
1318 4162 1509 4233 ἄγριον
1544 4161 1752 4233 βάρϐα-

1861 4162 2173 4218 humanitas
2197 4161 2401 4233 iugiter
2418 4159 2747 4231 deplorando
2778 4160 2936 4216 nobis
2963 4160 3128 4217 insita
3149 4171 3252 4219 est.
3275 4164 3428 4221 Adde

220 4267 294 4321 ρον
316 4253 548 4308 διέθεντο
573 4255 657 4316 είς
701 4255 847 4325 ἡμᾶς
889 4252 960 4309 τὰ
996 4253 1085 4308 διὰ
1106 4252 1231 4325 -βίου
1271 4252 1751 4326 θρηνηθησόμενα.

1864 4254 1969 4310 huc
2000 4252 2168 4308 animi
2199 4251 2641 4320 ingratitudinem
2669 4259 2724 4306 et
2769 4251 2951 4308 omnis
2989 4254 3179 4325 gratia:
3226 4255 3424 4311 absen-

219 4343 529 4401 Συντακτέον
579 4346 793 4410 τούτοις
821 4347 916 4399 καὶ
958 4330 1029 4399 τὸν
1058 4346 1377 4417 ἀχάριστον,
1417 4346 1510 4399 καὶ
1536 4345 1755 4415 ἀπάσης

1868 4347 2026 4410 tiam,
2046 4344 2118 4397 ita
2142 4351 2203 4397 ut
2224 4341 2388 4397 citius
2418 4341 2682 4397 moriatur
2699 4341 2896 4413 aliquis
2916 4358 3076 4413 quam
3105 4355 3165 4400 ut
3194 4345 3422 4414 proximi

218 4435 414 4507 χάριτος
460 4437 836 4506 εύεπίληστον,
874 4438 971 4491 καὶ
1011 4431 1124 4491 οἷον
1172 4436 1426 4508 θνήσκειν
1471 4438 1636 4508 ταχὺ,
1681 4437 1757 4499 ὡς

1867 4436 1952 4491 sui
1983 4449 2107 4489 eum
2139 4433 2414 4496 misereat,
2441 4430 2592 4501 quia,
2631 4441 2690 4486 ut
2725 4440 2809 4488 est
2837 4431 2891 4486 in
2922 4433 3225 4503 proverbio,
3251 4438 3423 4506 gratia

218 4495 320 4592 iis
348 4495 605 4597 ὴλεῆσθαί
653 4495 796 4593 τινα,
820 4495 934 4582 ’καὶ
959 4528 1215 4582 τεθνάναι
1255 4495 1354 4598 τὴν
1404 4495 1584 4601 χάριν,
1616 4495 1759 4583 κατά

1862 4534 2107 4581 emortua
2142 4532 2245 4580 est.
2274 4524 2442 4593 Igitur
2471 4524 2617 4581 Deus
2663 4495 2954 4594 gratiarum
2995 4495 3223 4587 chorum
3251 4495 3423 4585 nobis

216 4614 300 4687 τὴν
341 4619 659 4688 παροιμίαν.
692 4619 785 4672 Διὸ
835 4620 1087 4690 ἥρπασεν
1113 4621 1142 4672 ό
1172 4619 1303 4684 Θεὸς
1333 4619 1427 4690 ἀφ’
1473 4619 1631 4691 ἡμῶν
1657 4619 1758 4684 τὰς

1861 4615 2059 4683 eripuit
2089 4631 2210 4686 qua:
2252 4616 2386 4673 sorti
2416 4622 2620 4672 nostrae
2659 4615 2941 4672 associatm
2970 4616 3210 4674 fuerant.
3242 4620 3425 4679 Annu-

218 4708 443 4777 χάριτας,
468 4705 557 4774 αἷς
578 4712 647 4763 ὲκ
678 4710 892 4781 μακροῦ
914 4711 975 4763 τὸ
993 4710 1118 4765 καθ’
1143 4713 1289 4782 ἡμᾶς
1313 4711 1471 4783 λάχος
1493 4709 1753 4782 ὼράῖστο.

1874 4706 2114 4762 merabis
2163 4722 2329 4779 porro
2359 4708 2539 4763 cordis
2569 4707 2827 4763 duritiem
2867 4708 2922 4763 in
2963 4723 3059 4775 eos
3099 4709 3195 4781 qui
3234 4711 3426 4770 leviter

220 4798 615 4870 Ηροσγραπτέον
639 4802 734 4855 καὶ
749 4802 812 4856 τὸ
832 4802 1053 4874 ἀνηλεὲς
1070 4802 1163 4855 ἐπὶ
1182 4804 1306 4877 τοὺς
1321 4800 1494 4873 βραχύ
1515 4819 1567 4855 τι
1585 4816 1756 4871 προσ-

1864 4790 1964 4852 nos
1999 4794 2367 4863 offenderunt,
2418 4796 2512 4852 ubi
2556 4797 3009 4855 immisericordia
3064 4814 3163 4871 pro
3209 4800 3425 4869 iustitia

219 4893 508 4960 κρούοντας,
536 4894 598 4960 ἐξ
619 4886 681 4947 οὗ
712 4894 774 4946 τὸ
810 4892 1154 4966 καταρρίψαν
1187 4894 1336 4963 ἡμᾶς
1374 4893 1500 4963 ἄρτι
1530 4891 1757 4964 άνηλεὲς

1863 4887 2128 4953 habetur;
2164 4902 2270 4943 non
2299 4889 2445 4944 enim
2478 4896 2686 4943 tantum
2731 4888 3021 4960 plectimur
3052 4891 3145 4966 qui
3175 4907 3282 4947 non
3324 4907 3422 4963 pa-

217 4984 267 5035 τὸ
308 4986 674 5042 δικαιότατον·
706 4988 863 5057 εἰπερ
909 4989 972 5040 οὐ
1009 4987 1184 5056 μικρά
1224 5003 1347 5039 τινα
1389 4988 1574 5055 ἡμεῖςν
1615 4984 1754 5045 ἀλλὰ

1860 4992 2003 5045 rum,
2058 4978 2151 5034 sed
2209 4978 2447 5049 graviter
2498 4978 2761 5035 lasimus.
2815 4979 3110 5038 Addendus
3152 4984 3424 5054 praecipue

220 5076 366 5147 μυρία
395 5078 922 5150 προσκεκρουκότες,
947 5076 1008 5131 ού
1036 5076 1274 5131 τοσαῦτα
1301 5076 1539 5145 τίνομεν.
1577 5076 1755 5148 Προσ-

1860 5084 2041 5136 rerum
2070 5070 2381 5126 divinarum
2411 5079 2754 5140 contemptus
2781 5081 2837 5128 et
2864 5072 3032 5138 risus,
3067 5076 3305 5144 pessima
3336 5092 3425 5132 res

219 5168 520 5241 ενθυμητέον
566 5172 668 5238 οὐχ
695 5168 896 5238 ἥκιστα
933 5167 1026 5220 καὶ
1052 5165 1149 5235 τὴν
1170 5166 1279 5219 τῶν
1307 5165 1466 5241 θείων
1495 5166 1756 5236 περιφρό-

1862 5163 2140 5231 omnium;
2172 5178 2273 5219 nos
2301 5163 2445 5218 enim
2489 5174 2542 5219 et
2584 5163 2686 5234 ipsi
2723 5173 3095 5237 contemptum
3131 5167 3420 5237 patiemur,

220 5274 373 5326 νησιν,
397 5261 454 5314 τὸ
481 5261 779 5332 χείριστον,
813 5258 1017 5311 καὶτὸν
1049 5258 1134 5310 ἐπ’
1165 5258 1349 5318 αὐτοῖς
1372 5256 1565 5323 γέλων,
1598 5255 1657 5319 ἐξ
1681 5250 1754 5309 ὧν

1862 5257 1955 5311 sed
1991 5269 2099 5310 non
2144 5254 2285 5320 risu,
2320 5261 2377 5308 at
2435 5254 2602 5310 exitio
2645 5258 3068 5313 terminandum.
3110 5256 3228 5315 Non
3277 5258 3420 5314 enim

220 5353 733 5423 περιπεφρονήμεθα,
780 5353 841 5406 οὐ
874 5351 1010 5422 πρὸς
1049 5348 1389 5419 κατάγελων,
1437 5348 1570 5402 ἀλλὰ
1614 5347 1751 5415 πρὸς

1860 5347 2113 5401 novimus
2147 5360 2243 5402 eos
2276 5347 2370 5416 qui
2419 5362 2507 5402 res
2551 5361 2740 5404 sacras
2782 5347 3055 5404 deﬁniunt
3100 5366 3303 5421 easque
3353 5352 3420 5403 ad

217 5440 431 5515 ὄλεθρονς
465 5441 541 5498 Ἦ
578 5445 690 5514 γὰρ
722 5444 823 5497 ούκ
853 5443 1076 5512 οἴδαμεν
1116 5442 1244 5505 τοὺς
1275 5444 1332 5494 ὲν
1373 5443 1504 5510 ἡμῖν
1531 5440 1756 5509 ὀρογλυ-

1857 5454 2010 5495 suam
2041 5438 2416 5495 bmreditatem
2451 5441 2747 5507 trahentes,
2787 5450 2843 5496 ct
2876 5443 3183 5513 gloriantur
3224 5442 3418 5511 jejunii

219 5531 426 5599 φοῦντας
455 5537 524 5590 τὰ
560 5536 671 5589 τῶν
694 5536 887 5602 ἁγίων,
916 5536 1012 5588 καὶ
1043 5534 1470 5603 ύποσπωμένους
1507 5532 1643 5586 αὐτὰ
1673 5532 1753 5597 είς

937 5536 1012 5588 tat
1043 5534 1470 5603 ύποσπωμένους
1507 5532 1643 5586 αὐτὰ
1673 5532 1753 5597 είς
1856 5531 2139 5601 privilegio
2161 5546 2192 5585 a
2223 5529 2334 5587 Deo
2355 5531 2504 5587 dato.

219 5629 581 5703 κληρονομίαν,
641 5633 736 5685 καὶ
787 5632 1199 5702 καυχωμένους,
1244 5630 1340 5695 ὡς,
1390 5629 1475 5698 ἐφ’
1540 5626 1616 5692 οἷς
1669 5629 1802 5693 Θεὸς
1860 5627 2063 5683 ύπνοῦν
2104 5629 2504 5698 προσποιεῖται,
2544 5630 2741 5695 αὐτοὺς
2790 5631 3084 5702 νηφαλίους
3135 5628 3293 5691 ὄντας
3324 5628 3419 5680 καὶ

222 5729 561 5788 πρακτικούς.

468 5826 736 5886 ΡΑΊιιοι..
788 5822 903 5885 Gtt.
949 5818 1263 5882 CXXXV].

2282 5792 2299 5806 ’
2988 5815 3021 5875 5
