3968 6552
490 357 590 416 139

1203 361 1546 425 EUS’I‘ATI]
1562 367 1616 426 lI
1657 370 2400 443 TIIESSALUNICENSIS
2441 385 2998 452 METROPOLITtE

3629 399 3736 464 liti

441 488 457 548 ε
571 467 694 522 HG.
761 467 952 523 Distuli
1017 472 1300 543 hucusque
1351 457 1665 548 singillatim
1713 485 1777 537 de
1833 496 2040 554 patroni

2235 501 2390 562 ρμς¹.
2421 499 2819 570 ’Δναϐάλλομαι
2846 505 3285 576 περιηγήσασθαι
3311 509 3404 563 νῦν
3436 517 3556 568 κατ’
3582 519 3732 583 ἐξαίσ-

449 555 461 633 ζ
485 570 673 615 nostro
701 562 1002 632 myroblyta
1033 565 1327 634 disserere,
1357 581 1410 623 ct
1428 572 1494 624 de
1518 572 1709 627 audaci
1731 577 2054 646 temeritate,

485 653 648 722 idque
683 654 734 708 in
776 656 1006 725 negotiis
1043 673 1164 727 qua:
1197 660 1362 715 latere
1388 663 1684 733 debebant,
1713 684 1944 736 quorum
1982 683 2060 726 te-

487 753 600 798 stes
632 761 739 800 non
775 746 1052 818 inscripti,
1085 764 1252 820 porta:
1279 768 1502 824 aperta‘,
1533 759 1817 815 securibus
1841 763 1948 818 alte
1975 763 2058 818 in-

483 837 682 902 lossat,
737 840 1029 894 maximam
1069 845 1352 899 audaciam
1395 848 1734 916 indicantes;
1759 852 1896 908 addc
1922 871 2054 909 cou-

482 929 824 984 currentium
863 941 918 986 et
945 937 1342 991 recurrentium
1373 947 1686 1006 catervam,
1724 945 1939 1012 qualem
1981 962 2040 1001 τοι

2155 929 2446 1025 λαῷθεέσαι
2480 929 2817 1023 ἀξίναιξείς
2846 963 2982 1030 βαθύ
3025 982 3095 1018 πο

481 1029 593 1075 stas
623 1022 868 1090 proxime
897 1024 1079 1095 elapsa
1111 1027 1242 1083 vidit
1277 1030 1426 1084 nullo
1459 1047 1583 1086 cutn
1622 1033 1824 1091 fructu.

548 1300 669 1354 H7.
708 1299 844 1357 llinc
875 1319 981 1357 non
1021 1303 1177 1360 facile
1211 1307 1470 1377 probabis
1509 1311 1686 1366 virum
1722 1314 1932 1383 justum
1968 1318 2049 1373 in-

483 1391 666 1445 utilem
705 1395 961 1459 morosis,
1006 1396 1143 1451 adeo
1177 1408 1234 1452 ut
1261 1411 1404 1454 terra
1435 1400 1697 1459 abscondi
1736 1407 1889 1475 velit,
1923 1425 2050 1479 gra-

476 1484 768 1540 vissimum
811 1487 920 1542 reis
952 1488 1334 1558 imputandum
1371 1502 1490 1560 est;
1522 1496 1658 1551 adde
1694 1496 1859 1554 laisas
1887 1502 2052 1557 iueri-

472 1576 802 1632 minationcs
832 1579 1131 1635 clamorum
1178 1582 1495 1640 bellicorum
1520 1586 1819 1657 originem;
1855 1606 1920 1646 ex
1961 1595 2050 1650 de-

474 1670 667 1738 positis
701 1671 988 1727 commoda
1035 1675 1374 1744 pecuniaria,
1413 1679 1557 1734 unde
1591 1679 1910 1751 locupletati
1943 1701 2048 1742 'su-

471 1778 613 1828 nius,
649 1764 775 1818 licet
810 1780 1005 1821 omnes
1056 1768 1346 1836 pecuniosi
1394 1769 1648 1838 rideant;
1700 1774 2043 1847 litterarum,

470 1870 699 1923 quarum
731 1856 854 1912 loco
884 1873 1018 1912 crux
1054 1873 1211 1914 saera
1243 1861 1544 1928 ponebatur
1580 1864 1881 1922 absentiam
1906 1908 1923 1935 ,
1951 1871 2040 1925 ubi
2078 1839 2120 1893 Β

469 1956 672 2002 sancta:
704 1945 990 2004 Trinitatis
1026 1951 1228 2004 mentio
1280 1954 1372 2018 lit,
1415 1953 1579 2009 uuius
1627 1968 1680 2011 et
1720 1960 1901 2028 magni
1944 1959 2038 2016 Dei

465 2037 627 2094 titulo
659 2039 711 2092 in
740 2055 1070 2112 unoquoque
1100 2041 1275 2097 foedus
1303 2042 1614 2100 I'erientium
1643 2057 1695 2102 et
1733 2049 2037 2118 jurantium

469 2131 682 2190 indito;
736 2130 862 2187 falsi
905 2134 1048 2187 enim
1086 2132 1379 2202 juramenti
1422 2146 1608 2193 reatus
1641 2139 1809 2195 Deum
1857 2145 2036 2197 marti-

461 2218 604 2275 leste
630 2234 816 2276 cutura
860 2239 963 2278 nos
988 2227 1237 2281 armavit.

2164 603 2317 654 ρετον
2348 591 2442 643 καὶ¹
2471 594 2542 645 τὰ
2568 594 2710 648 κατὰ
2740 594 2834 649 τοῦ
2864 598 3152 669 πολιούχου
3179 602 3336 672 ἡμῶν
3357 610 3728 677 μυροσλύτου,

2159 680 2374 746 καὶτὰς
2402 679 2664 753 θρασείας
2715 690 2986 754 ἀναιδείας
3021 693 3254 760 ὲκείνας,
3295 699 3390 750 καὶ
3431 703 3603 756 ταῦτα
3633 707 3729 760 ἐπὶ

2159 772 2504 843 πράγμασιν,
2537 777 2573 830 ἃ
2618 780 2980 848 προύκαλεῖτο
3027 786 3120 837 καὶ
3159 787 3623 858 ὲγκαλύπτεσοαι,
3649 791 3732 850 ὧν

2158 863 2440 934 μάρτυρες
2475 858 2900 939 ἀπαράγραπτοι
2943 877 3038 927 καὶ
3083 877 3244 932 πύλαι
3287 883 3592 951 περίοπτοι,
3626 905 3723 940 κο-

3097 985 3178 1030 τε,
3212 970 3308 1024 καὶ
3336 973 3626 1040 προτιτλοῦ
3635 993 3724 1030 σαι

2155 1046 2354 1117 Θράσος
2387 1047 2611 1118 ὕψιστον
2633 1068 2647 1084 ·
2681 1053 2759 1106 ἔτι
2796 1053 2851 1106 δὲ
2884 1058 2978 1111 καὶ
3011 1057 3109 1122 τὰς
3148 1061 3475 1131 περιέργους
3505 1067 3727 1134 συνδρο-

2156 1139 2264 1208 μὰς
2289 1141 2383 1194 καὶ
2417 1143 2794 1218 καταδρομὰς,
2827 1147 2892 1210 ἃς
2922 1151 2983 1204 τὸ
3017 1151 3243 1225 ἔναγχος
3271 1149 3378 1208 οἶδε
3426 1158 3603 1227 οέρος,
3643 1163 3727 1223 εἰς

2152 1232 2304 1286 οὐδὲν
2340 1233 2478 1289 δέον.

2225 1323 2373 1394 ρμξ’.
2417 1327 2558 1382 Ἀλλ’
2582 1327 2724 1384 ῶστε
2756 1334 2818 1387 ού
2847 1334 3003 1389 τοῦτο
3039 1337 3102 1403 δὴ
3128 1339 3184 1390 τὸ
3226 1341 3460 1409 ἐλαφρὸν
3491 1341 3722 1415 δη[λῶ]ο

2156 1428 2246 1466 σαι
2276 1413 2482 1469 δίκαιον
2513 1417 2697 1489 ἄνδρα,
2729 1416 2820 1478 οἶα
2845 1424 3182 1495 δύσχρηστον
3204 1431 3313 1491 τοῖς
3337 1413 3720 1500 δυσαρέστοις,

2151 1505 2290 1559 ἀλλὰ
2319 1507 2414 1561 καὶ
2445 1509 2651 1580 κρύψαι
2679 1514 2761 1577 εἱς
2786 1515 2890 1584 γῆν
2909 1532 2923 1547 ο
2965 1517 3028 1569 τὸ
3056 1517 3360 1587 βαρύτατον
3396 1524 3722 1590 προσεπιλε-

2150 1598 2312 1650 κτέον
2340 1601 2452 1662 τοῖς
2479 1603 2772 1682 αἰτιατέοις
2794 1620 2810 1635 ⁶
2844 1606 2935 1658 καὶ
2969 1606 3091 1670 τοὺς
3131 1608 3252 1661 κατ’
3285 1609 3530 1680 ἀλλήλων
3555 1613 3720 1682 ψιθυ-

2152 1691 2403 1758 ρισμοὺς,
2432 1693 2519 1760 ἐφ’
2548 1672 2638 1757 οἷς
2669 1696 2768 1748 οὐκ
2807 1698 2993 1768 ἐχρῆν,
3024 1699 3074 1752 οἳ
3107 1700 3235 1769 βοὰς
3269 1672 3448 1774 μάχτίς
3473 1672 3721 1774 ἀφύκτου

2149 1781 2284 1849 ἡμῖν
2307 1781 2622 1854 ἐπέρῤηξαν
2647 1801 2659 1814 ·
2680 1786 2777 1850 τὰς
2802 1789 2894 1841 ἐπὶ
2919 1791 3262 1862 παραθήκαις
3292 1797 3720 1867 ἀποστερήσειε,

2151 1866 2226 1926 ὢν
2256 1871 2440 1927 ἕνεκεν
2463 1876 2984 1950 ἑπεπλουτίσοημεν,
3017 1883 3070 1936 εί
3092 1883 3184 1937 καὶ
3205 1887 3403 1954 γελῶσι
3435 1888 3715 1943 κάνταῦθα

2155 1963 2357 2027 πάντες
2389 1966 2438 2018 oi
2468 1967 2548 2020 ἔτι
2579 1968 2770 2039 ἄνδρες
2818 1971 2912 2024 τοῦ
2947 1973 3176 2028 πλούτου
3199 1991 3213 2006 ⁸
3247 1977 3346 2041 τὰς
3389 1978 3496 2031 τῶν
3527 1997 3710 2051 γραμο

2155 2055 2362 2122 ματίων
2385 2058 2907 2133 ὰποπροσποιήσεις,
2937 2057 3012 2119 ὧν
3051 2069 3289 2138 σταυροῦ
3324 2073 3504 2139 τιμίου
3541 2073 3716 2130 τύπος

2151 2147 2511 2216 προλὰμπων,
2573 2148 2691 2207 εἶτα
2734 2157 2828 2210 καὶ
2863 2158 3082 2226 μνήμην
3133 2160 3232 2227 τῆς
3277 2161 3438 2230 ἁγίας
3482 2163 3720 2232 Τριάδος

2149 2239 2242 2293 τεῦ
2275 2243 2394 2306 ἑνὸς
2426 2245 2520 2297 καὶ
2547 2246 2786 2314 μεγάλου
2809 2247 2944 2300 Θεοῦ
2974 2251 3258 2320 ἐπεισάγει
3287 2258 3722 2325 προγεγραμμέ-

468 2331 568 2383 νην
604 2320 738 2387 πρὸς
767 2318 999 2372 ἑκάστου
1050 2319 1156 2372 τῶν
1216 2321 1356 2374 οὕτω
1410 2325 1896 2394 συναλλαττόντων,
1945 2331 2078 2384 ὡσεὶ
2119 2339 2213 2389 καὶ
2271 2336 2508 2408 ὤμνυον
2539 2339 2680 2412 ὅπερ
2709 2341 2832 2395 κατ’
2866 2343 3152 2416 ἐπιορκίας
3190 2346 3441 2417 ἔγκλημα
3467 2347 3721 2414 ἑξεπολέο

468 2430 656 2483 μωσεν
683 2416 814 2484 ἡμῖν
839 2415 1089 2486 φανερῶς
1122 2417 1215 2472 τὸν
1240 2418 1392 2473 Θεόν.

538 2505 662 2561 “8.
690 2505 925 2576 Tempus
957 2524 1040 2562 me
1085 2509 1339 2565 deficeret
1358 2513 1401 2566 si
1427 2517 1610 2569 omnia
1636 2519 1863 2574 crimina
1908 2536 2044 2576 enu-
2145 2508 2154 2516 ’

467 2611 678 2652 merarc
707 2597 918 2651 vellem.
937 2595 988 2651 Id
1021 2614 1186 2652 unum
1229 2601 1456 2656 suﬂiciat
1483 2602 1707 2672 dixisse,
1736 2608 1897 2662 Deum
1924 2610 2040 2679 jus—

471 2699 580 2740 tum
617 2701 735 2740 esse
759 2695 814 2741 et
841 2685 1262 2755 iustificationes
1293 2704 1497 2746 amare.
1549 2692 1676 2750 Ideo
1727 2696 1859 2749 nihil
1885 2713 2038 2752 com-

477 2789 644 2828 mune
674 2774 725 2829 ei
765 2791 885 2828 eum
918 2775 985 2829 iis
1016 2776 1108 2845 qui
1149 2777 1284 2831 tales
1318 2793 1427 2833 non
1477 2791 1640 2846 sunt,
1684 2781 1795 2836 imo
1839 2783 2041 2854 jugiter

468 2875 523 2920 et
577 2865 946 2921 diversimode
995 2878 1349 2938 persequetur
1382 2885 1478 2928 eos
1507 2873 1757 2942 quicum
1823 2877 2039 2946 injustis

475 2968 962 3012 connumerantur.

538 3069 663 3125 M9.
696 3069 824 3125 Mihi
883 3073 1088 3137 videor,
1121 3074 1377 3130 concives
1420 3085 1473 3130 et
1528 3077 1581 3132 in
1615 3079 1868 3134 omnibus
1905 3095 2038 3136 con-

469 3173 646 3217 sortes
681 3163 955 3229 laborum,
996 3178 1092 3220 vos
1139 3178 1376 3235 quoque,
1417 3181 1451 3220 o
1482 3167 1726 3234 advenat,
1771 3179 2027 3225 accurate

469 3253 882 3328 methodiceque
928 3271 990 3311 ea
1026 3256 1382 3328 descripsisse
1440 3276 1560 3329 quae
1597 3262 1663 3315 ad
1710 3276 1810 3317 nos
1862 3265 2036 3333 perti-

467 3355 623 3411 nent,
661 3347 1067 3417 imaginemque
1120 3349 1187 3403 ad
1241 3349 1549 3406 docendum
1603 3360 1783 3422 aptam
1838 3369 2030 3410 eorum

467 3453 586 3507 quae
615 3452 806 3494 sumus
831 3441 976 3509 passi
1026 3439 1080 3494 in
1113 3441 1268 3498 nobis
1296 3443 1675 3500 constituisse.
1711 3447 1871 3502 Nunc
1902 3463 2034 3520 ergo

468 3532 876 3583 transeundum
916 3538 1002 3585 est
1031 3531 1098 3584 ad
1130 3533 1280 3586 illum
1304 3535 1398 3603 qui
1429 3534 1643 3604 pictura
1682 3551 1784 3593 sua
1822 3538 2032 3595 clarius

466 3627 959 3689 repraesentaturus
979 3630 1083 3687 est,
1103 3621 1266 3692 idque
1293 3625 1523 3680 libenter
1548 3625 1794 3683 facturus
1816 3646 1830 3696 ;
1852 3645 2036 3700 quem-

471 3709 764 3763 admodum
797 3709 891 3778 qui
953 3721 1260 3766 accuratam
1297 3714 1561 3782 picturam
1615 3717 1751 3783 odit,
1771 3733 1878 3774 non
1931 3722 2035 3776 mi-

471 3816 595 3866 nus,
628 3801 902 3870 inquiunt,
924 3803 1206 3858 veritatem
1224 3805 1356 3861 odit.
1385 3805 1574 3876 Itaque
1592 3818 1744 3879 puto,
1766 3812 1912 3881 quod
1944 3829 2037 3869 ca-

467 3890 700 3944 vendum
761 3899 889 3956 est,
922 3907 988 3948 ne
1047 3905 1354 3964 contemptu
1422 3908 1733 3954 nostrarum
1797 3902 2035 3972 pictura-

470 3993 591 4031 rum
640 3979 720 4033 sie
775 3980 1034 4051 deinceps
1083 3983 1365 4040 deleantur
1417 3988 1679 4061 imagines
1709 4007 2034 4064 eorumqua:

465 4071 612 4141 passi
641 4086 849 4139 sumus,
867 4088 931 4128 ac
954 4089 1175 4132 necesse
1199 4078 1272 4133 sit
1296 4088 1352 4133 ut
1374 4081 1428 4134 in
1455 4081 1630 4136 locum
1654 4085 1879 4141 alterius
1898 4097 2032 4142 tem-

473 4161 682 4230 poralis
725 4161 992 4233 principis
1036 4166 1330 4236 pictorum,
1362 4173 1633 4240 picturam
1688 4173 1916 4230 alteram
1944 4191 2034 4232 eo-

399 4305 403 4310 .
474 4253 724 4308 rumdem
759 4269 881 4324 quae
904 4258 1046 4326 passi
1084 4271 1275 4313 sumus
1317 4261 1366 4314 in
1415 4263 1574 4319 nobis
1613 4265 2030 4325 substituamus.

479 4342 650 4399 Scitis
698 4345 840 4398 enim
895 4346 1346 4418 perfecte,quod
1404 4367 1512 4407 non
1585 4371 1748 4409 unam
1820 4359 2030 4429 plagam

470 4434 614 4489 Deus
648 4434 700 4488 in
743 4451 1031 4504 perversos
1083 4440 1512 4498 inemendabiles
1558 4446 1848 4502 immittere
1873 4450 2031 4516 solet,

467 4535 522 4580 et
547 4527 690 4595 quod
718 4528 882 4582 multa
910 4531 1015 4584 tela
1045 4531 1275 4586 includit
1307 4535 1588 4589 tremenda
1617 4537 1867 4604 pharetra
1890 4542 2031 4608 ejus,

463 4628 600 4687 {quae
618 4632 833 4688 semper
849 4619 919 4674 ab
933 4635 998 4675 eo
1019 4636 1370 4678 asservantur
1396 4627 1698 4696 deindeque
1721 4631 2026 4699 mittuntur,

467 4710 523 4762 in
547 4709 652 4763 isto
670 4713 969 4767 certamina
986 4717 1403 4783 eooperantibus
1424 4716 1735 4791 Myroblytae
1753 4725 2028 4791 precibus.

469 4800 574 4854 Sed
625 4815 732 4856 non
766 4804 948 4868 nobis,
968 4803 1210 4872 Domine,
1242 4823 1346 4862 non
1366 4809 1541 4874 nobis,
1573 4813 1665 4866 sed
1708 4813 1912 4868 nomini
1940 4825 2031 4870 tuo

469 4892 536 4944 da
592 4891 840 4962 gloriam.
871 4895 1093 4950 lledimc
1142 4913 1268 4952 vero
1301 4916 1401 4955 nos
1429 4902 1519 4971 qui
1547 4905 1788 4972 oppressi
1815 4919 2026 4975 sumus,

470 4983 661 5051 sicque
691 4982 786 5038 tibi
815 4983 983 5054 gloria
1015 4994 1118 5051 est,
1145 4987 1297 5056 juxta
1324 4991 1453 5045 illud
1483 5009 1495 5045 :
1522 5010 1539 5042 ι
1573 4993 1636 5046 Ει
1666 4993 1718 5046 in
1747 4994 1834 5049 die
1865 4996 2033 5051 tribu-

470 5072 696 5127 lationis
742 5082 849 5128 tua:
881 5074 1163 5133 invocabis
1199 5095 1306 5146 me,
1350 5089 1404 5134 ct
1436 5097 1622 5137 eruam
1665 5093 1736 5148 te,
1772 5094 1824 5139 et
1870 5088 2034 5157 glori-

468 5163 658 5220 lirabis
722 5181 805 5220 me
860 5185 878 5218 ι
951 5169 1044 5238 qui
1106 5184 1232 5226 vere
1294 5175 1728 5242 supercxaltatus
1803 5191 1921 5231 sum
1975 5179 2025 5231 in

473 5256 655 5310 omnia
685 5257 903 5313 smcula.

2224 2535 2372 2600 ρμη’.
2409 2531 2472 2584 Τί
2502 2548 2592 2602 μοι
2623 2535 2952 2606 ἀναμετρεῖν
2980 2536 3048 2590 τὰ
3079 2536 3245 2590 πλείω
3271 2538 3444 2604 αἴτια,
3472 2538 3598 2593 ἔνθα
3630 2546 3714 2613 μὴ

2157 2622 2298 2674 πάνυ
2330 2625 2557 2692 καιροςς
2605 2626 2856 2696 ’Λρκέσει
2909 2629 3068 2697 μόνον
3095 2629 3292 2694 εἰπεῖν,
3333 2631 3407 2694 ὼς
3452 2632 3660 2697 δίκαιος
3685 2639 3715 2688 ὁ

2143 2710 2298 2779 Θεὸς,
2333 2717 2427 2770 καὶ
2459 2715 2803 2782 δικαιοσύνας
2835 2713 3043 2791 ἀγαπᾷ.
3073 2719 3163 2772 Διὸ
3195 2720 3320 2775 οὕτε
3369 2723 3527 2792 μερὶς
3554 2725 3713 2794 αὐτῷ

2144 2804 2282 2874 πρὸς
2313 2806 2437 2867 τοὺς
2490 2807 2567 2874 μὴ
2605 2809 2898 2875 τοιούτους,
2940 2811 3036 2866 καὶ
3091 2812 3204 2867 οὐδ’
3237 2814 3303 2867 ἂν
3335 2815 3528 2885 ἁνήσοι
3576 2819 3717 2870 ποτὲ

2145 2899 2368 2966 συχναῖς
2401 2900 2646 2968 μεθόδοις
2689 2904 3085 2974 μετερχόμενος
3134 2906 3261 2970 τοὺς
3303 2908 3418 2961 ὅσοι
3447 2911 3559 2973 'ro't;
3588 2909 3713 2963 ἁδι-

2142 2986 2298 3040 κοῦσι
2329 2989 2792 3053 συνεξετάζονται.

2216 3078 2362 3150 ρει.θῖ
2387 3081 2539 3134 Δοκῶ
2563 3101 2677 3153 μοι,
2697 3078 2741 3137 ὦ
2772 3084 2982 3139 πολῖται
3012 3090 3103 3143 καὶ
3132 3087 3198 3141 δι’
3219 3090 3353 3142 ὅλων
3384 3089 3713 3143 συναεθλευ-

2140 3170 2256 3234 ταὶ,
2288 3173 2384 3226 καὶ
2417 3172 2578 3241 ὑμεῖς
2614 3173 2694 3239 δὲ,
2739 3169 2788 3227 ὦ
2825 3176 3096 3246 νεήλυδες,
3148 3179 3544 3250 ἡκριὸωσάμην
3583 3179 3709 3235 δια.-

2144 3261 2361 3334 γράψας
2388 3262 2456 3316 τὰ
2484 3263 2608 3317 καθ’
2637 3265 2783 3335 ἡμᾶς
2825 3267 3114 3338 τεχνικῶς,
3142 3271 3236 3322 καὶ
3273 3269 3458 3323 εἰκόνα
3497 3270 3711 3339 ταύτην

2142 3354 2201 3405 ὲν
2247 3353 2379 3424 ἡμῖν
2427 3354 2781 3426 ἀνεστήλωσα
2829 3356 3231 3430 διδασκαλικὴν,
3283 3353 3359 3413 ὧν
3403 3362 3707 3430 ἐπάθομεν.

2143 3443 2251 3497 Καὶ
2283 3444 2430 3498 ἔστιν
2460 3446 2568 3499 ἀπὸ
2596 3446 2695 3516 τῆς
2726 3448 2849 3518 ἄρτι
2874 3448 3067 3517 ὄφελος
3086 3450 3380 3504 διαϐαίνειν
3406 3453 3485 3515 εἰς
3515 3452 3608 3504 τὸν
3638 3456 3709 3522 τῇ

2143 3534 2432 3607 ζωγραφίᾳ
2458 3535 2633 3608 ταύτῃ
2688 3538 3164 3610 ὲπεντρανίζοντα,
3197 3543 3289 3593 καὶ
3325 3541 3432 3611 μὴν
3455 3542 3544 3594 καὶ
3568 3542 3712 3610 ἀγα-

2141 3625 2330 3678 πῶντα
2352 3642 2366 3657 ·
2401 3626 2476 3690 ὡς
2508 3627 2536 3681 ὃ
2564 3643 2627 3695 γε
2676 3630 2775 3699 τὴν
2807 3629 3006 3700 ἀκριϐῆ
3046 3630 3493 3704 διαζωγράφησιν
3539 3649 3711 3704 μεμι-

2144 3715 2351 3785 σηκὼς,
2375 3717 2526 3770 οὐδὲν
2556 3712 2739 3790 ἦττον,
2766 3719 2920 3787 φασὶ,
2951 3723 3046 3776 καὶ
3070 3720 3166 3792 τὴν
3196 3721 3453 3792 ἀλήθειαν
3484 3723 3709 3792 συνεμί-

2144 3825 2330 3878 σησεν.
2364 3807 2531 3880 Οἶμαι
2562 3813 2617 3866 δὲ
2646 3814 2739 3866 καὶ
2766 3815 2840 3876 ὡς
2870 3814 3217 3883 εύλαδητέον,
3248 3816 3321 3887 μὴ
3353 3819 3416 3887 τῇ
3437 3835 3706 3889 περιφροο

2141 3899 2297 3968 νήσει
2329 3898 2442 3952 τῶν
2474 3902 2722 3955 ἐνταυθοί
2763 3902 3319 3974 διεζωγραφημένων,
3370 3906 3466 3958 καὶ
3519 3909 3586 3978 τῇ
3621 3908 3708 3960 ὲν·-

2140 3989 2333 4043 τεῦοεν
2373 3991 2647 4063 ἁπαλειφῇ
2686 3993 2780 4046 τοῦ
2825 3993 3177 4063 τυπώματος,
3213 3989 3288 4048 ὧν
3324 3998 3704 4067 πεπόνθαμεν,

2141 4081 2354 4151 ἀνάγκη
2389 4083 2506 4135 ἐστὶ
2545 4085 2639 4138 καὶ
2690 4083 2861 4156 ἑτέρῳ
2914 4085 3249 4156 μεταχρονίῳ
3291 4085 3705 4156 ἀρχιζωγράφῳ

2136 4169 2246 4224 τῶν
2297 4178 2557 4226 τοιούτων
2616 4176 3083 4244 πινακογράφημα
3125 4175 3308 4244 ἕτερον
3355 4175 3440 4244 ἐφ’
3490 4177 3706 4244 ὁμοίοις

2136 4262 2455 4333 παθήμασιν
2484 4266 2540 4318 ἐν
2570 4265 2698 4334 ὑμῖν
2731 4267 3051 4334 στήσασθαι.
3078 4267 3151 4320 Εὖ
3179 4269 3285 4337 γὰρ
3315 4270 3429 4321 ῐστε
3455 4268 3703 4334 πάντως,

2135 4352 2208 4416 ὡς
2237 4355 2298 4406 ού
2348 4354 2478 4424 μίαν
2517 4355 2732 4425 πληγὴν
2762 4356 2891 4418 Θεὸς
2938 4357 3186 4427 ἐντήκειν
3215 4355 3317 4410 οἶδε
3363 4361 3476 4422 τοῖς
3510 4360 3703 4412 ἀνεπ-

2137 4444 2381 4514 στρόῑςως
2439 4447 2818 4516 κακοτρόποις,
2856 4447 2984 4499 ὀὐδὲ
3035 4449 3287 4514 είσάπαξ.
3330 4451 3464 4503 ἀλλὰ
3526 4453 3702 4508 πολλὰ

2137 4532 2262 4602 βέλη
2312 4535 2443 4605 παρ’
2479 4535 2625 4605 αὐτῷ
2655 4536 2688 4605 ἡ
2722 4536 2919 4606 μυνικὴ
2956 4539 3200 4609 φαρέτρα
3243 4533 3494 4610 κρύπτει,
3533 4541 3592 4605 ἐξ
3625 4537 3702 4595 ὧν

2135 4627 2222 4678 ἀεὶ
2251 4628 2753 4681 κατασκοπεύονται
2783 4629 2934 4699 αὐτῷ
2974 4634 3067 4686 καὶ
3099 4631 3401 4701 βάλλονται,
3435 4651 3703 4687 συνεκπο-

2134 4715 2404 4785 λεμούσης
2452 4716 2601 4787 αὐτῷ
2657 4719 2752 4770 καὶ
2801 4719 2898 4788 τῆς
2951 4721 3088 4795 ἀρᾶς
3137 4721 3252 4793 [τοῦ
3293 4725 3698 4795 ΜυροϐλύτουῙ,

2147 4806 2306 4860 Ἀλλά
2335 4807 2409 4876 μὴ
2447 4809 2597 4877 ἡμῖν,
2633 4809 2826 4880 Κύριε,
2859 4810 2931 4880 μὴ
2962 4812 3110 4882 ἡμῖν,
3142 4813 3256 4864 ἀλλ’
3292 4815 3326 4884 ἡ
3364 4815 3440 4884 τῷ
3470 4814 3703 4885 ὀνόματί

2135 4915 2227 4951 σου
2255 4898 2343 4961 δδς
2378 4899 2557 4963 δόξαν.
2606 4900 2819 4964 Ἐξελοῦ
2866 4901 2970 4972 Ιδὲ]
3023 4903 3371 4972 ολιόομένους
3402 4907 3565 4975 ἡμᾶς,
3597 4907 3696 4958 καί

2137 4989 2278 5042 οὕτω
2303 4990 2658 5059 δοξαζόμενος
2681 4993 2822 5044 κατὰ
2854 4993 2909 5044 τό
2932 5010 2946 5022 ·
2987 5013 3002 5043 ι
3041 4993 3147 5045 Καὶ
3176 4995 3233 5045 ὲν
3261 4995 3443 5064 ἡμέρᾳ
3466 4995 3709 5063 Ολὶψεὼς-

2134 5098 2229 5134 σου
2262 5081 2608 5144 ὲπικαλέσεις
2651 5099 2741 5151 με,
2779 5082 2897 5154 [καλ⁷
2931 5084 3220 5154 ἐξελοῦμαί
3259 5083 3366 5156 σε,]
3415 5090 3505 5138 καὶ
3537 5086 3698 5151 δοξὲ-

2137 5191 2246 5236 σεις
2283 5191 2368 5244 με,
2409 5193 2427 5225 ι
2467 5175 2557 5229 τὸν
2585 5175 2751 5238 δντως
2794 5175 3319 5246 ὑπερδεδοξασμένον
3361 5179 3439 5240 εἰς
3484 5179 3700 5238 πάντας

2134 5267 2258 5328 τοὺς
2293 5267 2510 5329 αίῶνας.
