3968 6568
294 379 388 444 Nl

1208 369 1598 433 LAUDATIO
1642 370 1705 429 S.
1741 365 2164 428 PIIILOTIIEI
2193 363 2606 425 OPSlCIANI.

3429 357 3527 418 142

294 511 3518 562 Μ
3629 559 3632 561 Α

1591 707 2217 824 EJUSDEM

765 979 1384 1074 LAUDATIO
1457 979 1552 1070 S.
1646 977 2320 1088 PHILOTHEI
2421 974 3075 1068 OPSICIANI.

302 1347 415 1402 Τοῦ
433 1344 621 1400 αὐτοῦ
646 1343 830 1411 ,πότος
849 1341 1284 1415 ἐπελεοστικὸς
1297 1339 1570 1415 moveor”;
1593 1342 1743 1415 κατᾲ
1763 1342 1871 1396 τὸν

1996 1341 2229 1415 Ejusdem
2252 1355 2421 1415 sermo
2445 1340 2763 1415 memorialis
2793 1341 3115 1415 vittasque-ti
3147 1340 3412 1415 Philotimi
3433 1344 3544 1415 0p-

366 1419 532 1485 ᾶγιον
563 1417 857 1467 Φιλόθεογ
882 1414 990 1464 τὸν
1036 1412 1407 1478 Ὀψικιανὸν,
1442 1412 1511 1465 ἐκ
1539 1411 1867 1480 προσώπου

365 1483 650 1540 Φιλοθέου
684 1482 982 1544 μοναχοῦ,
1029 1481 1252 1544 ἀνδρὸς
1293 1481 1469 1544 ἀξίου
1511 1483 1722 1544 λόγου,
1762 1483 1868 1536 τοῦ

365 1497 650 1540 φιλοθεου
684 1500 982 1551 μοναχου,
1029 1497 1252 1548 ανσρος
1293 1497 1469 1544 αξιου
1511 1497 1722 1551 λογον,
1762 1499 1866 1536 του

361 1557 455 1609 καὶ
501 1551 1042 1622 προκαλεσαμένου
1081 1553 1170 1616 είς
1208 1551 1436 1617 ταύτην
1468 1551 1583 1617 τὴν
1609 1551 1866 1621 γραφήν.

363 1675 432 1721 α’.
485 1669 550 1720 Δί
594 1666 732 1736 πρὸς
769 1665 1022 1734 αἴσθησιν
1068 1665 1358 1734 μέλισσαι,
1393 1665 1480 1718 ὅτε
1527 1665 1754 1721 λύουσαι
1804 1669 1872 1720 τὰ

297 1762 469 1831 πτερὰ
506 1759 769 1827 φοιτῶσιν
810 1759 890 1819 εἰς
922 1757 1226 1827 λειμῶνας,
1259 1755 1384 1810 οὔτε
1420 1759 1594 1812 πᾶσαι
1628 1762 1741 1824 τοῖς
1773 1759 1872 1814 άν-

295 1855 439 1908 θεσιν
489 1851 637 1914 ὅλοις
685 1849 1132 1920 ὲησχολοῦνταέ,
1189 1849 1310 1903 οὐδὲ
1361 1851 1470 1921 μὴν
1524 1849 1664 1916 εἶδος
1710 1854 1770 1907 ἒν
1818 1872 1872 1907 τι

293 1940 727 2010 ἀπολεξάμεναι,
770 1937 868 2008 τὴν
911 1938 1219 2007 σκευωρίαν
1257 1939 1468 1993 ἐκεῖθεν
1516 1940 1610 1994 τοῦ
1659 1941 1875 2012 μέλιτος

294 2032 676 2101 ἐρανέζονται,
712 2029 847 2083 ἀλλὰ
899 2031 993 2082 καὶ
1032 2031 1197 2083 πᾶσιν
1229 2030 1448 2083 ἄνθεσιν
1491 2032 1872 2103 ὲμμελετῶσι·⁶

292 2127 382 2181 καὶ
410 2127 468 2179 αί
505 2125 610 2193 μὲν
641 2122 914 2189 ἐντεῦθεν,
953 2123 1010 2177 αί
1037 2123 1081 2176 δ’
1116 2123 1332 2177 ἐκεῖθεν
1361 2123 1421 2177 τὸ
1451 2125 1723 2194 χρήσιμον
1756 2125 1878 2178 ἐπι-

291 2218 584 2284 λέγονται,
632 2212 955 2285 φιληδοῦσαι
993 2214 1094 2284 μὲν
1129 2216 1198 2286 τῇ
1235 2214 1503 2268 πάντοθεν
1547 2215 1876 2287 ἀνθολογίᾳ,

294 2307 631 2375 συνάγουσαι
661 2307 718 2360 δὲ
739 2307 869 2377 άλλη
901 2305 1050 2370 ἄλλο,
1080 2306 1177 2360 καὶ
1208 2306 1352 2360 οὕτω
1385 2306 1643 2369 ποικίλως
1677 2307 1879 2361 πονού-

297 2415 485 2468 μεναι.
546 2398 654 2452 Τὸν
705 2398 867 2452 αὐτὸν
915 2396 980 2468 δὴ
1027 2396 1187 2466 λόγον
1240 2397 1338 2452 καὶ
1391 2399 1448 2452 αί
1501 2399 1640 2468 πρὸς
1695 2398 1879 2470 νόησιν

296 2489 557 2559 μέλισσαι
579 2528 597 2554 ,
635 2480 691 2542 αί
721 2487 812 2543 τὸν
842 2487 1061 2557 ἀληθῶς
1087 2487 1303 2558 έλλογον
1335 2489 1578 2561 ἐργάτην
1617 2490 1712 2544 τοῦ
1742 2488 1879 2544 Θεοῦ

296 2581 370 2652 μὴ
413 2581 788 2651 ψευδόμεναι,
823 2580 1307 2651 σιμσλοποιοῦνται
1352 2581 1452 2653 τὴν
1481 2581 1626 2636 κατὰ
1659 2581 1880 2653 πνεῦμα

2041 1411 2249 1474 sicinni,
2281 1411 2452 1464 dictus
2488 1411 2540 1464 in
2566 1427 2789 1478 persona
2811 1411 3078 1465 Philotimi
3116 1413 3377 1478 monac/ti,
3440 1411 3542 1470 viri

2044 1481 2290 1549 spectati,
2351 1481 2461 1553 q_ui_
2497 1489 2548 1533 et
2600 1483 2794 1535 huncce
2865 1492 3150 1536 tractatum
3200 1489 3545 1553 componendi

2040 1567 2229 1604 ansam
2263 1550 2510 1618 praebuit.

2043 1663 2093 1716 ί.
2135 1661 2435 1717 Sensibiles
2461 1676 2612 1730 apes,
2647 1677 2796 1728 cum,
2828 1664 3112 1734 explicatis
3146 1668 3266 1736 alis,
3305 1672 3357 1724 in
3387 1681 3546 1742 prata

1975 1749 2248 1816 feruntur,
2286 1765 2395 1804 non
2429 1764 2619 1806 omnes
2651 1751 2906 1806 omnibus
2935 1766 3266 1826 occupantur
3299 1760 3545 1824 ﬂoribus,

1977 1854 2173 1910 neque,
2209 1841 2414 1896 selecto
2460 1841 2692 1909 quodam
2740 1842 2872 1898 ﬂore
2899 1847 3138 1917 egregio,
3176 1847 3227 1902 in
3282 1850 3382 1905 hoc
3429 1853 3550 1906 solo

1984 1932 2350 1998 delectantur,
2377 1943 2432 1987 et
2456 1935 2709 1988 certatim
2735 1936 2838 1988 mel
2871 1937 3150 2006 hauriunt,
3183 1943 3276 1995 sed
3300 1956 3353 1997 et
3379 1958 3548 1998 cunc-

1976 2024 2046 2079 tis
2069 2024 2345 2092 indulgent
2371 2025 2615 2091 ﬂoribus,
2633 2037 2686 2080 et
2707 2027 2822 2082 hac
2845 2029 3059 2100 quidem
3084 2030 3233 2095 hinc,
3259 2033 3346 2088 illa
3366 2044 3548 2090 autem

1978 2115 2152 2184 illinc,
2171 2116 2315 2187 quod
2347 2117 2477 2173 utile
2504 2127 2586 2173 est
2609 2119 2839 2190 eligunt,
2860 2121 3264 2190 universorum,
3290 2140 3408 2194 quae
3427 2142 3552 2197 pas-

1977 2207 2078 2262 sim
2105 2216 2256 2273 sunt,
2288 2205 2479 2262 ﬂorum
2519 2219 2690 2279 captaa
2743 2210 3047 2280 voluptate,
3097 2215 3191 2269 sed
3242 2216 3386 2270 aliud
3435 2218 3554 2273 aliae

1979 2299 2316 2367 colligentes,
2343 2308 2504 2370 atque
2530 2299 2603 2354 ita
2630 2293 2781 2356 varie
2809 2301 3138 2359 laborantes.
3166 2305 3362 2361 Eadem
3387 2309 3552 2363 etiam

1980 2391 2209 2456 ratione,
2253 2391 2644 2448 intellectuales
2678 2407 2830 2464 apes,
2882 2409 3001 2464 qua:
3034 2411 3162 2452 vere
3211 2400 3552 2466 spiritualem

1982 2482 2291 2551 operarium
2323 2481 2414 2536 Dei
2447 2495 2554 2535 non
2581 2481 2943 2550 frustrantur,
2973 2485 3272 2554 spiritualis
3304 2491 3406 2545 mel
3435 2492 3557 2546 dul-

1983 2574 2188 2630 cedinis
2227 2574 2328 2629 sibi
2360 2574 2600 2644 undique
2625 2575 2910 2646 colligunt,
2951 2591 3109 2633 sacra
3143 2591 3294 2648 prata
3323 2583 3557 2639 circum-

297 2674 624 2744 γλυκύτητα
657 2673 870 2737 ἑαυτοῖς
905 2671 1270 2742 πανταχόθεν,
1300 2672 1428 2736 τοὺς
1464 2672 1645 2743 ίεροὺς
1676 2671 1882 2743 λειμῶ-

1996 2663 2250 2731 volantes,
2275 2673 2329 2720 et
2355 2666 2496 2734 quod
2527 2665 2814 2735 pulchrum
2851 2676 2938 2722 est
2966 2670 3285 2738 decerpunt,
3311 2687 3418 2727 non
3444 2675 3558 2730 for-

297 2785 396 2830 νας
425 2767 886 2836 περιπετόμεναι.
917 2764 1012 2818 καὶ
1039 2765 1101 2818 τό
1132 2765 1296 2820 καλὸν
1326 2764 1748 2831 άπανθίζουσιν,
1785 2766 1882 2835 οὐχ

292 2857 403 2926 ὅπη
431 2859 598 2924 τύχῃ,
627 2855 772 2925 λόγῳ
801 2856 1007 2924 ζωῖκῆς
1040 2856 1342 2923 φαντασίας
1370 2856 1720 2927 ρεμϐόμενοι,
1747 2856 1884 2912 ἀλλὰ

293 2947 442 3000 κατὰ
476 2947 670 3016 σκέψιν
703 2945 974 3016 σταθερὰν
1007 2947 1100 3000 καὶ
1125 2946 1457 3017 διάρθρωσιν
1477 2947 1704 3002 δέουσαν
1723 2949 1883 3020 ἀκρι-

294 3036 526 3100 ϐοῦντες
572 3037 635 3090 τὸ
675 3035 1046 3108 ἀνθολόγημα.
1093 3037 1206 3091 Καὶ
1256 3036 1402 3091 οὕτω
1445 3039 1883 3109 κατεργάζονται

295 3127 616 3198 μελίσσειον
669 3128 896 3198 κηρίον,
951 3127 980 3180 ὃ
1028 3127 1174 3198 φιλεῖ
1220 3128 1321 3198 μὲν
1370 3129 1466 3182 καὶ
1498 3130 1642 3197 ζΘεὸς
1699 3131 1882 3197 αὐτὸς,

295 3220 683 3284 άποστολικῶς
731 3221 882 3291 αὖτῷ
925 3220 1396 3292 παρατιθέμενον,
1438 3221 1654 3290 φιλοῦσι
1695 3223 1753 3276 δὲ
1789 3225 1885 3278 καὶ

297 3311 590 3380 ἄνθρωποι
621 3310 913 3382 θεοφιλεῖς,
942 3313 1021 3374 είς
1052 3311 1268 3380 ὑγίειαν
1301 3314 1757 3384 προσφερόμενοι,
1785 3314 1883 3384 βα-

300 3404 473 3466 σιλεῖς
503 3420 562 3456 τε
595 3405 689 3457 καὶ
714 3404 890 3468 ἄλλως
921 3403 1206 3472 ἄρχοντες,
1229 3405 1324 3457 καὶ
1353 3403 1460 3474 μὴν
1488 3405 1584 3458 καὶ
1610 3405 1845 3476 πένητες
1867 3421 1883 3438 ο

297 3490 456 3549 οὗτοι
513 3495 642 3564 μὲν,
689 3495 805 3548 ὅσοι
850 3496 1319 3564 άπεριουσιάστως
1365 3495 1548 3566 έχουσι
1590 3495 1685 3549 τοῦ
1729 3496 1888 3560 θείως

298 3584 673 3652 γλυκάζεσθαι
698 3585 786 3639 διά
808 3586 867 3638 τὸ
892 3587 1035 3639 κατὰ
1055 3586 1180 3639 νοῦν
1202 3586 1524 3654 ἀπέριττον,
1550 3587 1886 3658 ἀρκούμενοι

297 3677 622 3746 ἀκροθιγῶς
658 3676 812 3730 αὐτοὶ
855 3677 1070 3747 μέλιτος
1108 3675 1338 3731 τοιοῦτοι
1371 3679 1649 3745 γεύεσθαι,
1681 3678 1711 3730 ὃ
1750 3680 1886 3750 πρό-

298 3785 500 3838 χειρον
532 3768 631 3836 μὲν
666 3769 758 3821 καὶ
791 3766 1014 3834 εὔωνον,
1047 3767 1222 3830 άλλως
1253 3768 1312 3821 δὲ
1343 3769 1714 3840 πολυτίμητον
1734 3785 1749 3801 ³
1784 3771 1888 3841 5p-

299 3877 497 3930 χοντες
527 3860 584 3912 δέ
612 3876 678 3928 γε
713 3859 802 3912 καὶ
826 3859 1092 3929 βασιλεῖς,
1123 3854 1205 3922 οἷς
1221 3859 1316 3912 καὶ
1347 3858 1481 3914 ἄλλα
1506 3859 1606 3929 μὲν
1631 3860 1887 3929 πρόσεστι

301 3953 674 4022 γλυκάσματα
711 3951 798 4004 διὰ
835 3951 1212 4021 πολυμάθειαν
1257 3951 1350 4004 καὶ
1391 3951 1711 4020 περιουσίαν
1749 3951 1890 4018 γνὼ-

1986 2757 2144 2821 tuito,
2177 2759 2466 2813 vivacitate
2520 2758 2928 2828 imaginationis
2959 2760 3065 2816 huc
3116 2764 3201 2818 vel
3245 2761 3370 2820 illuc
3397 2779 3554 2834 actae,

1986 2851 2079 2905 sed
2103 2851 2260 2920 juxta
2290 2850 2499 2904 ﬂrmam
2532 2851 3075 2921 circumspectiouem
3108 2863 3164 2910 et
3215 2859 3560 2927 explanatio-

1989 2956 2111 2998 nem
2143 2943 2480 3000 commodam
2512 2942 2835 3013 ﬂorilegium
2867 2947 3242 3016 exquirentes.
3276 2950 3341 3004 Et
3374 2951 3447 3005 ita
3478 2951 3560 3008 ei-

1990 3033 2176 3089 ﬂciunt
2229 3035 2484 3091 mclleum
2534 3036 2715 3091 favum
2748 3078 2766 3105 ,
2813 3053 2977 3108 quem
3035 3039 3174 3094 Deus
3216 3041 3330 3111 ipse
3383 3054 3551 3108 amat,

1989 3129 2289 3197 apostolice
2342 3131 2392 3184 ei
2433 3129 2763 3199 appositum,
2797 3147 2959 3199 quem
3014 3143 3198 3187 amant
3242 3135 3408 3188 etiam
3455 3137 3560 3190 lio--

1989 3221 2158 3277 mines
2181 3222 2277 3291 pii,
2306 3224 2372 3276 ad
2405 3225 2692 3278 sanitatem
2727 3225 3154 3294 recuperandam
3187 3238 3560 3292 occurrentes.

1989 3326 2250 3382 regesque
2310 3322 2365 3368 et
2403 3315 2676 3384 principes
2709 3355 2724 3379 ,
2765 3317 2873 3370 imo
2902 3327 2954 3371 ct
2985 3331 3285 3387 pauperes;
3327 3321 3381 3375 bi
3440 3323 3559 3392 qui-

1989 3402 2132 3468 dem,
2175 3405 2485 3473 quicunque
2513 3405 2582 3460 ob
2614 3405 2982 3476 intelligentiae
3021 3411 3450 3467 mediocritatem
3477 3415 3559 3470 di-

1988 3493 2172 3548 vinam
2202 3495 2539 3552 dulcedinem
2577 3513 2740 3566 parce
2769 3499 3118 3554 hauriendam
3152 3502 3374 3568 habent,
3428 3519 3560 3560 con-

2000 3587 2134 3642 tenti
2163 3587 2208 3641 si
2240 3587 2432 3642 leviter
2490 3598 2697 3643 tantum
2746 3591 2851 3645 mel
2884 3602 3101 3660 gustent
3144 3593 3300 3662 illud,
3329 3599 3472 3666 quod
3504 3598 3558 3653 in

1989 3686 2248 3748 promptu
2282 3688 2367 3734 est
2409 3688 2466 3734 et
2496 3679 2618 3736 vilis
2651 3682 2834 3751 pretii,
2861 3683 2986 3738 licet
3028 3685 3080 3738 in
3121 3700 3181 3740 se
3227 3688 3557 3755 pretiosum:

1993 3769 2266 3838 principes
2312 3779 2492 3826 autem
2524 3782 2578 3828 et
2609 3789 2786 3843 reges,
2824 3775 3024 3842 quibus
3052 3786 3106 3830 et
3132 3777 3249 3832 aliae
3276 3793 3404 3834 sunt
3435 3779 3562 3837 dul-

1992 3861 2215 3915 cedines
2237 3862 2307 3915 ob
2335 3863 2627 3918 multarum
2655 3879 2835 3918 rerum
2869 3865 3176 3921 doctrinam
3201 3877 3255 3922 ct
3281 3869 3562 3926 abundan-

1993 3952 2119 4006 tiam
2143 3953 2446 4022 sapientite,
2473 3955 2686 4023 qualem
2715 3956 2942 4010 scientia
2975 3958 3220 4026 locuples
3241 3961 3320 4015 eis
3340 3965 3560 4032 copiose

306 4065 477 4111 σεως,
511 4047 706 4100 ὁποίαν
735 4047 768 4117 ἡ
801 4046 968 4116 συχνὴ
1000 4046 1242 4116 μάθησις
1273 4045 1453 4108 αὐτοῖς
1481 4046 1800 4116 θησαυρίζει
1827 4046 1882 4110 ἐς

1996 4045 2344 4100 lbesaurizat.
2398 4047 2684 4115 Expetitur
2740 4056 2921 4103 tamen
2963 4051 3119 4106 valde
3174 4053 3397 4108 nimium
3451 4057 3564 4111 mel

299 4137 555 4206 δαψιλές.
593 4135 844 4189 Ποθεῖται
873 4137 930 4188 δὲ
963 4137 1112 4206 ὅμως
1144 4135 1524 4205 ὐπερμάλιστα
1555 4135 1616 4188 τὸ
1648 4135 1883 4203 εὐαγγε-

300 4231 461 4282 λικόν
503 4229 644 4298 μέλι,
682 4228 742 4280 τὸ
775 4230 866 4281 καλ
898 4228 1226 4296 ἀξιέραστον
1248 4267 1264 4291 ,
1297 4225 1395 4279 καὶ
1426 4225 1703 4296 βασιλείας
1735 4225 1884 4290 ἄξιον

300 4323 406 4390 τῆς
433 4320 625 4386 ὅντως,
657 4320 778 4372 ἐπεὶ
810 4322 905 4372 καὶ
936 4321 968 4390 ἡ
999 4317 1121 4372 κατ’
1146 4318 1276 4372 αὐτὸ
1297 4317 1475 4385 ὑγίεια
1505 4319 1596 4371 καὶ
1623 4317 1885 4373 εὐπάθεια

302 4414 388 4474 είς
415 4411 694 4480 βασιλείαν
722 4410 972 4479 οὐράνιον
998 4399 1254 4480 ῥώννυσι.

383 4502 452 4572 β’.
482 4504 618 4568 Πρὸς
644 4503 937 4571 ὁμοιότητα
956 4501 1086 4568 γοῦν
1113 4501 1374 4570 μελίσσης
1400 4500 1614 4570 ἐκείνης
1636 4500 1728 4553 καὶ
1753 4501 1885 4567 ἐγὼ,

301 4597 410 4665 τῆς
437 4595 595 4648 τοῦτο
617 4596 713 4648 καὶ
739 4596 918 4648 ἐκεῖνο
950 4593 1290 4662 συναγούσης
1317 4592 1502 4661 ἄνθος,
1526 4593 1619 4644 καὶ
1648 4593 1889 4661 άπασχο-

304 4689 510 4758 λούσης
549 4688 750 4757 ἑαυτὴν
786 4689 866 4749 είς
914 4686 1102 4740 ἄλλοτε
1142 4685 1293 4750 ἄλλο,
1327 4685 1420 4738 καὶ
1473 4683 1614 4736 οὓτω
1663 4684 1889 4753 σιμὸλο-

309 4781 652 4849 ποιουμένης
682 4781 851 4850 ἑαυτῇ
883 4795 939 4831 τε
962 4777 1054 4830 καὶ
1085 4777 1292 4846 ἑτέροις
1325 4775 1467 4845 μέλι,
1498 4769 1557 4828 οὗ
1583 4774 1889 4842 κεφαλαιω-

1989 4137 2351 4205 evangelicum
2379 4147 2433 4190 et
2461 4138 2692 4193 amabile
2733 4147 2788 4194 et
2827 4141 2939 4195 veri
2974 4143 3120 4212 regni
3148 4144 3391 4213 dignum,
3422 4163 3562 4217 quo-

1990 4228 2129 4279 niam
2159 4242 2245 4290 ea,
2275 4242 2434 4295 quam
2463 4230 2681 4297 praebet,
2712 4232 2916 4288 sanitas
2948 4242 3002 4288 et
3058 4236 3306 4306 voluptas
3357 4241 3424 4294 ad
3475 4257 3562 4296 rc-

1989 4329 2151 4384 gnum
2187 4315 2411 4370 caeleste
2438 4316 2790 4373 obtinendum
2823 4322 3160 4380 corroborat.

2061 4495 2116 4548 2.
2151 4493 2269 4564 Ipse
2307 4493 2492 4562 igitur,
2531 4497 2596 4548 ad
2629 4496 3042 4553 similitudinem
3075 4501 3190 4570 apis
3219 4501 3387 4569 illius,
3424 4504 3568 4558 hunc

1994 4596 2048 4640 ct
2079 4586 2230 4640 illum
2271 4585 2458 4641 ﬂorem
2496 4586 2825 4655 colligentis,
2859 4599 2913 4643 et
2935 4604 3054 4644 sese
3081 4589 3168 4645 hic
3192 4601 3244 4646 et
3278 4593 3384 4645 illic
3409 4609 3570 4648 exer-

1998 4679 2192 4744 centis,
2230 4688 2284 4733 et
2308 4680 2382 4732 ita
2413 4678 2514 4733 sibi
2535 4689 2590 4734 et
2617 4680 2738 4734 aliis
2769 4681 2873 4733 mel
2901 4683 3208 4744 condcnlis,
3247 4685 3405 4752 cujus
3435 4701 3571 4754 prm-

1993 4772 2147 4841 cipue
2175 4774 2449 4843 proprium
2482 4784 2564 4829 est
2609 4790 2822 4840 sanare,
2862 4775 3148 4845 Ianumque
3205 4779 3381 4833 lumen
3429 4796 3568 4849 pra:-

306 4873 569 4923 δέστατον
602 4871 733 4923 ἴδιον
763 4870 821 4922 τὸ
856 4869 947 4922 καὶ
979 4868 1223 4936 ὑγιάζειν
1256 4867 1348 4919 καὶ
1378 4866 1492 4933 φῶς
1524 4865 1882 4936 παρίσχεσθαι

1999 4862 2144 4924 bere,
2183 4862 2533 4930 nulriereque
2573 4880 2692 4917 cum
2735 4864 3010 4933 voluptate
3039 4877 3094 4920 et
3127 4867 3366 4932 innoxie,
3403 4873 3568 4926 statui

307 4964 543 5024 ἄλυπον,
591 4962 687 5014 καὶ
736 4961 956 5032 τρέφειν
989 4961 1125 5032 πρός
1170 4977 1226 5012 τε
1266 4959 1456 5030 ἡδονὴν
1488 4958 1583 5010 καὶ
1620 4956 1888 5021 ἀϐλαϐῶς,

1997 4966 2060 5004 ex
2085 4952 2351 5021 spirituali
2379 4964 2532 5022 prato
2555 4966 2609 5010 et
2632 4957 2932 5011 innumeris
2954 4959 3044 5026 qui
3075 4960 3144 5012 ibi
3177 4971 3301 5013 sunt
3321 4959 3568 5025 ﬂoribus.

311 5058 509 5127 ἔκρινα
545 5058 608 5108 ὲκ
644 5055 737 5107 τοῦ
772 5054 914 5107 κατὰ
953 5052 1170 5122 πνεῦμα
1206 5052 1472 5121 λειμῶνος
1517 5052 1606 5104 κα)⁵
1636 5050 1742 5101 τῶν
1781 5051 1882 5100 ἐκεῖ

2001 5043 2144 5095 inter
2176 5059 2334 5112 quos,
2374 5055 2430 5097 ut
2491 5047 2599 5101 Deo
2647 5047 2844 5115 placet,
2901 5063 2995 5104 ver
3030 5051 3382 5120 transigimus
3442 5055 3569 5110 boni

313 5151 530 5217 μυρίων
578 5149 806 5211 ἀνθέων,
828 5143 928 5210 οἷς,
960 5145 1099 5198 καθὰ
1134 5144 1283 5213 φίλον
1313 5141 1448 5210 Θεῷ,
1479 5141 1824 5210 ὲνεαρίζομεν
1846 5141 1882 5192 oi

2000 5132 2326 5200 CltriStiani,
2368 5135 2603 5202 plantam
2636 5138 2870 5207 aliquam
2890 5139 3088 5209 eligere
3131 5145 3343 5199 abunde
3376 5146 3571 5216 germi—

309 5239 508 5307 ἁγαθοὶ
537 5239 879 5307 Χριστιανοὶ,
914 5238 1079 5305 φυτὸν
1109 5234 1458 5298 ἐπιλέξασθαι
1495 5232 1658 5302 βρύον
1688 5232 1890 5297 καλοῖς,

2002 5233 2223 5284 nantem
2274 5227 2431 5288 bona,
2486 5227 2528 5281 si
2587 5228 2827 5284 invenire
2885 5246 3118 5298 possem,
3181 5236 3568 5304 conditumque

312 5332 432 5383 εἴτε
465 5349 566 5382 που
592 5333 685 5382 καὶ
711 5330 976 5398 δυναίμην
1001 5345 1012 5358 °
1043 5329 1136 5381 καὶ
1171 5327 1290 5396 μέλι
1318 5325 1610 5386 σκευάσας,
1641 5322 1882 5392 παραθή-

2005 5317 2107 5371 mel
2135 5333 2198 5370 ex
2237 5317 2322 5370 illa
2357 5318 2778 5390 pulchritudinis
2813 5325 3124 5379 amantibus
3151 5341 3444 5395 apponere,
3497 5329 3568 5380 ad

312 5439 434 5474 σειν
473 5424 584 5484 τοῖς
629 5421 945 5489 φιλοκάλοις
986 5422 1121 5491 πρὸς
1165 5419 1382 5488 ἥδυσμα
1411 5417 1470 5470 τὸ
1518 5414 1657 5468 κατὰ
1704 5415 1887 5483 ἰσχύν·

308 5509 555 5574 ἀξιώσας
603 5509 841 5578 ἐμαυτὸν
875 5507 1060 5561 θέσθαι
1093 5508 1171 5570 είς
1205 5506 1461 5576 τοιαύτην
1509 5504 1769 5574 μέλισσαν
1802 5502 1890 5556 διὰ

313 5604 489 5672 μόνην
515 5601 773 5671 πρόθεσιν
795 5599 976 5653 ἔνθεον
992 5598 1270 5671 φιλεργὸν,
1292 5598 1350 5650 ού
1387 5601 1492 5668 μὴν
1514 5597 1646 5666 πρὸς
1666 5593 1889 5665 αὔχημα

309 5695 407 5746 καὶ
443 5691 826 5760 φιλενδειξίαν,
858 5686 924 5761 ἦς
957 5691 1055 5743 οὐκ
1084 5691 1191 5758 ἔχω
1223 5687 1533 5756 ἐφικέσθαι.

383 5779 459 5851 γ’.
486 5783 646 5838 Ἐστι
673 5781 727 5835 δέ
758 5798 846 5852 μοι
867 5781 926 5834 τὸ
951 5781 1140 5851 φυτὸν,
1163 5779 1219 5844 ἐξ
1243 5775 1301 5836 οὗ
1333 5778 1712 5848 σιμϐλοποιῖαν
1739 5777 1888 5834 θείαν

1999 5426 2140 5475 eam,
2173 5425 2290 5479 qua:
2325 5411 2488 5466 robur
2515 5420 2755 5480 generat,
2784 5415 3144 5475 suavitatem:
3177 5433 3386 5487 :equum
3435 5433 3567 5472 cen-

2002 5517 2152 5569 scus,
2171 5503 2214 5556 si
2236 5518 2334 5573 ego
2355 5505 2468 5571 ipse
2495 5503 2615 5557 talis
2629 5505 2746 5574 apis
2769 5515 2949 5575 partes
2965 5522 3232 5563 sumerem
3252 5508 3321 5562 ob
3343 5509 3562 5563 unicum

1999 5593 2338 5664 propositum
2361 5594 2638 5650 laborandi
2659 5597 2726 5651 ad
2747 5597 2836 5652 Dei
2859 5597 3452 5667 gloriam,nequaquam
3473 5615 3568 5654 ve-

1999 5697 2061 5737 ro
2079 5683 2144 5736 ad
2170 5683 2438 5753 propriam
2459 5684 2834 5754 gloriationem
2851 5702 3012 5756 quam
3032 5688 3367 5755 assequi'non
3385 5686 3560 5741 valeo.

2071 5774 2126 5830 5.
2165 5774 2256 5832 Est
2307 5783 2486 5831 autem
2541 5776 2670 5832 mihi
2698 5777 2878 5847 planta
2910 5779 2974 5834 de
3005 5793 3109 5846 qua
3159 5778 3400 5834 divinum
3455 5779 3564 5833 mel
