3968 6584
404 376 504 440 H3

1151 372 1574 442 EUSTATBII
1605 367 2360 432 THESSALONICENSIS
2393 368 2963 430 METRUPOLI'LE

3551 377 3660 443 1M

399 493 673 564 colligam,
692 503 918 560 magnus
932 485 1274 551 Pliilotbeus,
1307 484 1464 554 cujus
1495 498 1687 538 nomen
1712 495 1811 552 ego
1839 494 1963 552 gero

2072 479 2485 550 ἀποδρέψομαι,
2532 482 2561 534 ὁ
2612 481 2788 549 μέγας
2840 482 3125 546 Φιλόοεος.
3185 474 3246 538 οὗ
3297 485 3398 556 τὴν
3453 491 3657 562 κλῆσιν

401 595 462 641 et
497 584 600 639 hoc
636 582 851 652 quidem
883 578 1222 634 solummodo
1281 576 1520 645 glorians
1564 573 1764 647 (factis
1825 573 1970 627 enim

407 676 532 746 quis
559 673 636 728 illi
670 674 742 728 sit
774 669 1229 740 comparandus?)
1277 669 1344 722 ad
1397 670 1598 721 hancce
1629 664 1822 720 deveni
1851 679 1973 742 ora-

403 771 648 821 tionem:
684 765 1020 827 Pliilotbeus,
1053 777 1352 832 cognomen
1404 761 1560 815 factis
1601 759 1970 825 conﬁrmans;

399 858 737 924 Philotlteus,
759 857 848 926 qui
879 857 1116 925 seipsum
1153 854 1426 923 inscripsit
1455 853 1721 908 infidelem
1754 867 1970 907 servum

401 952 494 1005 Dei
534 961 588 1006 et
621 952 821 1005 bonum
863 950 1210 1013 ministrum,
1245 950 1332 1003 cui
1374 947 1597 1018 contigit
1648 945 1740 1002 Dei
1794 945 1972 1002 amico

401 1044 582 1099 vocari
618 1044 684 1097 ad
734 1043 1070 1097 consortium
1119 1040 1498 1110 apostolicum,
1535 1040 1630 1109 qui
1677 1037 1887 1092 audivit
1917 1045 1972 1090 ct

401 1139 514 1204 ipse
541 1136 686 1190 illinc
710 1135 851 1189 istud
880 1150 894 1186 :
923 1133 1041 1188 Non
1066 1133 1176 1201 jam
1205 1147 1420 1187 servum
1450 1140 1500 1185 te
1527 1146 1677 1196 voco,
1707 1131 1798 1184 sed
1831 1129 1971 1183 ami-

400 1248 548 1296 cum,
576 1239 762 1300 utpote
795 1229 889 1298 qui
945 1229 1090 1284 scias
1143 1227 1506 1297 quodcunque
1551 1241 1652 1296 ego
1711 1225 1871 1291 facio,
1917 1235 1972 1280 et

379 1323 534 1376 alios
565 1322 631 1375 ad
665 1321 773 1376 mei
802 1335 1126 1389 promovcas
1181 1318 1562 1380 imitationem,
1609 1326 1664 1371 et
1699 1331 1820 1371 mea
1853 1331 1969 1369 ma-

397 1415 553 1486 gistri
580 1414 751 1468 instar
780 1412 1000 1468 obveles
1041 1411 1296 1481 mysteria
1326 1427 1342 1476 ;
1385 1409 1582 1480 quippe
1606 1407 1750 1462 nulla
1783 1422 1969 1476 reprc-

399 1506 655 1561 Iiensione
688 1505 846 1571 digna
879 1517 966 1558 res
997 1513 1102 1569 est,
1130 1510 1362 1556 mentem
1407 1499 1614 1554 meliori
1648 1498 1971 1554 submittere

389 1598 490 1666 qui
546 1598 926 1664 interpretetur
960 1593 1326 1663 etadaperiat
1379 1592 1728 1660 Seripturas:
1784 1590 1971 1644 Philo-

397 1692 579 1752 tbeus,
608 1687 896 1741 admiratio
926 1694 981 1740 et
1021 1700 1148 1740 cura
1178 1699 1320 1749 mea,
1364 1684 1474 1738 imo
1503 1685 1768 1738 omnium.
1801 1681 1970 1737 Nemo

395 1783 563 1846 enim,
603 1793 764 1833 nemo
806 1791 1050 1848 prorsus,
1087 1776 1289 1831 auditis
1347 1774 1504 1830 factis
1531 1774 1666 1842 ejus,
1715 1783 1967 1828 sanctum

396 1875 547 1928 illum
580 1887 684 1927 non
721 1871 975 1926 admirari
1004 1870 1220 1940 pmerit,
1243 1868 1286 1924 si
1321 1877 1500 1923 tamen
1537 1879 1603 1922 ex
1634 1867 1868 1923 terrenis
1887 1865 1967 1921 fas
2003 1845 2042 1899 Β

395 1978 480 2024 est
505 1967 801 2036 depingere
829 1962 1004 2019 virum
1031 1962 1324 2018 virtutibus
1354 1960 1650 2016 cwlcstem.

471 2235 523 2288 4.
562 2230 709 2286 Tulit
737 2227 974 2284 Asiatica
1015 2225 1182 2295 regio,
1227 2225 1304 2280 uti
1356 2223 1588 2294 posteris
1613 2237 1730 2278 eam
1776 2237 1968 2280 vocare

401 2325 626 2395 placuit,
659 2323 927 2389 optimum
959 2317 1332 2388 Opsicianum,
1383 2328 1525 2371 terra
1568 2317 1854 2381 immensa,
1889 2319 1968 2372 di-

394 2432 489 2473 ves
518 2426 569 2471 et
604 2415 781 2475 beata,
811 2412 939 2466 olitn
970 2412 1188 2481 quidem
1220 2409 1364 2464 fama
1407 2409 1758 2479 percelebris,
1785 2408 1966 2465 ferens

397 2524 544 2565 nunc
589 2507 752 2562 etiam
790 2504 1035 2572 pristinae
1062 2502 1206 2556 illius
1237 2502 1567 2557 excellentiae
1616 2503 1766 2572 signa
1797 2501 1963 2555 multa

311 2655 318 2660 ,
393 2611 451 2656 el.
475 2612 764 2668 generosa,
803 2595 1100 2665 praesertim
1150 2593 1276 2648 belli
1337 2593 1583 2662 peritiam
1640 2593 1963 2648 incolarum.

401 2692 587 2761 Itaque
618 2727 636 2753 ,
695 2700 752 2742 ut
792 2687 985 2742 leviter
1012 2686 1329 2748 ostendam,
1387 2686 1723 2755 majestatern
1773 2699 1964 2749 quam-

395 2785 515 2838 dam
544 2789 770 2837 sanctus
790 2779 1024 2833 desumit
1045 2793 1075 2832 e
1095 2779 1431 2847 popularium
1462 2778 1681 2842 virtute,
1711 2792 1814 2847 qua
1848 2777 1964 2832 leo-

383 2878 556 2933 nibus
587 2875 793 2931 similes
816 2873 1090 2936 videntur,
1121 2869 1336 2940 quando
1381 2883 1565 2933 canes,
1600 2869 1794 2940 Agaris
1842 2870 1959 2933 filii,

395 2970 492 3027 Del
519 2983 716 3040 greges
741 2965 957 3038 aggredi
986 2973 1273 3020 conantur.
1313 2963 1499 3018 Vicqu
1533 2973 1732 3028 autem,
1764 2965 1854 3036 qui
1899 2964 1955 3018 il-

393 3065 505 3118 lum
555 3060 800 3131 protulit,
830 3058 1098 3128 quoddam
1141 3074 1167 3109 a
1207 3057 1430 3126 reliquis
1463 3057 1735 3111 diversum
1769 3069 1959 3112 osten-

393 3156 540 3219 dere,
577 3153 773 3222 quippe
796 3152 884 3219 qui
907 3149 1150 3203 Formica
1182 3149 1467 3218 (Μύρμηξ)
1495 3157 1736 3213 vocetur,
1771 3158 1824 3203 et
1854 3149 1960 3204 isto

394 3247 610 3300 nomine
654 3245 719 3296 ad
775 3240 1265 3313 myrmecoleomes
1315 3240 1600 3309 indigenas
1646 3240 1814 3295 altudi
1849 3239 1960 3296 for-

387 3347 538 3392 tasse
570 3335 692 3405 quis
715 3332 934 3388 dixerit.
956 3331 1082 3386 Milli
1114 3340 1292 3386 autem
1327 3333 1476 3388 vicus
1498 3332 1758 3402 Myrmex,
1781 3335 1955 3389 sancti

385 3428 584 3498 patria,
611 3425 914 3496 symbolum
943 3424 1160 3478 exbibet
1187 3423 1410 3479 omnino
1440 3426 1828 3480 venerandum.
1861 3424 1954 3479 Vi-

393 3521 525 3572 deor
550 3521 696 3572 enim
731 3517 818 3571 hic
849 3515 1229 3571 inclamantem
1257 3518 1442 3570 audire
1469 3516 1600 3570 mihi
1634 3531 1849 3588 quoque
1871 3533 1960 3572 sa-

390 3611 624 3678 pientem
649 3607 1000 3662 Salomonem
1031 3623 1046 3660 :
1088 3626 1106 3658 ι
1141 3607 1289 3661 Vade
1319 3609 1384 3661 ad
1413 3609 1574 3660 talem
1597 3608 1899 3674 formicam,
1924 3625 1957 3664 ο

389 3703 538 3769 piger
565 3701 581 3732 ⁸
607 3717 624 3766 ;
652 3719 670 3752 ι
698 3709 754 3754 et
783 3699 1067 3754 Philotheo
1091 3697 1202 3752 illic
1229 3698 1492 3766 inquisito
1522 3709 1575 3754 et
1603 3699 1954 3754 formicarum

389 3801 546 3846 antro
569 3792 655 3846 ubi
680 3790 952 3844 inuenitur
971 3804 1184 3846 aurum.
1205 3799 1450 3844 scrutare
1471 3790 1684 3846 divitias
1709 3791 1816 3847 Deo
1837 3809 1959 3862 gra-

393 3899 499 3947 tas,
530 3894 585 3938 et
611 3892 728 3937 esto
764 3882 953 3938 beatus
989 3893 1280 3947 mercator,
1327 3894 1760 3955 congregalaque
1805 3884 1958 3941 illinc

391 3987 698 4048 qumstuosa
725 3976 861 4029 bona
893 3974 1075 4028 divide
1105 3975 1410 4044 egentibus,
1448 3993 1577 4040 non,
1609 3978 1953 4034 formicarum

390 4073 581 4134 instar,
609 4069 865 4136 colligens
899 4084 1016 4137 qua:
1043 4068 1094 4121 in
1133 4071 1215 4121 via
1259 4079 1406 4134 sunt,
1436 4069 1528 4126 sed
1554 4071 1802 4127 celeriter
1829 4087 1956 4129 cur-

389 4179 514 4217 rens
565 4163 630 4217 ad
679 4162 968 4232 nptaliilem
999 4161 1289 4217 circuitum
1339 4163 1429 4216 ubi
1482 4163 1833 4220 inveniuntur
1863 4167 1953 4236 qui

391 4255 630 4308 maximo
666 4254 964 4324 expetenda
995 4253 1172 4309 studio
1223 4253 1616 4319 nundinanlur,
1652 4265 1712 4308 ut
1757 4266 1810 4310 et
1840 4255 1955 4324 ipse

388 4345 625 4406 divitias,
688 4359 822 4414 quas
857 4345 1029 4398 bonus
1081 4342 1468 4411 paterfamilias
1524 4345 1664 4401 licus
1710 4361 1738 4400 a
1801 4351 1956 4404 nobis

391 4435 746 4490 thesaurizari
795 4445 968 4504 optat,
1017 4434 1348 4501 lucrifacias,
1399 4444 1454 4490 et
1483 4437 1860 4493 convenientia
1891 4440 1955 4495 iis

386 4525 476 4594 qui
505 4537 689 4579 emunt
719 4525 940 4580 vendas.
969 4592 973 4596 _

462 4791 514 4847 5.
553 4792 622 4845 lia
657 4791 819 4861 igitur
881 4791 982 4845 fuit
1038 4791 1329 4858 Philodtei,
1361 4792 1467 4847 Deo
1496 4795 1783 4862 carissimi,
1817 4805 1958 4852 terra

388 4884 586 4954 patria,
603 4897 700 4936 suo
721 4883 892 4953 ipsius
917 4885 1130 4938 nomine
1150 4889 1462 4939 memoriam
1494 4902 1758 4942 revocans
1781 4888 1877 4944 zeli
1905 4899 1959 4944 et

388 4976 551 5030 studii
583 4976 726 5029 illius
759 4975 811 5028 in
837 4975 1135 5044 spiritualia
1161 4991 1321 5044 Opera
1349 4993 1364 5044 ;
1399 4988 1605 5045 patrem
1637 4989 1816 5033 autem
1841 4983 1958 5050 ejus

390 5083 548 5121 nemo
569 5067 712 5121 dicet
748 5081 901 5120 suam
929 5069 1242 5122 dedecuissc
1280 5069 1613 5140 progeniem.
1648 5071 1796 5126 Licet
1815 5075 1954 5126 enim

387 5161 550 5212 etiam
593 5173 656 5212 ex
688 5174 792 5212 non
836 5159 990 5213 bouis
1026 5176 1408 5229 nonnumquam
1461 5161 1585 5216 boni
1636 5162 1953 5233 gignuntur,

389 5253 473 5306 hic
501 5263 678 5306 tamen
712 5267 819 5304 non
853 5253 1202 5320 perlatnissct
1227 5266 1539 5308 accuratam
1574 5257 1813 5311 historiae
1837 5257 1957 5310 dili-

390 5344 663 5412 ligemiam
701 5352 853 5409 pater
881 5343 1102 5395 omnino
1130 5344 1406 5398 dissimilis
1430 5345 1632 5413 Optimo
1673 5347 1780 5400 tilio
1799 5384 1818 5414 ,
1859 5345 1953 5432 sed

388 5437 438 5486 in
472 5437 779 5503 exemplum
823 5434 1019 5488 factum
1054 5446 1196 5488 esset
1243 5435 1353 5502 ille,
1388 5447 1441 5490 et
1473 5437 1525 5489 in
1569 5438 1951 5491 contumeliam

388 5527 673 5597 insignitus
703 5537 851 5581 esset
879 5527 1056 5597 qualis
1082 5528 1294 5596 qualem
1328 5529 1618 5598 genuisset,
1666 5531 1817 5599 spina
1850 5531 1957 5584 sci-

387 5618 511 5674 licet
576 5635 777 5687 rosam,
813 5621 1170 5692 hyosvyamus
1221 5637 1559 5691 anemoncm,
1620 5624 1785 5679 bestia
1841 5623 1953 5678 fera

463 5799 479 5829 ⁸
507 5799 664 5854 i‘rov.
690 5819 768 5868 vt,
799 5804 855 5858 6.

1986 4545 2039 4602 D

2079 571 2364 640 βαστάζων
2393 575 2523 642 ἐγὼ.
2557 577 2652 629 και⁸
2672 575 2825 628 τοῦτό
2859 594 2920 644 γε
2943 578 3036 631 καὶ
3065 577 3226 647 μόνον
3249 583 3656 654 σεμνυνόμενος

2077 664 2285 737 (ἔργοις
2323 666 2429 736 γὰρ
2461 667 2545 729 τίς
2589 669 2654 721 ἂν
2704 670 2790 736 εἴη
2842 670 3017 739 τούτῳ
3046 671 3391 743 ἐνάμιλλοςς)
3436 677 3515 738 είς
3555 677 3655 729 τὸν

2072 756 2232 826 λόγον
2263 759 2446 812 τοῦτον
2477 761 2711 830 ἐμαυτὸν
2735 761 2953 830 καθῆκα
2975 779 2991 793 ⁸
3025 765 3294 830 Φιλόθεος,
3328 767 3355 818 ὁ
3380 767 3478 838 τὴν
3507 770 3655 822 ἐπω-

2075 851 2270 919 νυμίαν
2301 849 2376 920 τῷ
2402 850 2516 904 ὅντι
2567 853 2918 924 ἐπαληθεύων
2937 873 2952 886 ο
2983 847 3265 921 Φιλόθεος,
3309 859 3337 910 ὁ
3366 860 3655 930 ἐγγράψας

2077 940 2176 1010 μὲν
2217 943 2408 995 ἑαυτὸν
2439 944 2520 1007 είς
2558 946 2747 998 πιστὸν
2787 946 2972 1000 δοῦλον
3013 949 3148 1004 Θεοῦ
3196 952 3288 1004 καί
3317 952 3519 1020 ἀγαθὸν
3562 954 3652 1005 θε-

2078 1032 2342 1102 ράποντα,
2366 1036 2780 1108 κληρονομήσας
2804 1039 2880 1099 δὲ,
2906 1042 3062 1110 φίλος
3086 1040 3205 1113 Θεῷ
3223 1044 3485 1114 κληθῆναι
3513 1048 3607 1114 πρ³
3623 1063 3655 1108 ς

2076 1125 2396 1197 ίσοκληρίαν
2447 1129 2846 1199 ἀποστολικὴν,
2908 1132 3004 1184 καὶ
3047 1134 3288 1194 ἀκούσας
3337 1137 3429 1189 καὶ
3481 1137 3655 1198 αύτδς

2071 1217 2283 1270 ἐκεῖθεν
2307 1217 2367 1270 τό
2391 1235 2405 1252 ’
2446 1217 2643 1272 Οὐκέτι
2667 1219 2854 1274 δοῦλόν
2884 1239 2942 1274 σε
2978 1222 3129 1276 καλῶ
3151 1262 3167 1288 ,
3199 1225 3332 1276 ἀλλὰ
3357 1224 3510 1294 φίλον
3530 1267 3544 1288 ,
3574 1226 3655 1286 ὡς

2076 1311 2166 1362 καὶ
2200 1309 2380 1363 εἰδότα
2413 1312 2544 1376 πᾶν,
2576 1312 2715 1382 ὅπερ
2739 1311 2851 1381 ἐγὼ
2885 1314 3043 1380 ποιῶ,
3073 1316 3169 1369 καὶ
3187 1315 3382 1381 ἄλλους
3403 1320 3483 1382 είς
3507 1317 3655 1388 ἐμὴν

2072 1399 2464 1466 καταρτίζοντα
2493 1401 2744 1471 μίμησιν,
2771 1405 2864 1456 καὶ
2895 1405 2960 1456 τὰ
2993 1405 3105 1474 ἐμὰ
3131 1404 3529 1472 διδασκαλικῶς
3555 1413 3653 1475 ὲγο

2073 1490 2413 1544 καλύπτοντα
2455 1495 2770 1562 μυστήρια·
2824 1495 2906 1547 ὅτι
2959 1496 3092 1565 μηδὲ
3143 1496 3258 1551 ἐστι
3307 1480 3522 1568 φθόνος,
3569 1501 3654 1570 τῷ

2072 1581 2340 1650 κρείττονι
2369 1581 2461 1634 τὸν
2492 1582 2656 1636 αὑτοῦ
2689 1584 2815 1638 νοῦν
2847 1586 3114 1656 προάγειν
3145 1589 3557 1662 ἐκφαντορικῶς
3592 1595 3653 1644 ἐν

2070 1671 2148 1741 τῷ
2172 1672 2463 1740 διανοίγειν
2504 1673 2743 1744 Γραφάς.
2775 1675 3024 1740 Φιλύοεος
3066 1679 3127 1730 τδ
3169 1679 3302 1749 ἐμὸν
3332 1680 3517 1752 Θαῦμα
3549 1685 3653 1737 καὶ

2075 1762 2317 1832 μέλημα,
2351 1765 2551 1833 μᾶλλον
2599 1766 2699 1834 μὲν
2731 1765 2824 1819 οὖν
2859 1768 2918 1820 τὸ
2955 1771 3152 1824 κοινόν.
3196 1771 3276 1824 Οὐ
3309 1773 3418 1842 γὰρ
3464 1774 3530 1828 ἄν
3563 1793 3652 1838 τις

2070 1857 2169 1908 οὐκ
2197 1854 2285 1919 ἂν,
2311 1856 2528 1920 πάντως
2551 1858 2746 1922 οὐδεὶς,
2783 1859 2970 1929 μαθὼν
2989 1861 3060 1914 τὰ
3089 1862 3323 1930 ἐκείνου,
3353 1865 3654 1937 ἀπόσχοιτο

2072 1947 2138 2001 ἂν
2171 1946 2265 2002 τοῦ
2301 1948 2603 2018 Θαυμάςειν
2628 1949 2719 2003 τὸν
2752 1953 2906 2020 ἅγιον
2928 1953 3139 2020 τοῦτον,
3172 1957 3224 2009 ει
3256 1973 3308 2009 τι
3335 1957 3438 2028 χρὴ
3465 1961 3556 2010 καὶ
3584 1961 3650 2010 ἐκ

2070 2039 2180 2092 τῶν
2217 2041 2345 2110 περὶ
2387 2044 2492 2113 γῆν
2527 2045 2935 2114 χαρακτηρίσαι
2961 2046 3053 2100 τὸν
3082 2051 3200 2112 ταῖς
3226 2048 3450 2118 ἀρεταῖς
3478 2050 3651 2121 οὖρά-

2069 2149 2204 2186 νιον.

2137 2227 2202 2280 δ’.
2231 2225 2469 2292 Ἦνεγκε
2497 2226 2599 2297 μὲν
2625 2227 2847 2298 ’Δσιανὴ
2871 2227 3044 2300 χώρα,
3071 2229 3138 2300 ἢν
3170 2231 3333 2301 ἠρεσε
3355 2233 3466 2295 τοῖς
3486 2231 3652 2287 ὕστε-

2072 2333 2163 2387 ρον
2199 2317 2528 2387 ὀνομάζουσι
2551 2358 2566 2383 ,
2603 2319 2768 2373 καλὸν
2817 2321 3090 2390 Ὀψίκιον,
3127 2327 3195 2391 γῆ
3231 2324 3527 2396 πολυτενὴς
3562 2327 3648 2388 είς

2070 2409 2399 2479 μιλιασμοὺς
2428 2413 2523 2464 καὶ
2550 2410 2853 2479 πολυτελὴς
2880 2416 2976 2466 καὶ
3025 2415 3321 2485 εὐδαίμων,
3357 2416 3521 2471 πάλαι
3540 2421 3648 2487 μὲν

2067 2499 2162 2552 καὶ
2189 2498 2314 2552 λίαν
2345 2501 2704 2570 περίπυστος,
2736 2502 2979 2571 φέρουσα
3009 2503 3064 2556 δὶ
3099 2506 3193 2557 καὶ
3226 2505 3393 2560 εἰσέτι
3422 2505 3518 2558 νῦν
3542 2507 3647 2559 τοῦ

2069 2591 2409 2660 πρωτοθέτου
2432 2591 2643 2645 ἐκείνου
2670 2593 2839 2646 καλοῦ
2867 2595 3229 2665 χαρακτῆρας
3263 2598 3514 2662 πολλοὺς,
3545 2603 3647 2651 καὶ

2065 2683 2185 2736 ούδέ
2215 2685 2482 2750 ἀγεννεῖς,
2512 2684 2606 2737 καὶ
2635 2684 2873 2754 μάλιστα
2898 2688 2962 2738 τὺ
2992 2687 3099 2740 τῶν
3130 2689 3411 2758 ἐγχωρίων
3443 2691 3647 2758 ἐμπειο

2069 2775 2389 2845 ροπὸλεμον.
2431 2777 2542 2830 Καὶ
2580 2775 2724 2830 οὕτω
2784 2778 2905 2848 μὲν,
2952 2777 3027 2841 ὡς
3057 2779 3116 2832 ἐν
3169 2779 3340 2849 στενῷ
3373 2779 3646 2848 δηλῶσαι.

2067 2864 2372 2935 σεμνότητα
2403 2866 2432 2916 ὁ
2467 2866 2622 2932 ἅγιος
2655 2866 2978 2935 ἑπισύρεταί
3002 2884 3121 2920 τινα
3156 2867 3250 2920 καὶ
3277 2867 3364 2921 διὰ
3389 2869 3483 2937 τὴν
3514 2870 3647 2921 κατ’

2065 2956 2214 3020 ἑΘνος
2242 2957 2463 3027 ἀρετὴν,
2496 2958 2565 3010 δι’
2596 2961 2663 3029 ῆν
2690 2959 2741 3011 οἱ
2775 2960 2892 3010 ἐκεῖ
2919 2958 3400 3013 ἀπολεοντιοῦσθαι
3427 2960 3646 3024 δόξαιεν

2065 3045 2151 3108 ἂν,
2185 3047 2273 3098 ὅτε
2300 3047 2351 3099 oi
2380 3045 2482 3116 τῆς
2514 3049 2695 3118 ’Δγαρ
2725 3051 2886 3111 κύνες
2917 3050 3230 3120 ἐπιτρέχειν
3255 3050 3367 3113 τοῖς
3387 3051 3479 3103 τοῦ
3501 3051 3646 3102 Θεοῦ

2065 3136 2335 3205 ποιμνίοις
2365 3138 2735 3206 προτίθενται.
2775 3140 2900 3194 Ἐὰν
2929 3141 2985 3194 δὲ
3022 3144 3054 3212 ἡ
3087 3143 3491 3212 προενεγκοῦσα
3515 3143 3648 3197 τοῦ·

2067 3241 2161 3279 τον
2204 3225 2365 3298 κώμη
2401 3228 2636 3298 ἑτεροῖόν
2665 3247 2718 3283 τι
2771 3234 3040 3305 φαντάζῃ,
3075 3233 3317 3306 Μύρμηξ
3352 3237 3648 3289 ἐπικαλου-

2071 3318 2229 3388 μένη,
2255 3321 2350 3372 καὶ
2378 3320 2465 3376 διὰ
2489 3321 2550 3374 τὸ
2576 3321 2816 3377 τοιοῦτον
2848 3324 3019 3394 ὄνομα
3046 3325 3322 3398 causamn
3353 3328 3492 3379 κατὰ
3527 3328 3646 3380 τῶν

2067 3411 2394 3480 πατριωτῶν
2424 3413 2904 3484 μυρμηκολέοντος
2935 3415 3110 3486 νόημα
3131 3457 3144 3479 ,
3175 3417 3310 3471 ἀλλὰ
3341 3419 3500 3472 τοῦτο
3535 3421 3643 3487 μὲν

2067 3501 2184 3568 ἐρεῖ
2198 3517 2279 3564 τις
2306 3501 2492 3571 ἔτερος
2513 3504 2656 3556 κατὰ
2674 3504 2734 3558 τὸ
2753 3507 3064 3576 παρατυχόν
3086 3522 3100 3538 ·
3126 3509 3248 3577 ἐμοὶ
3266 3509 3322 3560 δὲ
3344 3511 3371 3561 ὁ
3395 3510 3647 3579 Μύρμηξ

2067 3591 2229 3662 κώμη
2259 3593 2320 3645 τὸ
2345 3592 2439 3645 τοῦ
2472 3595 2630 3662 ἁγίου
2666 3595 2894 3666 πάτριον
2920 3597 3116 3666 ἔδαφος
3143 3601 3224 3662 είς
3259 3600 3527 3670 σύμϐολον
3551 3607 3647 3654 τέ-

2067 3683 2241 3737 Θειται
2281 3686 2423 3738 πάνυ
2457 3687 2672 3756 σεμνόν.
2699 3689 2851 3741 Δοκῶ
2883 3692 2988 3760 γὰρ
3024 3692 3263 3746 ἐνταῦθα
3284 3693 3646 3762 ὁποιωνοῦν-

2065 3791 2156 3838 τος
2183 3777 2401 3831 ἀκούειν
2425 3779 2596 3848 κάμοὶ
2630 3779 2723 3832 τοῦ
2752 3783 3028 3851 πανσόφου
3066 3784 3409 3850 Σολομῶντος
3428 3805 3440 3816 ·
3471 3802 3491 3836 ι
3530 3786 3645 3838 ’1οι

2066 3867 2203 3938 πρὸς
2221 3868 2562 3938 τὸνέτοιοῦτον
2577 3873 2862 3944 μύρμηκα,
2883 3867 2929 3926 ὦ
2945 3876 3162 3946 ὀκνηρέ,
3192 3896 3210 3928 ι
3234 3878 3325 3930 καὶ
3347 3878 3437 3930 τὸν
3457 3880 3642 3931 ἐκεῖσε

2065 3962 2318 4017 Φιλόθεον
2343 3964 2636 4036 ἱστορήσας
2666 3968 2760 4020 καὶ
2786 3967 2885 4036 τὴν
2911 3968 2969 4021 ἐν
2994 3967 3185 4040 ἐκείνῳ
3218 3974 3468 4042 χρυσῖτιν
3495 3989 3643 4042 μυρ-

2069 4053 2294 4126 μηκιὰν,
2345 4056 2640 4126 μεταλλευε
2683 4059 2916 4112 πλοῦτον
2952 4060 3070 4130 Θεῷ
3114 4061 3290 4130 φίλον,
3334 4063 3430 4116 καὶ
3480 4064 3639 4131 γίνου

2068 4146 2402 4217 μακαριστὸς
2431 4147 2671 4218 ἔμπορος
2693 4165 2708 4180 ·
2738 4151 2833 4204 καὶ
2861 4150 3117 4215 συλλέξας
3144 4152 3357 4206 ἐκεῖθεν
3395 4161 3637 4207 πλουτο-

2064 4239 2217 4292 ποιόν
2249 4256 2303 4291 τι
2333 4239 2513 4304 καλὸν,
2554 4241 2786 4294 διαδίδου
2821 4245 2930 4306 τοῖς
2964 4243 3277 4314 χρῄζουσιν,
3309 4246 3370 4298 οὐ
3407 4263 3634 4316 μυρμη-

2065 4329 2230 4394 κίζων
2252 4330 2320 4383 τὰ
2344 4333 2422 4394 εἰς
2450 4331 2588 4397 ὁδὸν,
2615 4332 2750 4386 ἀλλὰ
2764 4335 2933 4403 ταχὺς
2957 4337 3164 4404 τρέχων
3187 4336 3268 4398 είς
3295 4336 3356 4388 τὸ
3379 4335 3636 4392 εὐκταῖον

2064 4424 2392 4492 κατάντημα
2429 4427 2540 4487 τοῖς
2582 4427 3045 4495 ἐμπορευομένοις
3083 4429 3151 4482 τὰ
3195 4428 3596 4482 σπουδαιότατα
3620 4447 3635 4459 ·

2065 4515 2211 4578 ὅπως
2250 4517 2345 4569 καὶ
2373 4516 2536 4579 αὐτὸς
2571 4517 2800 4570 πλοῦτον
2831 4521 3126 4591 κερδήσῃς,
3163 4519 3222 4575 ὃν
3253 4521 3282 4573 ὁ
3311 4521 3513 4588 ἀγαθὸς
3550 4523 3635 4573 oi-

2063 4609 2394 4680 κοδεσπότης
2415 4609 2548 4671 Θιίς
2580 4609 3003 4681 θησαυρίζεσϐαι
3036 4613 3201 4681 ῳιλετ,
3229 4613 3324 4666 καὶ
3355 4613 3466 4676 τοῖς
3498 4613 3636 4681 ἀγο-

2064 4699 2286 4768 ράζουσι
2312 4702 2464 4771 πωλή
2476 4717 2573 4772 an;
2602 4703 2668 4754 τὰ
2692 4705 2993 4774 πρόσφορα.

2132 4798 2190 4846 ε’.
2228 4795 2335 4846 Καὶ
2367 4793 2595 4863 τοιαύτη
2630 4793 2730 4862 μὲν
2777 4795 2854 4864 τῷ
2897 4795 3232 4866 θεοφιλτάτῳ
3272 4797 3506 4866 Φιλοοέῳ
3533 4803 3640 4850 καὶ

2060 4887 2092 4956 ἡ
2121 4885 2422 4954 πατριῶτις
2446 4883 2541 4952 γῆ,
2569 4886 2798 4955 μνήμων
2827 4886 2976 4955 αὐτῷ
2999 4890 3259 4958 γινομένη
3287 4887 3380 4940 τοῦ
3407 4886 3639 4954 φιλοπόο

2060 4995 2166 5040 νως
2195 4976 2522 5046 ἐργάζεσθαι
2545 4977 2612 5030 τὰ
2635 4977 3008 5046 πνευματικάο
3042 4981 3316 5048 γεννήτωρ
3339 4979 3419 5042 δὲ,
3444 4979 3544 5031 οὐκ
3565 4978 3638 5031 ἂν

2059 5071 2204 5123 εἴποι
2240 5086 2346 5133 τις,
2377 5068 2450 5132 ὡς
2477 5070 2575 5122 οὐκ
2605 5066 2668 5139 ἦν
2703 5069 2849 5139 αὐτῷ
2882 5069 3023 5122 κατὰ
3049 5071 3205 5138 λόγον
3232 5071 3472 5123 τοιούτου
3501 5086 3636 5137 γεν-

2057 5165 2317 5231 νήματος.
2364 5162 2422 5213 Εἰ
2467 5162 2573 5230 γάρ
2624 5178 2755 5212 ποτε
2790 5162 2883 5214 καὶ
2929 5162 2987 5226 ἐξ
3019 5163 3118 5215 ούκ
3159 5163 3385 5229 ἀγαθῶν
3433 5163 3635 5229 ἀγαθοὶ

2057 5257 2320 5324 φύονται,
2377 5255 2491 5306 ἀλλ’
2560 5253 2796 5307 ἐνταῦθα
2847 5255 2945 5308 οὐκ
3002 5255 3067 5308 ἂν
3115 5255 3325 5307 διέλαϐε
3381 5253 3478 5322 τὴν
3533 5254 3634 5321 τῆς

2059 5349 2299 5417 ιστορτας
2359 5346 2646 5416 ἀκρίϐειαν
2714 5346 2892 5416 πατὴρ
2941 5347 3190 5416 ἀνόμοιος
3258 5347 3618 5416 προαπεκϐας

2063 5440 2163 5510 υίῷ
2213 5439 2355 5492 οὕτω
2403 5438 2591 5508 καλῷ·
2636 5438 2770 5492 ἀλλὰ
2817 5442 3007 5494 ἔπεσεν
3049 5440 3114 5492 ἂν
3161 5442 3239 5501 εἰς
3285 5438 3638 5506 ’πτειρέιδευίμωι

2063 5534 2157 5585 καὶ
2207 5533 2437 5595 ἐκεῖνος,
2493 5532 2588 5582 καὶ
2634 5532 3054 5601 παρεσημάνϐη,
3099 5533 3278 5592 ὁποῖος
3323 5531 3490 5592 αὐτὸς
3533 5530 3636 5591 ὢν,

2062 5627 2244 5677 ὁποῖον
2285 5623 2570 5687 ἀπέτεκεν,
2607 5621 2814 5675 ἄκανθα
2851 5623 3047 5694 δηλαδὴ
3091 5622 3279 5692 (δίδον,
3319 5619 3633 5690 ὑοσκύαμος
