3906 6544
418 409 518 472 147

1161 407 1575 468 EUSTATIIll
1616 405 1902 465 TI-IESSA
1914 403 2001 464 LO

2107 405 2367 465 CENSIS
2408 402 2965 464 ΜΕΤΒΟΡΟΙᾸΤίΕ

3550 402 3651 472 HS

418 540 549 581 num
599 522 809 592 pondus
869 521 1107 574 alterans
1159 517 1402 588 jejuniis,
1449 517 1750 570 enitebatur
1787 525 1984 570 terram

2107 515 2170 566 ιεὶ
2201 514 2296 568 τοῦ
2329 514 2466 567 κατά
2489 515 2646 583 σῶμα
2681 514 2975 584 κεραμείου
2994 513 3122 578 πᾶν,
3151 511 3274 565 ὅσον
3306 511 3526 582 ἔνικμον
3557 522 3653 568 καὶ

425 631 574 672 more
605 614 780 681 angeli
822 622 876 667 et
899 611 1052 682 juxta
1077 608 1352 674 Evangelii
1388 610 1700 675 praescripta
1734 616 1980 660 transvo-

420 713 558 774 lare,
586 709 863 776 indignum
897 706 1073 773 scipso
1099 703 1354 773 judicans
1377 699 1597 755 inscribi
1629 697 1846 767 quidem
1875 696 1984 751 Deo

421 803 669 865 charum,
703 797 972 856 altissimo,
998 794 1145 848 Patri
1199 793 1487 855 luminum,
1534 789 1813 844 adhaerere
1859 802 1986 842 vero

421 909 582 952 terra
635 894 792 947 matri
856 901 910 944 et
958 888 1266 943 (celestibus
1314 885 1568 954 prazferre
1605 880 1883 936 terrestria
1934 890 1988 934 et

423 986 665 1042 humilia.

487 1253 552 1319 ’,8.
572 1249 707 1306 Cum
740 1247 819 1304 sic
845 1256 1040 1301 terram
1068 1247 1439 1296 contemneret
1463 1246 1519 1294 et
1544 1239 1610 1293 ad
1647 1237 1848 1292 nullam
1879 1251 1989 1290 rem

425 1357 698 1399 terrenam
751 1352 955 1409 pronus
1004 1344 1169 1399 esset,
1209 1331 1482 1403 quomodo
1529 1345 1636 1385 non
1681 1329 1843 1384 etiam
1897 1341 1994 1395 per

424 1435 700 1490 orationes
738 1433 805 1485 ad
828 1426 1003 1484 simile
1023 1437 1282 1494 prospere
1305 1421 1722 1493 progrederetur
1759 1417 1994 1473 bonum?

425 1525 816 1583 Perseverabat
849 1520 1011 1590 igitur
1035 1517 1124 1571 diu
1157 1525 1329 1583 stans,
1361 1513 1722 1580 manibusque
1751 1508 1994 1565 extensis

426 1619 495 1674 ad
529 1618 679 1671 illum
715 1613 806 1683 qui
837 1623 1056 1666 sursum
1091 1608 1264 1676 ipsum
1301 1606 1520 1660 trahere
1553 1611 1790 1673 poterat,
1839 1611 1994 1670 βοει-

426 1725 589 1782 quam
645 1717 792 1761 recte
823 1700 1176 1765 ambulasset,
1228 1697 1453 1751 ﬂrmiter
1507 1697 1770 1758 stetisset,
1821 1703 1877 1747 et
1928 1693 1994 1745 ad

424 1818 551 1859 eum
584 1813 775 1854 manus
823 1793 986 1851 simul
1017 1802 1072 1848 et
1117 1798 1282 1846 totam
1334 1789 1568 1843 animam
1611 1785 1894 1840 elevasset.
1932 1784 1995 1837 Et

427 1897 503 1950 ita
535 1891 754 1964 quidem
789 1886 1010 1944 omnino
1045 1885 1096 1938 iu
1124 1881 1360 1938 excelsis
1405 1881 1724 1934 versabatur
1755 1878 1835 1932 :si
1868 1891 1997 1930 vero
2032 1870 2070 1923 Β

431 1984 724 2056 aliquando
777 1993 942 2049 super
989 1986 1210 2038 terram,
1269 1982 1488 2044 pmpter
1519 1968 1857 2033 aﬂinitatem,
1891 1984 1997 2022 non

433 2074 672 2147 neglexit
715 2079 952 2128 erectam
1009 2064 1243 2121 hominis
1304 2071 1591 2126 staturam,
1659 2060 1753 2114 sed
1820 2058 2000 2129 potius

433 2161 781 2234 conservavit
819 2167 874 2216 et
902 2169 1062 2213 terrae
1107 2152 1354 2226 genitrici
1386 2166 1508 2207 sese
1547 2147 1998 2206 accommodavit.

433 2258 603 2312 Porro
637 2255 740 2310 hoc
773 2249 1110 2321 perficiebat,
1149 2259 1326 2315 genua
1365 2241 1589 2297 ﬂectens
1635 2240 1998 2304 continenter,

429 2359 488 2406 et
516 2349 628 2404 cito
654 2345 872 2414 erigens
912 2357 1002 2406 se,
1024 2341 1154 2396 illud
1183 2339 1400 2409 quidem
1435 2344 1493 2390 ut
1530 2332 1807 2388 terrestris
1851 2339 1904 2385 et
1933 2331 2000 2384 ad

427 2450 632 2496 terram
658 2435 931 2491 rediturus
984 2433 1087 2486 hoc
1109 2445 1260 2494 vero,
1291 2439 1347 2483 ut
1372 2425 1523 2495 quasi
1555 2425 1735 2494 planta
1764 2421 2002 2476 cmlestis

429 2544 553 2586 esse
579 2529 858 2583 videretur
882 2524 1321 2589 Accidebautque
1347 2519 1395 2573 ei
1417 2517 1529 2572 fere
1567 2516 1684 2570 sine
1717 2512 1998 2592 molestia,

431 2619 683 2692 quamvis
722 2618 1056 2686 frequentes,
1087 2626 1252 2667 casus
1297 2609 1373 2664 illi
1407 2618 1460 2663 et
1503 2607 1810 2662 erectiones
1861 2603 2002 2657 inter

431 2711 735 2774 orandum;
799 2723 925 2763 nam
981 2720 1091 2774 pne
1152 2702 1316 2756 nimia
1373 2699 1556 2755 carnis
1589 2696 1783 2760 macie,
1839 2708 2000 2765 quam

435 2801 796 2876 temperantia
853 2804 1160 2870 pepererat,
1209 2794 1318 2848 t-ito
1365 2799 1588 2848 sanctus
1629 2789 1873 2858 erigebat
1918 2800 2000 2848 se,

433 2898 507 2952 ita
544 2906 606 2950 ut
637 2891 852 2950 facilius
887 2896 1178 2956 exurgeret
1228 2899 1289 2939 se
1315 2898 1474 2953 quam
1518 2895 1693 2952 genua
1740 2879 1999 2941 ﬂecteret,

435 2984 896 3060 quemadmodum
946 2980 1170 3050 pulcher
1217 2989 1402 3030 ramus
1436 2971 1709 3044 paululum
1761 2969 1890 3025 ﬂatu
1919 2969 2002 3024 in-

438 3090 720 3144 curvatus,
744 3077 852 3130 cito
879 3073 1127 3143 erigitur.

508 3173 562 3228 9.
604 3169 744 3239 Quid
785 3165 985 3238 igitur?
1014 3161 1282 3231 Numquid
1327 3172 1546 3214 carnem
1580 3154 1911 3211 exhauriens
1949 3160 2002 3206 et

435 3277 744 3325 evacuans,
787 3269 1041 3314 caeterum
1093 3254 1218 3308 inde
1261 3257 1527 3322 quaestum
1587 3246 1817 3300 faciebat
1862 3244 2004 3298 sicut

436 3355 613 3420 avari,
665 3362 722 3407 et
772 3352 1030 3406 horreum
1087 3343 1381 3415 genuinum
1436 3354 1665 3393 vacuum
1697 3336 2001 3390 dimittens.

435 3447 742 3516 complebat
781 3440 1025 3496 exterius
1067 3445 1121 3491 et
1151 3433 1518 3497 addictitium,
1553 3439 1608 3486 et
1651 3428 1831 3482 forsan
1870 3424 2003 3479 illud

433 3547 681 3592 evertere
719 3533 1101 3594 meditabatur,
1143 3525 1428 3595 majusque
1457 3520 1758 3578 suscitare?
1785 3517 2004 3585 Nequa-

438 3641 626 3698 quam.
652 3625 720 3680 At
751 3633 895 3678 terra
932 3631 988 3676 et
1013 3619 1212 3674 divitiae
1243 3632 1362 3688 qua:
1402 3631 1468 3670 ex
1505 3614 1594 3668 illa
1637 3619 1763 3666 sunt
1795 3620 1848 3663 et
1881 3607 2008 3662 reli-

439 3735 547 3788 qua
573 3718 700 3772 vita:
719 3713 1037 3783 compendia
1075 3726 1104 3764 a
1135 3710 1243 3764 Deo
1267 3707 1574 3772 benedicta,
1604 3704 1820 3773 plenum
1858 3700 2003 3752 illum

438 3810 712 3868 faciebant
759 3805 1011 3862 omnibus
1037 3817 1156 3872 quae
1190 3800 1542 3856 terrestribus
1575 3792 1880 3864 exoptanda
1924 3791 2007 3844 vi-

441 3907 668 3969 dentur;
697 3896 1049 3956 beneﬁcentia
1074 3904 1256 3950 autem
1278 3902 1333 3948 et
1358 3890 1669 3946 humanitas
1690 3883 2008 3953 evangelica

441 3993 787 4065 superaddita
823 3990 1096 4052 mandato,
1133 4001 1229 4056 per
1270 3984 1416 4054 quod
1451 3982 1712 4036 invitatur
1752 3977 2010 4030 cordatus

440 4091 604 4143 homo
638 4084 704 4138 ad
745 4080 1120 4153 deponendum
1171 4073 1503 4144 superﬂuum
1541 4071 1595 4126 in
1627 4070 1736 4124 vita
1769 4068 2006 4137 pondus,

437 4187 493 4234 et
524 4175 866 4234 dividendum
897 4171 1244 4240 pauperibus,
1279 4177 1337 4222 ut
1361 4169 1434 4222 ita
1463 4164 1745 4233 expeditus
1779 4163 1831 4216 in
1869 4161 2009 4214 viam

438 4269 676 4326 divinam
715 4275 772 4322 et
806 4277 928 4319 vere
959 4273 1187 4324 rectam,
1221 4259 1348 4313 licet
1374 4257 1555 4327 aliquo
1578 4255 1738 4310 modo
1759 4265 2007 4320 aSperam

437 4359 596 4416 initio
651 4354 1102 4425 ingredientibus,
1135 4349 1340 4405 serviat
1384 4345 1496 4401 Deo
1527 4345 1592 4399 ad
1641 4343 1862 4397 meliora
1909 4340 2009 4394 du-

436 4451 603 4516 eenti,
644 4457 834 4503 sancto
878 4451 1167 4500 suaserunt
1195 4449 1252 4494 ut
1282 4454 1379 4494 sua
1422 4441 1558 4491 bona
1599 4433 1906 4488 eﬂ‘uuderet
1952 4432 2006 4485 iu

2092 606 2277 677 ὑγρὸν,
2308 605 2376 659 δι’
2401 599 2461 660 οῦ
2495 605 2864 675 πλαδαροῦται
2895 603 3206 675 ἄνθρωπος,
3235 604 3329 658 καὶ
3357 604 3500 659 οὕτω
3527 623 3655 658 κου-

2091 698 2262 768 φίζων
2283 697 2343 751 τὸ
2365 699 2520 768 γήῖον
2549 695 2730 766 βρῖθος
2754 693 3048 762 νηστείαις,
3082 694 3402 762 ἐφιλονείκει
3429 695 3527 764 τῆς
3551 695 3658 763 γῆς

2091 790 2394 858 ἀγγελικῶς
2435 786 2862 860 ύπερίπτασθαι,
2915 786 3132 851 ἀνάξιον
3183 785 3375 839 ἐαυτοῦ
3426 787 3658 857 κρίνων,

2095 881 2464 952 ἐγγράφεσθαι
2497 879 2720 950 μὲν,εἰς
2777 877 2928 946 φίλον
2963 877 3122 941 Θεοῦ,
3171 877 3267 930 τοῦ
3317 877 3419 930 τῶν
3462 877 3661 945 φώτων

2093 975 2318 1042 ὑψίστου
2350 971 2582 1041 Πατρδς,
2610 969 3041 1040 προστετηκέναι
3061 969 3116 1021 δέ
3142 972 3208 1039 τῇ
3241 973 3409 1042 μητρὶ⁵
3439 974 3534 1041 γῇ,
3567 973 3664 1024 καῖ⁵

2093 1067 2188 1118 τοῦ
2243 1064 2486 1136 αἰθερίου
2525 1061 2903 1132 ἀνθαιρεῖσθαι
2950 1062 3010 1115 τὸ
3061 1063 3274 1117 πεδινόν
3319 1081 3380 1116 τε
3428 1066 3520 1116 καὶ
3568 1081 3662 1115 τα-

2096 1157 2299 1211 πεινόν.

2165 1246 2236 1318 η’.
2276 1249 2336 1302 Ὀ
2365 1249 2420 1302 δὲ
2449 1249 2590 1304 οὕτω
2613 1249 2711 1322 τὴν
2737 1251 2846 1322 γῆν
2873 1249 3242 1322 περιφρονῶν,
3270 1247 3364 1301 καὶ
3398 1246 3529 1320 πρὸς
3557 1265 3666 1318 μη-

2095 1339 2183 1392 δέν
2205 1358 2257 1394 τι
2291 1341 2398 1395 τῶν
2424 1343 2544 1396 κατ’
2574 1344 2742 1413 αὐτὴν
2770 1344 3026 1412 κεκυφὼς
3047 1384 3062 1406 ,
3095 1343 3210 1405 πῶς
3247 1342 3342 1394 οὐκ
3376 1341 3443 1395 ἂν
3476 1343 3568 1394 καῖ
3596 1342 3666 1393 δι’

2097 1432 2271 1502 εὐχῶν
2297 1434 2377 1496 εἰς
2404 1434 2461 1486 τδ
2479 1435 2664 1504 ὅμοιον
2685 1434 2917 1488 εύοδοῖτο
2942 1434 3108 1488 καλόν
3129 1451 3144 1498 ;
3167 1432 3457 1502 Ἐσχόλαξε
3484 1433 3667 1485 τοίνυν

2101 1527 2196 1580 καὶ
2223 1525 2397 1580 ποδῶν
2427 1527 2584 1598 ὀρθία
2617 1527 2806 1581 στάσει
2833 1528 2918 1595 ἐφ’
2951 1528 3151 1590 ἱκανὸν,
3184 1528 3279 1580 καὶ
3309 1526 3514 1596 χειρῶνί
3534 1529 3668 1580 ἀνα-

2098 1619 2256 1671 τάσει
2290 1618 2425 1688 πρὸς
2455 1618 2544 1671 τὸν
2579 1619 2692 1672 ἄνω
2721 1619 3020 1689 δυνάμενον
3041 1621 3220 1672 ἕλκειν
3256 1619 3346 1672 τὸν
3373 1621 3466 1671 καὶ⁵
3497 1599 3694 1686 ἀσφαζ

2099 1708 2206 1771 λῶς
2237 1707 2528 1778 βεϐηκότα.
2563 1711 2656 1763 καὶ
2687 1710 2922 1780 στερεῶς
2950 1710 3182 1771 ἑστῶτα,
3215 1711 3306 1762 καὶ
3337 1711 3527 1779 χεῖρας
3546 1709 3669 1778 ἃμα

2101 1803 2195 1853 καῖ
2240 1800 2420 1869 ψυχὴν
2449 1800 2577 1870 ὃλην
2625 1803 2759 1869 προς
2787 1801 2950 1854 αὑτὸν
2982 1800 3348 1853 ἀνατείνοντα.
3385 1801 3493 1852 Καὶ
3525 1799 3672 1852 οὕτω

2104 1889 2204 1958 μὲν
2247 1889 2366 1952 ὅλος
2399 1885 2466 1959 ἦν
2506 1889 2603 1958 τῆς
2633 1890 2894 1942 ἀνωτάτω
2922 1887 3180 1957 ύψώσεως
3207 1905 3220 1920 ·
3252 1889 3301 1940 εἰ
3337 1888 3393 1941 δέ
3437 1905 3537 1941 που
3573 1891 3674 1940 καὶ

2101 1982 2199 2050 τῆς
2229 1981 2330 2050 γῆς
2354 1980 2443 2034 διὰ
2468 1979 2530 2032 τὸ
2556 1979 2844 2047 φυλετικὺν
2885 1978 3182 2046 συγγενὲς,
3221 1977 3396 2031 ἐποίει
3433 1978 3533 2048 μὲν
3576 1978 3674 2031 καὶ

2102 2073 2254 2138 αὐτὸ,
2293 2072 2391 2143 ούχ
2428 2071 2568 2124 ὥστε
2607 2071 2714 2142 μὴν
2751 2071 2842 2124 καὶ
2883 2072 3181 2141 ἀχρςιῶσαι
3219 2073 3279 2124 τὸ
3321 2069 3673 2142 ἀνθρωπικ“ν

2101 2164 2302 2229 ὄρθιον,
2325 2162 2461 2217 ἀλλὰ
2487 2163 2578 2216 καὶ
2610 2161 2741 2216 αὐτὸ
2769 2162 3024 2230 φυλάξαι,
3055 2164 3148 2216 καὶ
3173 2165 3237 2232 τῇ
3273 2163 3442 2231 μητρὶ
3473 2165 3543 2232 γῇ
3577 2179 3677 2230 χα-

2103 2256 2375 2328 ρίσασθαι.
2424 2257 2592 2309 Ἥνυε
2637 2255 2693 2308 δὲ
2731 2253 2883 2317 αὐτὸ,
2928 2255 3131 2321 γόνατα
3158 2254 3358 2306 κλίνων
3407 2253 3675 2320 συνεχῶς,

2103 2349 2198 2400 καὶ
2217 2349 2353 2417 ταχὺ
2383 2347 2821 2416 ἐξανιστάμενος,
2852 2347 3027 2398 ἐκεῖνο
3057 2345 3154 2414 μὲν
3182 2344 3285 2413 γῆς
3315 2343 3407 2396 καὶ
3434 2343 3512 2404 εἰς
3541 2342 3674 2411 γῆν,

2101 2440 2260 2492 τοῦτο
2295 2439 2351 2492 δὲ
2382 2433 2468 2492 οἶα
2505 2440 2598 2493 καὶ
2635 2438 2802 2506 φυτὸν
2843 2437 3349 2506 πεφιλοσοφημένος
3393 2437 3674 2506 οὐράνιον.

2103 2528 2211 2583 Καὶ
2235 2525 2379 2598 εἶχον
2407 2528 2568 2581 αὑτὸν
2593 2528 2624 2598 ἡ
2654 2527 2876 2598 τοιαύτη
2905 2526 3084 2594 πυκνὴ
3113 2527 3340 2580 εὐκταία
3369 2526 3580 2588 πτῶσίς
3615 2541 3677 2578 τε

2105 2623 2198 2674 καὶ
2222 2621 2515 2683 ἀνάστασις
2546 2622 2640 2673 καὶ
2672 2619 2858 2689 σχεδόν
2882 2635 2936 2672 τι
2975 2619 3070 2672 καί
3099 2617 3220 2689 δίχα
3251 2619 3412 2671 πόνου
3431 2635 3444 2648 ·
3472 2617 3532 2668 τὸ
3563 2619 3678 2686 γὰρ

2103 2712 2162 2777 ἐξ
2183 2712 2508 2782 ἐγρκατείας
2535 2713 2864 2782 ὑπέρισχνον
2897 2711 2998 2780 τῆς
3037 2711 3238 2780 σαρκὸς
3269 2709 3406 2780 ταχὺ
3443 2712 3538 2778 τῆς
3570 2711 3678 2779 γῆς

2104 2801 2374 2855 ἀπανίττα
2404 2802 2494 2855 τὸν
2532 2800 2708 2869 ἆγιον,
2739 2802 2814 2864 ὡς
2853 2800 3248 2869 εὐπετέστερον
3274 2798 3412 2853 εῐναι
3443 2800 3538 2852 τοῦ
3569 2819 3678 2854 κα-

2104 2894 2421 2963 τακλιθῆναι
2449 2893 2509 2946 τδ
2531 2892 2844 2956 ἀνανεῦσαι,
2875 2891 3017 2946 καθά
3046 2909 3146 2946 που
3167 2891 3260 2946 καὶ
3290 2892 3451 2956 θάλος
3474 2891 3680 2961 εύφυὶς

2106 2985 2279 3056 βραχύ
2303 3004 2352 3039 τι
2379 2985 2556 3055 κύψαν
2582 2987 2645 3038 ἐκ
2671 2985 3006 3054 καταπνοῆς,
3030 2981 3149 3038 εἶτα
3171 2984 3362 3039 θᾶττον
3385 2986 3681 3056 ἀνατρέχει

2106 3081 2241 3144 πρὸς
2266 3078 2324 3130 τὸ
2355 3077 2506 3130 εὐθύ.

2179 3169 2243 3222 θ’.
2279 3167 2342 3219 Τί
2368 3166 2424 3219 δὲ
2452 3166 2588 3219 ἀλλᾶ
2609 3166 2709 3231 τὴν
2741 3165 2919 3234 σάρκα
2949 3163 3248 3228 ύποκενῶν,
3281 3164 3376 3218 καὶ
3401 3165 3480 3228 εἰς
3503 3164 3685 3233 λαγα-

2112 3261 2213 3330 pinv
2233 3257 2637 3320 ἀποκαθιστῶν,
2657 3256 3054 3327 ἐχρηματίζετο
3073 3256 3245 3318 ἄλλως
3267 3255 3512 3309 ἐντεῦθεν
3533 3259 3683 3311 κατά

2107 3353 2234 3414 τοὺς
2266 3349 2558 3420 κίμϐικας,
2596 3349 2692 3402 καὶ
2723 3348 2821 3419 τὴν
2859 3349 3138 3417 σύμφυτον
3174 3347 3458 3418 ἀποθήκην
3492 3348 3682 3403 διάκε-

2107 3460 2197 3499 νον
2227 3441 2438 3511 ἀφιεῖς,
2477 3443 2788 3506 ἀνεπλήρου
2823 3441 2922 3511 τὴν
2955 3439 3060 3504 ἔξω
3089 3439 3184 3492 καῖ⁵
3219 3439 3514 3508 πρόσθετον
3537 3480 3554 3503 ,
3587 3440 3686 3493 καί

2109 3554 2212 3592 που
2252 3536 2348 3590 καὶ
2377 3535 2626 3589 καθελεῖν
2657 3533 2827 3604 αὐτὴν
2862 3533 3093 3603 ἐμελέτα
3125 3533 3217 3586 καὶ
3247 3533 3521 3603 ἀνεγεῖραι
3557 3533 3686 3601 μεὶο

2109 3631 2268 3695 ζονα;
2312 3628 2612 3698 Ούμενουν.
2660 3627 2801 3679 Ἀλλ’
2833 3627 2868 3694 ἡ
2922 3627 3019 3694 μὲν
3064 3625 3138 3693 γῆ
3188 3625 3285 3677 καὶ
3333 3627 3361 3677 ὁ
3407 3624 3465 3688 ἐξ
3505 3625 3684 3693 αὐτῆς

2110 3722 2336 3783 πλοῦτος
2365 3719 2509 3788 καὶὴ
2537 3719 2695 3787 λοιπὴ
2721 3717 2866 3770 κατά
2893 3716 3009 3785 βίον
3039 3715 3282 3785 μέθοδος,
3309 3714 3685 3785 εύλογουμένη

2110 3815 2262 3886 παρά
2289 3813 2446 3877 Θεοῦ,
2479 3813 2672 3882 μεστδν
2698 3811 2856 3864 αὑτὸν
2886 3810 3062 3863 ἐποίει
3097 3811 3338 3876 πάντων,
3369 3809 3468 3862 ὅσα
3497 3827 3686 3878 μακαο

2113 3908 2272 3977 ριστά
2301 3909 2414 3968 τοῖς
2444 3906 2575 3974 περὶ
2605 3908 2709 3973 γῆν
2731 3919 2747 3934 θ
2777 3901 2838 3955 τὸ
2862 3903 2919 3956 δὲ
2951 3902 3268 3955 κοινωνικὸν
3295 3902 3390 3955 καὶ
3414 3901 3686 3970 φιλάλλη-

2111 4000 2200 4053 λον
2247 4001 2343 4052 καὶ
2387 3997 2793 4066 φιλάνθρωπον,
2845 3996 2912 4063 τῇ
2953 3993 3283 4063 εύαγγελικῇ
3334 3994 3688 4064 παραγγελία

2111 4088 2552 4163 προσαυξόμενον
2577 4087 2643 4140 δι’
2673 4083 2739 4157 ἦς
2762 4086 3116 4159 προκαλεῖται
3145 4087 3173 4137 ὁ
3195 4084 3440 4154 ἐχέφρων
3467 4083 3688 4152 ἀνθρωο

2112 4198 2249 4244 πος,
2280 4178 2629 4232 ἀποτίθεσθαι
2657 4179 2745 4229 τὸν
2790 4175 3046 4245 περιττὸν
3082 4176 3139 4226 ἐν
3175 4173 3278 4242 βίῳ
3321 4174 3548 4244 φόρτον,
3591 4175 3689 4227 καὶ

2111 4270 2424 4325 ἀνατιθέναι
2451 4269 2708 4338 πτωχοῖς,
2731 4269 2825 4320 καὶ
2849 4265 2991 4318 οὕτω
3019 4265 3305 4334 γινόμενον
3331 4265 3572 4329 εῦξωνον
3603 4269 3690 4330 είς

2110 4362 2228 4414 ὁδον
2259 4361 2428 4424 θείαν,
2464 4359 2558 4414 καὶ
2588 4358 2806 4428 ἀληθῶς
2833 4358 3068 4420 εὐθεῖαν,
3101 4358 3149 4410 ει
3181 4358 3274 4410 καὶ
3294 4357 3453 4412 ἄλλον
3480 4359 3689 4427 τρόπον

2110 4454 2370 4524 τραχεῖαν
2402 4451 2472 4506 τὰ
2521 4451 2641 4504 κατ’
2668 4449 2841 4520 ἀρχὴν
2872 4451 2986 4510 τοῖς
3033 4449 3314 4517 ἑλομένοις
3363 4446 3688 4501 ἀκολουθεῖν

435 4555 684 4606 caeteros,
719 4549 774 4595 et
806 4554 868 4594 ea
903 4551 1023 4608 quae
1057 4549 1124 4588 ex
1160 4533 1255 4587 Dei
1287 4531 1512 4586 sortitus
1538 4537 1656 4582 erat
1690 4525 2001 4580 muniﬂceu-

2113 4545 2507 4616 προηγουμένῳ
2536 4542 2614 4613 τῷ
2634 4543 2751 4611 Θεῷ
2779 4545 2858 4604 είς
2886 4543 2955 4594 τά
2989 4542 3272 4611 κρείττονα
3293 4579 3308 4605 ,
3341 4540 3557 4593 ἔπειθον
3590 4541 3686 4593 τὸν

434 4639 511 4694 tia
555 4634 879 4690 transferret
925 4630 980 4684 in
1029 4625 1379 4688 consimiles,
1432 4630 1487 4676 et
1543 4619 1736 4674 talibus
1801 4619 2010 4673 horreis

435 4732 706 4800 (ventrem
771 4724 895 4778 dico
958 4713 1294 4790 pauperum)
1353 4701 1600 4767 crederei
1670 4723 2010 4779 quaecunque

435 4798 583 4875 Deus
613 4815 836 4885 largiter
869 4808 1271 4879 suppeditabat.
1303 4801 1368 4856 Et
1412 4805 1514 4856 hoc
1539 4810 1661 4856 erat
1697 4802 1852 4869 quasi
1889 4798 2009 4851 fons

433 4911 693 4984 perennis
719 4919 771 4962 et
796 4907 998 4977 jugiter
1027 4901 1273 4953 ellluens.
1304 4893 1682 4949 Scaturiebant
1713 4891 1856 4945 enini
1884 4905 2009 4944 san-

437 4982 529 5059 cto
563 5017 629 5056 ex
662 4997 889 5054 inﬂuitis
927 4992 1017 5046 Dei
1060 4987 1328 5044 thesauris
1361 4985 1544 5048 utilia;
1585 4982 1672 5036 ille
1704 4997 1832 5035 vero
1873 4995 2005 5050 pau-

438 5097 518 5150 cis
559 5095 614 5148 in
654 5103 856 5146 terram
892 5099 1068 5145 suam,
1092 5093 1336 5144 carnem,
1370 5076 1590 5141 infusis,
1620 5084 1880 5143 quantum
1909 5089 2006 5128 .sa—

435 5187 508 5240 tis
541 5193 660 5240 erat
688 5191 747 5234 ut
777 5180 1178 5232 humectaretur
1209 5181 1263 5226 et
1294 5171 1460 5226 herba
1493 5169 1674 5222 virens
1717 5166 2010 5236 repullula-

435 5287 542 5344 ret,
595 5273 808 5344 qualem
860 5280 1075 5338 quoque
1130 5265 1319 5320 beatus
1369 5263 1535 5316 David
1574 5261 1770 5329 diligit,
1809 5259 1860 5312 in
1917 5259 2007 5312 ιιιιι

441 5368 698 5426 nimirum
740 5373 882 5417 terra
919 5358 1110 5412 ﬂorida
1150 5373 1179 5409 :t
1222 5357 1331 5410 Deo
1358 5354 1708 5418 constitutus,
1740 5351 2004 5420 reliquum

434 5464 638 5513 iontem
669 5453 876 5507 dimisit
908 5458 966 5502 ut
996 5446 1401 5516 pinguefaceret
1436 5445 1539 5498 alia
1570 5444 1708 5508 loca,
1743 5452 1796 5497 ct
1829 5444 2006 5497 solve-

435 5561 520 5606 ret
546 5549 844 5604 siceitatem
875 5559 1035 5613 quam
1071 5543 1296 5611 penuria
1341 5540 1671 5610 pauperibus
1716 5538 1908 5607 gignit.
1944 5539 2007 5591 Et

434 5645 551 5699 hinc
582 5641 722 5694 dona
764 5651 860 5690 nec
887 5637 1142 5690 simulate
1179 5635 1246 5688 ab
1273 5634 1361 5686 illo
1389 5633 1587 5686 fiebant
1615 5632 1739 5700 (nisi
1773 5631 1896 5698 quis
1921 5632 2004 5684 di-

433 5746 521 5791 cat
559 5748 681 5789 eu-m
711 5732 801 5801 qui
828 5732 956 5786 exiit
978 5731 1251 5784 seminare
1282 5744 1464 5782 semen
1496 5743 1650 5782 sttum
1685 5725 1886 5794 palam,
1912 5739 2004 5792 spe

434 5828 655 5901 majoris
702 5842 731 5881 a
763 5824 876 5883 Deo
903 5822 1262 5890 collectionis,
1298 5821 1547 5877 simulate
1585 5817 1872 5888 seminare)
1912 5832 2003 5871 ne-

2112 4638 2266 4706 ᾶγιον
2291 4675 2306 4697 ,
2335 4636 2394 4700 ἐξ
2429 4634 2592 4689 αὐτοῦ
2629 4633 2830 4686 κλίνειν
2859 4635 2939 4695 είς
2976 4634 3197 4701 ἐτέρους
3224 4632 3284 4684 τὸ
3315 4631 3518 4698 ἀγαθὸν
3541 4671 3556 4696 ,
3586 4634 3686 4685 καὶ

2110 4729 2173 4780 τὸ
2219 4729 2283 4780 ἑκ
2313 4725 2449 4780 Θεοῦ
2488 4725 2832 4794 φιλοτίμημα
2861 4723 3122 4792 μετάγειν
3162 4725 3242 4784 εἰς
3285 4722 3343 4774 τὸ
3370 4720 3683 4791 ,ὁμόφυλοη

2113 4820 2208 4872 καὶ
2233 4817 2508 4879 τοιαύταις
2525 4815 2830 4884 ἀποθήκαις
2847 4813 3136 4883 (γαστέρες
3150 4813 3206 4865 δέ
3224 4808 3387 4868 αὗται
3410 4813 3684 4880 πενήτων)

2113 4910 2405 4975 πιστεύειν,
2429 4911 2528 4962 ὅσα
2568 4911 2596 4960 ὁ
2644 4893 2777 4967 Θεὸς
2824 4905 3250 4974 ἐνεδαψιλεύετο.
3279 4903 3387 4958 Καὶ
3427 4898 3495 4972 ἦν
3523 4901 3688 4956 τοῦτο

2114 5000 2294 5070 πηγῆς
2335 4999 2558 5051 ἀεννάου
2591 4999 2694 5050 καὶ
2741 4995 3050 5066 ἀπορρύτου
3090 4992 3687 5065 μίμημαμῗΔνέϐλυζε

2116 5091 2212 5158 μὲν
2241 5089 2350 5156 γὰρ
2371 5086 2447 5157 τῷ
2463 5085 2602 5154 ἀγὶῳ
2628 5087 2690 5138 ἐκ
2718 5085 2825 5138 τῶν
2853 5085 3106 5137 ἀϐύσσων
3155 5083 3248 5136 τοῦ
3277 5081 3412 5135 Θεοῦ
3442 5083 3689 5150 ταμείων

2110 5180 2180 5231 τά
2226 5175 2430 5248 λῴονα·
2456 5179 2492 5230 ὁ
2517 5178 2572 5230 δέ
2619 5175 2776 5243 ὀλίγα
2813 5177 2878 5245 τῇ
2909 5175 3039 5244 περὶ
3076 5175 3240 5228 αὑτὸν
3271 5176 3364 5243 γῇ,
3392 5175 3468 5242 τῇ.
3491 5172 3686 5242 σαρκὶ,

2114 5273 2357 5338 ἐπιχέας,
2398 5269 2477 5330 εἰς
2506 5269 2628 5321 ὅσον
2659 5267 2996 5337 ὑγράνασθαι
3025 5268 3087 5319 τὸ
3130 5267 3340 5329 ἱκανὸν,
3376 5265 3473 5318 καὶ
3515 5265 3690 5333 χλόην

2109 5361 2399 5430 ἀναθῆλαι,
2426 5360 2615 5414 ὁποίαν
2644 5362 2738 5414 καὶ
2765 5361 2794 5412 ὁ
2826 5361 3094 5429 μακάριος
3119 5357 3280 5413 Δαυῒδ
3309 5358 3524 5428 ἀγαπᾷ,
3552 5375 3689 5426 σκη-

2110 5455 2326 5516 νοῦντος
2360 5453 2523 5505 αὑτὸν
2560 5453 2653 5505 τοῦ
2684 5450 2817 5504 Θεοῦ
2851 5454 2930 5514 εἱς
2951 5453 3115 5504 τόπον
3144 5451 3386 5504 τοιοῦτον
3417 5449 3646 5519 χλοερὸν
3668 5489 3683 5513 ,

2107 5547 2169 5596 τὸ
2209 5545 2394 5596 λοιπὸν
2421 5546 2518 5612 τῆς
2554 5545 2735 5612 πηγῆς
2762 5543 3062 5610 ἐξέπεμπε,
3096 5544 3326 5595 πιαίνειν
3355 5541 3422 5593 τὰ
3456 5540 3685 5608 ἐφεξῆς,

2110 5636 2207 5688 καὶ
2233 5636 2382 5686 λύειν
2410 5635 2642 5703 αὐχμδν,
2679 5637 2862 5686 ὁποῖον
2894 5637 2924 5702 ἡ
2967 5635 3124 5685 πενξα
3152 5639 3261 5693 τοῖς
3293 5632 3527 5684 ἐνδεέσιν
3557 5639 3682 5681 επι-

2106 5729 2422 5798 ψηφὶςεται.
2467 5731 2574 5781 Καὶ
2611 5729 2643 5796 ἡ
2675 5727 2897 5796 τοιαύτη
2927 5728 3070 5790 δόσις
3119 5726 3269 5795 αὐτῷ
3297 5726 3508 5793 ἐγίνετο
3551 5725 3682 5776 οὔτε

2109 5820 2476 5890 ὑποκριτικῶς
2506 5821 2572 5890 (εἰ
2602 5826 2673 5889 μή
2693 5837 2768 5880 τις
2799 5820 2890 5870 καὶ
2920 5820 3008 5874 τὸν
3034 5819 3311 5884 ἐξελθόντα
3343 5823 3566 5888 σπεῖραι
3591 5824 3686 5868 τον
