3968 6586
464 370 560 435 iiii

1177 381 1597 445 EilS'l‘ATHIi
1626 383 2384 450 THESSALONICENSIS
2424 388 2989 455 METROPOLszE

3593 395 3693 461 152

460 496 672 547 ranam,
706 498 827 553 quae
882 482 1188 555 hujusmodi
1239 501 1472 548 victores
1517 502 1714 558 ornat;
1769 502 2012 563 oportere

2121 500 2249 563 τοὺς
2273 501 2551 566 τοιούτους
2578 505 2911 575 νικηφόρους
2929 505 3153 573 κοσμεῖ·
3180 504 3375 575 χρῆναι
3405 503 3462 558 δὲ
3494 504 3689 572 ἄλλως,

458 582 639 628 autem
690 584 952 643 prteterea
1005 592 1186 635 coram
1237 582 1537 640 innumeris
1588 586 1815 641 testibus
1870 584 2017 640 omni

453 667 751 725 certamine
796 683 1081 737 superare,
1116 682 1451 745 caeterasque
1498 676 1758 746 perlicere
1813 690 2020 746 pugnas

451 757 785 827 spirituaies.
805 760 882 814 ita
911 763 1052 817 enim
1079 762 1168 819 ille
1189 764 1279 835 qui
1304 780 1486 821 coram
1521 766 1816 823 innumeris
1844 766 2020 823 oculis

453 850 748 919 prosternit
793 851 1095 922 inimicum,
1134 870 1245 913 non
1278 856 1641 914 confundetur
1668 874 1852 915 coram
1888 858 2021 915 soli-

454 945 646 998 tariam
678 945 842 1000 vitam
884 956 1097 1018 agente,
1140 952 1418 1019 superabit
1461 963 1667 1020 autem,
1724 953 2019 1025 utopinor,

451 1035 712 1107 praeclaro
746 1035 1010 1094 facinore.
1042 1039 1330 1099 Solitarius
1376 1042 1521 1099 enim
1556 1044 1711 1115 quasi
1765 1059 1863 1114 per
1900 1044 2017 1114 pla-

454 1139 582 1179 num
615 1125 972 1190 curriculum.
1006 1128 1152 1187 nullo
1187 1130 1505 1201 interposito
1538 1129 1941 1201 impedimento,
1964 1140 2020 1188 et

452 1212 707 1281 luctatur,
747 1226 802 1273 et
828 1218 1021 1284 currit,
1055 1228 1109 1277 et
1137 1229 1359 1289 pugnat,
1390 1230 1446 1276 et
1478 1229 1671 1275 caetera
1703 1222 2019 1279 certaminis

456 1303 624 1370 facit;
653 1319 843 1360 servus
871 1317 1050 1361 autem
1084 1306 1176 1361 Dei
1212 1309 1304 1377 qui
1339 1309 1547 1365 medias
1571 1324 1667 1379 per
1693 1311 1878 1365 mundi
1907 1310 2020 1367 vias

450 1404 644 1462 certat,
674 1396 965 1451 substratis
997 1397 1229 1465 tribulis,
1259 1412 1395 1469 quos
1424 1408 1477 1455 et
1511 1412 1727 1471 semper
1772 1400 1941 1471 gignit
1965 1412 2020 1459 et

450 1485 595 1541 acuit
625 1485 981 1553 incomposita
1031 1488 1160 1554 vita,
1212 1491 1727 1561 subjacentibusque
1771 1491 2018 1549 innume-

450 1573 532 1629 ris
570 1576 740 1644 petris
770 1575 1106 1643 oiiendiculi,
1142 1588 1355 1646 certat;
1408 1580 1645 1649 ideoque
1695 1588 1815 1650 post
1850 1581 2019 1637 victo-

451 1663 590 1718 riam
643 1665 803 1721 habet
853 1668 1028 1739 majus
1083 1680 1483 1739 ornamentum,
1534 1681 1910 1743 prmtereaque
1964 1680 2021 1729 et

452 1755 589 1812 alios
617 1755 683 1812 ad
708 1757 957 1813 eumdem
985 1759 1160 1819 zelum
1202 1770 1477 1830 provocat,
1507 1770 1560 1817 et
1590 1762 1664 1818 ita
1698 1762 2017 1832 multiplicat

446 1849 742 1903 secundum
779 1850 945 1905 Deum
990 1852 1286 1923 principes.
1324 1851 1379 1907 Si
1411 1868 1538 1908 vero
1566 1854 1656 1923 qui
1707 1854 2011 1910 solitarium
2045 1841 2088 1899 Β

447 1940 705 1996 athletam
730 1942 873 1997 videt
911 1944 962 1997 in
1013 1944 1352 2012 abscondito,
1401 1947 1650 2001 retribuit
1704 1946 2012 2010 manifeste,

446 2045 628 2086 nonne
659 2032 707 2086 ei
738 2032 833 2102 qui
865 2033 1153 2091 manifeste
1181 2044 1375 2099 certat,
1411 2047 1466 2092 et
1493 2037 1576 2092 sic
1609 2037 1839 2109 eﬂ‘ugit:
1873 2055 1892 2091 ι
1924 2038 2014 2094 Vae

446 2121 614 2186 soii',
656 2141 674 2173 ι
712 2134 764 2177 et
813 2124 1021 2193 lapsum
1075 2126 1482 2197 irreparabiiem
1516 2128 1778 2200 justitiam
1829 2131 2014 2187 reddet

446 2223 646 2282 praeter
676 2219 1211 2274 remunerationem?
1266 2218 1358 2275 Sic
1407 2221 1485 2276 sol
1540 2222 1762 2292 pulcher
1793 2234 1874 2280 est
1912 2224 2014 2295 (soi

445 2309 530 2357 est
574 2305 765 2372 enim),
816 2306 1026 2374 quando
1064 2309 1164 2364 sub
1222 2319 1419 2366 terram
1480 2313 1583 2368 iter
1644 2312 1802 2381 facit,
1839 2330 2013 2385 neque

443 2394 735 2464 quisquam
780 2396 831 2450 in
862 2412 983 2452 eum
1026 2398 1211 2456 oculos
1253 2400 1479 2472 injicere
1515 2413 1721 2473 potest;
1772 2407 1868 2461 sed
1899 2421 2015 2460 om-

444 2485 574 2538 nino
604 2485 885 2555 pulchrior
928 2498 1011 2544 est
1059 2505 1183 2545 cum
1238 2500 1363 2562 post
1412 2503 1592 2549 ortum
1625 2495 1847 2564 pulchra
1880 2495 2012 2551 facit

443 2589 785 2648 qumcnnque
845 2579 1108 2647 intuetur,
1133 2584 1329 2652 quibus
1363 2599 1485 2641 eum
1516 2586 1659 2641 Deus
1691 2592 1871 2642 lucere
1891 2587 2010 2658 jus-

442 2667 516 2723 ait
544 2682 717 2737 usque
746 2670 813 2723 ad
843 2686 1121 2728 occasum.
1159 2673 1298 2728 Sunt
1327 2685 1506 2731 autem
1550 2677 1642 2731 Dei
1674 2662 1888 2748 quoque
1929 2679 2012 2733 in-

441 2758 716 2826 visibilia;
747 2760 903 2816 nobis
950 2776 1080 2818 vero
1117 2763 1692 2835 incomprehensibilia
1742 2775 1798 2825 et
1843 2766 2012 2821 adrni-

441 2851 633 2912 randa.
656 2851 889 2907 visibilia
913 2852 1049 2919 eius.
1076 2868 1169 2910 seu
1201 2856 1513 2912 manifesta.

513 2938 604 2994 ii.
639 2939 772 2996 Cum
805 2941 917 2995 haec
945 2950 999 2995 et
1028 2942 1132 2996 alia
1178 2944 1327 3014 (sunt
1382 2942 1525 2999 enim
1565 2960 1687 3000 vere
1719 2945 1883 2999 multa
1934 2954 2011 2998 ta-

443 3030 539 3103 lia)
575 3033 758 3087 animo
794 3034 1174 3103 perpendisset
1196 3035 1535 3103 Philotheus,
1558 3050 1587 3089 a
1628 3052 1796 3107 puero
1825 3037 2007 3092 divina

442 3124 692 3184 edoctus.
730 3122 1075 3178 desiderabat
1108 3126 1325 3195 quidem
1384 3141 1659 3184 secessum
1695 3137 1750 3182 et
1807 3127 2008 3182 asceti-

441 3226 561 3267 catn
595 3213 781 3277 vitam,
817 3214 959 3283 plebi
1012 3214 1295 3285 ignotam;
1332 3224 1569 3269 attamen
1617 3231 1771 3287 aequa
1804 3225 2004 3271 statera

440 3302 603 3359 simul
635 3304 890 3372 expensis
938 3305 1239 3360 monastica
1273 3316 1326 3360 et
1364 3306 1640 3366 mundana
1694 3308 1824 3371 vita,
1860 3317 2009 3361 utra-

440 3408 545 3464 que
578 3397 874 3450 secundum
929 3396 1118 3465 Deum,
1158 3398 1300 3454 sicut
1344 3400 1459 3468 ipse
1500 3398 1770 3467 distinxit,
1802 3409 1856 3454 et
1885 3406 2008 3470 post

441 3484 850 3541 distinctionem
888 3487 1231 3557 approbavit,
1269 3488 1432 3560 elegit
1463 3489 1587 3545 vitae
1619 3506 1787 3563 genus
1833 3490 2006 3546 virtu-

440 3576 586 3632 tibus
614 3588 868 3632 ornatum
903 3580 1046 3649 quod
1080 3579 1433 3635 beatissimus
1483 3579 1585 3635 Job
1617 3591 1669 3635 et
1714 3582 1829 3655 ipse
1872 3595 2007 3648 prae-

440 3679 721 3739 optaverat
755 3680 810 3725 et
839 3674 892 3724 in
918 3687 1024 3741 qtto
1057 3682 1118 3727 ut
1150 3673 1239 3727 vix
1272 3673 1413 3727 ullus
1441 3674 1533 3742 qui
1585 3688 1827 3743 unquam
1862 3673 2009 3728 vixe-

445 3767 571 3814 runt
599 3758 777 3814 clarus
811 3758 936 3815 fuit.
979 3759 1113 3815 Cum
1146 3774 1324 3817 autem
1362 3763 1661 3819 innumeris
1696 3762 2006 3833 conjugiurn

441 3850 756 3907 nominibus
787 3853 1155 3908 commendari
1189 3854 1418 3918 videret,
1458 3863 1512 3907 et
1552 3854 1690 3909 sicut
1732 3862 2005 3925 parentes,

440 3942 518 3998 ita
549 3952 603 3998 et
651 3942 767 4014 ipse
801 3944 851 3997 in
887 3945 1087 3999 mundo
1129 3944 1332 4000 bonum
1374 3946 1574 4013 simile,
1607 3947 2005 4003 successionem

444 4030 749 4095 honestam,
772 4033 1144 4100 posteritatem
1171 4035 1409 4103 beatam,
1432 4035 1775 4092 benedictum
1798 4050 2006 4101 semen,

442 4121 603 4177 vellet
635 4122 966 4195 relinquere,
995 4124 1207 4197 copiam
1238 4127 1452 4182 consilii
1493 4129 1807 4198 parentibus
1853 4128 2005 4192 facit,

441 4221 498 4267 et
525 4212 626 4285 ipsi
657 4215 885 4272 libenter
913 4217 1155 4273 sermoni
1200 4218 1293 4274 filii
1339 4221 1732 4287 assentiuntur,
1775 4233 1835 4276 se
1864 4221 2007 4291 ipsos

442 4309 754 4364 incusantes
800 4311 942 4379 quod
992 4325 1098 4365 non
1160 4322 1633 4383 praeoccupassent
1686 4313 1998 4377 consilium,

444 4404 745 4472 gaudentes
776 4410 955 4456 autem
981 4402 1125 4473 quod
1159 4415 1212 4457 et
1253 4403 1306 4457 in
1340 4403 1442 4459 hoc
1479 4413 1731 4473 parentes
1764 4405 2007 4459 imitare-

2122 595 2216 645 καὶ
2251 593 2343 646 ἰπὶ
2375 594 2584 647 θεατῶν
2614 596 2755 650 πάνυ
2785 597 2996 649 πολλῶν
3021 597 3456 667 παγκρατιάζειν
3481 613 3563 659 τε,
3601 599 3691 650 καὶ

2119 685 2245 747 τοὺς
2281 685 2501 748 λοιποὺς
2546 685 2790 752 ἰξανύειν
2817 688 3040 755 ἀγῶνας
3079 689 3217 741 κατά
3252 687 3490 759 πνεῦμα.
3536 685 3693 741 Οὕτω

2120 776 2227 848 γὰρ
2251 778 2279 831 6
2311 778 2396 831 ἐπ’
2419 777 2575 847 ὄψεσι
2600 778 2823 849 μυρίαις
2837 778 3224 850 καταρῤιπτῶν
3249 779 3341 833 τὶν
3386 777 3687 848 ἀντίμαχον

2120 868 2219 922 οὐκ
2247 867 2314 923 ἃν
2343 869 2656 939 ἔντρέποιτο
2692 870 2784 923 τὸν
2819 870 3141 939 μονάζοντα,
3177 869 3601 940 ύπεραναϐαίνοι
3631 870 3689 922 δὲ

2120 960 2187 1015 ἂν
2223 956 2376 1032 οἶμαι
2403 961 2483 1033 τῷ
2522 962 2933 1033 κατορθώματι.
2977 962 3035 1017 'O
3072 962 3171 1032 μὲν
3201 962 3309 1031 γὰρ
3341 961 3589 1031 μονάξων
3615 962 3691 1024 ὡς

2119 1051 2213 1104 ἐπὶ
2245 1050 2462 1105 σταδίου
2492 1051 2636 1106 λείου
2665 1053 2764 1105 καὶ
2792 1052 2962 1122 μηδὲν
2998 1050 3061 1105 τὸ
3095 1048 3425 1120 συμποδίζον
3452 1048 3687 1119 ἔχοντος,

2120 1143 2216 1199 καὶ
2266 1143 2508 1207 παλαίει,
2539 1142 2634 1197 καὶ
2662 1142 2796 1205 θέει,
2833 1141 2941 1196 κα⁹ιν
2965 1141 3074 1206 πὺξ
3093 1144 3359 1202 «revehat,
3389 1142 3491 1194 και
3520 1140 3690 1194 τᾶλλα

2119 1234 2214 1288 τοῦ
2257 1234 2469 1302 ἀγῶνος
2504 1237 2682 1288 ποιεῖ’
2716 1235 2744 1287 6
2790 1232 2849 1286 δὲ
2880 1233 3011 1302 περὶ
3045 1232 3216 1301 μέσας
3257 1231 3453 1297 ἀγυιὰς
3481 1230 3688 1299 κόσμου

2120 1325 2262 1390 θεῖος
2303 1324 2641 1394 ἀγωνιστὴς,
2673 1323 2937 1395 τριϐόλων
2981 1323 3441 1393 ὑπεστρωμένων,
3483 1320 3550 1383 ἀς
3596 1321 3692 1373 καὶ

2119 1417 2351 1487 ἀναφύει
2401 1419 2494 1473 καὶ
2540 1417 2717 1484 ὀξύνει
2767 1414 3120 1486 συρφετώδης
3169 1414 3304 1484 βίος,
3352 1414 3433 1466 ἔτι
3494 1413 3550 1466 δὲ
3594 1413 3691 1465 καὶ

2118 1509 2280 1567 λίθων
2300 1508 2678 1578 ὑποκειμένων
2700 1505 2909 1577 μυρίων
2931 1504 3383 1575 προσκόμματος,
3402 1501 3654 1557 ἀεθλεύει
3671 1519 3687 1535 ο

2116 1599 2198 1653 διὸ
2240 1598 2336 1652 καὶ
2364 1599 2593 1667 νικήσας
2632 1598 2747 1668 ἔχει
2783 1614 2837 1653 τι
2876 1597 2969 1650 καὶ
3000 1595 3163 1649 πλέον
3200 1593 3583 1663 ἑπικόσμημα,
3617 1593 3689 1648 τά

2117 1705 2177 1744 τε
2210 1689 2363 1751 ἄλλα,
2397 1690 2491 1744 καὶ
2514 1690 2596 1745 ὅτι
2617 1689 2711 1742 καὶ
2740 1688 2931 1751 ἄλλους
2955 1688 3037 1748 είς
3064 1686 3158 1740 τὸν
3186 1687 3370 1756 ὅμοιον
3397 1687 3685 1755 προκαλιί-

2119 1796 2210 1834 ται
2265 1778 2445 1849 ζῆλον,
2506 1779 2602 1833 καὶ
2657 1779 2799 1832 οὕτω
2857 1777 3121 1848 πληθύνει
3175 1777 3303 1838 τοὺς
3355 1775 3496 1829 κατὰ
3551 1774 3686 1828 Θεδν

2116 1872 2384 1939 ἀριστεῖς.
2425 1870 2488 1923 Ei
2522 1870 2578 1922 δὲ
2607 1871 2636 1921 6
2668 1870 2761 1924 τὸν
2788 1869 3091 1939 μονάζοντα
3120 1866 3361 1938 ἀθλητὴν
3382 1866 3602 1936 βλέπων
3626 1866 3686 1919 ἀν

2116 1963 2191 2033 τῷ
2230 1961 2480 2033 κρυπτῷ,
2513 1962 2838 2015 ἀποδίδωσιν
2867 1961 2928 2014 ὲν
2965 1959 3043 2030 τῷ
3081 1958 3324 2029 φανερῷ,
3364 1959 3464 2024 οὐκ
3493 1958 3563 2012 ἂν
3591 1958 3684 2010 τὸν

2115 2056 2173 2108 ὲν
2204 2053 2283 2123 τῷ
2315 2052 2533 2123 φανερῷ
2581 2052 2870 2116 ἀθλοῦντα,
2908 2053 3006 2106 καὶ
3036 2051 3179 2106 οὕτω
3205 2050 3567 2120 διεκφυγόντα
3599 2050 3682 2111 τὸ,

2123 2163 2142 2198 ι
2174 2146 2311 2202 Οὐαὶ
2338 2145 2416 2214 τῷ
2445 2144 2549 2210 ἐνἰ,
2574 2162 2592 2196 ι
2617 2145 2713 2198 καὶ
2741 2143 2801 2198 τὸ
2822 2142 3112 2215 ἀνέγερτον
3137 2144 3197 2196 ὲν
3212 2142 3290 2212 τῷ
3309 2143 3644 2197 καταπεσεῖν
3666 2181 3682 2203 ,

2117 2237 2319 2305 ἀφήσει
2348 2236 2564 2299 δικαίας
2597 2235 2702 2300 ἔξω
2733 2234 3145 2296 ἀνταποδόσεως
3173 2251 3188 2300 ;
3219 2233 3376 2291 Οὕτω
3409 2234 3513 2288 καὶ
3535 2233 3686 2305 ἣλιος

2112 2326 2275 2391 καλὸς
2309 2327 2407 2396 μὲν
2430 2325 2574 2397 (ἐπεὶ
2601 2326 2696 2378 καὶ
2726 2324 2930 2395 ἣλιος),
2959 2324 3049 2377 ὅτε
3081 2324 3189 2377 ὑπὸ
3212 2327 3316 2395 γῆν
3347 2324 3545 2385 ὁδεύει,
3585 2321 3686 2376 καὶ

2110 2419 2286 2484 οὐδεὶς
2315 2417 2463 2488 αὐτῷ
2502 2416 2815 2470 ἐπιϐάλλειν
2848 2414 2961 2484 ἔχει
2994 2412 3094 2481 τὴν
3124 2412 3247 2484 ὄψιν
3271 2431 3286 2446 ·
3316 2415 3395 2484 τῷ
3432 2413 3593 2468 παντὶ
3627 2414 3687 2465 δὲ

2112 2512 2367 2576 καλλίων,
2397 2512 2484 2564 ὅτε
2515 2508 2805 2569 ἀνατείλας
2822 2508 2966 2561 ποιεῖ
2990 2505 3056 2560 τὰ
3082 2507 3203 2561 κατ’
3233 2505 3391 2559 αὑτὸν
3414 2504 3574 2569 καλὰ,
3602 2500 3687 2567 οἷς

2111 2603 2316 2658 αὐτὸνό
2342 2604 2475 2665 Θεὸς
2504 2599 2774 2670 ἐνέλαμψε
2794 2600 2956 2669 μέχρι
2987 2598 3080 2661 καὶ
3108 2597 3335 2660 δύσεως.
3365 2596 3483 2649 Elei.
3508 2597 3566 2652 δὲ
3591 2596 3688 2649 καὶ

2109 2694 2243 2749 Θεοῦ
2284 2694 2521 2762 ἀόρατα·
2554 2693 2685 2761 ἡμῖν
2714 2689 2771 2745 δὲ
2805 2688 2921 2743 ἀλλ’
2962 2687 3321 2757 ἀκατάληπτα
3349 2686 3444 2741 καὶ
3474 2688 3689 2757 θαυμα·

2110 2784 2311 2857 ζόμενα
2351 2786 2419 2837 τὰ
2444 2783 2619 2854 ὁρατὰ
2654 2782 2872 2848 τούτου.
2907 2781 3007 2837 εἶτ’
3039 2779 3133 2836 οὖν
3166 2779 3442 2853 θεωρητά.

2182 2945 2273 2994 ια’.
2309 2937 2497 2992 Ταῦτα
2541 2935 2637 2993 καὶ
2661 2934 2828 3005 ἕτερα
2861 2934 3004 3006 (sici.
3036 2933 3092 2988 δὲ
3119 2933 3335 3005 ἀληθῶς
3372 2933 3546 2988 πολλὰ
3571 2952 3690 2988 τοι·

2109 3030 2270 3101 αὕτα)
2315 3029 2438 3085 καθ’
2473 3028 2668 3083 ἑαυτὸν
2708 3026 3153 3098 διαλογιζόμενος
3199 3029 3229 3082 6
3267 3029 3333 3080 ἐκ
3370 3026 3580 3081 παίδων
3619 3029 3689 3080 τὰ

2109 3126 2229 3180 θεῖα
2278 3123 2666 3194 σεσοφισμένος
2712 3120 3000 3188 Φιλόθεος,
3053 3120 3240 3174 ἐπόθει
3296 3120 3395 3188 μὲν
3439 3126 3535 3174 καὶ
3586 3119 3689 3189 τὴν

2108 3214 2480 3286 ἀναχώρησιν,
2506 3212 2598 3266 καὶ
2623 3210 2722 3281 τὴν
2744 3211 2872 3274 τοὺς
2890 3209 3096 3280 πηλοὺς
3118 3209 3486 3264 λανθάνουσαν
3507 3208 3690 3278 ἄσκηη

2109 3322 2229 3362 σιν·
2278 3302 2647 3364 ταλαντεύσας
2676 3300 2731 3356 δὲ
2781 3301 2933 3373 ὅμως
2982 3300 3041 3352 ὲν
3076 3299 3291 3370 ἀκριϐεῖ
3321 3297 3689 3372 σταθμώματι

2106 3397 2200 3451 τὸν
2232 3394 2421 3467 μονίαν
2453 3393 2569 3464 βίον
2599 3390 2694 3447 καὶ
2729 3390 2818 3444 τὸν
2852 3389 3149 3456 πολιτικὸν,
3190 3390 3317 3452 τοὺς
3343 3389 3484 3445 κατά
3514 3389 3675 3449 Θεὸν,

2107 3491 2184 3554 ὡς
2215 3488 2380 3551 αὐτὸς
2417 3484 2604 3549 διεῖλε,
2643 3485 2737 3537 καὶ
2772 3482 2964 3537 διελὼν
2997 3482 3305 3551 ἐπέκρινεν,
3339 3478 3558 3551 ἐγένετο
3585 3477 3685 3533 τοῦ

2108 3579 2249 3639 κατὰ
2270 3578 2385 3648 βίον
2414 3576 2671 3646 ἐναρέτου
2704 3572 3100 3641 πολιτεύματος
3128 3589 3142 3604 ο
3169 3571 3196 3624 ὃ
3221 3570 3316 3625 καὶ
3342 3572 3370 3625 6
3398 3568 3690 3640 μακαριώ-

2106 3688 2267 3733 τατος
2310 3668 2432 3722 Ἰὼϐ
2460 3666 2829 3737 προελόμενος
2858 3664 3241 3735 εὐδοκίμησεν,
3267 3662 3343 3724 ὼς
3375 3662 3477 3717 οὐκ
3505 3658 3604 3717 οἷδ’
3634 3660 3693 3714 σι’

2108 3779 2191 3825 τις
2216 3759 2325 3813 τῶν
2356 3760 2599 3815 πώποτε.
2636 3757 2745 3817 Καὶ
2769 3756 2833 3827 δὴ
2863 3754 3194 3827 μεθοδεύσας
3221 3754 3476 3822 ἐγκώμια
3498 3753 3687 3822 γάμου

2110 3852 2281 3925 μυρία
2309 3853 2432 3915 ὅσα,
2465 3850 2557 3903 καὶ
2586 3849 2870 3915 ἐθελήσας,
2902 3846 3092 3915 ὥσπερ
3114 3846 3275 3899 αὐτὸν
3304 3845 3352 3897 oi
3382 3843 3687 3912 γεννήσαν-

2107 3962 2223 4010 τες,
2272 3943 2415 3997 οὕτω
2456 3941 2551 3996 καὶ⁸
2597 3939 2759 4003 αὐτὸς
2804 3938 3019 4007 ἀφεῖναι
3070 3934 3233 3990 καλὸν
3282 3935 3467 4005 ὅμοιον
3498 3934 3557 3987 ἐν
3594 3932 3680 4003 τῷ

2109 4036 2318 4107 κόσμῳ,
2360 4031 2611 4103 διαδοχὴν
2645 4029 2832 4101 τιμίαν
2856 4067 2871 4094 ,
2898 4026 3156 4096 ἐπιγονὴν
3188 4023 3484 4097 μακαρίαν,
3523 4022 3690 4075 εὐλο-

2107 4125 2272 4198 γητδν
2320 4125 2563 4195 σπέρμα,
2596 4118 2874 4174 κοινοῦται
2908 4120 2970 4170 τὸ
3002 4115 3225 4187 σκέμμα
3259 4116 3371 4178 τοῖς
3420 4113 3689 4183 γειναμέ-

2108 4236 2215 4283 νοις
2234 4235 2249 4251 ·
2279 4216 2374 4272 καί¹
2405 4212 2562 4269 αὐτοὶ
2602 4214 2828 4283 ἄσμενοι
2854 4210 2945 4263 τὸν
2974 4207 3069 4263 τοῦ
3100 4207 3217 4261 υίού
3245 4207 3403 4277 λόγον
3432 4204 3690 4275 προσίενο

2106 4328 2218 4376 ται,
2251 4307 2592 4381 μεμφόμενοι
2629 4303 2731 4374 μὲν
2774 4301 3041 4367 ἑαυτοὺς,
3073 4299 3157 4353 ὅτι
3204 4296 3281 4369 μὴ
3316 4298 3685 4371 προήρπασαν

2107 4402 2205 4473 τὴν
2230 4397 2441 4473 βουλὴν,
2470 4397 2756 4469 χαίροντες
2784 4391 2863 4458 δὲ,
2891 4393 2973 4446 ὅτι
3000 4392 3093 4445 καὶ
3131 4386 3367 4443 ἐνταῦθα
3407 4384 3689 4456 πατρώξιι

445 4507 532 4548 tur
559 4493 724 4549 filius.
771 4493 1071 4549 Confestim
1123 4496 1188 4548 de
1218 4495 1580 4564 praenuntiata
1608 4494 1822 4549 solliciti
1876 4503 2003 4550 sunt

2114 4495 2136 4547 ὁ
2169 4494 2317 4555 παῖς.
2351 4490 2463 4545 Καὶ
2512 4487 2711 4541 αὐτίκα
2744 4483 3013 4555 μελετῶσι
3063 4481 3161 4551 τὴν
3210 4475 3687 4568 ὲκπεφωνημένην

444 4584 717 4653 coniugio,
777 4587 1111 4654 vitulumque
1165 4600 1288 4639 cum
1338 4586 1438 4653 ipsi
1492 4587 1730 4641 habeant
1785 4588 1875 4656 qui
1907 4592 2010 4644 sub

2114 4583 2358 4649 σύζευξιν
2377 4597 2394 4614 ⁶
2421 4580 2518 4633 καὶ
2553 4578 2645 4630 τὸν
2679 4576 2880 4647 μόσχον
2910 4573 3067 4627 αὐτοὶ
3098 4570 3334 4642 ἔχοντες,
3363 4569 3421 4632 ὃς
3452 4568 3557 4620 ὑπὸ
3592 4567 3687 4618 eo-

445 4676 733 4730 benedicta
758 4674 974 4730 iuturus
1019 4684 1103 4730 est
1149 4675 1299 4746 iugo,
1343 4673 2005 4745 requirebantjuvencam

448 4760 721 4833 (sociam),
745 4779 847 4832 qua
873 4764 984 4819 cito
1015 4764 1233 4818 inventa
1264 4764 1720 4821 consociaverunt
1770 4767 1912 4822 hunc
1955 4778 2009 4823 et

444 4854 618 4919 illam,
663 4856 853 4924 dignos
908 4855 1140 4911 invicem
1192 4855 1420 4911 alterum
1464 4857 1655 4921 altero,
1712 4859 2010 4930 jugumqtte

452 4945 545 5000 Dei
582 4960 677 5001 eos
733 4947 1085 5002 reddiderunt
1130 4955 1316 5017 aptum
1370 4950 1435 5002 ad
1472 4951 1734 5004 arandum
1762 4962 1816 5005 et
1843 4953 2010 5008 semi-

450 5038 684 5091 nandum
735 5048 789 5092 et
843 5039 1203 5110 colligendum
1270 5041 1579 5095 neceSsaria
1636 5043 1705 5096 ad
1758 5042 2008 5098 salutem.

448 5126 594 5182 Deus
621 5136 799 5182 autem
831 5129 924 5199 qui
956 5129 1101 5199 ipsos
1131 5131 1369 5200 elegerat
1399 5139 1452 5184 et
1483 5131 1572 5201 qui
1612 5131 1823 5201 plantas
1854 5150 2010 5202 para-

406 5228 417 5237 '
446 5218 567 5275 diso
588 5234 853 5290 congruas
884 5231 1139 5291 posuerat
1179 5224 1232 5276 in
1258 5231 1406 5276 terra
1434 5220 1869 5293 Opsicianorutn.
1906 5241 2010 5280 non

446 5326 640 5380 passus
672 5325 756 5368 est
782 5313 905 5370 illos
937 5329 1034 5370 sua
1081 5316 1396 5370 maturitate
1440 5330 1547 5371 non
1597 5316 1740 5372 ferre
1771 5333 1812 5371 ι’.
1833 5318 2008 5373 dicem

446 5404 699 5469 tirmam,
767 5405 989 5475 stirpem
1054 5408 1486 5475 increscentem,
1556 5409 2008 5479 germinationem

446 5496 835 5559 abundantem,
874 5507 928 5552 et
982 5496 1190 5555 fructus
1237 5508 1476 5569 tempore
1532 5515 1632 5555 suo
1679 5516 2007 5572 generosos;

448 5588 544 5643 sed
575 5588 905 5643 Volutttatem
945 5591 1250 5645 timentium
1309 5606 1364 5646 se
1422 5591 1475 5645 in
1528 5592 1630 5649 hoc
1660 5607 1876 5664 quoque
1932 5593 2008 5646 fa-

413 5742 417 5757 ;
518 5761 735 5820 'Eceie.
791 5781 863 5832 tv,
902 5764 985 5823 i0.

2107 4676 2239 4744 λογη
2250 4674 2406 4745 μένον
2433 4669 2587 4722 ἔσται
2612 4667 2799 4734 ζυγὸν,
2833 4662 3135 4747 ἐπεζήτουν
3162 4661 3262 4732 τὴν
3288 4658 3524 4729 δάμαλιν
3543 4656 3686 4747 ’καὶ

2106 4764 2243 4831 ταχὺ
2280 4757 2598 4831 εὑρηκότες,
2644 4754 2956 4825 συνήγαγον
2997 4749 3189 4803 τοῦτον
3230 4765 3291 4800 τε
3326 4747 3420 4800 καὶ
3463 4745 3685 4814 ἐκείνην

2109 4854 2353 4924 ἀλλήλων
2391 4849 2574 4915 ἀξίους
2597 4862 2611 4877 ·
2648 4847 2742 4899 καὶ
2789 4844 2980 4911 ζεῦγος
3010 4840 3144 4895 Θεοῦ
3176 4840 3244 4893 δι’
3265 4838 3446 4891 αὐτῶν
3482 4839 3685 4889 ἀπετέ-
3794 4864 3799 4871 -

2110 4945 2295 5006 λεσαν,
2325 4938 2498 5007 δεξιὸν
2522 4937 2617 4992 καὶ
2648 4934 2818 5007 ἀροῦν
2856 4934 2950 4987 καὶ
2983 4932 3229 5001 σπείρειν
3258 4929 3354 4982 καὶ
3386 4928 3688 4999 φορτηγεῖν

2109 5035 2176 5088 τὰ
2220 5031 2480 5105 σωτήρια.
2522 5028 2653 5088 Θεὸς
2692 5026 2748 5081 δὲ
2782 5029 2811 5080 6
2848 5023 3072 5086 τούτους
3121 5020 3541 5090 ἐπιλεξάμενος,
3587 5017 3687 5069 καὶ

2111 5123 2257 5193 φυτὰ
2292 5118 2606 5193 παραδείσῳ
2636 5116 2920 5188 πρέποντα
2950 5110 3238 5182 ἐνθέμενος
3272 5112 3338 5181 τῇ
3375 5107 3483 5161 τῶν
3527 5107 3687 5175 Ὄφι-

2113 5216 2315 5271 κιανῶν
2345 5216 2449 5287 γῇ.
2497 5213 2599 5267 οὐκ
2643 5211 2822 5282 ἀφῆκε
2867 5207 2942 5279 μὴ
2980 5203 3375 5274 τελεσφορῆσαι
3409 5199 3550 5255 αὐτὰ
3588 5197 3687 5253 καὶ

2117 5311 2331 5385 ρίζωμα
2380 5307 2717 5377 στερέμνιον,
2760 5302 2856 5356 καὶ
2905 5300 3150 5372 πρέμνου
3201 5292 3536 5385 ἀναδρομὴν,
3587 5291 3687 5344 καὶ

2120 5384 2356 5476 βλάστην
2390 5399 2595 5468 ἁδρὰν,
2638 5399 2732 5450 καὶ
2774 5394 3022 5467 καρποὺς
3073 5392 3130 5445 ἐν
3171 5386 3349 5457 καιρῷ
3403 5384 3683 5451 εὐγενεῖς·

2119 5497 2254 5552 ἀλλὰ
2271 5493 2482 5564 θέλημα
2500 5492 2604 5544 τῶν
2628 5490 2795 5558 φοῦου
2805 5491 2983 5559 μένων
3002 5483 3165 5540 αὐτὸν
3188 5479 3462 5535 κάνταῦθα
3484 5476 3681 5544 ποιῶν,

2118 5586 2386 5659 ἐπλήθυνε
2434 5584 2525 5637 τὸν
2573 5578 2720 5635 οἶκον
2770 5580 2847 5649 τῷ
2893 5576 3129 5647 Φιλοθίῳ
3175 5576 3290 5638 ταῖς
3341 5572 3428 5625 διὰ
3473 5566 3685 5624 τέκνων
