3968 6566
277 391 372 458 153

1192 361 1586 438 LAUDATIO
1624 369 1684 431 S.
1725 365 2154 429 l‘IIILOTHEI
2197 363 2606 426 OPSICIANI.

3385 355 3486 418 154

271 503 568 572 ἱπιγοναῖς,
617 499 712 552 καὶ
747 496 926 551 αὐτῶν
963 495 1090 549 οἴων
1128 489 1465 546 ἐπισπᾶσθαι
1511 483 1713 553 πατρός
1762 498 1823 534 τε

1952 481 2098 543 :ieus,
2139 475 2514 546 multiplicavit
2556 476 2773 529 domum
2809 470 3075 554 Philothei
3131 471 3360 524 ﬁliorum
3395 484 3488 540 ge-

271 593 467 664 ἀγαθοῦ
512 592 768 660 εὐλογίαν
803 590 896 643 καὶ
935 586 1140 659 μητρὸς
1171 583 1262 638 ἐπὶ
1290 583 1500 642 τέκνοις
1537 578 1828 646 εὐφραινο-

273 687 465 755 μένης.-

337 887 422 958 ιβ¹.
452 887 528 939 Τδ
555 885 615 939 δὲ
663 883 912 938 ἱντεῦθεν
935 885 952 950 (
979 883 1067 936 ῖνα
1101 881 1177 953 μὴ
1227 877 1304 949 τῷ
1340 875 1490 946 καλῷ
1519 875 1618 945 τῆς
1641 873 1835 945 πρώην

271 979 464 1050 ἀρετῆς
489 974 869 1047 παραμιχθείη
898 991 951 1027 τι
974 973 1074 1042 τῆς
1097 973 1155 1025 ιν
1186 970 1286 1041 βίῳ
1317 966 1675 1038 φαυλότητος,
1699 963 1836 1034 μηδὲ

273 1073 453 1125 ὁκατὰ
490 1071 702 1140 κόσμον
757 1069 1000 1137 κάματος
1036 1063 1132 1118 τοῦ
1183 1061 1350 1117 καλοῦ
1381 1060 1576 1116 τούτου
1605 1058 1836 1126 ζεύγους

272 1166 358 1216 τὸν
403 1161 602 1232 πρῶην
655 1163 801 1213 σῖτον
845 1156 1122 1228 ἀχρειώσῃ
1169 1154 1410 1220 ζιζανίου
1447 1149 1835 1222 παραφυάδι),

274 1254 400 1324 ann
435 1251 665 1320 μέθοδος
712 1251 916 1320 ἀρετῆς
959 1247 1036 1317 τῷ
1071 1247 1212 1315 ἀγίῳ
1250 1242 1319 1316 ἦν
1345 1241 1835 1313 περισπούδαστος.

284 1343 503 1398 Ἑαυτόν
535 1358 597 1393 τε
634 1338 744 1410 γὰρ
772 1339 866 1391 ἐπὶ
888 1340 998 1401 τοῖς
1040 1336 1328 1407 προτέροις
1371 1333 1596 1399 ἀγαθοῖς
1629 1333 1836 1400 ἐτήρει,

273 1437 300 1486 ὁ
322 1433 483 1496 αὐτὸς
511 1430 590 1486 ὢν
615 1431 685 1484 τά
710 1431 790 1492 εἱς
818 1429 1041 1499 ἀρετὴν,
1080 1427 1174 1480 καὶ
1207 1427 1280 1496 μὴ
1307 1422 1708 1493 ἀλλοιούμενος,
1743 1419 1842 1472 καὶ

275 1526 367 1592 τὴν
395 1523 644 1591 ὁμόζυγα
674 1521 754 1582 εἱς
781 1521 944 1588 ὃμοια
972 1516 1163 1570 εὔθυνε
1187 1533 1202 1548 ·
1235 1517 1328 1568 καὶ
1365 1511 1684 1582 κατώρθουν
1715 1508 1842 1563 επί-

274 1630 371 1684 σης
394 1612 456 1666 τὸ
484 1612 583 1665 τοῦ
613 1609 752 1664 Θεοῦ
798 1610 960 1680 ἔργον
1016 1609 1341 1676 ἀμφότεροι.
1383 1606 1493 1658 Καὶ
1528 1604 1627 1656 οὐκ
1652 1598 1720 1672 ἦν
1752 1600 1844 1664 ζυ-

271 1705 536 1770 γομαχεῖν
563 1701 784 1765 αὐτοὺς,
814 1697 997 1768 πολλῷ
1021 1698 1078 1752 δὲ
1110 1697 1274 1750 πλέον
1304 1695 1426 1748 οὐδὲ
1465 1695 1840 1763 παροιστρεῖν.

1937 571 2239 636 neratione,
2285 582 2582 638 eorumque
2613 568 2705 636 qui
2749 572 2968 637 possent
3023 563 3300 619 attrahere
3345 563 3486 632 opti-

1933 668 2004 722 mi
2060 668 2232 738 patris
2281 666 2712 723 benedictionem
2765 674 2822 722 et
2875 664 3068 719 matris
3123 664 3188 718 de
3231 662 3355 718 ﬁliis
3396 662 3488 717 la:-

1933 761 2118 816 tantis.

2004 873 2094 928 12.
2133 872 2257 928 Inde
2289 873 2379 942 (ne
2409 873 2603 942 prioris
2632 873 2847 927 virtutis
2897 871 3098 940 speciei
3153 867 3492 922 immiscere-

1936 973 2023 1019 tur
2048 964 2248 1034 aliquid
2291 973 2522 1020 terrenae
2570 964 2848 1032 nequitia),
2881 977 2979 1018 nec
3009 961 3311 1017 mundanus
3345 956 3496 1010 labor

1937 1054 2096 1124 hujus
2123 1054 2362 1123 praeclari
2387 1055 2501 1124 jugi
2532 1054 2680 1122 prius
2707 1053 3036 1108 frumentum
3079 1050 3268 1106 inutile
3302 1051 3488 1104 redde-

1938 1157 2017 1203 ret
2071 1147 2294 1202 zizanize
2347 1149 2658 1218 propagine)
2712 1147 2814 1202 alia
2857 1146 3074 1200 virtutis
3102 1145 3186 1198 via
3234 1161 3262 1199 a
3307 1153 3498 1198 sancto

1937 1246 2055 1292 erat
2089 1239 2372 1308 diligenter
2405 1247 2631 1292 seclata.
2665 1238 2910 1307 Seipsum
2946 1237 3090 1292 enim
3124 1235 3177 1290 in
3220 1235 3496 1306 prioribus

1937 1330 2298 1385 conservabat
2350 1330 2526 1393 bonis,
2559 1331 2810 1400 circaque
2858 1330 3110 1384 virtutem
3155 1343 3262 1382 non
3305 1327 3500 1382 immu-

1942 1431 2108 1488 tatus,
2139 1423 2232 1477 sed
2285 1423 2648 1492 semperidem
2681 1431 2818 1487 erat,
2857 1423 2962 1476 imo
3001 1423 3284 1491 conjugem
3319 1419 3384 1473 ad
3419 1418 3498 1472 si-

1942 1517 2086 1571 milia
2147 1516 2444 1586 dirigebat;
2509 1527 2562 1571 et
2621 1517 2711 1572 Dei
2755 1532 2890 1587 opus
2941 1530 3092 1585 atque
3144 1513 3500 1583 perﬁciehant

1941 1609 2123 1664 ambo.
2169 1608 2277 1664 Nec
2308 1611 2450 1665 inter
2473 1625 2532 1664 se
2561 1610 2914 1672 dissidebant,
2948 1609 3142 1662 nedum
3191 1609 3255 1659 ad
3291 1608 3505 1659 iracun-

1941 1701 2086 1754 diam
2149 1701 2380 1754 invicem
2439 1710 2814 1768 provocarent.
2869 1698 3294 1754 Considerabant
3357 1698 3500 1748 enim

284 1791 682 1861 Ἐνεθυμοῦντο
736 1791 847 1861 γὰρ
895 1789 994 1852 τὰς
1024 1789 1266 1851 παλαιὰς
1322 1785 1584 1852 συζυγίας
1610 1785 1720 1837 τῶν
1747 1782 1842 1836 τοῦ

1952 1793 2170 1861 antiqua
2199 1792 2442 1861 coniugia
2477 1793 2768 1862 iustorum,
2797 1793 2886 1862 qui
2915 1807 2942 1844 a
2975 1792 3083 1844 Deo
3124 1788 3225 1843 sibi
3272 1787 3500 1840 invicem

269 1878 401 1932 Θεοῦ
433 1879 767 1948 ἀνθρώπων,
797 1878 848 1931 οἳ
876 1877 1062 1947 βοηθοὶ
1091 1877 1228 1948 πρὸς
1273 1876 1408 1930 Θεοῦ
1439 1875 1715 1945 δεδομένοι
1745 1873 1838 1927 ἁλ-

272 1970 470 2040 λήλοις,
504 1971 736 2040 εργάται
760 1965 902 2041 ἦσαν
930 1969 1140 2023 ἐκείνου
1170 1969 1333 2036 ἄξιοι.

337 2079 431 2148 ιγ’.
470 2082 562 2144 Ὠς
602 2081 670 2151 δὴ
700 2080 856 2134 ταῦθ’
901 2079 1070 2143 οὕτως
1119 2075 1254 2151 εἶχε,
1308 2079 1400 2133 καὶ
1429 2079 1596 2149 ἐχρῆν
1622 2079 1713 2132 τὸν
1741 2078 1835 2132 τοῦ

274 2172 399 2225 Θεοῦ
427 2173 671 2242 πελάτην
689 2174 974 2241 ἐγγυτάτω
997 2173 1160 2225 πλέον
1184 2171 1394 2224 ἐκείνου
1415 2171 1668 2239 γενέσθαι
1691 2171 1708 2237 (
1729 2170 1837 2223 ἔδει

273 2265 324 2317 δὲ
353 2265 448 2317 καὶ
489 2264 667 2328 ἄλλως
691 2264 784 2317 τδν
821 2265 908 2318 ἀεὶ
938 2264 1272 2334 θεωρητικὸν
1299 2265 1570 2316 ἐπιτεῖναι
1593 2262 1692 2332 τὴν
1726 2263 1837 2315 διό-

276 2372 456 2424 ρασιν,
492 2357 593 2408 κςιὶ⁵
619 2356 738 2408 ἀντὶ
763 2355 952 2426 νοεροῦ
978 2355 1102 2409 νοῦν
1130 2355 1204 2418 ὡς
1228 2355 1349 2419 ὲξὸν
1379 2353 1836 2423 ἀποτελεσθῆναι,

274 2448 360 2498 καὶ
389 2449 474 2510 εἰς
514 2446 860 2514 ἀγγελοειδὲς
895 2446 1256 2515 ἀναχθῆναι),
1283 2447 1490 2514 γίνεται
1529 2445 1668 2515 πρὸς
1715 2447 1838 2498 ἐπι·

274 2537 471 2607 θυμίας
498 2537 674 2608 αὐτῷ,
715 2539 814 2590 καὶ
868 2539 949 2601 εἱς
1001 2538 1300 2608 ἱερωσύνης
1340 2537 1472 2607 ὕψος
1503 2537 1836 2606 ἀναπτῆναι,

271 2629 364 2680 καὶ
392 2627 571 2691 οὕτως
629 2628 992 2698 ὲγκαταμίξαι
1020 2631 1130 2692 τοῖς
1154 2630 1248 2682 τοῦ
1287 2628 1422 2682 Θεοῦ
1459 2629 1838 2698 παραστάταις

276 2721 484 2782 ἑαυτὸν,
551 2721 959 2791 τεχνησάμενος
998 2721 1096 2792 τὴν
1146 2721 1319 2790 ἀρχὴν
1364 2723 1462 2788 μὲν
1503 2722 1610 2790 πρὸ
1649 2721 1837 2775 πυλῶν

277 2811 589 2880 ῥιπτεῖσθαι
650 2812 804 2878 Θεοῦ,
847 2813 936 2866 ὅτε
971 2812 1042 2866 τὰ
1089 2813 1212 2866 κατ’
1261 2814 1464 2884 ἀρετὴν
1493 2811 1838 2881 εἰσαγωγικά

1943 1883 2010 1935 ad
2073 1883 2443 1952 adjumentum
2499 1884 2648 1950 dati,
2701 1883 2848 1952 digni
2904 1881 3048 1935 illius
3098 1877 3334 1949 operarii
3385 1877 3503 1930 fue-

1941 1983 2092 2030 runt.

2010 2087 2100 2142 13.
2138 2087 2270 2142 Cum
2300 2087 2464 2155 igitur
2493 2086 2607 2140 haec
2645 2084 2716 2139 ita
2747 2099 2806 2140 se
2826 2085 3086 2140 haberent
3113 2092 3166 2139 et
3191 2083 3284 2137 Dei
3316 2095 3506 2136 servus

1941 2179 2112 2248 magis
2135 2179 2415 2247 magisque
2458 2179 2525 2232 ad
2565 2179 2730 2232 Deum
2759 2178 3018 2232 accedere
3066 2176 3290 2240 deberet
3322 2175 3506 2244 (caete-

1940 2286 2056 2324 rum
2087 2286 2183 2338 par
2214 2280 2409 2325 eratut
2443 2270 2533 2341 qui
2561 2285 2778 2341 semper
2805 2269 3185 2335 meditabatur,
3209 2266 3508 2336 intelligen-

1943 2362 2072 2416 tiam
2099 2369 2471 2431 promoveret,
2504 2370 2559 2416 et
2581 2370 2814 2416 mentem
2845 2375 2942 2430 pro
2970 2359 3178 2414 viribus
3204 2356 3503 2419 excoleret,

1937 2453 2014 2508 ita
2078 2462 2138 2506 ut
2194 2453 2262 2506 ad
2317 2454 2627 2521 angelorum
2675 2451 3080 2505 similitudinem
3138 2448 3504 2514 eveheretur),

1939 2545 2269 2600 desideravit
2290 2545 2356 2598 ad
2389 2545 2675 2599 sacerdotii
2701 2543 2972 2613 fastigium
2996 2546 3312 2606 ascendere,
3345 2551 3510 2609 atque

1940 2638 2022 2692 sic
2052 2636 2142 2691 Dei
2175 2635 2579 2703 apparitoribus
2610 2649 2729 2690 sese
2758 2649 3070 2703 aggregare.
3106 2631 3297 2701 prit‘
3327 2639 3507 2684 autem

1940 2744 2000 2784 se
2026 2739 2368 2798 prosternere
2399 2735 2526 2781 ante
2584 2737 2770 2794 portas
2820 2724 2936 2790 Dei,
2987 2728 3202 2794 quando
3265 2737 3384 2793 quae
3441 2722 3510 2776 ad

1937 2821 2192 2876 virtutem
2225 2821 2535 2875 conducunt
2567 2817 3123 2884 administrabantur;
3170 2815 3388 2880 deinde,
3416 2830 3511 2869 sc-

275 2906 525 2957 ἱπονείτο
548 2920 564 2934 ο
597 2898 716 2956 εἶτα
741 2902 1112 2975 καὶζητήσας
1159 2905 1534 2973 εὐαγγελικῶς
1575 2904 1654 2966 είς
1685 2903 1842 2974 εὕρε-

1952 2913 2176 2968 cundum
2206 2909 2578 2980 Evangelium,
2614 2909 2864 2978 quaesivit
2899 2919 2952 2962 nt
2992 2908 3282 2971 inveniret,
3313 2917 3365 2961 et
3397 2904 3514 2975 pul-

277 3010 378 3054 σιν,
415 2993 516 3048 καὶ
544 2993 786 3064 κρούσας
816 2996 894 3058 εἱς
924 2994 1124 3059 ἄνοιξιν
1146 3011 1159 3024 ο
1196 2994 1334 3064 μετά
1376 2995 1433 3048 δὲ
1462 2994 1722 3050 εἰσελθὼν
1744 2996 1839 3048 καὶ

1952 3004 2081 3058 savit
2107 3011 2164 3057 ut
2198 3001 2542 3070 aperiretur;
2576 3001 2771 3055 deinde
2794 2999 3013 3053 intravit
3040 2997 3512 3064 desideratumque

279 3083 400 3134 ἰδὼν
425 3083 522 3135 τὸν
561 3083 920 3152 ποθούμενον,
969 3088 1066 3138 καὶ
1120 3084 1429 3145 ἀκολούθως
1457 3087 1704 3154 ἐγγίσας,
1741 3089 1837 3140 καὶ

1952 3095 2076 3147 vidit
2103 3104 2156 3147 et
2191 3090 2660 3162 appropinquavit,
2708 3097 2762 3143 et
2809 3089 3058 3157 denique,
3119 3088 3192 3142 uti
3245 3087 3512 3141 desiderio

278 3175 368 3228 ἐπὶ
394 3176 566 3228 πᾶσιν
597 3177 839 3242 ὲνωθεὶς,
879 3177 992 3229 εῖτε
1017 3176 1112 3230 καὶ
1149 3177 1499 3247 ἀνακραθεὶς,
1537 3177 1727 3248 ὥσπερ
1761 3178 1840 3249 τῷ

1952 3185 2082 3252 ejus,
2140 3185 2214 3238 ita
2273 3186 2436 3238 etiam
2491 3183 2885 3237 illuminatione
2938 3181 3083 3234 illinc
3136 3179 3509 3248 proveniente,

279 3267 424 3337 πίθῳ
455 3268 648 3332 αὐτοῦ,
681 3267 825 3322 οὕτω
856 3271 950 3322 καὶ
971 3271 1091 3333 ταῖς
1119 3269 1326 3323 ἐκεῖθεν
1349 3269 1708 3340 ἐλλάμψεσινι

349 3402 432 3457 ιδ’.
472 3400 566 3464 Ὦς
588 3400 682 3454 οῦν
703 3403 798 3455 καὶ
823 3401 982 3455 τοῦτο
1016 3402 1178 3456 καλὸν
1202 3397 1366 3474 ἦλθεν
1399 3401 1546 3473 αὑτῴ
1581 3403 1674 3456 ἐπὶ
1696 3401 1841 3466 νοῦν,

282 3495 373 3545 καὶ
406 3493 700 3564 ὲξεφάνθη,
739 3495 833 3550 καὶ
867 3493 1206 3548 ἐκτελεῖσθαι
1239 3495 1466 3566 ἤρξατο,
1516 3495 1611 3546 καὶ
1640 3495 1668 3546 ὁ
1700 3493 1845 3561 ἱερὸς

284 3583 462 3636 κανὼν
485 3586 672 3655 ὶζήτει
705 3586 804 3656 τὴν
835 3588 898 3640 ὲκ
931 3586 1246 3658 μαρτυριῶν
1293 3587 1554 3639 σύστασιν
1579 3602 1594 3617 ⁸
1621 3579 1685 3653 ἦν
1718 3585 1847 3637 ἰδεῖν

283 3671 517 3727 ἐνταῦθα
567 3673 629 3727 οὐ
666 3673 1180 3745 προσκαλουμένους
1226 3674 1354 3736 τοὺς
1394 3677 1848 3744 μαρτυρήσοντας

281 3764 480 3835 ἀρετὴν
527 3765 794 3817 παντοίαν
831 3763 1002 3833 αὐτῷ,
1046 3764 1170 3816 οὐδὲ
1205 3762 1339 3832 πρὸς
1368 3761 1589 3828 ἀξίωσιν
1629 3761 1851 3815 λαλοῦν-

1945 3276 2199 3332 omnibus
2234 3276 2418 3330 unitus
2456 3274 2570 3329 sive
2601 3273 2918 3329 commistus
2950 3281 3054 3326 est.

2017 3405 2106 3461 14.
2145 3403 2276 3461 Cum
2303 3404 2466 3474 igitur
2495 3402 2599 3458 hoc
2633 3400 2897 3456 laudabile
2933 3401 3271 3472 propositum
3302 3415 3368 3458 ex
3395 3400 3514 3454 ani-

1945 3496 2020 3552 mi
2049 3495 2354 3552 recessibus
2384 3495 2437 3549 in
2471 3493 2644 3549 lucem
2673 3491 2889 3562 prodire
2910 3503 2965 3548 et
2999 3493 3064 3547 ad
3087 3490 3334 3548 effectum
3384 3507 3512 3562 per-

1947 3589 2068 3644 duci
2129 3588 2425 3658 coepisset,
2475 3596 2530 3643 et
2581 3586 2719 3641 sacri
2787 3600 3024 3640 canones
3083 3584 3512 3640 testimoniorum

1949 3678 2477 3736 commendationem
2514 3677 2894 3746 requirerent:
2942 3685 3066 3730 tunc
3098 3675 3316 3731 videres
3351 3683 3516 3731 testes

1949 3771 2040 3842 qui
2073 3769 2434 3824 omnimodam
2471 3767 2612 3821 illius
2664 3766 2916 3821 virtutetn
2943 3766 3352 3830 conlirmarent,
3408 3780 3514 3819 non

282 3874 404 3923 τας,
436 3858 469 3921 ἢ
513 3857 650 3911 ἄλλο
681 3875 733 3910 τι
762 3857 1010 3927 ὲφολκδν,
1040 3857 1200 3910 ὁποῖα
1239 3853 1412 3908 πολλὰ
1436 3856 1494 3907 ὲν
1531 3854 1645 3917 τοῖς
1674 3851 1846 3906 τοιού-

1952 3861 2313 3930 undecunque
2372 3849 2726 3930 eonquisitos,
2764 3866 2857 3911 aut
2914 3858 3030 3926 ejus
3086 3857 3404 3926 dignitatem
3462 3866 3519 3910 et

283 3965 396 4010 τοις
422 3947 782 4020 τεχνάζονται
807 3948 857 4001 οἱ
889 3949 964 4019 μὴ
985 3947 1105 4002 κατ’
1127 3947 1330 4016 ἀρετὴν
1351 3946 1573 4000 αὐτόθεν
1603 3946 1846 4017 προλάμ-

1952 3952 2215 4022 quidquid
2249 3950 2315 4004 ad
2347 3965 2466 4005 eum
2500 3949 2921 4019 promovendnm
2954 3950 3278 4004 conduceret
3306 3947 3517 4020 profes-

286 4057 505 4104 ποντες,
559 4039 700 4095 ἀλλά
751 4039 902 4093 νόθον
965 4040 1080 4109 φῶς
1120 4037 1505 4108 ὲπικτώμενοι.
1569 4037 1644 4090 Ού
1674 4037 1846 4090 τοίνυν

1954 4058 2066 4108 sos,
2096 4041 2548 4113 quemadmodum
2569 4055 2710 4109 saepe
2735 4040 2933 4097 accidit
2967 4041 3035 4097 de
3060 4040 3127 4096 iis
3162 4040 3254 4112 qui
3295 4056 3402 4095 non
3427 4055 3520 4095 so-

286 4130 474 4200 κλητοὶ
507 4133 608 4184 καὶ
656 4131 954 4202 ὡρισμένοι
1006 4130 1319 4204 παρήγοντο
1362 4145 1507 4190 τινες
1541 4129 1846 4200 μάρτυρες⁴

1957 4135 2067 4190 lum
2096 4134 2316 4205 propria
2356 4131 2558 4186 virtute
2589 4146 2694 4186 non
2730 4131 2931 4197 lucent,
2979 4132 3073 4186 sed
3117 4133 3302 4200 spurio
3336 4130 3520 4185 asciti-

287 4225 422 4279 ἀλλὰ
453 4225 581 4295 ἅμα
610 4223 872 4294 περιῆλθε
901 4223 1058 4292 φήμη
1096 4223 1222 4286 τοὺς
1247 4222 1567 4293 ἐγχωρίους,
1597 4220 1673 4282 ὡς
1705 4221 1733 4274 ὁ
1761 4219 1846 4272 τοῦ

1959 4228 2140 4294 tioque
2171 4223 2377 4277 lumine
2413 4222 2717 4287 splendent.
2772 4221 2964 4292 Neque
3020 4223 3184 4292 igitur
3234 4223 3520 4278 convocati

285 4318 554 4388 Θεοφίλου
591 4315 706 4386 βίος
751 4315 1314 4386 πολυπραγμονεῖται,
1350 4317 1397 4366 εἱ
1432 4313 1728 4383 ἐκλάμπει,
1762 4311 1846 4365 καὶ

1960 4317 2180 4392 quidam
2218 4325 2272 4373 et
2294 4313 2360 4368 ad
2410 4318 2513 4373 hoc
2556 4315 2808 4370 destinati
2855 4315 3142 4385 prodibant
3191 4324 3376 4378 testes,
3427 4315 3523 4369 sed

289 4408 640 4480 προφανῆναι
672 4408 916 4476 ζητεῖται
940 4407 1020 4470 εἱς
1054 4405 1354 4476 ἱερωσύνην
1375 4403 1846 4474 προκαλουμένου⁴

1963 4420 2128 4468 totam
2150 4411 2422 4482 regionem
2454 4409 2762 4481 pertransiit
2792 4407 2936 4461 fama
2953 4407 3017 4463 de
3045 4407 3376 4462 feracissima
3409 4407 3522 4460 vir-

288 4504 382 4555 καὶ
399 4501 477 4563 ὡς
509 4502 592 4563 είς
619 4499 874 4568 γλῶσσαν
911 4499 1042 4568 μίαν
1077 4497 1431 4558 συντακέντες
1473 4495 1714 4558 ἅπαντες
1761 4494 1846 4547 καὶ

1961 4511 2132 4560 ιυιυιη
2168 4468 2277 4559 viia
2315 4468 2600 4572 Theophili
2639 4504 2730 4574 qui
2756 4501 2821 4556 ad
2856 4499 3192 4569 splendidum
3232 4498 3522 4555 sacerdotii

289 4593 636 4657 ἐνθεὲιςοντες
665 4591 1004 4663 ἑμεγάλυνον
1031 4592 1122 4642 τὸν
1154 4589 1340 4659 ἄνδρα,
1365 4589 1465 4641 οὐκ
1492 4587 1846 4657 ἀγνοούμενοι

1959 4597 2314 4652 ministerium
2373 4595 2655 4664 aspiraret,
2700 4600 2754 4646 et
2807 4591 2990 4646 cuncti
3045 4590 3197 4662 quasi
3247 4591 3300 4642 in
3361 4604 3521 4642 nnam

291 4685 412 4740 οὐδὲ
439 4689 558 4749 τοῖς
589 4685 837 4755 ἐρωτῶσι
867 4684 936 4744 τὰ
965 4684 1083 4736 κατ’
1110 4683 1294 4736 αὐτόν.
1341 4680 1581 4742 Κανόνος
1628 4681 1733 4750 γὰρ
1769 4678 1846 4730 εύ-

1960 4691 2223 4757 compacti
2255 4685 2490 4754 linguam
2521 4694 2574 4738 et
2609 4683 2790 4736 divino
2817 4683 3039 4737 numine
3089 4680 3250 4735 alllati
3298 4679 3526 4736 summis

293 4777 527 4830 θυτάτου
585 4777 786 4828 ἐκεῖνοι
834 4774 1106 4844 ἐπλήρουν
1162 4771 1566 4843 παράγγελμαο
1625 4764 1685 4822 οὐ
1751 4767 1846 4839 μὴε.

1962 4771 2211 4838 laudibus
2241 4781 2483 4836 extulere
2510 4777 2682 4832 virum
2711 4777 2800 4846 qui
2833 4783 2885 4830 et
2920 4774 3050 4844 ipsis
3082 4771 3527 4842 percontantibus

293 4869 466 4932 ἄλλως
492 4867 824 4940 ἠκριϐοῦντο
854 4868 989 4936 πρὸς
1017 4867 1263 4935 ἄγνοιαν.
1296 4864 1585 4932 Ἐτελέσθη
1611 4861 1742 4931 γοῦν
1767 4861 1846 4913 κατ

1966 4876 2106 4932 haud
2134 4875 2346 4945 ignotus
2374 4881 2510 4926 erat.
2559 4869 2620 4923 Hi
2658 4868 2912 4923 nimirum
2957 4865 3182 4920 canonis
3242 4859 3528 4916 rectissimi

291 4965 353 5016 τὸ
387 4963 686 5033 ἱερώτατον
711 4961 883 5025 οὕτως
910 4960 996 5014 ἐπ’
1049 4958 1200 5030 αύτῷ
1227 4962 1454 5030 χρίσμα,
1485 4958 1578 5010 καὶ
1608 4958 1685 5017 εἱς
1712 4957 1846 5024 ἱερέα

1957 4975 2225 5036 praecepto
2262 4962 2695 5028 satisfaciebant,
2757 4960 2824 5014 de
2871 4959 2937 5013 iis
2979 4971 3099 5026 qum
3165 4955 3529 5015 nescirentur,

292 5057 598 5119 καταστὰς,
622 5048 714 5108 οἷα
748 5054 842 5108 καὶ
880 5052 1058 5123 φωτὸς
1105 5051 1334 5120 ἀγγελος
1368 5050 1462 5103 καὶ
1505 5047 1731 5116 φλόγεος
1753 5047 1866 5100 λει-

293 5147 548 5217 τουργδς,
580 5146 766 5199 οὐκέτι
813 5143 1049 5216 μιμητὸς
1101 5137 1192 5214 ἦν,
1228 5140 1348 5193 οὐδὲ
1394 5133 1503 5201 οἷος
1529 5138 1672 5209 ἔχειν
1703 5137 1868 5192 ἀνθά-

299 5243 519 5312 μιλλονο
556 5239 696 5293 ἀλλά
746 5237 1110 5298 διπλασιάσας
1137 5233 1260 5303 τὴν,
1289 5231 1363 5295 ὡς
1392 5231 1458 5285 ἀν
1484 5247 1567 5292 τις
1594 5230 1742 5301 εἴπῃ,
1779 5227 1870 5281 διὰ

297 5333 486 5387 πασῶν
515 5332 721 5401 ἀρετὴν
744 5327 986 5401 μολπῶν,
1015 5325 1112 5379 καὶ
1141 5325 1199 5378 τὸ
1222 5323 1518 5392 ὑπέρτονον
1543 5319 1865 5391 ἀρμοσάμε·

296 5446 407 5491 νος,
441 5424 750 5495 ἀγγελικὴν
799 5420 1101 5491 ἐμμέλειαν
1153 5415 1501 5480 ἀνεϐάλλετο,
1535 5415 1654 5475 ταῖς
1693 5412 1867 5480 ἱεραῖς

300 5519 641 5589 παραμένων
676 5517 756 5578 εἱς
791 5513 952 5565 πλέον
987 5509 1263 5574 συνάξεσι,
1305 5507 1470 5569 θείοις
1501 5505 1736 5576 ψαλμοῖς
1771 5502 1867 5554 καὶ

302 5613 496 5681 ὕμνοις
529 5603 942 5678 προστετηκὼς,
971 5600 1362 5670 ἀναγινώσκων
1382 5597 1452 5653 τὰ
1485 5597 1584 5669 μὲν
1615 5595 1702 5647 ἐπ’
1727 5594 1869 5662 ὠφε-

299 5703 420 5771 λείᾳ
443 5700 553 5753 τῶν
586 5697 979 5768 ἀκροωμένων,
1008 5696 1075 5748 τὰ
1100 5694 1155 5746 δὲ
1193 5693 1288 5746 καὶ
1319 5693 1632 5759 καταμόνας
1661 5687 1738 5749 εἱς
1773 5687 1871 5755 θηη

303 5798 589 5863 ηαζρισμα
639 5792 838 5862 ψυχῆς,
868 5789 963 5844 νῦν
1000 5789 1098 5857 μὲν
1138 5786 1315 5856 ἐαυτῷ
1348 5783 1742 5852 ἀποτιθέμενον
1773 5797 1869 5833 τα-

1963 5059 2107 5114 haud
2157 5058 2382 5115 nimium
2431 5054 2592 5111 anxie
2641 5050 3021 5120 disquirentes.
3072 5047 3330 5103 lnnnctus
3366 5045 3532 5113 igitur

1962 5160 2044 5209 est
2077 5153 2179 5206 hoc
2209 5148 2367 5204 modo
2399 5146 2519 5200 oleo
2548 5143 2893 5201 sanctissimo
2925 5151 2978 5194 et
3009 5139 3073 5192 ad
3099 5137 3398 5194 sacerdotis
3421 5133 3532 5188 fas-

1966 5243 2152 5314 tigium
2195 5250 2490 5312 promotus.
2515 5237 2633 5303 Quo
2662 5234 2823 5296 facto,
2859 5231 3003 5285 velut
3029 5229 3165 5283 lucis
3215 5225 3434 5296 angelus
3473 5233 3530 5276 et

1962 5335 2188 5389 flamma:
2217 5334 2486 5396 minister,
2545 5329 2653 5402 jam
2698 5325 2968 5382 neminem
3003 5321 3190 5377 habuit
3224 5320 3315 5391 qui
3355 5318 3526 5386 ipsum

1963 5425 2226 5482 imitando
2258 5431 2661 5491 assequeretur,
2705 5417 2799 5472 sed
2848 5413 3087 5470 omnium
3137 5410 3416 5472 virtutum,
3470 5412 3528 5459 ut

1968 5511 2047 5565 ita
2074 5510 2274 5574 dicam,
2309 5513 2631 5563 concentum
2678 5503 2967 5557 intendens
3027 5508 3082 5554 et
3138 5497 3206 5552 ad
3259 5507 3527 5550 stnnmam

1967 5599 2303 5655 harmoniam
2334 5597 2586 5660 evehens,
2619 5593 2860 5664 angelica
2915 5587 3236 5645 conspicuus
3287 5584 3390 5636 fuit
3422 5581 3528 5635 vita

1971 5687 2141 5758 Magis
2166 5687 2441 5757 magisque
2472 5684 2635 5754 igitur
2655 5680 2854 5736 sanctis
2877 5675 3156 5732 sacriﬁciis
3183 5688 3402 5743 operam
3436 5672 3527 5725 de-

1975 5782 2074 5845 dit,
2100 5779 2296 5836 divinis
2318 5777 2536 5848 psalmis
2563 5786 2616 5831 et
2653 5773 2867 5844 hymnis
2917 5768 3147 5833 inhmsit,
3175 5777 3225 5822 et
3255 5766 3356 5822 alia
3404 5765 3530 5836 legit
