3906 6566
439 372 460 436 Ῑ
474 375 540 435 55

1179 379 1375 439 EUST
1386 383 1418 440 Α
1429 382 1560 441 ΤΗΙ
1577 381 1595 440 l
1636 381 1739 440 ΤΗ
1751 375 2082 438 ESSALON
2096 376 2391 439 lCENSlS
2429 378 2994 438 METRUPOLITE

3596 377 3705 440 15'")

436 492 490 544 in
519 493 860 544 commodum
889 494 1221 558 auiitouun,
1257 499 1357 548 alia
1401 500 1452 549 in
1512 512 1624 551 sum
1670 495 1868 550 anima:
1898 494 2010 546 tlte-

2121 494 2445 557 μιευτικῶς,
2471 494 2663 564 αῦριον
2690 493 2748 546 δὲ
2796 493 3246 566 προϐλησόμενον
3284 491 3381 546 καὶ
3413 492 3527 555 τοῖς
3563 495 3707 545 ἀπο-

432 597 593 636 sauro
617 584 940 647 recentlidit,
975 595 1030 638 et
1075 602 1192 655 quae
1225 589 1402 647 hodie.
1433 589 1556 642 booi
1600 585 1869 642 meonemi
1927 585 2013 637 in-

435 689 572 741 star,
601 676 700 730 sibi
733 688 1062 746 reservarat,
1127 681 1410 749 postridie.
1468 681 1513 735 si
1564 681 1655 750 qui
1687 680 1753 737 iis
1804 677 2010 750 perfrui

435 766 828 834 desiderarent,
861 769 1009 840 larga
1037 785 1196 824 manu
1230 770 1585 839 exprompsit.

507 860 595 915 15.
641 860 742 915 Pro
795 861 1130 918 habitatione
1187 863 1502 932 plerumque
1554 862 1789 916 habebat
1841 862 2009 916 aedem

435 952 694 1016 divinam.
729 953 782 1008 in
813 971 917 1025 qua
950 955 1108 1009 veluti
1134 956 1406 1024 plantatus
1430 955 1827 1024 pulcherrimos
1863 954 2012 1008 fruc-

438 1051 525 1098 tus
555 1044 698 1100 tulit.
747 1044 1042 1102 Rarissime
1089 1047 1251 1116 igitur
1271 1047 1350 1102 sol
1377 1063 1498 1102 cunt
1521 1045 2012 1116 conspexitquibus

437 1137 586 1204 prius
613 1149 933 1195 assueverat
967 1156 1189 1210 operam
1221 1142 1463 1206 dantem,
1512 1140 1613 1196 nisi
1667 1139 1806 1196 forte
1844 1142 1910 1196 de
1945 1141 2011 1195 iis

436 1245 556 1298 qua:
589 1233 822 1286 maxime
853 1236 1162 1288 necessaria
1203 1242 1330 1287 sunt
1357 1233 1689 1300 hominibus,
1745 1233 2012 1300 dispicere

435 1332 661 1376 coactus
685 1334 932 1390 esset,v.
971 1341 1020 1380 c.
1070 1325 1136 1379 de
1190 1326 1550 1396 agricultura.
1602 1323 1787 1396 Neque
1839 1324 2009 1378 solum

435 1415 580 1468 enim
611 1431 704 1484 per
744 1419 1108 1472 mercenarios
1133 1431 1333 1474 terram
1354 1419 1420 1472 ad
1439 1418 1814 1488 producendos
1834 1416 2013 1469 varios

438 1506 646 1562 fructus
703 1508 1060 1564 eﬂ‘odiendam
1126 1512 1361 1574 curavit,
1425 1512 1519 1565 sed
1567 1510 1730 1564 etiam
1782 1509 2015 1577 propriis

437 1602 692 1656 manibus
739 1617 856 1656 eam
897 1601 1232 1671 sollicitavit,
1279 1602 1553 1658 laudabile
1583 1603 1687 1657 hoc
1728 1615 1846 1656 esse
1877 1615 2012 1670 opus

431 1691 685 1762 judicans
720 1703 775 1748 et
802 1693 1020 1750 homine
1051 1696 1298 1766 dignum.
1330 1695 1543 1750 Etenim
1575 1703 1630 1749 et
1677 1693 1730 1748 in
1775 1702 1917 1746 terra
1959 1698 2015 1746 et

438 1782 490 1836 in
518 1784 653 1838 mari
679 1783 930 1839 laborant
960 1786 1241 1842 homines:
1264 1796 1319 1842 et
1353 1786 1520 1840 maris
1541 1785 1759 1856 quidem
1788 1784 1938 1838 labor
1959 1793 2014 1836 et

435 1875 670 1931 studium
717 1877 1020 1934 serioribus
1066 1881 1403 1949 temporibus
1437 1880 1740 1936 introducta
1790 1888 1917 1934 sunt
1957 1888 2010 1932 et

438 1968 649 2026 infensa
683 1971 750 2028 iis
775 1975 864 2042 qui
897 1974 986 2029 diu
1019 1983 1072 2029 et
1095 1989 1286 2030 secure
1307 1975 1492 2032 vivere
1546 1975 1812 2045 cupiunt;
1871 1984 2011 2028 terra

438 2074 644 2130 autem,
696 2073 878 2135 utpote
937 2078 1132 2133 mater,
1198 2067 1505 2123 desiderata
1544 2067 1721 2138 diligit
1748 2077 1802 2122 et
1830 2081 2014 2121 amore

438 2154 820 2225 complectitur
845 2172 938 2212 eos
979 2158 1068 2226 qui
1113 2160 1214 2228 ipsi
1257 2159 1556 2223 atlltmrent.
1607 2168 1663 2214 et
1704 2156 2012 2226 Neptunum

437 2263 633 2303 arcens
657 2265 751 2304 eos
789 2251 882 2320 qui
927 2262 1233 2320 opportuno
1285 2263 1529 2322 tempore
1574 2261 1771 2306 terram
1805 2251 2012 2316 colunt,

437 2349 754 2395 conservat.
787 2341 882 2396 Est
926 2357 1091 2410 porro
1127 2343 1458 2412 agricultura
1508 2343 1707 2398 bonum
1745 2343 2015 2412 antiquis—

435 2432 655 2496 simum,
704 2446 838 2498 opus
893 2431 1094 2500 (litans,
1140 2449 1226 2488 res
1286 2433 1514 2502 pulchra
1565 2445 1618 2488 et
1679 2447 1892 2498 secura,
1924 2447 2012 2488 ars

437 2519 744 2576 hominibus
775 2531 1026 2591 cognata.

511 2611 597 2665 16.
641 2611 764 2666 llaec
793 2613 958 2679 igitur
980 2625 1032 2668 et
1052 2614 1250 2670 similia
1286 2616 1485 2684 quibus
1505 2617 1837 2688 agricultura
1857 2634 2010 2673 com-

439 2704 745 2770 mendatur,
781 2703 1123 2760 Philotheum
1153 2707 1220 2761 ad
1270 2707 1416 2762 illam
1470 2717 1832 2772 attraxerunt.
1871 2725 2011 2780 prte-

441 2801 586 2846 terea
617 2794 759 2861 quod
801 2793 1090 2849 sudoribus
1142 2795 1389 2864 corporis
1414 2797 1606 2852 sordes
1629 2799 2004 2866 detergentur,

438 2880 590 2934 ctsic
624 2881 784 2934 homo
818 2880 977 2936 fortis
1016 2897 1080 2938 ac
1112 2884 1372 2940 robustus
1402 2884 1470 2938 ad
1511 2886 1776 2956 agendum
1831 2887 2008 2941 I'Cdtli‘

439 2984 544 3030 tur.
585 2973 765 3042 Quare
796 2977 883 3033 hic
911 2993 1132 3049 quoque
1156 2980 1351 3034 melius
1386 2978 1692 3048 eligendum
1725 2994 1846 3036 esse
1864 2979 2007 3048 judi-

435 3068 604 3130 cavit.
628 3078 682 3122 et
712 3083 836 3123 cum
890 3071 1057 3126 sciret
1082 3080 1342 3140 quantum
1399 3071 1614 3126 sudoris
1651 3070 1912 3142 agricola,
1949 3082 2008 3125 ut

2115 581 2304 638 λαύειν
2345 585 2646 642 ἐθέλουσιν.

2189 874 2270 924 ιε’.
2307 863 2469 929 Οἶκος
2519 867 2576 921 δὲ
2609 865 2761 935 αὐτῷ
2793 860 2861 936 ἦν
2889 865 2964 929 ὡς
3023 864 3098 917 τὰ
3132 862 3306 916 πολλὰ
3347 863 3378 916 ὁ
3432 863 3524 916 τοῦ
3557 862 3703 916 Θεοῦ

2079 957 2281 1038 ὀϊκος,
2309 960 2368 1014 ὲν
2422 953 2466 1029 ᾧ
2511 952 2626 1012 οἷον
2667 957 3076 1028 πεφυτευμένος
3131 958 3413 1027 κάρπιμον
3448 956 3704 1010 ἔθαλλεν.

2127 1052 2317 1121 Ὀλίγα
2339 1046 2434 1108 οὖν
2463 1051 2490 1104 ὁ
2522 1051 2676 1122 ἥλιος
2697 1049 2862 1104 αὐτὸν
2893 1049 3044 1118 ἑώρα
3075 1045 3563 1118 ὲμφιλοχωροῦντα
3586 1049 3707 1106 τοῖς

2115 1144 2312 1218 πρώην
2334 1144 2647 1214 συνήθεσιν,
2681 1142 2844 1196 ὁπότε
2866 1141 3030 1212 τυχὸν
3074 1139 3478 1209 ἐπισκέψασθαι
3511 1158 3564 1192 τι
3591 1139 3703 1191 ἔδει

2113 1237 2224 1291 τῶν
2249 1237 2350 1291 ὅσα
2378 1236 2494 1300 τοῖς
2523 1235 2662 1290 κατὰ
2692 1235 2904 1304 κόσμον
2934 1233 3350 1301 ἀναγκαιότατα
3370 1248 3383 1262 ·
3411 1233 3600 1284 ὁποῖον
3632 1231 3700 1301 δή

2114 1349 2167 1385 τι
2201 1329 2295 1382 καὶ
2326 1331 2359 1399 ὴ
2403 1327 2534 1399 περὶ
2582 1327 2691 1397 γῆν
2721 1326 2874 1398 αὐτῷ
2922 1325 3179 1396 ἐργασία.
3227 1325 3456 1391 Ἦγάπα
3493 1323 3605 1393 γὰρ
3638 1324 3705 1375 ού

2118 1421 2280 1490 μόνον
2307 1419 2558 1490 θητικαῖς
2586 1419 2774 1490 χερσὶν
2798 1417 3169 1472 ἀνασκάλλειν
3199 1416 3300 1487 τὴν
3328 1416 3435 1484 γῆν
3464 1416 3546 1477 εἰς
3574 1433 3707 1466 παν·

2114 1511 2349 1566 τοδαπδν
2402 1513 2682 1583 φύτευμα,
2739 1510 2879 1564 ἀλλὰ
2923 1512 3022 1564 καὶ
3053 1510 3216 1580 χερσὶ
3242 1508 3531 1562 πονεῖσθαι
3571 1508 3707 1573 περὶ

2114 1605 2307 1676 αὐτὴν,
2331 1605 2553 1672 εὐγενὲς
2585 1604 2746 1658 τοῦτο
2773 1603 3067 1672 ἐπικρίνας
3105 1602 3266 1671 ἔργον
3297 1596 3436 1656 εἶναι
3466 1601 3562 1653 καὶ
3596 1600 3700 1652 άν-

2117 1695 2322 1768 θρώπῳ
2379 1697 2680 1766 προσῆκον.
2734 1698 2896 1748 Δυεῖν
2947 1693 3059 1764 γὰρ
3089 1693 3320 1760 τούτων,
3376 1693 3481 1763 γῆς
3517 1709 3579 1744 τε
3609 1692 3705 1743 καὶ

2118 1787 2420 1859 θαλάσσης,
2452 1787 2662 1858 ταύτης
2693 1787 2794 1856 μὲν
2825 1788 2858 1857 ἡ
2896 1784 3134 1854 ἐργασία
3174 1783 3505 1845 ἐπείσακτος
3542 1783 3700 1835 iam-

2120 1898 2210 1951 ρον
2241 1880 2465 1950 χρόνου,
2489 1879 2583 1932 καὶ
2616 1879 2738 1932 οὐδὲ
2781 1878 3134 1946 πεφιλημένη
3161 1879 3274 1939 τοῖς
3313 1875 3572 1929 ἐθέλουσι
3601 1893 3700 1944 μα-

2116 1973 2224 2041 κρά
2248 1989 2302 2025 τε
2337 1972 2438 2041 ζῇν
2474 1974 2568 2026 καὶ
2606 1972 2868 2025 ἀκίνδυνα
2887 1985 2902 1999 ⁸
2935 1971 3009 2041 γῆ
3033 1970 3090 2023 δὲ
3119 1969 3457 2038 ποθουμένη,
3480 1969 3584 2020 ὅσα
3608 1970 3703 2019 καὶ

2120 2066 2328 2136 μήτηρ,
2387 2065 2534 2132 φιλεῖ
2568 2080 2625 2116 τε
2660 2065 2755 2116 καὶ
2795 2063 3103 2126 ἀσπάζεται
3153 2061 3283 2124 τοὺς
3314 2059 3703 2122 κυπτάζοντας

2116 2160 2244 2227 περὶ
2283 2156 2472 2227 αὐτὴν,
2509 2156 2604 2209 καὶ
2633 2155 2724 2208 τὸν
2759 2155 3051 2224 Ἀσφάλιον
3082 2152 3454 2223 προῖσχομένη
3507 2167 3707 2217 συντη·

2116 2253 2202 2321 ρεῖ
2236 2251 2363 2312 τοὺς
2417 2248 2826 2318 γεηπονοῦντας
2889 2249 2971 2313 είς
3034 2247 3271 2317 καίριον.
3319 2245 3427 2298 Καὶ
3483 2243 3701 2310 ἐστινὴ

2114 2338 2412 2408 γεωργίαὴ
2442 2337 2931 2406 όπωσοῦν’ἀγαθὺν
2983 2337 3304 2408 ἀρχέγονον,
3337 2331 3704 2389 πλουτοποιὸν

2115 2428 2298 2500 ἔργον,
2326 2429 2609 2484 ἀκίνδυνον
2636 2427 2823 2494 καλὸν,
2851 2429 3014 2498 τέχνη
3050 2427 3325 2498 συγγενὴς
3355 2425 3700 2492 ἀνθρώποις.

2188 2620 2284 2680 ις’.
2322 2613 2510 2667 Ταῦτά
2566 2629 2625 2665 τε
2683 2612 2800 2676 οῦν,
2831 2611 2928 2665 καὶ⁵
2972 2612 3072 2664 ὅσα
3124 2611 3352 2664 τοιαῦτα
3389 2611 3568 2678 σεμνὰ
3597 2608 3700 2678 τῆς

2115 2705 2456 2776 γεωργικῆς,
2508 2704 2767 2758 καθεϊλκε
2823 2705 2916 2758 τὸν
2947 2703 3200 2756 Φιλόθεον
3229 2705 3311 2766 είς
3360 2701 3563 2772 αὐτὴν,
3601 2701 3700 2754 καὶ

2113 2801 2195 2856 ὅτι
2217 2799 2310 2854 τοῦ
2348 2797 2489 2852 κατὰ
2510 2798 2672 2868 σῶμα
2697 2797 2874 2867 πηλοῦ
2917 2797 3231 2865 ὲξικμάζει,
3263 2795 3359 2848 καὶ
3385 2795 3530 2847 οῦτω
3563 2811 3692 2846 στεο

2113 2892 2278 2957 γανδν
2302 2893 2510 2946 ἐκεῖνον
2533 2892 2682 2944 ποιεῖ
2708 2891 2801 2944 καὶ
2827 2888 3154 2958 καρτερικὸν
3176 2888 3258 2950 είς
3283 2889 3440 2957 ἔργα.
3472 2883 3697 2954 Ἐφιλοο

2118 2986 2322 3056 σόφησε
2367 2983 2569 3045 τοίνυν,
2605 2983 2724 3036 δέον
2780 2978 2924 3034 εἶναι
2981 2977 3266 3034 κάνταῦθα
3325 2979 3610 3049 ἐπικρῖναι
3635 2977 3698 3030 τὸ

2115 3082 2361 3150 κρεῖττον
2378 3095 2393 3109 ·
2421 3078 2515 3131 καὶ
2537 3074 2717 3138 εἰδὼς,
2741 3075 2938 3128 ὁπόσον
2956 3074 3154 3143 ἱδρῶτα
3181 3073 3261 3136 είς
3291 3072 3412 3125 δέον
3435 3070 3698 3135 ἐκϐλύζει

436 3157 609 3212 olnt-io
635 3161 956 3226 satisfaciat,
990 3178 1020 3216 e
1047 3177 1273 3231 corpore
1307 3159 1620 3232 profundat,
1641 3161 1905 3231 siquidem
1937 3160 2000 3214 ad

2118 3172 2224 3224 τῶν
2256 3169 2474 3241 σαρκῶν
2493 3169 2520 3221 ὁ
2549 3165 2866 3236 γεωπονῶν,
2887 3164 3077 3218 καθότι
3108 3167 3203 3219 καὶ
3226 3166 3285 3218 ἐν
3308 3163 3495 3233 ἱδρῶτι
3517 3178 3696 3232 προσ-

436 3252 826 3305 cometlendum
858 3267 1049 3322 panem
1084 3261 1324 3308 nostrum
1352 3253 1402 3305 in
1450 3253 1650 3308 sudore
1678 3251 1834 3306 faciei
1871 3265 2005 3304 cou-

435 3342 672 3399 demnati
704 3359 916 3412 sumtis,
944 3357 996 3400 et
1023 3361 1142 3400 cum
1165 3345 1421 3401 sudorem
1455 3361 1520 3401 ac
1552 3346 1692 3401 bona
1733 3345 1857 3400 inde
1883 3359 2006 3414 pro.

435 3436 654 3493 fluentia
697 3450 1059 3508 compararet,
1095 3447 1259 3506 atque
1293 3438 1407 3492 haec
1440 3437 1648 3492 lancem
1707 3437 2010 3506 deprimere

437 3529 824 3600 perspexisset,
874 3530 1016 3585 hanc
1054 3543 1226 3584 artem
1279 3528 1620 3598 amplectitur
1675 3536 1861 3597 utpote
1891 3541 2010 3595 qua:

433 3623 603 3676 vitam
631 3629 960 3674 sustentaret
997 3629 1052 3673 et
1085 3635 1304 3674 carnem
1331 3629 1672 3675 extenuaret.
1709 3619 1799 3672 Sic
1839 3619 2008 3672 virtu-

437 3723 546 3766 tem
578 3712 738 3767 simul
769 3727 893 3767 eutn
933 3712 1076 3766 victu
1119 3712 1364 3768 lucratus
1407 3722 1462 3766 et
1505 3721 1666 3767 terra:
1725 3711 1861 3765 bona
1889 3725 2008 3778 qua:

434 3803 676 3858 etiamin
703 3804 939 3856 animam
967 3803 1332 3858 redundarent
1364 3815 1574 3869 nactus,
1607 3813 1657 3859 et
1690 3802 1803 3858 suis
1845 3799 2006 3854 fatui-

437 3895 687 3960 liaribus,
720 3905 774 3948 et
802 3896 1128 3963 pauperibus
1158 3910 1188 3950 e
1215 3895 1349 3964 justi
1376 3897 1582 3951 laboris
1620 3903 1883 3965 proventu
1917 3909 2008 3949 ne-

437 3986 678 4045 cessaria
714 3987 1011 4042 distribuit.
1046 3987 1333 4058 Nunquam
1371 3989 1514 4043 enint
1556 3987 1764 4044 destitit
1807 3988 2011 4040 exhau-

439 4082 548 4135 rire
575 4081 775 4134 fontem
813 4092 970 4132 suum
1014 4080 1064 4132 in
1114 4080 1348 4149 gratiam
1381 4093 1570 4134 eorum
1608 4077 1701 4146 qui
1765 4077 2007 4140 sitirent,

437 4175 614 4230 minus
643 4173 745 4228 sibi
768 4183 820 4228 et
845 4173 978 4238 suis,
1008 4186 1168 4242 quam
1200 4172 1456 4228 fratribus
1480 4172 1533 4226 in
1559 4171 1774 4227 Christe
1803 4185 2008 4226 consu-

435 4267 574 4324 lens.

508 4363 598 4416 17.
643 4361 767 4417 liae
795 4372 975 4417 autem
1011 4360 1192 4415 omnia
1219 4374 1323 4412 non
1369 4355 1541 4411 solum
1599 4354 1918 4420 ell'ecerunt,
1953 4360 2012 4407 ut

437 4462 659 4508 sanctos
687 4454 768 4506 vir
802 4453 1137 4515 laudaretur,
1167 4461 1220 4505 et
1247 4451 1385 4503 bona
1422 4447 1564 4501 fama
1597 4445 1924 4518 Splenderet,
1953 4453 2008 4498 et

2114 3261 2266 3315 ὡπου
2315 3261 2513 3328 φαγεῖν
2541 3259 2633 3312 τὸν
2671 3259 2840 3328 ἄρτον
2875 3256 3035 3326 ἡμῶν
3088 3254 3567 3327 κατακεκρίμεθα,
3597 3255 3698 3306 καὶ

2114 3351 2484 3414 ταλαντεύσας
2541 3349 2678 3420 πρὸς
2723 3349 2932 3402 ἐκεῖνον
2965 3347 3034 3400 τὰ
3071 3346 3130 3410 ἐξ
3167 3345 3332 3399 αὑτοῦ
3377 3345 3542 3408 καλά,
3597 3343 3698 3396 καὶ

2113 3443 2406 3496 καθέλκειν
2437 3441 2578 3494 αὐτὰ
2613 3440 2788 3510 ῥοπῆς
2823 3437 2971 3508 λόγῳ
3019 3438 3292 3506 διαγνοὺς,
3355 3437 3565 3505 γίνεται
3592 3432 3698 3505 τῆς

2112 3535 2310 3606 τέχνης
2343 3533 2551 3604 ταύτης
2583 3533 2664 3595 είς
2702 3531 2818 3601 βίου
2851 3548 2911 3584 τε
2943 3530 3218 3601 πορισμὸν
3246 3530 3342 3583 καὶ
3364 3529 3521 3599 τῆξιν
3557 3543 3695 3594 σαρ-

2114 3627 2261 3679 κῶν·
2299 3626 2392 3677 καὶ
2447 3623 2652 3695 ἀρετὴν
2713 3629 2772 3679 ὲν
2822 3621 3011 3692 ταυτῷ
3043 3622 3140 3675 καὶ
3180 3621 3294 3691 βίον
3318 3620 3694 3690 τεχνώμενος,

2114 3718 2208 3772 καὶ
2231 3717 2374 3770 οὕτω
2401 3717 2764 3788 ποριζόμενος
2796 3718 2867 3772 τὰ
2894 3717 2958 3769 ὲκ
2990 3717 3094 3784 γῆς
3125 3713 3308 3780 ἀγαθὰ
3338 3713 3694 3767 διαϐαίνοντα
3765 3781 3772 3787 _

2113 3810 2210 3865 καὶ
2234 3812 2290 3872 ἐς
2321 3809 2522 3880 ψυχὴν,
2557 3811 2667 3872 τοῖς
2700 3827 2760 3862 τε
2791 3808 3014 3871 οἰκείοις
3041 3804 3336 3876 ὲπεμέτρει
3365 3805 3426 3858 τὸ
3457 3803 3693 3875 ἀρκοῦν,

2113 3905 2206 3960 καὶ
2234 3906 2347 3968 τοῖς
2375 3904 2658 3974 δεομένοις
2703 3907 2768 3958 ὲκ
2806 3902 3037 3957 δικαίων
3070 3901 3408 3971 πονημάτων
3438 3900 3695 3969 ὲσιτομέ-

2111 4015 2228 4068 τρει
2261 3999 2327 4051 τὰ
2355 3997 2566 4052 δέοντα.
2621 3998 2895 4051 Οὐδέποτε
2945 3995 3056 4065 γὰρ
3088 3993 3232 4048 ἀνίει
3264 3993 3542 4058 ἐξαντλῶν
3592 3992 3694 4062 τὴν

2113 4089 2244 4156 παρ’
2261 4087 2410 4158 αύτῷ
2428 4087 2741 4158 περιούσιον
2763 4087 3064 4157 δεξαμενὴν
3088 4087 3203 4147 τοῖς
3231 4083 3460 4153 διψῶσιν
3489 4082 3692 4151 αὐτῆς,

2111 4181 2172 4232 οὗ
2194 4179 2657 4250 τοσοῦτον.ὲαυτῴ
2697 4181 2792 4236 καὶ
2825 4181 2938 4242 τοῖς
2984 4177 3152 4232 αὐτοῦ
3192 4173 3555 4243 πονούμενος,
3611 4173 3691 4234 είς

2111 4273 2236 4327 ὅσον
2262 4275 2377 4337 τοῖς
2409 4273 2468 4325 ὲν
2495 4273 2718 4343 Χριστῷ
2746 4272 3021 4342 ἀδελφοῖς.

2185 4358 2272 4425 ιζ’.
2301 4359 2481 4416 Ἦσαν
2503 4361 2558 4415 δὲ
2586 4362 2696 4431 ἄρα
2726 4363 2902 4415 πάντα
2931 4361 3106 4414 ταῦτα
3136 4360 3218 4430 τῷ
3252 4358 3394 4428 ἁγίῳ
3419 4357 3483 4410 οῦ
3524 4358 3692 4428 μόνον

2113 4451 2265 4506 αἴτια
2295 4452 2390 4505 τοῦ
2425 4451 2612 4517 ἁπλῶς
2639 4454 2699 4506 ὲν
2732 4451 2832 4523 βίῳ
2859 4451 3253 4523 σεμνύνεσθαι,
3285 4449 3382 4504 καὶ
3411 4447 3694 4509 εὐκλείαις

435 4547 650 4601 celeber
707 4554 856 4600 esset
909 4543 1091 4598 verbis
1115 4551 1168 4597 et
1232 4541 1389 4596 factis
1451 4540 1652 4610 quibus
1703 4541 1914 4594 theorta
1950 4546 2006 4590 et

2118 4539 2514 4610 ἐλλάμπεσθαι,
2545 4510 2639 4595 καὶ
2660 4510 3046 4610 ἐν’λόγοιςυκαὶ
3066 4543 3124 4594 ἐν
3151 4510 3338 4612 ἔργοις
3362 4534 3506 4592 εἶναι
3529 4537 3691 4608 περί-

435 4636 625 4706 praxis
657 4635 1047 4691 constituitur:
1079 4631 1172 4686 sed
1209 4630 1396 4685 habuit
1424 4629 1592 4685 etiam
1610 4645 1878 4684 summum
1903 4644 2006 4682 au-

2118 4631 2361 4699 ὅλεπτον,
2414 4633 2485 4686 δι’
2532 4626 2608 4687 ὧν
2639 4633 2842 4704 θεωρία
2887 4633 3254 4702 κατορθοῦται
3301 4632 3399 4686 καὶ
3451 4633 3689 4701 πρᾶξις·

436 4727 622 4782 xiliutn
645 4727 902 4782 divinitus
925 4727 1136 4787 datum,
1187 4723 1347 4792 quale
1393 4721 1534 4776 Deus
1555 4722 1856 4777 concedere
1871 4723 2010 4778 solet

439 4820 545 4876 illis
589 4819 682 4888 qui
733 4821 908 4890 ipsum
951 4830 1295 4886 summopere
1351 4815 1684 4882 desiderant,
1717 4816 2010 4872 examinati

438 4912 693 4967 nimirum
722 4909 968 4966 desiderii
995 4911 1273 4976 praemium
1296 4907 1791 4978 splendidissimum
1816 4922 2011 4977 repen-

437 5002 595 5056 dens.
625 5000 992 5069 Przcterquant
1024 4999 1170 5052 enim
1197 4999 1344 5068 quod
1376 4998 1615 5068 alioquin
1647 4999 2012 5067 indigentibus

438 5092 696 5148 auxilium
732 5091 897 5145 ferret
925 5103 1022 5157 per
1046 5103 1233 5158 preces
1249 5099 1303 5143 et
1328 5091 1638 5144 unctionem
1659 5088 1800 5158 (oleo
1824 5089 2012 5145 exsul-

435 5185 681 5247 talionis.
703 5183 776 5238 uti
803 5181 1135 5236 Psalmorum
1154 5191 1344 5235 auctor
1368 5179 1529 5251 ait‘),
1553 5189 1606 5234 et
1624 5195 1883 5236 manuum
1912 5181 2014 5235 im-

441 5277 788 5347 positionem.
845 5275 1006 5331 etiam
1071 5289 1264 5344 magna
1327 5273 1452 5329 iecit
1503 5273 1786 5337 miracula,
1844 5289 2012 5345 panes

439 5369 683 5438 aliasque
712 5381 798 5421 res
823 5366 892 5420 ad
914 5367 1112 5421 victum
1137 5366 1473 5422 necessarias
1493 5381 1522 5421 e
1543 5365 1779 5421 minimis
1809 5366 2012 5435 princi-

441 5461 544 5532 piis
588 5459 654 5514 ad
690 5473 941 5530 magnum
1001 5473 1284 5512 numerum
1348 5457 1680 5527 adaugens,.
1709 5458 2008 5513 secundum

445 5550 729 5606 Dominum
761 5549 852 5619 qui
885 5549 1170 5606 verissime
1208 5549 1474 5618 promisit.
1507 5548 1650 5618 quod
1680 5547 1715 5602 ii
1775 5548 1867 5617 qui
1903 5548 2003 5617 ipsi

441 5644 689 5698 serviunt
721 5644 904 5698 eadem
933 5657 1055 5712 qua:
1087 5641 1174 5695 ille
1226 5639 1370 5703 fecit,
1421 5639 1520 5708 ipsi
1567 5652 1779 5708 quoque
1807 5638 2000 5694 facturi

513 5825 534 5858 λ
565 5826 707 5890 Psal.
749 5846 891 5896 λων,
928 5832 978 5886 8.

2107 4723 2246 4777 ἀλλὰ
2279 4723 2371 4776 καί
2415 4740 2502 4784 τις
2558 4726 2800 4795 μεγίστη
2831 4723 3124 4795 προσθήκη
3175 4725 3242 4778 ἐκ
3269 4722 3433 4788 Θεοῦ,
3490 4723 3692 4775 ὁποίαν

2109 4816 2274 4878 αὐτὸς
2303 4811 2443 4868 οἶδεν
2467 4815 2788 4885 ὲπιμετρεῖν
2825 4817 2941 4879 τοῖς
2992 4816 3182 4889 ἄκρως
3209 4814 3473 4869 ποθοῦσιν
3502 4815 3692 4881 αὑτὸν,

2111 4905 2577 4976 ἐξαριθμούμενος
2609 4909 2700 4961 τὸν
2750 4908 2941 4974 πόθον,
2972 4909 3070 4962 καὶ
3107 4908 3479 4979 ἀντάλλαγμα
3510 4908 3694 4972 διδοὺς

2109 5000 2172 5054 τδ
2205 4999 2496 5070 μεγαλεῖον
2528 5003 2626 5072 τῆς
2663 5001 2886 5064 δόσεως.
2919 5001 3054 5071 Δίχα
3087 5001 3197 5072 γὰρ
3219 5001 3312 5055 τοῦ
3345 5001 3522 5064 ἄλλως
3558 4990 3694 5072 βοη-

2111 5091 2227 5144 θεῖν
2251 5096 2362 5155 τοτς
2395 5091 2656 5163 χρῄζουσι
2689 5092 2778 5145 διά
2797 5109 2855 5145 τε
2891 5093 3072 5162 εύχῶν
3097 5095 3193 5147 καὶ
3223 5093 3457 5164 ἁλοιφῆς
3479 5092 3692 5163 (ἐλαίου

2109 5183 2512 5250 ἀγαλλιάσεως,
2531 5183 2674 5237 κατὰ
2698 5184 2790 5238 τὸν
2820 5183 3132 5256 Ψαλμιρδδν
3153 5186 3196 5257 ),
3223 5188 3316 5241 καὶ
3337 5186 3541 5257 χειρῶν
3565 5188 3690 5241 ἐπι-

2111 5271 2331 5334 οέ;εως,
2354 5273 2448 5326 καὶ
2465 5273 2728 5342 τεράστια
2752 5275 3156 5346 κατειργάζετο
3184 5277 3464 5346 θαύματα,
3486 5276 3692 5346 ἄρτους

2112 5381 2172 5418 τε
2205 5365 2299 5418 καὶ
2329 5364 2494 5416 λοιπὰ
2530 5366 2652 5418 σῖτα
2687 5366 2746 5432 ἐξ
2770 5367 3039 5437 ἀφορμῶν
3083 5368 3377 5435 ὀλιγίστων
3401 5375 3481 5430 εἰς
3517 5370 3691 5420 πολὺν

2109 5457 2346 5530 ἀριθμὸν
2383 5456 2701 5529 πληθύνων,
2753 5461 2897 5513 κατὰ
2929 5461 3022 5512 τὸν
3052 5459 3301 5530 ἁψευδῶς
3353 5459 3689 5527 ἐπαγγειλά-

2113 5566 2273 5619 μενον
2298 5547 2524 5620 Κύριον,
2553 5548 2629 5613 ὼς
2659 5552 2706 5603 oi
2739 5551 2903 5604 αὑτὸν
2928 5551 3384 5623 θεραπεύσαντες,
3416 5549 3450 5604 ἃ.
3476 5553 3688 5613 ἐκεῖνος

2113 5641 2275 5706 ποιεῖ,
2329 5639 2421 5693 καὶ
2455 5641 2613 5696 αὐτοὶ
2648 5643 2962 5713 ποιήσουσι,
3011 5641 3105 5697 καί
3141 5658 3243 5694 που
3297 5642 3391 5694 καὶ
3425 5639 3681 5710 μείζονα·
