  <div class='ocr_page' id='page_1' title='image "/cluster/home/n/w/nwhite01/storage/ocr_20150623/136/hvd.32044019208305/086.png"; bbox 0 0 3968 6566; ppageno 0'>
   <div class='ocr_carea' id='block_1_1' title="bbox 243 406 340 470">
    <p class='ocr_par' dir='ltr' id='par_1_1' title="bbox 243 406 340 470">
     <span class='ocr_line' id='line_1_1' title="bbox 243 406 340 470; baseline -0.021 0"><span class='ocrx_word' id='word_1_1' title='bbox 243 406 340 470; x_wconf 80' lang='grc'><strong>157</strong></span> 
     </span>
    </p>
   </div>
   <div class='ocr_carea' id='block_1_2' title="bbox 1138 404 2561 470">
    <p class='ocr_par' dir='ltr' id='par_1_2' title="bbox 1138 404 2561 470">
     <span class='ocr_line' id='line_1_2' title="bbox 1138 404 2561 470; baseline 0.001 -3"><span class='ocrx_word' id='word_1_2' title='bbox 1138 407 1289 467; x_wconf 77' lang='lat' dir='ltr'><strong>LAU</strong></span> <span class='ocrx_word' id='word_1_3' title='bbox 1306 405 1531 466; x_wconf 80' lang='lat' dir='ltr'><strong>DATlO</strong></span> <span class='ocrx_word' id='word_1_4' title='bbox 1572 406 1634 467; x_wconf 91' lang='lat' dir='ltr'><strong>S.</strong></span> <span class='ocrx_word' id='word_1_5' title='bbox 1668 405 2101 469; x_wconf 85' lang='lat' dir='ltr'><strong>PlIILOTilEI</strong></span> <span class='ocrx_word' id='word_1_6' title='bbox 2148 404 2561 470; x_wconf 79' lang='lat' dir='ltr'><strong>OPSIClANI.</strong></span> 
     </span>
    </p>
   </div>
   <div class='ocr_carea' id='block_1_3' title="bbox 3382 390 3487 454">
    <p class='ocr_par' dir='ltr' id='par_1_3' title="bbox 3382 390 3487 454">
     <span class='ocr_line' id='line_1_3' title="bbox 3382 390 3487 454; baseline 0.01 -2"><span class='ocrx_word' id='word_1_7' title='bbox 3382 390 3487 454; x_wconf 66' lang='lat'><strong>158</strong></span> 
     </span>
    </p>
   </div>
   <div class='ocr_carea' id='block_1_4' title="bbox 241 513 1807 596">
    <p class='ocr_par' dir='ltr' id='par_1_4' title="bbox 241 522 1801 596">
     <span class='ocr_line' id='line_1_4' title="bbox 241 522 1801 596; baseline -0.006 -11"><span class='ocrx_word' id='word_1_8' title='bbox 241 532 336 585; x_wconf 75' lang='grc' dir='ltr'><strong>καὶ</strong></span> <span class='ocrx_word' id='word_1_9' title='bbox 350 525 603 596; x_wconf 83' lang='grc' dir='ltr'><strong>ταμιείων</strong></span> <span class='ocrx_word' id='word_1_10' title='bbox 629 524 787 577; x_wconf 72' lang='grc' dir='ltr'><strong>οὐδὲν</strong></span> <span class='ocrx_word' id='word_1_11' title='bbox 818 523 1072 592; x_wconf 82' lang='grc' dir='ltr'><strong>ἑχόντων,</strong></span> <span class='ocrx_word' id='word_1_12' title='bbox 1123 522 1258 576; x_wconf 68' lang='grc' dir='ltr'><strong>ἀλλὰ</strong></span> <span class='ocrx_word' id='word_1_13' title='bbox 1305 522 1585 585; x_wconf 83' lang='grc' dir='ltr'><strong>παντελῶς</strong></span> <span class='ocrx_word' id='word_1_14' title='bbox 1617 522 1801 576; x_wconf 84' lang='grc' dir='ltr'><strong>διακέ-</strong></span> 
     </span>
    </p>
   </div>
   <div class='ocr_carea' id='block_1_5' title="bbox 1912 513 3482 596">
    <p class='ocr_par' dir='ltr' id='par_1_5' title="bbox 1912 513 3482 596">
     <span class='ocr_line' id='line_1_5' title="bbox 1912 513 3482 596; baseline -0.009 -17"><span class='ocrx_word' id='word_1_15' title='bbox 1912 525 2039 591; x_wconf 85' lang='lat' dir='ltr'><strong>sint,</strong></span> <span class='ocrx_word' id='word_1_16' title='bbox 2082 533 2135 580; x_wconf 90' lang='lat' dir='ltr'><strong>et</strong></span> <span class='ocrx_word' id='word_1_17' title='bbox 2165 525 2396 581; x_wconf 81' lang='lat' dir='ltr'><strong>fortasse</strong></span> <span class='ocrx_word' id='word_1_18' title='bbox 2429 524 2659 596; x_wconf 85' lang='lat' dir='ltr'><strong>majora.</strong></span> <span class='ocrx_word' id='word_1_19' title='bbox 2686 521 2910 591; x_wconf 80' lang='lat' dir='ltr'><strong>Quando</strong></span> <span class='ocrx_word' id='word_1_20' title='bbox 2952 518 3093 574; x_wconf 88' lang='lat' dir='ltr'><strong>enim</strong></span> <span class='ocrx_word' id='word_1_21' title='bbox 3126 517 3317 571; x_wconf 85' lang='lat' dir='ltr'><strong>horrea</strong></span> <span class='ocrx_word' id='word_1_22' title='bbox 3346 513 3482 570; x_wconf 90' lang='lat' dir='ltr'><strong>nihil</strong></span> 
     </span>
    </p>
   </div>
   <div class='ocr_carea' id='block_1_6' title="bbox 242 613 1791 685">
    <p class='ocr_par' dir='ltr' id='par_1_6' title="bbox 242 613 1791 685">
     <span class='ocr_line' id='line_1_6' title="bbox 242 613 1791 685; baseline -0.005 -12"><span class='ocrx_word' id='word_1_23' title='bbox 242 639 359 684; x_wconf 88' lang='grc' dir='ltr'><strong>νων,</strong></span> <span class='ocrx_word' id='word_1_24' title='bbox 397 615 643 685; x_wconf 75' lang='grc' dir='ltr'>ἐκφορῶν</span> <span class='ocrx_word' id='word_1_25' title='bbox 688 616 801 678; x_wconf 82' lang='grc' dir='ltr'><strong>τοῖς</strong></span> <span class='ocrx_word' id='word_1_26' title='bbox 854 618 912 668; x_wconf 78' lang='grc' dir='ltr'><strong>ὲν</strong></span> <span class='ocrx_word' id='word_1_27' title='bbox 960 613 1135 684; x_wconf 62' lang='grc' dir='ltr'><strong>ἐνδείᾳ.</strong></span> <span class='ocrx_word' id='word_1_28' title='bbox 1185 616 1253 667; x_wconf 69' lang='grc' dir='ltr'><strong>τὰ</strong></span> <span class='ocrx_word' id='word_1_29' title='bbox 1288 616 1573 685; x_wconf 78' lang='grc' dir='ltr'><strong>χρήσιμα,</strong></span> <span class='ocrx_word' id='word_1_30' title='bbox 1612 614 1707 667; x_wconf 77' lang='grc' dir='ltr'><strong>καὶ</strong></span> <span class='ocrx_word' id='word_1_31' title='bbox 1733 615 1791 666; x_wconf 73' lang='grc' dir='ltr'><strong>οὐ</strong></span> 
     </span>
    </p>
   </div>
   <div class='ocr_carea' id='block_1_7' title="bbox 243 702 1793 781">
    <p class='ocr_par' dir='ltr' id='par_1_7' title="bbox 243 702 1793 781">
     <span class='ocr_line' id='line_1_7' title="bbox 243 702 1793 781; baseline -0.002 -17"><span class='ocrx_word' id='word_1_32' title='bbox 243 713 394 781; x_wconf 70' lang='grc' dir='ltr'><strong>μόνον</strong></span> <span class='ocrx_word' id='word_1_33' title='bbox 450 708 602 775; x_wconf 73' lang='grc' dir='ltr'><strong>αὐτὸ,</strong></span> <span class='ocrx_word' id='word_1_34' title='bbox 639 708 781 761; x_wconf 84' lang='grc' dir='ltr'><strong>ἀλλὰ</strong></span> <span class='ocrx_word' id='word_1_35' title='bbox 819 707 915 761; x_wconf 71' lang='grc' dir='ltr'><strong>καὶ</strong></span> <span class='ocrx_word' id='word_1_36' title='bbox 966 702 1110 760; x_wconf 76' lang='grc' dir='ltr'><strong>οἶνον</strong></span> <span class='ocrx_word' id='word_1_37' title='bbox 1147 709 1445 778; x_wconf 74' lang='grc' dir='ltr'><strong>σχεδιάζων</strong></span> <span class='ocrx_word' id='word_1_38' title='bbox 1471 710 1610 764; x_wconf 73' lang='grc' dir='ltr'><strong>κατὰ</strong></span> <span class='ocrx_word' id='word_1_39' title='bbox 1640 708 1700 762; x_wconf 71' lang='grc' dir='ltr'><strong>τὸ</strong></span> <span class='ocrx_word' id='word_1_40' title='bbox 1734 708 1793 761; x_wconf 82' lang='grc' dir='ltr'><strong>ὲν</strong></span> 
     </span>
    </p>
   </div>
   <div class='ocr_carea' id='block_1_8' title="bbox 240 799 1794 874">
    <p class='ocr_par' dir='ltr' id='par_1_8' title="bbox 240 799 1794 874">
     <span class='ocr_line' id='line_1_8' title="bbox 240 799 1794 874; baseline -0.005 -15"><span class='ocrx_word' id='word_1_41' title='bbox 240 806 392 874; x_wconf 79' lang='grc' dir='ltr'><strong>Κανᾷ</strong></span> <span class='ocrx_word' id='word_1_42' title='bbox 426 802 607 871; x_wconf 79' lang='grc' dir='ltr'><strong>θαῦμα</strong></span> <span class='ocrx_word' id='word_1_43' title='bbox 632 802 694 853; x_wconf 80' lang='grc' dir='ltr'><strong>τὸ</strong></span> <span class='ocrx_word' id='word_1_44' title='bbox 716 800 1096 870; x_wconf 79' lang='grc' dir='ltr'><strong>εὑαγγελικδν,</strong></span> <span class='ocrx_word' id='word_1_45' title='bbox 1146 802 1240 853; x_wconf 82' lang='grc' dir='ltr'><strong>καὶ</strong></span> <span class='ocrx_word' id='word_1_46' title='bbox 1270 801 1443 864; x_wconf 75' lang='grc' dir='ltr'><strong>οὕτως</strong></span> <span class='ocrx_word' id='word_1_47' title='bbox 1474 801 1625 870; x_wconf 78' lang='grc' dir='ltr'><strong>ἄρτῳ</strong></span> <span class='ocrx_word' id='word_1_48' title='bbox 1695 799 1794 868; x_wconf 78' lang='grc' dir='ltr'><strong>μὲν</strong></span> 
     </span>
    </p>
   </div>
   <div class='ocr_carea' id='block_1_9' title="bbox 241 891 1796 963">
    <p class='ocr_par' dir='ltr' id='par_1_9' title="bbox 241 891 1796 963">
     <span class='ocr_line' id='line_1_9' title="bbox 241 891 1796 963; baseline -0.002 -18"><span class='ocrx_word' id='word_1_49' title='bbox 241 894 522 963; x_wconf 74' lang='grc' dir='ltr'><strong>στηρίζων,</strong></span> <span class='ocrx_word' id='word_1_50' title='bbox 574 893 704 961; x_wconf 73' lang='grc' dir='ltr'><strong>οἴνῳ</strong></span> <span class='ocrx_word' id='word_1_51' title='bbox 756 891 814 943; x_wconf 81' lang='grc' dir='ltr'><strong>δὲ</strong></span> <span class='ocrx_word' id='word_1_52' title='bbox 842 892 1150 960; x_wconf 73' lang='grc' dir='ltr'><strong>εὐφραίνων</strong></span> <span class='ocrx_word' id='word_1_53' title='bbox 1180 891 1280 955; x_wconf 78' lang='grc' dir='ltr'><strong>τὰς</strong></span> <span class='ocrx_word' id='word_1_54' title='bbox 1309 892 1417 944; x_wconf 85' lang='grc' dir='ltr'><strong>τῶν</strong></span> <span class='ocrx_word' id='word_1_55' title='bbox 1456 891 1796 963; x_wconf 66' lang='grc' dir='ltr'><strong>δεδειγμένων</strong></span> 
     </span>
    </p>
   </div>
   <div class='ocr_carea' id='block_1_10' title="bbox 241 978 1795 1050">
    <p class='ocr_par' dir='ltr' id='par_1_10' title="bbox 241 978 1795 1050">
     <span class='ocr_line' id='line_1_10' title="bbox 241 978 1795 1050; baseline 0 -17"><span class='ocrx_word' id='word_1_56' title='bbox 241 980 478 1047; x_wconf 73' lang='grc' dir='ltr'><strong>καρδίας.</strong></span> <span class='ocrx_word' id='word_1_57' title='bbox 524 978 763 1046; x_wconf 81' lang='grc' dir='ltr'><strong>Λέγεται</strong></span> <span class='ocrx_word' id='word_1_58' title='bbox 815 981 923 1050; x_wconf 75' lang='grc' dir='ltr'><strong>γὰρ</strong></span> <span class='ocrx_word' id='word_1_59' title='bbox 978 982 1070 1033; x_wconf 75' lang='grc' dir='ltr'><strong>καὶ</strong></span> <span class='ocrx_word' id='word_1_60' title='bbox 1104 981 1443 1045; x_wconf 76' lang='grc' dir='ltr'><strong>πιστεύεται,</strong></span> <span class='ocrx_word' id='word_1_61' title='bbox 1474 982 1556 1033; x_wconf 87' lang='grc' dir='ltr'><strong>ὅτι</strong></span> <span class='ocrx_word' id='word_1_62' title='bbox 1604 982 1795 1049; x_wconf 71' lang='grc' dir='ltr'><strong>καιρός</strong></span> 
     </span>
    </p>
   </div>
   <div class='ocr_carea' id='block_1_11' title="bbox 238 1066 1798 1142">
    <p class='ocr_par' dir='ltr' id='par_1_11' title="bbox 238 1066 1798 1142">
     <span class='ocr_line' id='line_1_11' title="bbox 238 1066 1798 1142; baseline 0.003 -20"><span class='ocrx_word' id='word_1_63' title='bbox 238 1088 318 1131; x_wconf 78' lang='grc' dir='ltr'><strong>τις</strong></span> <span class='ocrx_word' id='word_1_64' title='bbox 366 1066 430 1139; x_wconf 79' lang='grc' dir='ltr'><strong>ἦν</strong></span> <span class='ocrx_word' id='word_1_65' title='bbox 459 1070 613 1133; x_wconf 77' lang='grc' dir='ltr'><strong>τότε,</strong></span> <span class='ocrx_word' id='word_1_66' title='bbox 674 1072 770 1122; x_wconf 74' lang='grc' dir='ltr'><strong>καὶ</strong></span> <span class='ocrx_word' id='word_1_67' title='bbox 817 1071 960 1134; x_wconf 76' lang='grc' dir='ltr'><strong>οἶνος</strong></span> <span class='ocrx_word' id='word_1_68' title='bbox 1027 1072 1127 1125; x_wconf 73' lang='grc' dir='ltr'><strong>οὐκ</strong></span> <span class='ocrx_word' id='word_1_69' title='bbox 1173 1068 1242 1142; x_wconf 82' lang='grc' dir='ltr'><strong>ἦν</strong></span> <span class='ocrx_word' id='word_1_70' title='bbox 1297 1075 1408 1136; x_wconf 83' lang='grc' dir='ltr'><strong>τοῖς</strong></span> <span class='ocrx_word' id='word_1_71' title='bbox 1464 1073 1629 1126; x_wconf 78' lang='grc' dir='ltr'><strong>αὐτοῦ</strong></span> <span class='ocrx_word' id='word_1_72' title='bbox 1677 1074 1798 1127; x_wconf 82' lang='grc' dir='ltr'>ἐπι-</span> 
     </span>
    </p>
   </div>
   <div class='ocr_carea' id='block_1_12' title="bbox 237 1157 1798 1237">
    <p class='ocr_par' dir='ltr' id='par_1_12' title="bbox 237 1157 1798 1237">
     <span class='ocr_line' id='line_1_12' title="bbox 237 1157 1798 1237; baseline 0.005 -28"><span class='ocrx_word' id='word_1_73' title='bbox 237 1157 395 1210; x_wconf 77' lang='grc' dir='ltr'>δεέσι.</span> <span class='ocrx_word' id='word_1_74' title='bbox 423 1159 527 1213; x_wconf 76' lang='grc' dir='ltr'><strong>Καὶ</strong></span> <span class='ocrx_word' id='word_1_75' title='bbox 567 1159 726 1212; x_wconf 67' lang='grc' dir='ltr'><strong>αὐτοὶ</strong></span> <span class='ocrx_word' id='word_1_76' title='bbox 757 1162 855 1228; x_wconf 74' lang='grc' dir='ltr'><strong>μὲν</strong></span> <span class='ocrx_word' id='word_1_77' title='bbox 887 1162 1107 1216; x_wconf 77' lang='grc' dir='ltr'><strong>ἐλάλουν</strong></span> <span class='ocrx_word' id='word_1_78' title='bbox 1131 1164 1197 1216; x_wconf 83' lang='grc' dir='ltr'><strong>τὰ</strong></span> <span class='ocrx_word' id='word_1_79' title='bbox 1220 1164 1354 1237; x_wconf 78' lang='grc' dir='ltr'><strong>πρὸς</strong></span> <span class='ocrx_word' id='word_1_80' title='bbox 1386 1165 1619 1227; x_wconf 73' lang='grc' dir='ltr'><strong>ἱκεσίαν,</strong></span> <span class='ocrx_word' id='word_1_81' title='bbox 1658 1164 1798 1234; x_wconf 81' lang='grc' dir='ltr'><strong>ὑπὲρ</strong></span> 
     </span>
    </p>
   </div>
   <div class='ocr_carea' id='block_1_13' title="bbox 237 1241 1797 1323">
    <p class='ocr_par' dir='ltr' id='par_1_13' title="bbox 237 1241 1797 1323">
     <span class='ocr_line' id='line_1_13' title="bbox 237 1241 1797 1323; baseline 0.004 -23"><span class='ocrx_word' id='word_1_82' title='bbox 237 1241 295 1301; x_wconf 76' lang='grc' dir='ltr'><strong>οῦ</strong></span> <span class='ocrx_word' id='word_1_83' title='bbox 326 1249 627 1302; x_wconf 78' lang='grc' dir='ltr'><strong>ἐλείποντο·</strong></span> <span class='ocrx_word' id='word_1_84' title='bbox 660 1251 688 1302; x_wconf 83' lang='grc' dir='ltr'><strong>ὁ</strong></span> <span class='ocrx_word' id='word_1_85' title='bbox 722 1251 778 1303; x_wconf 84' lang='grc' dir='ltr'><strong>δὲ</strong></span> <span class='ocrx_word' id='word_1_86' title='bbox 806 1251 937 1314; x_wconf 75' lang='grc' dir='ltr'><strong>Θεὸς</strong></span> <span class='ocrx_word' id='word_1_87' title='bbox 963 1254 1232 1323; x_wconf 76' lang='grc' dir='ltr'><strong>ἐπήκουε,</strong></span> <span class='ocrx_word' id='word_1_88' title='bbox 1263 1255 1358 1307; x_wconf 70' lang='grc' dir='ltr'><strong>καὶ</strong></span> <span class='ocrx_word' id='word_1_89' title='bbox 1406 1254 1481 1323; x_wconf 84' lang='grc' dir='ltr'><strong>τῷ</strong></span> <span class='ocrx_word' id='word_1_90' title='bbox 1510 1254 1676 1307; x_wconf 81' lang='grc' dir='ltr'><strong>αὑτοῦ</strong></span> <span class='ocrx_word' id='word_1_91' title='bbox 1711 1255 1797 1306; x_wconf 85' lang='grc' dir='ltr'><strong>θε-</strong></span> 
     </span>
    </p>
   </div>
   <div class='ocr_carea' id='block_1_14' title="bbox 241 1339 1797 1411">
    <p class='ocr_par' dir='ltr' id='par_1_14' title="bbox 241 1339 1797 1411">
     <span class='ocr_line' id='line_1_14' title="bbox 241 1339 1797 1411; baseline 0.005 -21"><span class='ocrx_word' id='word_1_92' title='bbox 241 1339 460 1409; x_wconf 73' lang='grc' dir='ltr'><strong>ράποντι</strong></span> <span class='ocrx_word' id='word_1_93' title='bbox 505 1340 745 1410; x_wconf 76' lang='grc' dir='ltr'>Φιλοθέῳ</span> <span class='ocrx_word' id='word_1_94' title='bbox 793 1343 1071 1409; x_wconf 78' lang='grc' dir='ltr'><strong>ἐπιτάξας,</strong></span> <span class='ocrx_word' id='word_1_95' title='bbox 1122 1344 1505 1411; x_wconf 76' lang='grc' dir='ltr'>κατεπράξατο</span> <span class='ocrx_word' id='word_1_96' title='bbox 1530 1344 1597 1398; x_wconf 88' lang='grc' dir='ltr'><strong>δι’</strong></span> <span class='ocrx_word' id='word_1_97' title='bbox 1630 1345 1797 1398; x_wconf 84' lang='grc' dir='ltr'><strong>αὐτοῦ</strong></span> 
     </span>
    </p>
   </div>
   <div class='ocr_carea' id='block_1_15' title="bbox 236 1431 1796 1509">
    <p class='ocr_par' dir='ltr' id='par_1_15' title="bbox 236 1431 1796 1509">
     <span class='ocr_line' id='line_1_15' title="bbox 236 1431 1796 1509; baseline 0.004 -25"><span class='ocrx_word' id='word_1_98' title='bbox 236 1432 293 1484; x_wconf 76' lang='grc' dir='ltr'><strong>τὸ</strong></span> <span class='ocrx_word' id='word_1_99' title='bbox 324 1431 504 1486; x_wconf 81' lang='grc' dir='ltr'><strong>καλόν.</strong></span> <span class='ocrx_word' id='word_1_100' title='bbox 550 1433 828 1502; x_wconf 85' lang='grc' dir='ltr'><strong>Ποτάμιον</strong></span> <span class='ocrx_word' id='word_1_101' title='bbox 857 1435 965 1505; x_wconf 83' lang='grc' dir='ltr'><strong>γάρ</strong></span> <span class='ocrx_word' id='word_1_102' title='bbox 995 1452 1047 1487; x_wconf 90' lang='grc' dir='ltr'>τι</span> <span class='ocrx_word' id='word_1_103' title='bbox 1098 1435 1262 1489; x_wconf 79' lang='grc' dir='ltr'><strong>αὑτοῦ</strong></span> <span class='ocrx_word' id='word_1_104' title='bbox 1315 1455 1418 1489; x_wconf 87' lang='grc' dir='ltr'><strong>που</strong></span> <span class='ocrx_word' id='word_1_105' title='bbox 1459 1438 1796 1509; x_wconf 68' lang='grc' dir='ltr'><strong>παραρρέον,</strong></span> 
     </span>
    </p>
   </div>
   <div class='ocr_carea' id='block_1_16' title="bbox 236 1521 1799 1595">
    <p class='ocr_par' dir='ltr' id='par_1_16' title="bbox 236 1521 1799 1595">
     <span class='ocr_line' id='line_1_16' title="bbox 236 1521 1799 1595; baseline 0.004 -20"><span class='ocrx_word' id='word_1_106' title='bbox 236 1521 363 1575; x_wconf 77' lang='grc' dir='ltr'><strong>ἔνθα</strong></span> <span class='ocrx_word' id='word_1_107' title='bbox 390 1522 419 1592; x_wconf 82' lang='grc' dir='ltr'><strong>ή</strong></span> <span class='ocrx_word' id='word_1_108' title='bbox 445 1522 651 1592; x_wconf 72' lang='grc' dir='ltr'><strong>δέησις,</strong></span> <span class='ocrx_word' id='word_1_109' title='bbox 677 1524 755 1586; x_wconf 86' lang='grc' dir='ltr'><strong>είς</strong></span> <span class='ocrx_word' id='word_1_110' title='bbox 782 1521 924 1577; x_wconf 75' lang='grc' dir='ltr'><strong>οἶνον</strong></span> <span class='ocrx_word' id='word_1_111' title='bbox 952 1526 1236 1594; x_wconf 64' lang='grc' dir='ltr'><strong>μετέϐαλε,</strong></span> <span class='ocrx_word' id='word_1_112' title='bbox 1275 1526 1509 1595; x_wconf 83' lang='grc' dir='ltr'><strong>σταυρὸν</strong></span> <span class='ocrx_word' id='word_1_113' title='bbox 1540 1530 1799 1592; x_wconf 82' lang='grc' dir='ltr'><strong>τυπώσας</strong></span> 
     </span>
    </p>
   </div>
   <div class='ocr_carea' id='block_1_17' title="bbox 237 1614 1796 1689">
    <p class='ocr_par' dir='ltr' id='par_1_17' title="bbox 237 1614 1796 1689">
     <span class='ocr_line' id='line_1_17' title="bbox 237 1614 1796 1689; baseline 0.003 -24"><span class='ocrx_word' id='word_1_114' title='bbox 237 1614 324 1665; x_wconf 73' lang='grc' dir='ltr'><strong>καὶ</strong></span> <span class='ocrx_word' id='word_1_115' title='bbox 384 1614 773 1682; x_wconf 72' lang='grc' dir='ltr'><strong>ἐπευξάμενος.</strong></span> <span class='ocrx_word' id='word_1_116' title='bbox 832 1616 894 1667; x_wconf 77' lang='lat' dir='ltr'><strong>Ei</strong></span> <span class='ocrx_word' id='word_1_117' title='bbox 922 1616 979 1668; x_wconf 83' lang='grc' dir='ltr'>δὲ</span> <span class='ocrx_word' id='word_1_118' title='bbox 1037 1617 1213 1687; x_wconf 81' lang='grc' dir='ltr'><strong>πέτρα</strong></span> <span class='ocrx_word' id='word_1_119' title='bbox 1241 1616 1549 1689; x_wconf 84' lang='grc' dir='ltr'><strong>παλαιτάτη</strong></span> <span class='ocrx_word' id='word_1_120' title='bbox 1611 1619 1796 1687; x_wconf 85' lang='grc' dir='ltr'><strong>ὲκείνη</strong></span> 
     </span>
    </p>
   </div>
   <div class='ocr_carea' id='block_1_18' title="bbox 238 1705 1801 1780">
    <p class='ocr_par' dir='ltr' id='par_1_18' title="bbox 238 1705 1801 1780">
     <span class='ocr_line' id='line_1_18' title="bbox 238 1705 1801 1780; baseline 0.004 -23"><span class='ocrx_word' id='word_1_121' title='bbox 238 1705 419 1776; x_wconf 72' lang='grc' dir='ltr'>ῥάϐδῳ</span> <span class='ocrx_word' id='word_1_122' title='bbox 469 1706 741 1775; x_wconf 81' lang='grc' dir='ltr'><strong>πληγεῖσα</strong></span> <span class='ocrx_word' id='word_1_123' title='bbox 792 1708 937 1778; x_wconf 75' lang='grc' dir='ltr'><strong>ὕδωρ</strong></span> <span class='ocrx_word' id='word_1_124' title='bbox 992 1709 1276 1780; x_wconf 59' lang='grc' dir='ltr'><strong>ἐξέρρηξε,</strong></span> <span class='ocrx_word' id='word_1_125' title='bbox 1342 1710 1433 1763; x_wconf 80' lang='grc' dir='ltr'><strong>καί</strong></span> <span class='ocrx_word' id='word_1_126' title='bbox 1465 1712 1641 1780; x_wconf 86' lang='grc' dir='ltr'><strong>τιςγῆ</strong></span> <span class='ocrx_word' id='word_1_127' title='bbox 1678 1712 1801 1780; x_wconf 82' lang='grc' dir='ltr'><strong>μέλι</strong></span> 
     </span>
    </p>
   </div>
   <div class='ocr_carea' id='block_1_19' title="bbox 238 1798 1800 1873">
    <p class='ocr_par' dir='ltr' id='par_1_19' title="bbox 238 1798 1800 1873">
     <span class='ocr_line' id='line_1_19' title="bbox 238 1798 1800 1873; baseline 0.004 -24"><span class='ocrx_word' id='word_1_128' title='bbox 238 1798 325 1850; x_wconf 69' lang='grc' dir='ltr'><strong>καὶ</strong></span> <span class='ocrx_word' id='word_1_129' title='bbox 350 1799 487 1865; x_wconf 86' lang='grc' dir='ltr'><strong>γάλα</strong></span> <span class='ocrx_word' id='word_1_130' title='bbox 506 1799 817 1869; x_wconf 70' lang='grc' dir='ltr'><strong>Θαυμασίαν</strong></span> <span class='ocrx_word' id='word_1_131' title='bbox 845 1799 1010 1871; x_wconf 79' lang='grc' dir='ltr'>ἔφηνε</span> <span class='ocrx_word' id='word_1_132' title='bbox 1041 1804 1324 1873; x_wconf 70' lang='grc' dir='ltr'><strong>σύρροιαν,</strong></span> <span class='ocrx_word' id='word_1_133' title='bbox 1346 1802 1441 1856; x_wconf 77' lang='grc' dir='ltr'><strong>καὶ</strong></span> <span class='ocrx_word' id='word_1_134' title='bbox 1468 1803 1705 1873; x_wconf 77' lang='grc' dir='ltr'><strong>ποταμοὶ</strong></span> <span class='ocrx_word' id='word_1_135' title='bbox 1721 1803 1800 1868; x_wconf 84' lang='grc' dir='ltr'><strong>δὲ,</strong></span> 
     </span>
    </p>
   </div>
   <div class='ocr_carea' id='block_1_20' title="bbox 239 1883 1876 1965">
    <p class='ocr_par' dir='ltr' id='par_1_20' title="bbox 239 1883 1876 1965">
     <span class='ocr_line' id='line_1_20' title="bbox 239 1883 1876 1965; baseline 0.005 -26"><span class='ocrx_word' id='word_1_136' title='bbox 239 1891 285 1940; x_wconf 78' lang='grc' dir='ltr'><strong>οἱ</strong></span> <span class='ocrx_word' id='word_1_137' title='bbox 316 1890 415 1944; x_wconf 75' lang='grc' dir='ltr'><strong>καὶ</strong></span> <span class='ocrx_word' id='word_1_138' title='bbox 446 1890 595 1944; x_wconf 76' lang='grc' dir='ltr'><strong>αὐτοὶ</strong></span> <span class='ocrx_word' id='word_1_139' title='bbox 623 1896 910 1963; x_wconf 68' lang='grc' dir='ltr'><strong>γραφικοῖ,</strong></span> <span class='ocrx_word' id='word_1_140' title='bbox 937 1898 1015 1956; x_wconf 73' lang='grc' dir='ltr'><strong>εἰς</strong></span> <span class='ocrx_word' id='word_1_141' title='bbox 1042 1888 1181 1963; x_wconf 75' lang='grc' dir='ltr'><strong>αἷμα</strong></span> <span class='ocrx_word' id='word_1_142' title='bbox 1213 1896 1638 1965; x_wconf 76' lang='grc' dir='ltr'><strong>μετετράπησαν</strong></span> <span class='ocrx_word' id='word_1_143' title='bbox 1659 1914 1671 1927; x_wconf 88' lang='grc'><strong>·</strong></span> <span class='ocrx_word' id='word_1_144' title='bbox 1701 1914 1805 1948; x_wconf 84' lang='grc' dir='ltr'><strong>πα·</strong></span> <span class='ocrx_word' id='word_1_145' title='bbox 1836 1883 1876 1937; x_wconf 76' lang='grc' dir='ltr'><strong>Β</strong></span> 
     </span>
    </p>
   </div>
   <div class='ocr_carea' id='block_1_21' title="bbox 240 1984 1808 2056">
    <p class='ocr_par' dir='ltr' id='par_1_21' title="bbox 240 1984 1808 2056">
     <span class='ocr_line' id='line_1_21' title="bbox 240 1984 1808 2056; baseline 0.006 -22"><span class='ocrx_word' id='word_1_146' title='bbox 240 1984 543 2053; x_wconf 72' lang='grc' dir='ltr'><strong>ραττηκτὲον</strong></span> <span class='ocrx_word' id='word_1_147' title='bbox 569 1989 692 2047; x_wconf 85' lang='grc' dir='ltr'><strong>ταῖς</strong></span> <span class='ocrx_word' id='word_1_148' title='bbox 721 1988 1043 2056; x_wconf 77' lang='grc' dir='ltr'><strong>μεταϐολαῖς</strong></span> <span class='ocrx_word' id='word_1_149' title='bbox 1061 1988 1301 2052; x_wconf 72' lang='grc' dir='ltr'><strong>ἐκείναις</strong></span> <span class='ocrx_word' id='word_1_150' title='bbox 1323 1991 1413 2042; x_wconf 72' lang='grc' dir='ltr'><strong>καὶ</strong></span> <span class='ocrx_word' id='word_1_151' title='bbox 1447 1987 1591 2042; x_wconf 79' lang='grc' dir='ltr'>οῖνον</span> <span class='ocrx_word' id='word_1_152' title='bbox 1618 1991 1808 2043; x_wconf 88' lang='grc' dir='ltr'><strong>τοῦτον</strong></span> 
     </span>
    </p>
   </div>
   <div class='ocr_carea' id='block_1_22' title="bbox 238 2075 1806 2150">
    <p class='ocr_par' dir='ltr' id='par_1_22' title="bbox 238 2075 1806 2150">
     <span class='ocr_line' id='line_1_22' title="bbox 238 2075 1806 2150; baseline 0.006 -25"><span class='ocrx_word' id='word_1_153' title='bbox 238 2076 465 2143; x_wconf 79' lang='grc' dir='ltr'><strong>ποταμῷ</strong></span> <span class='ocrx_word' id='word_1_154' title='bbox 509 2075 803 2145; x_wconf 75' lang='grc' dir='ltr'><strong>ῥεύσαντα,</strong></span> <span class='ocrx_word' id='word_1_155' title='bbox 837 2079 898 2131; x_wconf 80' lang='grc' dir='ltr'><strong>οῦ</strong></span> <span class='ocrx_word' id='word_1_156' title='bbox 949 2080 1225 2150; x_wconf 78' lang='grc' dir='ltr'><strong>σταφυλῆς</strong></span> <span class='ocrx_word' id='word_1_157' title='bbox 1253 2081 1416 2133; x_wconf 80' lang='grc' dir='ltr'><strong>αὑτὸν</strong></span> <span class='ocrx_word' id='word_1_158' title='bbox 1453 2078 1592 2150; x_wconf 77' lang='grc' dir='ltr'><strong>αἷμα</strong></span> <span class='ocrx_word' id='word_1_159' title='bbox 1614 2121 1630 2146; x_wconf 92' lang='grc'><strong>,</strong></span> <span class='ocrx_word' id='word_1_160' title='bbox 1660 2083 1806 2136; x_wconf 75' lang='grc' dir='ltr'>εἴποι</span> 
     </span>
    </p>
   </div>
   <div class='ocr_carea' id='block_1_23' title="bbox 239 2166 1806 2245">
    <p class='ocr_par' dir='ltr' id='par_1_23' title="bbox 239 2166 1806 2245">
     <span class='ocr_line' id='line_1_23' title="bbox 239 2166 1806 2245; baseline 0.004 -27"><span class='ocrx_word' id='word_1_161' title='bbox 239 2166 299 2218; x_wconf 80' lang='grc' dir='ltr'><strong>ἂν</strong></span> <span class='ocrx_word' id='word_1_162' title='bbox 318 2166 351 2217; x_wconf 80' lang='grc' dir='ltr'><strong>ὀ</strong></span> <span class='ocrx_word' id='word_1_163' title='bbox 374 2168 665 2234; x_wconf 77' lang='grc' dir='ltr'><strong>μωσαῐκῶς</strong></span> <span class='ocrx_word' id='word_1_164' title='bbox 692 2169 1027 2240; x_wconf 77' lang='grc' dir='ltr'><strong>ληνοΰατῶν,</strong></span> <span class='ocrx_word' id='word_1_165' title='bbox 1050 2173 1232 2238; x_wconf 79' lang='grc' dir='ltr'><strong>δεξιᾶς</strong></span> <span class='ocrx_word' id='word_1_166' title='bbox 1254 2172 1585 2241; x_wconf 77' lang='grc' dir='ltr'><strong>δὲ’Υψίστου</strong></span> <span class='ocrx_word' id='word_1_167' title='bbox 1605 2174 1806 2245; x_wconf 75' lang='grc' dir='ltr'><strong>βροχὴν</strong></span> 
     </span>
    </p>
   </div>
   <div class='ocr_carea' id='block_1_24' title="bbox 240 2257 1808 2333">
    <p class='ocr_par' dir='ltr' id='par_1_24' title="bbox 240 2257 1808 2333">
     <span class='ocr_line' id='line_1_24' title="bbox 240 2257 1808 2333; baseline 0.006 -25"><span class='ocrx_word' id='word_1_168' title='bbox 240 2257 501 2323; x_wconf 73' lang='grc' dir='ltr'><strong>ἑκούσιον,</strong></span> <span class='ocrx_word' id='word_1_169' title='bbox 562 2261 957 2333; x_wconf 78' lang='grc' dir='ltr'><strong>ἀφωρισμένην</strong></span> <span class='ocrx_word' id='word_1_170' title='bbox 987 2266 1100 2326; x_wconf 83' lang='grc' dir='ltr'><strong>τοῖς</strong></span> <span class='ocrx_word' id='word_1_171' title='bbox 1140 2265 1421 2332; x_wconf 81' lang='grc' dir='ltr'>δεομένοις</span> <span class='ocrx_word' id='word_1_172' title='bbox 1454 2267 1661 2327; x_wconf 76' lang='grc' dir='ltr'><strong>αὐτοῖς.</strong></span> <span class='ocrx_word' id='word_1_173' title='bbox 1696 2265 1808 2318; x_wconf 76' lang='grc' dir='ltr'><strong>Καὶ</strong></span> 
     </span>
    </p>
   </div>
   <div class='ocr_carea' id='block_1_25' title="bbox 240 2347 1807 2420">
    <p class='ocr_par' dir='ltr' id='par_1_25' title="bbox 240 2347 1807 2420">
     <span class='ocr_line' id='line_1_25' title="bbox 240 2347 1807 2420; baseline 0.006 -21"><span class='ocrx_word' id='word_1_174' title='bbox 240 2347 298 2416; x_wconf 71' lang='grc' dir='ltr'><strong>δὴ</strong></span> <span class='ocrx_word' id='word_1_175' title='bbox 327 2348 628 2420; x_wconf 71' lang='grc' dir='ltr'><strong>θεωρητέον</strong></span> <span class='ocrx_word' id='word_1_176' title='bbox 658 2353 912 2417; x_wconf 79' lang='grc' dir='ltr'><strong>ἐνταῦθα,</strong></span> <span class='ocrx_word' id='word_1_177' title='bbox 943 2354 1023 2407; x_wconf 88' lang='grc' dir='ltr'><strong>ὄτι</strong></span> <span class='ocrx_word' id='word_1_178' title='bbox 1052 2355 1187 2407; x_wconf 83' lang='grc' dir='ltr'>Θεοῦ</span> <span class='ocrx_word' id='word_1_179' title='bbox 1220 2355 1535 2418; x_wconf 83' lang='grc' dir='ltr'><strong>δεδωκότος,</strong></span> <span class='ocrx_word' id='word_1_180' title='bbox 1565 2355 1658 2409; x_wconf 87' lang='grc' dir='ltr'><strong>τοῦ</strong></span> <span class='ocrx_word' id='word_1_181' title='bbox 1697 2357 1807 2409; x_wconf 86' lang='grc' dir='ltr'><strong>τῶν</strong></span> 
     </span>
    </p>
   </div>
   <div class='ocr_carea' id='block_1_26' title="bbox 241 2436 1802 2517">
    <p class='ocr_par' dir='ltr' id='par_1_26' title="bbox 241 2436 1802 2517">
     <span class='ocr_line' id='line_1_26' title="bbox 241 2436 1802 2517; baseline 0.006 -28"><span class='ocrx_word' id='word_1_182' title='bbox 241 2436 578 2507; x_wconf 78' lang='grc' dir='ltr'><strong>θαυμασίων,</strong></span> <span class='ocrx_word' id='word_1_183' title='bbox 631 2443 725 2493; x_wconf 86' lang='grc' dir='ltr'>τοῦ</span> <span class='ocrx_word' id='word_1_184' title='bbox 758 2442 864 2496; x_wconf 82' lang='grc' dir='ltr'><strong>τῶν</strong></span> <span class='ocrx_word' id='word_1_185' title='bbox 890 2444 1159 2512; x_wconf 83' lang='grc' dir='ltr'><strong>τεράτων,</strong></span> <span class='ocrx_word' id='word_1_186' title='bbox 1195 2446 1290 2498; x_wconf 88' lang='grc' dir='ltr'>τοῦ</span> <span class='ocrx_word' id='word_1_187' title='bbox 1347 2446 1457 2499; x_wconf 84' lang='grc' dir='ltr'>τῶν</span> <span class='ocrx_word' id='word_1_188' title='bbox 1495 2447 1802 2517; x_wconf 82' lang='grc' dir='ltr'><strong>δυνάμεων,</strong></span> 
     </span>
    </p>
   </div>
   <div class='ocr_carea' id='block_1_27' title="bbox 239 2528 1807 2609">
    <p class='ocr_par' dir='ltr' id='par_1_27' title="bbox 239 2528 1807 2609">
     <span class='ocr_line' id='line_1_27' title="bbox 239 2528 1807 2609; baseline 0.007 -29"><span class='ocrx_word' id='word_1_189' title='bbox 239 2528 323 2581; x_wconf 81' lang='grc' dir='ltr'>τοῦ</span> <span class='ocrx_word' id='word_1_190' title='bbox 352 2534 453 2600; x_wconf 80' lang='grc' dir='ltr'><strong>τῆς</strong></span> <span class='ocrx_word' id='word_1_191' title='bbox 489 2532 772 2602; x_wconf 77' lang='grc' dir='ltr'><strong>ἀληθείας,</strong></span> <span class='ocrx_word' id='word_1_192' title='bbox 805 2535 913 2589; x_wconf 73' lang='grc' dir='ltr'>ἰδοῦ</span> <span class='ocrx_word' id='word_1_193' title='bbox 936 2536 1122 2606; x_wconf 77' lang='grc' dir='ltr'><strong>θαῦμα</strong></span> <span class='ocrx_word' id='word_1_194' title='bbox 1151 2538 1309 2591; x_wconf 86' lang='grc' dir='ltr'><strong>τοῦτο</strong></span> <span class='ocrx_word' id='word_1_195' title='bbox 1343 2539 1526 2609; x_wconf 73' lang='grc' dir='ltr'><strong>μεῖζόν</strong></span> <span class='ocrx_word' id='word_1_196' title='bbox 1550 2557 1604 2591; x_wconf 88' lang='grc' dir='ltr'><strong>τι</strong></span> <span class='ocrx_word' id='word_1_197' title='bbox 1628 2539 1723 2592; x_wconf 85' lang='grc' dir='ltr'><strong>τοῦ</strong></span> <span class='ocrx_word' id='word_1_198' title='bbox 1748 2540 1807 2591; x_wconf 82' lang='grc' dir='ltr'><strong>ἐν</strong></span> 
     </span>
    </p>
   </div>
   <div class='ocr_carea' id='block_1_28' title="bbox 241 2620 1804 2701">
    <p class='ocr_par' dir='ltr' id='par_1_28' title="bbox 241 2620 1804 2701">
     <span class='ocr_line' id='line_1_28' title="bbox 241 2620 1804 2701; baseline 0.008 -29"><span class='ocrx_word' id='word_1_199' title='bbox 241 2620 409 2692; x_wconf 73' lang='grc' dir='ltr'><strong>Κσνᾷ.</strong></span> <span class='ocrx_word' id='word_1_200' title='bbox 444 2624 699 2696; x_wconf 83' lang='grc' dir='ltr'><strong>καθάπερ</strong></span> <span class='ocrx_word' id='word_1_201' title='bbox 731 2627 892 2693; x_wconf 73' lang='grc' dir='ltr'><strong>αὐτὸς</strong></span> <span class='ocrx_word' id='word_1_202' title='bbox 925 2629 1312 2701; x_wconf 72' lang='grc' dir='ltr'><strong>ἐπηγγείλατο.</strong></span> <span class='ocrx_word' id='word_1_203' title='bbox 1352 2630 1431 2684; x_wconf 78' lang='grc' dir='ltr'>υὺ</span> <span class='ocrx_word' id='word_1_204' title='bbox 1476 2632 1625 2685; x_wconf 81' lang='grc' dir='ltr'>πίθοι</span> <span class='ocrx_word' id='word_1_205' title='bbox 1674 2632 1804 2701; x_wconf 82' lang='grc' dir='ltr'><strong>γὰρ,</strong></span> 
     </span>
    </p>
   </div>
   <div class='ocr_carea' id='block_1_29' title="bbox 240 2716 1806 2794">
    <p class='ocr_par' dir='ltr' id='par_1_29' title="bbox 240 2716 1806 2794">
     <span class='ocr_line' id='line_1_29' title="bbox 240 2716 1806 2794; baseline 0.008 -28"><span class='ocrx_word' id='word_1_206' title='bbox 240 2716 351 2769; x_wconf 71' lang='grc' dir='ltr'><strong>οὐδὲ</strong></span> <span class='ocrx_word' id='word_1_207' title='bbox 410 2716 697 2785; x_wconf 76' lang='grc' dir='ltr'><strong>πιθάκναι,</strong></span> <span class='ocrx_word' id='word_1_208' title='bbox 754 2722 875 2775; x_wconf 74' lang='grc' dir='ltr'><strong>οὐδὲ</strong></span> <span class='ocrx_word' id='word_1_209' title='bbox 920 2724 1208 2794; x_wconf 83' lang='grc' dir='ltr'><strong>ἀμφορεῖς,</strong></span> <span class='ocrx_word' id='word_1_210' title='bbox 1263 2723 1383 2789; x_wconf 61' lang='grc' dir='ltr'><strong>οὐδὲ</strong></span> <span class='ocrx_word' id='word_1_211' title='bbox 1412 2725 1653 2792; x_wconf 72' lang='grc' dir='ltr'><strong>ὶάγυνοι,</strong></span> <span class='ocrx_word' id='word_1_212' title='bbox 1685 2725 1806 2778; x_wconf 84' lang='grc' dir='ltr'><strong>οὐδὲ</strong></span> 
     </span>
    </p>
   </div>
   <div class='ocr_carea' id='block_1_30' title="bbox 242 2805 1809 2885">
    <p class='ocr_par' dir='ltr' id='par_1_30' title="bbox 242 2805 1809 2885">
     <span class='ocr_line' id='line_1_30' title="bbox 242 2805 1809 2885; baseline 0.008 -29"><span class='ocrx_word' id='word_1_213' title='bbox 242 2805 399 2875; x_wconf 79' lang='grc' dir='ltr'><strong>βέκοι,</strong></span> <span class='ocrx_word' id='word_1_214' title='bbox 441 2811 719 2879; x_wconf 82' lang='grc' dir='ltr'><strong>ποτάμιον</strong></span> <span class='ocrx_word' id='word_1_215' title='bbox 760 2812 818 2864; x_wconf 76' lang='grc' dir='ltr'><strong>δὲ</strong></span> <span class='ocrx_word' id='word_1_216' title='bbox 851 2812 970 2866; x_wconf 84' lang='grc' dir='ltr'>ὅλον</span> <span class='ocrx_word' id='word_1_217' title='bbox 1008 2816 1138 2885; x_wconf 74' lang='grc' dir='ltr'><strong>οἴνῳ</strong></span> <span class='ocrx_word' id='word_1_218' title='bbox 1193 2814 1386 2885; x_wconf 80' lang='grc' dir='ltr'><strong>βλῦζον</strong></span> <span class='ocrx_word' id='word_1_219' title='bbox 1412 2815 1501 2869; x_wconf 76' lang='grc' dir='ltr'>διὰ</span> <span class='ocrx_word' id='word_1_220' title='bbox 1530 2814 1625 2868; x_wconf 91' lang='grc' dir='ltr'>τοῦ</span> <span class='ocrx_word' id='word_1_221' title='bbox 1654 2815 1809 2869; x_wconf 78' lang='grc' dir='ltr'>Φιλο-</span> 
     </span>
    </p>
   </div>
   <div class='ocr_carea' id='block_1_31' title="bbox 240 2897 1806 2977">
    <p class='ocr_par' dir='ltr' id='par_1_31' title="bbox 240 2897 1806 2977">
     <span class='ocr_line' id='line_1_31' title="bbox 240 2897 1806 2977; baseline 0.01 -28"><span class='ocrx_word' id='word_1_222' title='bbox 240 2897 378 2965; x_wconf 73' lang='grc' dir='ltr'><strong>θεοῦ,</strong></span> <span class='ocrx_word' id='word_1_223' title='bbox 420 2904 685 2973; x_wconf 75' lang='grc' dir='ltr'><strong>προρῤἐει</strong></span> <span class='ocrx_word' id='word_1_224' title='bbox 724 2906 835 2970; x_wconf 81' lang='grc' dir='ltr'><strong>τοῖς</strong></span> <span class='ocrx_word' id='word_1_225' title='bbox 867 2906 1199 2976; x_wconf 75' lang='grc' dir='ltr'><strong>ἠξιωμένοις</strong></span> <span class='ocrx_word' id='word_1_226' title='bbox 1253 2906 1500 2962; x_wconf 86' lang='grc' dir='ltr'><strong>τοιούτου</strong></span> <span class='ocrx_word' id='word_1_227' title='bbox 1556 2907 1806 2977; x_wconf 81' lang='grc' dir='ltr'><strong>τέρατος.</strong></span> 
     </span>
    </p>
   </div>
   <div class='ocr_carea' id='block_1_32' title="bbox 241 2990 1805 3072">
    <p class='ocr_par' dir='ltr' id='par_1_32' title="bbox 241 2990 1805 3072">
     <span class='ocr_line' id='line_1_32' title="bbox 241 2990 1805 3072; baseline 0.006 -28"><span class='ocrx_word' id='word_1_228' title='bbox 241 2990 339 3046; x_wconf 75' lang='grc' dir='ltr'><strong>Καὶ</strong></span> <span class='ocrx_word' id='word_1_229' title='bbox 372 2991 539 3047; x_wconf 87' lang='grc' dir='ltr'><strong>τοῦτο</strong></span> <span class='ocrx_word' id='word_1_230' title='bbox 564 2997 663 3065; x_wconf 84' lang='grc' dir='ltr'><strong>μὲν</strong></span> <span class='ocrx_word' id='word_1_231' title='bbox 686 2995 831 3051; x_wconf 89' lang='grc' dir='ltr'><strong>οῦτω</strong></span> <span class='ocrx_word' id='word_1_232' title='bbox 859 2999 998 3069; x_wconf 77' lang='grc' dir='ltr'><strong>πρὸς</strong></span> <span class='ocrx_word' id='word_1_233' title='bbox 1023 3002 1370 3071; x_wconf 71' lang='grc' dir='ltr'><strong>χρηστότητα</strong></span> <span class='ocrx_word' id='word_1_234' title='bbox 1396 3002 1805 3072; x_wconf 81' lang='grc' dir='ltr'><strong>συμποσιακήν.</strong></span> 
     </span>
    </p>
   </div>
   <div class='ocr_carea' id='block_1_33' title="bbox 302 3169 1807 3247">
    <p class='ocr_par' dir='ltr' id='par_1_33' title="bbox 302 3169 1807 3247">
     <span class='ocr_line' id='line_1_33' title="bbox 302 3169 1807 3247; baseline 0.005 -25"><span class='ocrx_word' id='word_1_235' title='bbox 302 3169 390 3240; x_wconf 78' lang='grc' dir='ltr'><strong>ιη’.</strong></span> <span class='ocrx_word' id='word_1_236' title='bbox 431 3172 587 3223; x_wconf 77' lang='grc' dir='ltr'><strong>Ἐπεὶ</strong></span> <span class='ocrx_word' id='word_1_237' title='bbox 616 3172 674 3225; x_wconf 80' lang='grc' dir='ltr'><strong>δὲ</strong></span> <span class='ocrx_word' id='word_1_238' title='bbox 729 3174 902 3247; x_wconf 80' lang='grc' dir='ltr'><strong>πολλὴ</strong></span> <span class='ocrx_word' id='word_1_239' title='bbox 950 3176 1044 3228; x_wconf 72' lang='grc' dir='ltr'><strong>καὶ</strong></span> <span class='ocrx_word' id='word_1_240' title='bbox 1075 3175 1132 3229; x_wconf 75' lang='grc' dir='ltr'><strong>ὲν</strong></span> <span class='ocrx_word' id='word_1_241' title='bbox 1169 3178 1293 3238; x_wconf 84' lang='grc' dir='ltr'><strong>ταῖς</strong></span> <span class='ocrx_word' id='word_1_242' title='bbox 1331 3177 1807 3246; x_wconf 84' lang='grc' dir='ltr'><strong>θαυματουργιαις</strong></span> 
     </span>
    </p>
   </div>
   <div class='ocr_carea' id='block_1_34' title="bbox 238 3259 1809 3338">
    <p class='ocr_par' dir='ltr' id='par_1_34' title="bbox 238 3259 1809 3338">
     <span class='ocr_line' id='line_1_34' title="bbox 238 3259 1809 3338; baseline 0.006 -27"><span class='ocrx_word' id='word_1_243' title='bbox 238 3259 464 3332; x_wconf 69' lang='grc' dir='ltr'>διαφορὰ</span> <span class='ocrx_word' id='word_1_244' title='bbox 509 3264 635 3325; x_wconf 83' lang='grc' dir='ltr'><strong>ταῖς</strong></span> <span class='ocrx_word' id='word_1_245' title='bbox 684 3266 748 3316; x_wconf 84' lang='grc' dir='ltr'><strong>ὲκ</strong></span> <span class='ocrx_word' id='word_1_246' title='bbox 777 3266 886 3318; x_wconf 80' lang='grc' dir='ltr'><strong>τῶν</strong></span> <span class='ocrx_word' id='word_1_247' title='bbox 917 3265 1010 3318; x_wconf 79' lang='grc' dir='ltr'>τοῦ</span> <span class='ocrx_word' id='word_1_248' title='bbox 1062 3265 1199 3319; x_wconf 87' lang='grc' dir='ltr'>Θεοῦ</span> <span class='ocrx_word' id='word_1_249' title='bbox 1242 3266 1415 3333; x_wconf 82' lang='grc' dir='ltr'><strong>ἁγίων</strong></span> <span class='ocrx_word' id='word_1_250' title='bbox 1448 3268 1536 3335; x_wconf 79' lang='grc' dir='ltr'><strong>(αἱ</strong></span> <span class='ocrx_word' id='word_1_251' title='bbox 1571 3268 1669 3331; x_wconf 81' lang='grc' dir='ltr'><strong>μὲν</strong></span> <span class='ocrx_word' id='word_1_252' title='bbox 1701 3268 1809 3338; x_wconf 83' lang='grc' dir='ltr'><strong>γὰρ</strong></span> 
     </span>
    </p>
   </div>
   <div class='ocr_carea' id='block_1_35' title="bbox 240 3355 1810 3430">
    <p class='ocr_par' dir='ltr' id='par_1_35' title="bbox 240 3355 1810 3430">
     <span class='ocr_line' id='line_1_35' title="bbox 240 3355 1810 3430; baseline 0.004 -24"><span class='ocrx_word' id='word_1_253' title='bbox 240 3355 408 3408; x_wconf 77' lang='grc' dir='ltr'><strong>αὐτῶν</strong></span> <span class='ocrx_word' id='word_1_254' title='bbox 462 3357 808 3424; x_wconf 75' lang='grc' dir='ltr'><strong>ὑγιάςουσιν,</strong></span> <span class='ocrx_word' id='word_1_255' title='bbox 860 3361 915 3412; x_wconf 76' lang='lat' dir='ltr'><strong>ei</strong></span> <span class='ocrx_word' id='word_1_256' title='bbox 944 3360 998 3411; x_wconf 72' lang='grc' dir='ltr'><strong>δὲ</strong></span> <span class='ocrx_word' id='word_1_257' title='bbox 1026 3361 1307 3430; x_wconf 79' lang='grc' dir='ltr'><strong>τρέφουσι,</strong></span> <span class='ocrx_word' id='word_1_258' title='bbox 1367 3362 1510 3423; x_wconf 81' lang='grc' dir='ltr'><strong>τινὲς</strong></span> <span class='ocrx_word' id='word_1_259' title='bbox 1545 3362 1601 3413; x_wconf 79' lang='grc' dir='ltr'><strong>δὲ</strong></span> <span class='ocrx_word' id='word_1_260' title='bbox 1630 3364 1725 3413; x_wconf 70' lang='grc' dir='ltr'><strong>καὶ</strong></span> <span class='ocrx_word' id='word_1_261' title='bbox 1748 3360 1810 3413; x_wconf 82' lang='grc' dir='ltr'><strong>τὸ</strong></span> 
     </span>
    </p>
   </div>
   <div class='ocr_carea' id='block_1_36' title="bbox 238 3447 1810 3523">
    <p class='ocr_par' dir='ltr' id='par_1_36' title="bbox 238 3447 1810 3523">
     <span class='ocr_line' id='line_1_36' title="bbox 238 3447 1810 3523; baseline 0.005 -24"><span class='ocrx_word' id='word_1_262' title='bbox 238 3447 402 3511; x_wconf 79' lang='grc' dir='ltr'><strong>ἄλλως</strong></span> <span class='ocrx_word' id='word_1_263' title='bbox 450 3451 637 3503; x_wconf 75' lang='grc' dir='ltr'><strong>ἐνδέον</strong></span> <span class='ocrx_word' id='word_1_264' title='bbox 692 3452 1125 3523; x_wconf 69' lang='grc' dir='ltr'><strong>ἀναπληροῦσιν,</strong></span> <span class='ocrx_word' id='word_1_265' title='bbox 1178 3456 1267 3507; x_wconf 85' lang='grc' dir='ltr'><strong>ὅτε</strong></span> <span class='ocrx_word' id='word_1_266' title='bbox 1298 3454 1445 3517; x_wconf 82' lang='grc' dir='ltr'><strong>τινὲς</strong></span> <span class='ocrx_word' id='word_1_267' title='bbox 1475 3455 1705 3518; x_wconf 79' lang='grc' dir='ltr'><strong>δέονται,</strong></span> <span class='ocrx_word' id='word_1_268' title='bbox 1742 3453 1810 3507; x_wconf 67' lang='grc' dir='ltr'><strong>τὰ</strong></span> 
     </span>
    </p>
   </div>
   <div class='ocr_carea' id='block_1_37' title="bbox 242 3541 1810 3615">
    <p class='ocr_par' dir='ltr' id='par_1_37' title="bbox 242 3541 1810 3615">
     <span class='ocr_line' id='line_1_37' title="bbox 242 3541 1810 3615; baseline 0.003 -23"><span class='ocrx_word' id='word_1_269' title='bbox 242 3541 329 3608; x_wconf 78' lang='grc' dir='ltr'><strong>μὲν</strong></span> <span class='ocrx_word' id='word_1_270' title='bbox 354 3542 702 3610; x_wconf 74' lang='grc' dir='ltr'><strong>ἀπάγουσαι,</strong></span> <span class='ocrx_word' id='word_1_271' title='bbox 745 3544 812 3596; x_wconf 73' lang='grc' dir='ltr'><strong>τὰ</strong></span> <span class='ocrx_word' id='word_1_272' title='bbox 839 3545 896 3598; x_wconf 85' lang='grc' dir='ltr'><strong>δὲ</strong></span> <span class='ocrx_word' id='word_1_273' title='bbox 930 3545 1301 3615; x_wconf 66' lang='grc' dir='ltr'><strong>παράγουσαι,</strong></span> <span class='ocrx_word' id='word_1_274' title='bbox 1332 3546 1446 3598; x_wconf 77' lang='grc' dir='ltr'><strong>ἔστι</strong></span> <span class='ocrx_word' id='word_1_275' title='bbox 1477 3547 1522 3599; x_wconf 80' lang='grc' dir='ltr'><strong>δ’</strong></span> <span class='ocrx_word' id='word_1_276' title='bbox 1556 3546 1642 3597; x_wconf 81' lang='grc' dir='ltr'><strong>ὅτε</strong></span> <span class='ocrx_word' id='word_1_277' title='bbox 1677 3546 1810 3597; x_wconf 82' lang='grc' dir='ltr'><strong>ἀπο-</strong></span> 
     </span>
    </p>
   </div>
   <div class='ocr_carea' id='block_1_38' title="bbox 238 3634 1808 3708">
    <p class='ocr_par' dir='ltr' id='par_1_38' title="bbox 238 3634 1808 3708">
     <span class='ocr_line' id='line_1_38' title="bbox 238 3634 1808 3708; baseline 0.004 -24"><span class='ocrx_word' id='word_1_278' title='bbox 238 3634 559 3704; x_wconf 73' lang='grc' dir='ltr'><strong>τελούμεναι</strong></span> <span class='ocrx_word' id='word_1_279' title='bbox 591 3641 687 3689; x_wconf 83' lang='grc' dir='ltr'><strong>καὶ</strong></span> <span class='ocrx_word' id='word_1_280' title='bbox 711 3637 847 3706; x_wconf 78' lang='grc' dir='ltr'><strong>πρὸς</strong></span> <span class='ocrx_word' id='word_1_281' title='bbox 880 3637 1043 3705; x_wconf 75' lang='grc' dir='ltr'>φόϐον</span> <span class='ocrx_word' id='word_1_282' title='bbox 1085 3638 1176 3691; x_wconf 67' lang='grc' dir='ltr'><strong>καὶ</strong></span> <span class='ocrx_word' id='word_1_283' title='bbox 1202 3637 1488 3708; x_wconf 77' lang='grc' dir='ltr'><strong>ἔκπληξιν,</strong></span> <span class='ocrx_word' id='word_1_284' title='bbox 1522 3639 1681 3690; x_wconf 85' lang='grc' dir='ltr'><strong>ὁποία</strong></span> <span class='ocrx_word' id='word_1_285' title='bbox 1713 3638 1808 3691; x_wconf 77' lang='grc' dir='ltr'><strong>καὶ</strong></span> 
     </span>
    </p>
   </div>
   <div class='ocr_carea' id='block_1_39' title="bbox 177 3724 1808 3801">
    <p class='ocr_par' dir='ltr' id='par_1_39' title="bbox 177 3724 1808 3801">
     <span class='ocr_line' id='line_1_39' title="bbox 177 3724 1808 3801; baseline 0.002 -24"><span class='ocrx_word' id='word_1_286' title='bbox 177 3765 185 3771; x_wconf 83' lang='grc'><strong>.</strong></span> <span class='ocrx_word' id='word_1_287' title='bbox 238 3725 269 3793; x_wconf 71' lang='grc' dir='ltr'>ἡ</span> <span class='ocrx_word' id='word_1_288' title='bbox 296 3726 392 3796; x_wconf 78' lang='grc' dir='ltr'><strong>τῆς</strong></span> <span class='ocrx_word' id='word_1_289' title='bbox 413 3728 814 3797; x_wconf 72' lang='grc' dir='ltr'><strong>κατηραμένης</strong></span> <span class='ocrx_word' id='word_1_290' title='bbox 850 3730 1045 3797; x_wconf 78' lang='grc' dir='ltr'><strong>συκῆς,</strong></span> <span class='ocrx_word' id='word_1_291' title='bbox 1074 3728 1141 3781; x_wconf 82' lang='grc' dir='ltr'><strong>δι’</strong></span> <span class='ocrx_word' id='word_1_292' title='bbox 1176 3724 1243 3801; x_wconf 81' lang='grc' dir='ltr'><strong>ἧς</strong></span> <span class='ocrx_word' id='word_1_293' title='bbox 1276 3729 1336 3781; x_wconf 73' lang='grc' dir='ltr'><strong>τὸ</strong></span> <span class='ocrx_word' id='word_1_294' title='bbox 1380 3729 1673 3781; x_wconf 68' lang='grc' dir='ltr'><strong>Ἰουδαϊκὸν</strong></span> <span class='ocrx_word' id='word_1_295' title='bbox 1705 3728 1808 3796; x_wconf 77' lang='grc' dir='ltr'>φῦο</span> 
     </span>
    </p>
   </div>
   <div class='ocr_carea' id='block_1_40' title="bbox 238 3817 1811 3891">
    <p class='ocr_par' dir='ltr' id='par_1_40' title="bbox 238 3817 1811 3891">
     <span class='ocr_line' id='line_1_40' title="bbox 238 3817 1811 3891; baseline 0.003 -23"><span class='ocrx_word' id='word_1_296' title='bbox 238 3817 340 3880; x_wconf 89' lang='grc' dir='ltr'><strong>λον,</strong></span> <span class='ocrx_word' id='word_1_297' title='bbox 376 3818 472 3870; x_wconf 73' lang='grc' dir='ltr'><strong>καὶ</strong></span> <span class='ocrx_word' id='word_1_298' title='bbox 493 3820 623 3872; x_wconf 85' lang='grc' dir='ltr'><strong>ὅσον</strong></span> <span class='ocrx_word' id='word_1_299' title='bbox 644 3820 701 3873; x_wconf 80' lang='grc' dir='ltr'><strong>δὲ</strong></span> <span class='ocrx_word' id='word_1_300' title='bbox 732 3820 860 3873; x_wconf 78' lang='grc' dir='ltr'><strong>ἄλλο</strong></span> <span class='ocrx_word' id='word_1_301' title='bbox 878 3821 1140 3884; x_wconf 87' lang='grc' dir='ltr'><strong>τοιοῦτον,</strong></span> <span class='ocrx_word' id='word_1_302' title='bbox 1174 3822 1273 3891; x_wconf 75' lang='grc' dir='ltr'><strong>τὴν</strong></span> <span class='ocrx_word' id='word_1_303' title='bbox 1298 3820 1392 3873; x_wconf 87' lang='grc' dir='ltr'><strong>τοῦ</strong></span> <span class='ocrx_word' id='word_1_304' title='bbox 1417 3819 1553 3873; x_wconf 86' lang='grc' dir='ltr'>Θεοῦ</span> <span class='ocrx_word' id='word_1_305' title='bbox 1578 3819 1811 3884; x_wconf 79' lang='grc' dir='ltr'><strong>ἐξεπλά-</strong></span> 
     </span>
    </p>
   </div>
   <div class='ocr_carea' id='block_1_41' title="bbox 238 3909 1808 3982">
    <p class='ocr_par' dir='ltr' id='par_1_41' title="bbox 238 3909 1808 3982">
     <span class='ocr_line' id='line_1_41' title="bbox 238 3909 1808 3982; baseline 0.001 -20"><span class='ocrx_word' id='word_1_306' title='bbox 238 3909 588 3979; x_wconf 72' lang='grc' dir='ltr'><strong>γηδῦναμιν,</strong></span> <span class='ocrx_word' id='word_1_307' title='bbox 625 3910 701 3973; x_wconf 82' lang='grc' dir='ltr'><strong>ὡς</strong></span> <span class='ocrx_word' id='word_1_308' title='bbox 736 3910 810 3982; x_wconf 81' lang='grc' dir='ltr'><strong>μὴ</strong></span> <span class='ocrx_word' id='word_1_309' title='bbox 853 3912 1012 3980; x_wconf 70' lang='grc' dir='ltr'>μόνον</span> <span class='ocrx_word' id='word_1_310' title='bbox 1051 3911 1467 3979; x_wconf 80' lang='grc' dir='ltr'><strong>ζωογονοῦντος,</strong></span> <span class='ocrx_word' id='word_1_311' title='bbox 1516 3910 1655 3964; x_wconf 81' lang='grc' dir='ltr'><strong>ἀλλὰ</strong></span> <span class='ocrx_word' id='word_1_312' title='bbox 1712 3912 1808 3963; x_wconf 78' lang='grc' dir='ltr'><strong>καὶ</strong></span> 
     </span>
    </p>
   </div>
   <div class='ocr_carea' id='block_1_42' title="bbox 239 3998 1808 4073">
    <p class='ocr_par' dir='ltr' id='par_1_42' title="bbox 239 3998 1808 4073">
     <span class='ocr_line' id='line_1_42' title="bbox 239 3998 1808 4073; baseline 0.003 -22"><span class='ocrx_word' id='word_1_313' title='bbox 239 3998 498 4052; x_wconf 82' lang='grc' dir='ltr'><strong>θανατοῦν</strong></span> <span class='ocrx_word' id='word_1_314' title='bbox 560 4001 884 4071; x_wconf 79' lang='grc' dir='ltr'><strong>δυναμένου,</strong></span> <span class='ocrx_word' id='word_1_315' title='bbox 949 4003 1082 4073; x_wconf 80' lang='grc' dir='ltr'><strong>μηδὲ</strong></span> <span class='ocrx_word' id='word_1_316' title='bbox 1114 4004 1272 4073; x_wconf 74' lang='grc' dir='ltr'><strong>μόνον</strong></span> <span class='ocrx_word' id='word_1_317' title='bbox 1311 4004 1371 4055; x_wconf 73' lang='grc' dir='ltr'><strong>τὸ</strong></span> <span class='ocrx_word' id='word_1_318' title='bbox 1411 4003 1554 4056; x_wconf 75' lang='grc' dir='ltr'><strong>κατὰ</strong></span> <span class='ocrx_word' id='word_1_319' title='bbox 1594 4003 1808 4070; x_wconf 82' lang='grc' dir='ltr'><strong>ὑγίειαν</strong></span> 
     </span>
    </p>
   </div>
   <div class='ocr_carea' id='block_1_43' title="bbox 238 4088 1807 4161">
    <p class='ocr_par' dir='ltr' id='par_1_43' title="bbox 238 4088 1807 4161">
     <span class='ocr_line' id='line_1_43' title="bbox 238 4088 1807 4161; baseline 0.001 -21"><span class='ocrx_word' id='word_1_320' title='bbox 238 4088 397 4159; x_wconf 74' lang='grc' dir='ltr'><strong>ὑγρὸν</strong></span> <span class='ocrx_word' id='word_1_321' title='bbox 427 4091 819 4160; x_wconf 81' lang='grc' dir='ltr'><strong>χορηγοῦντος,</strong></span> <span class='ocrx_word' id='word_1_322' title='bbox 841 4092 977 4144; x_wconf 82' lang='grc' dir='ltr'><strong>ἀλλὰ</strong></span> <span class='ocrx_word' id='word_1_323' title='bbox 998 4092 1093 4143; x_wconf 64' lang='grc' dir='ltr'><strong>καλ⁸</strong></span> <span class='ocrx_word' id='word_1_324' title='bbox 1113 4092 1619 4161; x_wconf 72' lang='grc' dir='ltr'><strong>ἀποξηραίνοντος).</strong></span> <span class='ocrx_word' id='word_1_325' title='bbox 1644 4092 1807 4160; x_wconf 78' lang='grc' dir='ltr'><strong>ἐνήρ-</strong></span> 
     </span>
    </p>
   </div>
   <div class='ocr_carea' id='block_1_44' title="bbox 237 4180 1808 4254">
    <p class='ocr_par' dir='ltr' id='par_1_44' title="bbox 237 4180 1808 4254">
     <span class='ocr_line' id='line_1_44' title="bbox 237 4180 1808 4254; baseline 0.001 -18"><span class='ocrx_word' id='word_1_326' title='bbox 237 4199 366 4254; x_wconf 73' lang='grc' dir='ltr'><strong>γησε</strong></span> <span class='ocrx_word' id='word_1_327' title='bbox 394 4183 599 4254; x_wconf 83' lang='grc' dir='ltr'><strong>καιροῦ</strong></span> <span class='ocrx_word' id='word_1_328' title='bbox 624 4184 911 4247; x_wconf 84' lang='grc' dir='ltr'><strong>λαλοῦντος</strong></span> <span class='ocrx_word' id='word_1_329' title='bbox 935 4180 1337 4248; x_wconf 66' lang='grc' dir='ltr'><strong>καῖὸΦιλόθεος</strong></span> <span class='ocrx_word' id='word_1_330' title='bbox 1361 4183 1567 4254; x_wconf 82' lang='grc' dir='ltr'><strong>θαῦμα,</strong></span> <span class='ocrx_word' id='word_1_331' title='bbox 1602 4182 1808 4237; x_wconf 87' lang='grc' dir='ltr'>σκοποῦ</span> 
     </span>
    </p>
   </div>
   <div class='ocr_carea' id='block_1_45' title="bbox 238 4276 1811 4347">
    <p class='ocr_par' dir='ltr' id='par_1_45' title="bbox 238 4276 1811 4347">
     <span class='ocr_line' id='line_1_45' title="bbox 238 4276 1811 4347; baseline -0.001 -18"><span class='ocrx_word' id='word_1_332' title='bbox 238 4295 374 4341; x_wconf 84' lang='grc' dir='ltr'><strong>τινος</strong></span> <span class='ocrx_word' id='word_1_333' title='bbox 401 4278 654 4331; x_wconf 72' lang='grc' dir='ltr'><strong>τοιούτου</strong></span> <span class='ocrx_word' id='word_1_334' title='bbox 688 4278 944 4347; x_wconf 78' lang='grc' dir='ltr'><strong>ἐχόμενον</strong></span> <span class='ocrx_word' id='word_1_335' title='bbox 965 4294 980 4309; x_wconf 77' lang='grc' dir='ltr'><strong>ο</strong></span> <span class='ocrx_word' id='word_1_336' title='bbox 1013 4278 1176 4331; x_wconf 86' lang='grc' dir='ltr'><strong>Λίθον</strong></span> <span class='ocrx_word' id='word_1_337' title='bbox 1206 4278 1313 4347; x_wconf 78' lang='grc' dir='ltr'><strong>γὰρ</strong></span> <span class='ocrx_word' id='word_1_338' title='bbox 1362 4277 1487 4331; x_wconf 74' lang='grc' dir='ltr'><strong>οὔτε</strong></span> <span class='ocrx_word' id='word_1_339' title='bbox 1526 4279 1683 4347; x_wconf 74' lang='grc' dir='ltr'><strong>χερσὶ</strong></span> <span class='ocrx_word' id='word_1_340' title='bbox 1713 4276 1811 4346; x_wconf 78' lang='grc' dir='ltr'><strong>λη·-</strong></span> 
     </span>
    </p>
   </div>
   <div class='ocr_carea' id='block_1_46' title="bbox 238 4364 1809 4440">
    <p class='ocr_par' dir='ltr' id='par_1_46' title="bbox 238 4364 1809 4440">
     <span class='ocr_line' id='line_1_46' title="bbox 238 4364 1809 4440; baseline -0.003 -15"><span class='ocrx_word' id='word_1_341' title='bbox 238 4371 387 4437; x_wconf 75' lang='grc' dir='ltr'><strong>πτδν,</strong></span> <span class='ocrx_word' id='word_1_342' title='bbox 422 4370 551 4425; x_wconf 71' lang='grc' dir='ltr'><strong>οὔτε</strong></span> <span class='ocrx_word' id='word_1_343' title='bbox 582 4369 751 4440; x_wconf 79' lang='grc' dir='ltr'><strong>ὤμοις</strong></span> <span class='ocrx_word' id='word_1_344' title='bbox 778 4370 1032 4440; x_wconf 80' lang='grc' dir='ltr'><strong>φορητὸν,</strong></span> <span class='ocrx_word' id='word_1_345' title='bbox 1060 4368 1185 4421; x_wconf 82' lang='grc' dir='ltr'><strong>οῦτε</strong></span> <span class='ocrx_word' id='word_1_346' title='bbox 1216 4364 1329 4422; x_wconf 76' lang='grc' dir='ltr'><strong>οἷον</strong></span> <span class='ocrx_word' id='word_1_347' title='bbox 1352 4369 1809 4432; x_wconf 73' lang='grc' dir='ltr'><strong>κυλίεσθαι,ὀ.λλὰ</strong></span> 
     </span>
    </p>
   </div>
   <div class='ocr_carea' id='block_1_47' title="bbox 238 4459 1806 4533">
    <p class='ocr_par' dir='ltr' id='par_1_47' title="bbox 238 4459 1806 4533">
     <span class='ocr_line' id='line_1_47' title="bbox 238 4459 1806 4533; baseline -0.003 -14"><span class='ocrx_word' id='word_1_348' title='bbox 238 4468 329 4533; x_wconf 72' lang='grc' dir='ltr'><strong>γῆς</strong></span> <span class='ocrx_word' id='word_1_349' title='bbox 365 4462 539 4533; x_wconf 76' lang='grc' dir='ltr'><strong>ἄχθος</strong></span> <span class='ocrx_word' id='word_1_350' title='bbox 589 4459 749 4528; x_wconf 78' lang='grc' dir='ltr'><strong>εἶναι,</strong></span> <span class='ocrx_word' id='word_1_351' title='bbox 791 4461 882 4514; x_wconf 84' lang='grc' dir='ltr'><strong>καί</strong></span> <span class='ocrx_word' id='word_1_352' title='bbox 924 4479 975 4514; x_wconf 85' lang='grc' dir='ltr'><strong>τι</strong></span> <span class='ocrx_word' id='word_1_353' title='bbox 1008 4463 1101 4513; x_wconf 73' lang='grc' dir='ltr'><strong>καὶ</strong></span> <span class='ocrx_word' id='word_1_354' title='bbox 1136 4460 1415 4531; x_wconf 84' lang='grc' dir='ltr'><strong>βλάπτειν,</strong></span> <span class='ocrx_word' id='word_1_355' title='bbox 1437 4462 1596 4514; x_wconf 80' lang='grc' dir='ltr'><strong>ὁποῖα</strong></span> <span class='ocrx_word' id='word_1_356' title='bbox 1634 4462 1806 4515; x_wconf 69' lang='grc' dir='ltr'><strong>πολλὰ</strong></span> 
     </span>
    </p>
   </div>
   <div class='ocr_carea' id='block_1_48' title="bbox 238 4552 1809 4623">
    <p class='ocr_par' dir='ltr' id='par_1_48' title="bbox 238 4552 1809 4623">
     <span class='ocr_line' id='line_1_48' title="bbox 238 4552 1809 4623; baseline 0.001 -19"><span class='ocrx_word' id='word_1_357' title='bbox 238 4554 465 4622; x_wconf 87' lang='grc' dir='ltr'><strong>γίνεται,</strong></span> <span class='ocrx_word' id='word_1_358' title='bbox 494 4554 657 4621; x_wconf 72' lang='grc' dir='ltr'><strong>λόγον</strong></span> <span class='ocrx_word' id='word_1_359' title='bbox 684 4552 1026 4621; x_wconf 67' lang='grc' dir='ltr'><strong>ἐπιπέμψας,</strong></span> <span class='ocrx_word' id='word_1_360' title='bbox 1068 4552 1170 4605; x_wconf 86' lang='grc' dir='ltr'><strong>ὅσα</strong></span> <span class='ocrx_word' id='word_1_361' title='bbox 1200 4555 1292 4605; x_wconf 75' lang='grc' dir='ltr'><strong>καὶ</strong></span> <span class='ocrx_word' id='word_1_362' title='bbox 1328 4552 1525 4623; x_wconf 82' lang='grc' dir='ltr'><strong>μοχλὸν</strong></span> <span class='ocrx_word' id='word_1_363' title='bbox 1556 4554 1809 4623; x_wconf 80' lang='grc' dir='ltr'><strong>εὐμήχα-</strong></span> 
     </span>
    </p>
   </div>
   <div class='ocr_carea' id='block_1_49' title="bbox 240 4642 1812 4716">
    <p class='ocr_par' dir='ltr' id='par_1_49' title="bbox 240 4642 1812 4716">
     <span class='ocr_line' id='line_1_49' title="bbox 240 4642 1812 4716; baseline -0.003 -17"><span class='ocrx_word' id='word_1_364' title='bbox 240 4664 343 4713; x_wconf 85' lang='grc' dir='ltr'><strong>νον,</strong></span> <span class='ocrx_word' id='word_1_365' title='bbox 366 4647 429 4700; x_wconf 78' lang='grc' dir='ltr'><strong>οῦ</strong></span> <span class='ocrx_word' id='word_1_366' title='bbox 456 4646 619 4716; x_wconf 83' lang='grc' dir='ltr'><strong>μόνον</strong></span> <span class='ocrx_word' id='word_1_367' title='bbox 651 4645 933 4715; x_wconf 85' lang='grc' dir='ltr'><strong>διώχλισεν</strong></span> <span class='ocrx_word' id='word_1_368' title='bbox 957 4642 1359 4709; x_wconf 69' lang='grc' dir='ltr'><strong>ὑποσιλεύσας,</strong></span> <span class='ocrx_word' id='word_1_369' title='bbox 1393 4645 1529 4698; x_wconf 79' lang='grc' dir='ltr'><strong>ἀλλὰ</strong></span> <span class='ocrx_word' id='word_1_370' title='bbox 1559 4645 1653 4698; x_wconf 74' lang='grc' dir='ltr'><strong>καὶ</strong></span> <span class='ocrx_word' id='word_1_371' title='bbox 1680 4660 1812 4714; x_wconf 89' lang='grc' dir='ltr'><strong>μετ-</strong></span> 
     </span>
    </p>
   </div>
   <div class='ocr_carea' id='block_1_50' title="bbox 240 4733 1813 4810">
    <p class='ocr_par' dir='ltr' id='par_1_50' title="bbox 240 4733 1813 4810">
     <span class='ocr_line' id='line_1_50' title="bbox 240 4733 1813 4810; baseline -0.001 -20"><span class='ocrx_word' id='word_1_372' title='bbox 240 4738 423 4807; x_wconf 83' lang='grc' dir='ltr'><strong>έθηκε.</strong></span> <span class='ocrx_word' id='word_1_373' title='bbox 446 4739 560 4791; x_wconf 77' lang='grc' dir='ltr'><strong>Καὶ</strong></span> <span class='ocrx_word' id='word_1_374' title='bbox 586 4733 654 4810; x_wconf 80' lang='grc' dir='ltr'><strong>ἦν</strong></span> <span class='ocrx_word' id='word_1_375' title='bbox 686 4736 1039 4805; x_wconf 68' lang='grc' dir='ltr'><strong>ἀναλάξευμά</strong></span> <span class='ocrx_word' id='word_1_376' title='bbox 1067 4754 1121 4789; x_wconf 91' lang='grc' dir='ltr'><strong>τι</strong></span> <span class='ocrx_word' id='word_1_377' title='bbox 1151 4736 1245 4789; x_wconf 80' lang='grc' dir='ltr'><strong>καὶ</strong></span> <span class='ocrx_word' id='word_1_378' title='bbox 1271 4735 1433 4789; x_wconf 87' lang='grc' dir='ltr'><strong>τοῦτο</strong></span> <span class='ocrx_word' id='word_1_379' title='bbox 1460 4735 1649 4807; x_wconf 85' lang='grc' dir='ltr'><strong>θαῦμα</strong></span> <span class='ocrx_word' id='word_1_380' title='bbox 1668 4738 1813 4789; x_wconf 81' lang='grc' dir='ltr'><strong>ὲκεί-</strong></span> 
     </span>
    </p>
   </div>
   <div class='ocr_carea' id='block_1_51' title="bbox 240 4826 1811 4897">
    <p class='ocr_par' dir='ltr' id='par_1_51' title="bbox 240 4826 1811 4897">
     <span class='ocr_line' id='line_1_51' title="bbox 240 4826 1811 4897; baseline 0.001 -18"><span class='ocrx_word' id='word_1_381' title='bbox 240 4830 631 4892; x_wconf 71' lang='grc' dir='ltr'><strong>νου,ὃδίδωσιν</strong></span> <span class='ocrx_word' id='word_1_382' title='bbox 657 4828 684 4880; x_wconf 80' lang='grc' dir='ltr'><strong>ὁ</strong></span> <span class='ocrx_word' id='word_1_383' title='bbox 712 4829 843 4891; x_wconf 76' lang='grc' dir='ltr'><strong>Θεὸς</strong></span> <span class='ocrx_word' id='word_1_384' title='bbox 882 4835 993 4891; x_wconf 66' lang='grc' dir='ltr'><strong>τοῖς</strong></span> <span class='ocrx_word' id='word_1_385' title='bbox 1026 4828 1192 4880; x_wconf 78' lang='grc' dir='ltr'><strong>αὑτοῦ</strong></span> <span class='ocrx_word' id='word_1_386' title='bbox 1221 4826 1519 4897; x_wconf 79' lang='grc' dir='ltr'><strong>μαθηταῖς,</strong></span> <span class='ocrx_word' id='word_1_387' title='bbox 1550 4829 1811 4895; x_wconf 69' lang='grc' dir='ltr'><strong>ἐπαγγει-</strong></span> 
     </span>
    </p>
   </div>
   <div class='ocr_carea' id='block_1_52' title="bbox 240 4920 1813 4991">
    <p class='ocr_par' dir='ltr' id='par_1_52' title="bbox 240 4920 1813 4991">
     <span class='ocr_line' id='line_1_52' title="bbox 240 4920 1813 4991; baseline -0.001 -17"><span class='ocrx_word' id='word_1_388' title='bbox 240 4923 491 4991; x_wconf 78' lang='grc' dir='ltr'><strong>λάμενος,</strong></span> <span class='ocrx_word' id='word_1_389' title='bbox 545 4922 639 4974; x_wconf 72' lang='grc' dir='ltr'><strong>καὶ</strong></span> <span class='ocrx_word' id='word_1_390' title='bbox 666 4920 767 4990; x_wconf 80' lang='grc' dir='ltr'><strong>ὅρη</strong></span> <span class='ocrx_word' id='word_1_391' title='bbox 803 4922 1115 4989; x_wconf 85' lang='grc' dir='ltr'><strong>μετακινεῖν</strong></span> <span class='ocrx_word' id='word_1_392' title='bbox 1156 4920 1361 4983; x_wconf 78' lang='grc' dir='ltr'><strong>αὐτοὺς</strong></span> <span class='ocrx_word' id='word_1_393' title='bbox 1392 4921 1813 4986; x_wconf 61' lang='grc' dir='ltr'><strong>ἐπιτάσσοντας,</strong></span> 
     </span>
    </p>
   </div>
   <div class='ocr_carea' id='block_1_53' title="bbox 241 5012 1815 5084">
    <p class='ocr_par' dir='ltr' id='par_1_53' title="bbox 241 5012 1815 5084">
     <span class='ocr_line' id='line_1_53' title="bbox 241 5012 1815 5084; baseline 0 -17"><span class='ocrx_word' id='word_1_394' title='bbox 241 5018 325 5067; x_wconf 73' lang='grc' dir='ltr'><strong>καὶ</strong></span> <span class='ocrx_word' id='word_1_395' title='bbox 361 5012 759 5084; x_wconf 73' lang='grc' dir='ltr'><strong>μεταδιδάξειν</strong></span> <span class='ocrx_word' id='word_1_396' title='bbox 784 5014 848 5064; x_wconf 80' lang='grc' dir='ltr'>ἐκ</span> <span class='ocrx_word' id='word_1_397' title='bbox 879 5012 1042 5082; x_wconf 82' lang='grc' dir='ltr'><strong>τῆσδε</strong></span> <span class='ocrx_word' id='word_1_398' title='bbox 1082 5012 1294 5083; x_wconf 81' lang='grc' dir='ltr'><strong>βάσεως</strong></span> <span class='ocrx_word' id='word_1_399' title='bbox 1334 5016 1414 5076; x_wconf 79' lang='grc' dir='ltr'><strong>είς</strong></span> <span class='ocrx_word' id='word_1_400' title='bbox 1451 5014 1620 5082; x_wconf 79' lang='grc' dir='ltr'><strong>ἄλλην</strong></span> <span class='ocrx_word' id='word_1_401' title='bbox 1653 5013 1815 5067; x_wconf 78' lang='grc' dir='ltr'><strong>ἑλκό-</strong></span> 
     </span>
    </p>
   </div>
   <div class='ocr_carea' id='block_1_54' title="bbox 244 5104 1817 5174">
    <p class='ocr_par' dir='ltr' id='par_1_54' title="bbox 244 5104 1817 5174">
     <span class='ocr_line' id='line_1_54' title="bbox 244 5104 1817 5174; baseline 0 -16"><span class='ocrx_word' id='word_1_402' title='bbox 244 5124 368 5174; x_wconf 80' lang='grc' dir='ltr'><strong>μενα</strong></span> <span class='ocrx_word' id='word_1_403' title='bbox 426 5108 669 5167; x_wconf 84' lang='grc' dir='ltr'><strong>πίστεως</strong></span> <span class='ocrx_word' id='word_1_404' title='bbox 734 5109 1022 5173; x_wconf 78' lang='grc' dir='ltr'><strong>πείσμασι.</strong></span> <span class='ocrx_word' id='word_1_405' title='bbox 1074 5106 1169 5168; x_wconf 86' lang='grc' dir='ltr'><strong>Τίς</strong></span> <span class='ocrx_word' id='word_1_406' title='bbox 1200 5108 1303 5159; x_wconf 84' lang='grc' dir='ltr'><strong>οὐκ</strong></span> <span class='ocrx_word' id='word_1_407' title='bbox 1338 5108 1404 5158; x_wconf 84' lang='grc' dir='ltr'><strong>ἂν</strong></span> <span class='ocrx_word' id='word_1_408' title='bbox 1439 5107 1669 5159; x_wconf 75' lang='grc' dir='ltr'><strong>ἐνταῦθα</strong></span> <span class='ocrx_word' id='word_1_409' title='bbox 1703 5104 1817 5170; x_wconf 77' lang='grc' dir='ltr'><strong>ἐξε-</strong></span> 
     </span>
    </p>
   </div>
   <div class='ocr_carea' id='block_1_55' title="bbox 242 5198 1816 5269">
    <p class='ocr_par' dir='ltr' id='par_1_55' title="bbox 242 5198 1816 5269">
     <span class='ocr_line' id='line_1_55' title="bbox 242 5198 1816 5269; baseline 0 -18"><span class='ocrx_word' id='word_1_410' title='bbox 242 5200 415 5269; x_wconf 72' lang='grc' dir='ltr'><strong>πλάγη</strong></span> <span class='ocrx_word' id='word_1_411' title='bbox 466 5202 559 5252; x_wconf 76' lang='grc' dir='ltr'><strong>τὸν</strong></span> <span class='ocrx_word' id='word_1_412' title='bbox 613 5200 787 5268; x_wconf 83' lang='grc' dir='ltr'><strong>μέγαν</strong></span> <span class='ocrx_word' id='word_1_413' title='bbox 836 5198 1107 5263; x_wconf 78' lang='grc' dir='ltr'><strong>Φιλόθεον,</strong></span> <span class='ocrx_word' id='word_1_414' title='bbox 1154 5198 1297 5250; x_wconf 84' lang='grc' dir='ltr'><strong>οῦτω</strong></span> <span class='ocrx_word' id='word_1_415' title='bbox 1326 5198 1557 5259; x_wconf 75' lang='grc' dir='ltr'><strong>καὶτοῖς</strong></span> <span class='ocrx_word' id='word_1_416' title='bbox 1584 5198 1816 5269; x_wconf 66' lang='grc' dir='ltr'><strong>ἀψύχοις</strong></span> 
     </span>
    </p>
   </div>
   <div class='ocr_carea' id='block_1_56' title="bbox 243 5295 1814 5366">
    <p class='ocr_par' dir='ltr' id='par_1_56' title="bbox 243 5295 1814 5366">
     <span class='ocr_line' id='line_1_56' title="bbox 243 5295 1814 5366; baseline 0.001 -18"><span class='ocrx_word' id='word_1_417' title='bbox 243 5295 550 5350; x_wconf 72' lang='grc' dir='ltr'><strong>ἐπιτάττειν</strong></span> <span class='ocrx_word' id='word_1_418' title='bbox 582 5295 903 5363; x_wconf 73' lang='grc' dir='ltr'><strong>δυνάμενον,</strong></span> <span class='ocrx_word' id='word_1_419' title='bbox 937 5296 1030 5349; x_wconf 79' lang='grc' dir='ltr'><strong>καὶ</strong></span> <span class='ocrx_word' id='word_1_420' title='bbox 1060 5296 1161 5365; x_wconf 82' lang='grc' dir='ltr'><strong>τὴν</strong></span> <span class='ocrx_word' id='word_1_421' title='bbox 1192 5296 1461 5366; x_wconf 77' lang='grc' dir='ltr'><strong>ἐπιταγὴν</strong></span> <span class='ocrx_word' id='word_1_422' title='bbox 1486 5295 1701 5364; x_wconf 77' lang='grc' dir='ltr'><strong>βλέπων</strong></span> <span class='ocrx_word' id='word_1_423' title='bbox 1734 5300 1814 5358; x_wconf 83' lang='grc' dir='ltr'><strong>εἰς</strong></span> 
     </span>
    </p>
   </div>
   <div class='ocr_carea' id='block_1_57' title="bbox 242 5385 1814 5456">
    <p class='ocr_par' dir='ltr' id='par_1_57' title="bbox 242 5385 1814 5456">
     <span class='ocr_line' id='line_1_57' title="bbox 242 5385 1814 5456; baseline -0.001 -18"><span class='ocrx_word' id='word_1_424' title='bbox 242 5387 392 5455; x_wconf 75' lang='grc' dir='ltr'><strong>ἔργον</strong></span> <span class='ocrx_word' id='word_1_425' title='bbox 450 5387 898 5455; x_wconf 71' lang='grc' dir='ltr'><strong>προϐχί·,ουταν;</strong></span> <span class='ocrx_word' id='word_1_426' title='bbox 960 5386 1203 5456; x_wconf 77' lang='grc' dir='ltr'><strong>Ἔγκοπὴ</strong></span> <span class='ocrx_word' id='word_1_427' title='bbox 1261 5387 1462 5448; x_wconf 85' lang='grc' dir='ltr'><strong>παντὸς</strong></span> <span class='ocrx_word' id='word_1_428' title='bbox 1518 5385 1689 5439; x_wconf 80' lang='grc' dir='ltr'>κακοῦ</span> <span class='ocrx_word' id='word_1_429' title='bbox 1756 5386 1814 5437; x_wconf 71' lang='grc' dir='ltr'><strong>τὸ</strong></span> 
     </span>
    </p>
   </div>
   <div class='ocr_carea' id='block_1_58' title="bbox 240 5477 1815 5549">
    <p class='ocr_par' dir='ltr' id='par_1_58' title="bbox 240 5477 1815 5549">
     <span class='ocr_line' id='line_1_58' title="bbox 240 5477 1815 5549; baseline -0.002 -17"><span class='ocrx_word' id='word_1_430' title='bbox 240 5483 473 5534; x_wconf 79' lang='grc' dir='ltr'><strong>τοιοῦτον</strong></span> <span class='ocrx_word' id='word_1_431' title='bbox 506 5481 719 5548; x_wconf 84' lang='grc' dir='ltr'><strong>θαῦμα.</strong></span> <span class='ocrx_word' id='word_1_432' title='bbox 744 5481 858 5532; x_wconf 69' lang='grc' dir='ltr'><strong>Οὐκ</strong></span> <span class='ocrx_word' id='word_1_433' title='bbox 890 5478 955 5532; x_wconf 78' lang='grc' dir='ltr'><strong>ἂν</strong></span> <span class='ocrx_word' id='word_1_434' title='bbox 974 5478 1389 5549; x_wconf 76' lang='grc' dir='ltr'><strong>ὡρογλύφησεν,</strong></span> <span class='ocrx_word' id='word_1_435' title='bbox 1418 5479 1517 5531; x_wconf 72' lang='grc' dir='ltr'><strong>οὐκ</strong></span> <span class='ocrx_word' id='word_1_436' title='bbox 1553 5479 1616 5531; x_wconf 82' lang='grc' dir='ltr'><strong>ἂν</strong></span> <span class='ocrx_word' id='word_1_437' title='bbox 1638 5477 1815 5530; x_wconf 81' lang='grc' dir='ltr'><strong>οἰκίαν</strong></span> 
     </span>
    </p>
   </div>
   <div class='ocr_carea' id='block_1_59' title="bbox 242 5569 1815 5643">
    <p class='ocr_par' dir='ltr' id='par_1_59' title="bbox 242 5569 1815 5643">
     <span class='ocr_line' id='line_1_59' title="bbox 242 5569 1815 5643; baseline -0.001 -20"><span class='ocrx_word' id='word_1_438' title='bbox 242 5574 372 5639; x_wconf 63' lang='grc' dir='ltr'><strong>πρὸς</strong></span> <span class='ocrx_word' id='word_1_439' title='bbox 393 5574 578 5626; x_wconf 76' lang='grc' dir='ltr'><strong>οἰκίαν</strong></span> <span class='ocrx_word' id='word_1_440' title='bbox 608 5572 841 5643; x_wconf 64' lang='grc' dir='ltr'><strong>ἥνωσεν.</strong></span> <span class='ocrx_word' id='word_1_441' title='bbox 876 5573 996 5626; x_wconf 80' lang='grc' dir='ltr'><strong>οὐδὲ</strong></span> <span class='ocrx_word' id='word_1_442' title='bbox 1028 5572 1198 5640; x_wconf 78' lang='grc' dir='ltr'><strong>ἀγρὸν</strong></span> <span class='ocrx_word' id='word_1_443' title='bbox 1230 5574 1365 5641; x_wconf 64' lang='grc' dir='ltr'><strong>προς</strong></span> <span class='ocrx_word' id='word_1_444' title='bbox 1390 5572 1581 5642; x_wconf 67' lang='grc' dir='ltr'><strong>ἀγρὸν.</strong></span> <span class='ocrx_word' id='word_1_445' title='bbox 1606 5569 1815 5623; x_wconf 84' lang='grc' dir='ltr'><strong>είοῦτω</strong></span> 
     </span>
    </p>
   </div>
   <div class='ocr_carea' id='block_1_60' title="bbox 241 5660 1813 5733">
    <p class='ocr_par' dir='ltr' id='par_1_60' title="bbox 241 5660 1813 5733">
     <span class='ocr_line' id='line_1_60' title="bbox 241 5660 1813 5733; baseline -0.002 -19"><span class='ocrx_word' id='word_1_446' title='bbox 241 5662 453 5718; x_wconf 78' lang='grc' dir='ltr'><strong>δύναται</strong></span> <span class='ocrx_word' id='word_1_447' title='bbox 490 5669 519 5719; x_wconf 81' lang='grc' dir='ltr'>ὁ</span> <span class='ocrx_word' id='word_1_448' title='bbox 557 5664 813 5725; x_wconf 73' lang='grc' dir='ltr'><strong>Φιλὸοεος</strong></span> <span class='ocrx_word' id='word_1_449' title='bbox 854 5664 1089 5733; x_wconf 76' lang='grc' dir='ltr'>διασπᾷν</span> <span class='ocrx_word' id='word_1_450' title='bbox 1124 5664 1218 5716; x_wconf 76' lang='grc' dir='ltr'><strong>καὶ</strong></span> <span class='ocrx_word' id='word_1_451' title='bbox 1253 5664 1648 5730; x_wconf 74' lang='grc' dir='ltr'><strong>μεταϐιϐάζειν</strong></span> <span class='ocrx_word' id='word_1_452' title='bbox 1675 5660 1813 5730; x_wconf 79' lang='grc' dir='ltr'><strong>ἄχθη</strong></span> 
     </span>
    </p>
   </div>
   <div class='ocr_carea' id='block_1_61' title="bbox 244 5755 1810 5828">
    <p class='ocr_par' dir='ltr' id='par_1_61' title="bbox 244 5755 1810 5828">
     <span class='ocr_line' id='line_1_61' title="bbox 244 5755 1810 5828; baseline -0.006 -16"><span class='ocrx_word' id='word_1_453' title='bbox 244 5759 533 5828; x_wconf 61' lang='grc' dir='ltr'><strong>βαρύτατα,</strong></span> <span class='ocrx_word' id='word_1_454' title='bbox 562 5762 621 5811; x_wconf 77' lang='grc' dir='ltr'><strong>ὲν</strong></span> <span class='ocrx_word' id='word_1_455' title='bbox 649 5758 770 5828; x_wconf 81' lang='grc' dir='ltr'><strong>χρῷ</strong></span> <span class='ocrx_word' id='word_1_456' title='bbox 792 5761 894 5824; x_wconf 79' lang='grc' dir='ltr'><strong>γῆς</strong></span> <span class='ocrx_word' id='word_1_457' title='bbox 928 5758 1174 5826; x_wconf 81' lang='grc' dir='ltr'><strong>κείμενα,</strong></span> <span class='ocrx_word' id='word_1_458' title='bbox 1209 5755 1584 5823; x_wconf 66' lang='grc' dir='ltr'><strong>κι¹ι,ὰκριδώς</strong></span> <span class='ocrx_word' id='word_1_459' title='bbox 1616 5756 1810 5815; x_wconf 78' lang='grc' dir='ltr'><strong>εἰπεῖν,</strong></span> 
     </span>
    </p>
   </div>
   <div class='ocr_carea' id='block_1_62' title="bbox 245 5845 1810 5917">
    <p class='ocr_par' dir='ltr' id='par_1_62' title="bbox 245 5845 1810 5917">
     <span class='ocr_line' id='line_1_62' title="bbox 245 5845 1810 5917; baseline -0.006 -10"><span class='ocrx_word' id='word_1_460' title='bbox 245 5856 566 5914; x_wconf 54' lang='lat' dir='ltr'><strong>causam.</strong></span> <span class='ocrx_word' id='word_1_461' title='bbox 596 5855 671 5905; x_wconf 81' lang='grc' dir='ltr'><strong>Τὸ</strong></span> <span class='ocrx_word' id='word_1_462' title='bbox 699 5852 753 5905; x_wconf 71' lang='grc' dir='ltr'><strong>δὲ.</strong></span> <span class='ocrx_word' id='word_1_463' title='bbox 782 5850 900 5904; x_wconf 76' lang='grc' dir='ltr'><strong>ὅλον</strong></span> <span class='ocrx_word' id='word_1_464' title='bbox 926 5851 1091 5917; x_wconf 75' lang='grc' dir='ltr'>φάναι</span> <span class='ocrx_word' id='word_1_465' title='bbox 1122 5850 1293 5912; x_wconf 73' lang='grc' dir='ltr'><strong>ἄλλως</strong></span> <span class='ocrx_word' id='word_1_466' title='bbox 1326 5866 1329 5869; x_wconf 93' lang='grc'><strong>·</strong></span> <span class='ocrx_word' id='word_1_467' title='bbox 1366 5849 1538 5911; x_wconf 68' lang='grc' dir='ltr'><strong>οὐδεὶς</strong></span> <span class='ocrx_word' id='word_1_468' title='bbox 1562 5845 1810 5899; x_wconf 76' lang='grc' dir='ltr'><strong>τοιοῦτον</strong></span> 
     </span>
    </p>
   </div>
   <div class='ocr_carea' id='block_1_63' title="bbox 1906 609 3472 688">
    <p class='ocr_par' dir='ltr' id='par_1_63' title="bbox 1906 609 3472 688">
     <span class='ocr_line' id='line_1_63' title="bbox 1906 609 3472 688; baseline -0.006 -18"><span class='ocrx_word' id='word_1_469' title='bbox 1906 617 2279 680; x_wconf 87' lang='lat' dir='ltr'><strong>continebant,</strong></span> <span class='ocrx_word' id='word_1_470' title='bbox 2316 618 2410 672; x_wconf 89' lang='lat' dir='ltr'><strong>sed</strong></span> <span class='ocrx_word' id='word_1_471' title='bbox 2437 632 2656 688; x_wconf 86' lang='lat' dir='ltr'><strong>prorsus</strong></span> <span class='ocrx_word' id='word_1_472' title='bbox 2687 630 2857 671; x_wconf 88' lang='lat' dir='ltr'><strong>vacua</strong></span> <span class='ocrx_word' id='word_1_473' title='bbox 2881 620 3056 675; x_wconf 89' lang='lat' dir='ltr'><strong>crant,</strong></span> <span class='ocrx_word' id='word_1_474' title='bbox 3096 610 3202 665; x_wconf 85' lang='lat' dir='ltr'><strong>illis</strong></span> <span class='ocrx_word' id='word_1_475' title='bbox 3228 611 3317 678; x_wconf 89' lang='lat' dir='ltr'><strong>qui</strong></span> <span class='ocrx_word' id='word_1_476' title='bbox 3354 609 3472 661; x_wconf 85' lang='lat' dir='ltr'><strong>iuo-</strong></span> 
     </span>
    </p>
   </div>
   <div class='ocr_carea' id='block_1_64' title="bbox 1904 701 3476 778">
    <p class='ocr_par' dir='ltr' id='par_1_64' title="bbox 1904 701 3476 778">
     <span class='ocr_line' id='line_1_64' title="bbox 1904 701 3476 778; baseline -0.006 -16"><span class='ocrx_word' id='word_1_477' title='bbox 1904 709 1990 778; x_wconf 85' lang='lat' dir='ltr'><strong>pia</strong></span> <span class='ocrx_word' id='word_1_478' title='bbox 2017 708 2346 775; x_wconf 77' lang='lat' dir='ltr'><strong>laborarent,</strong></span> <span class='ocrx_word' id='word_1_479' title='bbox 2373 724 2479 764; x_wconf 90' lang='lat' dir='ltr'><strong>non</strong></span> <span class='ocrx_word' id='word_1_480' title='bbox 2510 710 2687 765; x_wconf 83' lang='lat' dir='ltr'><strong>solum</strong></span> <span class='ocrx_word' id='word_1_481' title='bbox 2748 706 3078 762; x_wconf 77' lang='lat' dir='ltr'><strong>frumentum</strong></span> <span class='ocrx_word' id='word_1_482' title='bbox 3114 701 3335 770; x_wconf 82' lang='lat' dir='ltr'><strong>egessit,</strong></span> <span class='ocrx_word' id='word_1_483' title='bbox 3383 701 3476 754; x_wconf 84' lang='lat' dir='ltr'><strong>sed</strong></span> 
     </span>
    </p>
   </div>
   <div class='ocr_carea' id='block_1_65' title="bbox 1903 791 3480 869">
    <p class='ocr_par' dir='ltr' id='par_1_65' title="bbox 1903 791 3480 869">
     <span class='ocr_line' id='line_1_65' title="bbox 1903 791 3480 869; baseline -0.01 -14"><span class='ocrx_word' id='word_1_484' title='bbox 1903 801 2065 855; x_wconf 88' lang='lat' dir='ltr'><strong>etiam</strong></span> <span class='ocrx_word' id='word_1_485' title='bbox 2098 803 2162 855; x_wconf 89' lang='lat' dir='ltr'><strong>ad</strong></span> <span class='ocrx_word' id='word_1_486' title='bbox 2187 802 2358 856; x_wconf 90' lang='lat' dir='ltr'><strong>instar</strong></span> <span class='ocrx_word' id='word_1_487' title='bbox 2376 801 2622 855; x_wconf 85' lang='lat' dir='ltr'><strong>miraculi</strong></span> <span class='ocrx_word' id='word_1_488' title='bbox 2642 798 2782 869; x_wconf 89' lang='lat' dir='ltr'><strong>quod</strong></span> <span class='ocrx_word' id='word_1_489' title='bbox 2808 796 3103 853; x_wconf 90' lang='lat' dir='ltr'><strong>secundum</strong></span> <span class='ocrx_word' id='word_1_490' title='bbox 3134 791 3480 860; x_wconf 87' lang='lat' dir='ltr'><strong>Evangelimn</strong></span> 
     </span>
    </p>
   </div>
   <div class='ocr_carea' id='block_1_66' title="bbox 1904 884 3488 957">
    <p class='ocr_par' dir='ltr' id='par_1_66' title="bbox 1904 884 3488 957">
     <span class='ocr_line' id='line_1_66' title="bbox 1904 884 3488 957; baseline -0.006 -10"><span class='ocrx_word' id='word_1_491' title='bbox 1904 892 2066 947; x_wconf 69' lang='lat' dir='ltr'><strong>Cana:</strong></span> <span class='ocrx_word' id='word_1_492' title='bbox 2088 896 2292 957; x_wconf 88' lang='lat' dir='ltr'><strong>evenit,</strong></span> <span class='ocrx_word' id='word_1_493' title='bbox 2322 893 2506 947; x_wconf 88' lang='lat' dir='ltr'><strong>vinum</strong></span> <span class='ocrx_word' id='word_1_494' title='bbox 2543 892 2692 955; x_wconf 81' lang='lat' dir='ltr'><strong>fecit,</strong></span> <span class='ocrx_word' id='word_1_495' title='bbox 2727 892 2801 945; x_wconf 90' lang='lat' dir='ltr'><strong>ita</strong></span> <span class='ocrx_word' id='word_1_496' title='bbox 2836 900 2894 943; x_wconf 82' lang='grc' dir='ltr'><strong>ιιι</strong></span> <span class='ocrx_word' id='word_1_497' title='bbox 2936 902 3232 957; x_wconf 80' lang='lat' dir='ltr'><strong>pauperum</strong></span> <span class='ocrx_word' id='word_1_498' title='bbox 3275 884 3488 937; x_wconf 89' lang='lat' dir='ltr'><strong>animos</strong></span> 
     </span>
    </p>
   </div>
   <div class='ocr_carea' id='block_1_67' title="bbox 1906 976 3483 1053">
    <p class='ocr_par' dir='ltr' id='par_1_67' title="bbox 1906 976 3483 1053">
     <span class='ocr_line' id='line_1_67' title="bbox 1906 976 3483 1053; baseline -0.008 -15"><span class='ocrx_word' id='word_1_499' title='bbox 1906 1000 2044 1053; x_wconf 87' lang='lat' dir='ltr'><strong>pane</strong></span> <span class='ocrx_word' id='word_1_500' title='bbox 2071 986 2470 1050; x_wconf 83' lang='lat' dir='ltr'><strong>corroboraret,</strong></span> <span class='ocrx_word' id='word_1_501' title='bbox 2488 985 2612 1038; x_wconf 91' lang='lat' dir='ltr'><strong>vino</strong></span> <span class='ocrx_word' id='word_1_502' title='bbox 2643 994 2821 1038; x_wconf 85' lang='lat' dir='ltr'><strong>autem</strong></span> <span class='ocrx_word' id='word_1_503' title='bbox 2850 981 3170 1036; x_wconf 79' lang='lat' dir='ltr'><strong>hctilicaret.</strong></span> <span class='ocrx_word' id='word_1_504' title='bbox 3191 976 3483 1029; x_wconf 84' lang='lat' dir='ltr'><strong>Narratum</strong></span> 
     </span>
    </p>
   </div>
   <div class='ocr_carea' id='block_1_68' title="bbox 1905 1067 3485 1145">
    <p class='ocr_par' dir='ltr' id='par_1_68' title="bbox 1905 1067 3485 1145">
     <span class='ocr_line' id='line_1_68' title="bbox 1905 1067 3485 1145; baseline -0.008 -14"><span class='ocrx_word' id='word_1_505' title='bbox 1905 1077 2049 1131; x_wconf 90' lang='lat' dir='ltr'><strong>enim</strong></span> <span class='ocrx_word' id='word_1_506' title='bbox 2087 1086 2143 1131; x_wconf 91' lang='lat' dir='ltr'><strong>et</strong></span> <span class='ocrx_word' id='word_1_507' title='bbox 2184 1077 2285 1131; x_wconf 85' lang='lat' dir='ltr'><strong>llde</strong></span> <span class='ocrx_word' id='word_1_508' title='bbox 2312 1077 2535 1145; x_wconf 87' lang='lat' dir='ltr'><strong>dignum</strong></span> <span class='ocrx_word' id='word_1_509' title='bbox 2571 1086 2651 1130; x_wconf 82' lang='lat' dir='ltr'><strong>est</strong></span> <span class='ocrx_word' id='word_1_510' title='bbox 2681 1073 2772 1128; x_wconf 89' lang='lat' dir='ltr'><strong>illo</strong></span> <span class='ocrx_word' id='word_1_511' title='bbox 2824 1081 3065 1139; x_wconf 89' lang='lat' dir='ltr'><strong>tempore</strong></span> <span class='ocrx_word' id='word_1_512' title='bbox 3101 1067 3388 1127; x_wconf 89' lang='lat' dir='ltr'><strong>accidisse,</strong></span> <span class='ocrx_word' id='word_1_513' title='bbox 3425 1074 3485 1118; x_wconf 91' lang='lat' dir='ltr'><strong>ut</strong></span> 
     </span>
    </p>
   </div>
   <div class='ocr_carea' id='block_1_69' title="bbox 1906 1158 3484 1237">
    <p class='ocr_par' dir='ltr' id='par_1_69' title="bbox 1906 1158 3484 1237">
     <span class='ocr_line' id='line_1_69' title="bbox 1906 1158 3484 1237; baseline -0.008 -14"><span class='ocrx_word' id='word_1_514' title='bbox 1906 1168 2151 1223; x_wconf 75' lang='lat' dir='ltr'><strong>heminas</strong></span> <span class='ocrx_word' id='word_1_515' title='bbox 2176 1168 2285 1222; x_wconf 89' lang='lat' dir='ltr'><strong>vini</strong></span> <span class='ocrx_word' id='word_1_516' title='bbox 2332 1168 2556 1237; x_wconf 86' lang='lat' dir='ltr'><strong>penuria</strong></span> <span class='ocrx_word' id='word_1_517' title='bbox 2585 1167 2916 1221; x_wconf 78' lang='lat' dir='ltr'><strong>laborarent.</strong></span> <span class='ocrx_word' id='word_1_518' title='bbox 2968 1163 3146 1229; x_wconf 84' lang='lat' dir='ltr'><strong>Quare</strong></span> <span class='ocrx_word' id='word_1_519' title='bbox 3204 1160 3269 1213; x_wconf 88' lang='lat' dir='ltr'><strong>ad</strong></span> <span class='ocrx_word' id='word_1_520' title='bbox 3320 1158 3484 1211; x_wconf 88' lang='lat' dir='ltr'><strong>Deum</strong></span> 
     </span>
    </p>
   </div>
   <div class='ocr_carea' id='block_1_70' title="bbox 1907 1256 3484 1325">
    <p class='ocr_par' dir='ltr' id='par_1_70' title="bbox 1907 1256 3484 1325">
     <span class='ocr_line' id='line_1_70' title="bbox 1907 1256 3484 1325; baseline -0.006 -14"><span class='ocrx_word' id='word_1_521' title='bbox 1907 1258 2178 1319; x_wconf 88' lang='lat' dir='ltr'><strong>conversi,</strong></span> <span class='ocrx_word' id='word_1_522' title='bbox 2212 1267 2271 1311; x_wconf 92' lang='lat' dir='ltr'><strong>ut</strong></span> <span class='ocrx_word' id='word_1_523' title='bbox 2305 1258 2545 1325; x_wconf 81' lang='lat' dir='ltr'><strong>ipsorum</strong></span> <span class='ocrx_word' id='word_1_524' title='bbox 2573 1256 2799 1323; x_wconf 87' lang='lat' dir='ltr'><strong>egestati</strong></span> <span class='ocrx_word' id='word_1_525' title='bbox 2827 1260 3195 1315; x_wconf 84' lang='lat' dir='ltr'><strong>succurreret,</strong></span> <span class='ocrx_word' id='word_1_526' title='bbox 3236 1260 3484 1303; x_wconf 86' lang='lat' dir='ltr'><strong>orarunt.</strong></span> 
     </span>
    </p>
   </div>
   <div class='ocr_carea' id='block_1_71' title="bbox 1910 1342 3488 1412">
    <p class='ocr_par' dir='ltr' id='par_1_71' title="bbox 1910 1342 3488 1412">
     <span class='ocr_line' id='line_1_71' title="bbox 1910 1342 3488 1412; baseline -0.005 -11"><span class='ocrx_word' id='word_1_527' title='bbox 1910 1349 2050 1404; x_wconf 78' lang='lat' dir='ltr'><strong>Deus</strong></span> <span class='ocrx_word' id='word_1_528' title='bbox 2085 1360 2265 1404; x_wconf 88' lang='lat' dir='ltr'><strong>autem</strong></span> <span class='ocrx_word' id='word_1_529' title='bbox 2303 1364 2396 1404; x_wconf 84' lang='lat' dir='ltr'><strong>eos</strong></span> <span class='ocrx_word' id='word_1_530' title='bbox 2423 1349 2720 1412; x_wconf 80' lang='lat' dir='ltr'><strong>exaudivit,</strong></span> <span class='ocrx_word' id='word_1_531' title='bbox 2759 1358 2812 1402; x_wconf 91' lang='lat' dir='ltr'><strong>et</strong></span> <span class='ocrx_word' id='word_1_532' title='bbox 2843 1361 2999 1401; x_wconf 85' lang='lat' dir='ltr'><strong>servo</strong></span> <span class='ocrx_word' id='word_1_533' title='bbox 3061 1360 3161 1399; x_wconf 92' lang='lat' dir='ltr'><strong>suo</strong></span> <span class='ocrx_word' id='word_1_534' title='bbox 3204 1342 3488 1396; x_wconf 76' lang='lat' dir='ltr'><strong>Philothco</strong></span> 
     </span>
    </p>
   </div>
   <div class='ocr_carea' id='block_1_72' title="bbox 1908 1432 3487 1511">
    <p class='ocr_par' dir='ltr' id='par_1_72' title="bbox 1908 1432 3487 1511">
     <span class='ocr_line' id='line_1_72' title="bbox 1908 1432 3487 1511; baseline -0.009 -14"><span class='ocrx_word' id='word_1_535' title='bbox 1908 1441 2199 1511; x_wconf 68' lang='lat' dir='ltr'><strong>praecepit,</strong></span> <span class='ocrx_word' id='word_1_536' title='bbox 2235 1451 2289 1495; x_wconf 88' lang='lat' dir='ltr'><strong>et</strong></span> <span class='ocrx_word' id='word_1_537' title='bbox 2317 1456 2410 1509; x_wconf 82' lang='lat' dir='ltr'><strong>per</strong></span> <span class='ocrx_word' id='word_1_538' title='bbox 2444 1456 2565 1495; x_wconf 92' lang='lat' dir='ltr'><strong>eum</strong></span> <span class='ocrx_word' id='word_1_539' title='bbox 2593 1440 2845 1495; x_wconf 78' lang='lat' dir='ltr'><strong>auxilium</strong></span> <span class='ocrx_word' id='word_1_540' title='bbox 2893 1438 3030 1493; x_wconf 86' lang='lat' dir='ltr'><strong>tulit.</strong></span> <span class='ocrx_word' id='word_1_541' title='bbox 3057 1435 3306 1490; x_wconf 80' lang='lat' dir='ltr'><strong>Rivnlum</strong></span> <span class='ocrx_word' id='word_1_542' title='bbox 3346 1432 3487 1486; x_wconf 88' lang='lat' dir='ltr'><strong>enim</strong></span> 
     </span>
    </p>
   </div>
   <div class='ocr_carea' id='block_1_73' title="bbox 1907 1525 3491 1603">
    <p class='ocr_par' dir='ltr' id='par_1_73' title="bbox 1907 1525 3491 1603">
     <span class='ocr_line' id='line_1_73' title="bbox 1907 1525 3491 1603; baseline -0.005 -18"><span class='ocrx_word' id='word_1_543' title='bbox 1907 1533 1997 1603; x_wconf 87' lang='lat' dir='ltr'><strong>qui</strong></span> <span class='ocrx_word' id='word_1_544' title='bbox 2018 1532 2162 1586; x_wconf 88' lang='lat' dir='ltr'><strong>illam</strong></span> <span class='ocrx_word' id='word_1_545' title='bbox 2186 1532 2558 1587; x_wconf 89' lang='lat' dir='ltr'><strong>calamitosam</strong></span> <span class='ocrx_word' id='word_1_546' title='bbox 2575 1534 2849 1603; x_wconf 81' lang='lat' dir='ltr'><strong>regionem</strong></span> <span class='ocrx_word' id='word_1_547' title='bbox 2872 1528 3288 1600; x_wconf 63' lang='lat' dir='ltr'><strong>praeterﬂuebat,</strong></span> <span class='ocrx_word' id='word_1_548' title='bbox 3309 1525 3491 1580; x_wconf 89' lang='lat' dir='ltr'><strong>crucis</strong></span> 
     </span>
    </p>
   </div>
   <div class='ocr_carea' id='block_1_74' title="bbox 1909 1622 3487 1694">
    <p class='ocr_par' dir='ltr' id='par_1_74' title="bbox 1909 1622 3487 1694">
     <span class='ocr_line' id='line_1_74' title="bbox 1909 1622 3487 1694; baseline -0.006 -15"><span class='ocrx_word' id='word_1_549' title='bbox 1909 1623 2189 1694; x_wconf 83' lang='lat' dir='ltr'><strong>signaculo</strong></span> <span class='ocrx_word' id='word_1_550' title='bbox 2225 1624 2583 1693; x_wconf 84' lang='lat' dir='ltr'><strong>precibusque</strong></span> <span class='ocrx_word' id='word_1_551' title='bbox 2612 1624 2869 1678; x_wconf 78' lang='lat' dir='ltr'><strong>adhibitis</strong></span> <span class='ocrx_word' id='word_1_552' title='bbox 2904 1624 2955 1676; x_wconf 93' lang='lat' dir='ltr'><strong>in</strong></span> <span class='ocrx_word' id='word_1_553' title='bbox 2986 1622 3172 1674; x_wconf 88' lang='lat' dir='ltr'><strong>vinum</strong></span> <span class='ocrx_word' id='word_1_554' title='bbox 3207 1629 3487 1673; x_wconf 85' lang='lat' dir='ltr'><strong>transmu-</strong></span> 
     </span>
    </p>
   </div>
   <div class='ocr_carea' id='block_1_75' title="bbox 1912 1710 3489 1786">
    <p class='ocr_par' dir='ltr' id='par_1_75' title="bbox 1912 1710 3489 1786">
     <span class='ocr_line' id='line_1_75' title="bbox 1912 1710 3489 1786; baseline -0.005 -16"><span class='ocrx_word' id='word_1_555' title='bbox 1912 1718 2066 1771; x_wconf 86' lang='lat' dir='ltr'><strong>tavit.</strong></span> <span class='ocrx_word' id='word_1_556' title='bbox 2100 1716 2154 1771; x_wconf 88' lang='lat' dir='ltr'><strong>Si</strong></span> <span class='ocrx_word' id='word_1_557' title='bbox 2186 1726 2364 1771; x_wconf 88' lang='lat' dir='ltr'><strong>autem</strong></span> <span class='ocrx_word' id='word_1_558' title='bbox 2402 1731 2564 1786; x_wconf 87' lang='lat' dir='ltr'><strong>rupes</strong></span> <span class='ocrx_word' id='word_1_559' title='bbox 2593 1716 2683 1770; x_wconf 85' lang='lat' dir='ltr'><strong>illa</strong></span> <span class='ocrx_word' id='word_1_560' title='bbox 2719 1716 2965 1784; x_wconf 86' lang='lat' dir='ltr'><strong>antiqua,</strong></span> <span class='ocrx_word' id='word_1_561' title='bbox 2995 1714 3192 1768; x_wconf 89' lang='lat' dir='ltr'><strong>baculo</strong></span> <span class='ocrx_word' id='word_1_562' title='bbox 3238 1710 3489 1780; x_wconf 89' lang='lat' dir='ltr'><strong>perculsa</strong></span> 
     </span>
    </p>
   </div>
   <div class='ocr_carea' id='block_1_76' title="bbox 1911 1798 3492 1878">
    <p class='ocr_par' dir='ltr' id='par_1_76' title="bbox 1911 1798 3492 1878">
     <span class='ocr_line' id='line_1_76' title="bbox 1911 1798 3492 1878; baseline -0.004 -18"><span class='ocrx_word' id='word_1_563' title='bbox 1911 1822 2105 1875; x_wconf 84' lang='lat' dir='ltr'><strong>aquam</strong></span> <span class='ocrx_word' id='word_1_564' title='bbox 2130 1808 2391 1876; x_wconf 82' lang='lat' dir='ltr'><strong>proludit,</strong></span> <span class='ocrx_word' id='word_1_565' title='bbox 2422 1818 2476 1861; x_wconf 89' lang='lat' dir='ltr'><strong>et</strong></span> <span class='ocrx_word' id='word_1_566' title='bbox 2499 1808 2643 1878; x_wconf 86' lang='lat' dir='ltr'><strong>regio</strong></span> <span class='ocrx_word' id='word_1_567' title='bbox 2672 1808 2917 1877; x_wconf 66' lang='lat' dir='ltr'><strong>quaedam</strong></span> <span class='ocrx_word' id='word_1_568' title='bbox 2948 1798 3277 1860; x_wconf 81' lang='lat' dir='ltr'><strong>miraculose</strong></span> <span class='ocrx_word' id='word_1_569' title='bbox 3334 1802 3492 1856; x_wconf 86' lang='lat' dir='ltr'><strong>melle</strong></span> 
     </span>
    </p>
   </div>
   <div class='ocr_carea' id='block_1_77' title="bbox 1907 1894 3489 1968">
    <p class='ocr_par' dir='ltr' id='par_1_77' title="bbox 1907 1894 3489 1968">
     <span class='ocr_line' id='line_1_77' title="bbox 1907 1894 3489 1968; baseline -0.006 -15"><span class='ocrx_word' id='word_1_570' title='bbox 1907 1910 1961 1953; x_wconf 87' lang='lat' dir='ltr'><strong>et</strong></span> <span class='ocrx_word' id='word_1_571' title='bbox 1988 1898 2127 1954; x_wconf 88' lang='lat' dir='ltr'><strong>lacte</strong></span> <span class='ocrx_word' id='word_1_572' title='bbox 2164 1897 2341 1962; x_wconf 84' lang='lat' dir='ltr'><strong>ﬂuxit,</strong></span> <span class='ocrx_word' id='word_1_573' title='bbox 2401 1900 2632 1968; x_wconf 83' lang='lat' dir='ltr'><strong>denique</strong></span> <span class='ocrx_word' id='word_1_574' title='bbox 2679 1896 2850 1964; x_wconf 89' lang='lat' dir='ltr'><strong>ﬂuvii,</strong></span> <span class='ocrx_word' id='word_1_575' title='bbox 2914 1911 3142 1968; x_wconf 85' lang='lat' dir='ltr'><strong>quorum</strong></span> <span class='ocrx_word' id='word_1_576' title='bbox 3208 1894 3489 1962; x_wconf 85' lang='lat' dir='ltr'><strong>Scriptura</strong></span> 
     </span>
    </p>
   </div>
   <div class='ocr_carea' id='block_1_78' title="bbox 1910 1983 3490 2055">
    <p class='ocr_par' dir='ltr' id='par_1_78' title="bbox 1910 1983 3490 2055">
     <span class='ocr_line' id='line_1_78' title="bbox 1910 1983 3490 2055; baseline -0.004 -16"><span class='ocrx_word' id='word_1_577' title='bbox 1910 1986 2237 2040; x_wconf 87' lang='lat' dir='ltr'><strong>mentionem</strong></span> <span class='ocrx_word' id='word_1_578' title='bbox 2272 1985 2420 2050; x_wconf 77' lang='lat' dir='ltr'><strong>facit,</strong></span> <span class='ocrx_word' id='word_1_579' title='bbox 2455 1988 2506 2041; x_wconf 89' lang='lat' dir='ltr'><strong>in</strong></span> <span class='ocrx_word' id='word_1_580' title='bbox 2539 1988 2861 2055; x_wconf 83' lang='lat' dir='ltr'><strong>sanguinem</strong></span> <span class='ocrx_word' id='word_1_581' title='bbox 2894 1985 3142 2041; x_wconf 85' lang='lat' dir='ltr'><strong>conversi</strong></span> <span class='ocrx_word' id='word_1_582' title='bbox 3172 1992 3336 2037; x_wconf 89' lang='lat' dir='ltr'><strong>sunt:</strong></span> <span class='ocrx_word' id='word_1_583' title='bbox 3371 1983 3490 2035; x_wconf 91' lang='lat' dir='ltr'><strong>istis</strong></span> 
     </span>
    </p>
   </div>
   <div class='ocr_carea' id='block_1_79' title="bbox 1909 2074 3490 2135">
    <p class='ocr_par' dir='ltr' id='par_1_79' title="bbox 1909 2074 3490 2135">
     <span class='ocr_line' id='line_1_79' title="bbox 1909 2074 3490 2135; baseline -0.003 -3"><span class='ocrx_word' id='word_1_584' title='bbox 1909 2080 2363 2134; x_wconf 80' lang='lat' dir='ltr'><strong>conversionibus</strong></span> <span class='ocrx_word' id='word_1_585' title='bbox 2395 2080 2521 2133; x_wconf 82' lang='lat' dir='ltr'><strong>addi</strong></span> <span class='ocrx_word' id='word_1_586' title='bbox 2555 2080 2718 2135; x_wconf 86' lang='lat' dir='ltr'><strong>debet</strong></span> <span class='ocrx_word' id='word_1_587' title='bbox 2754 2080 2918 2135; x_wconf 84' lang='lat' dir='ltr'><strong>etiam</strong></span> <span class='ocrx_word' id='word_1_588' title='bbox 2949 2080 3051 2132; x_wconf 92' lang='lat' dir='ltr'><strong>hoc</strong></span> <span class='ocrx_word' id='word_1_589' title='bbox 3100 2078 3286 2130; x_wconf 87' lang='lat' dir='ltr'><strong>vinum</strong></span> <span class='ocrx_word' id='word_1_590' title='bbox 3330 2077 3382 2128; x_wconf 90' lang='lat' dir='ltr'><strong>in</strong></span> <span class='ocrx_word' id='word_1_591' title='bbox 3414 2074 3490 2127; x_wconf 85' lang='lat' dir='ltr'><strong>ri-</strong></span> 
     </span>
    </p>
   </div>
   <div class='ocr_carea' id='block_1_80' title="bbox 1908 2167 3493 2240">
    <p class='ocr_par' dir='ltr' id='par_1_80' title="bbox 1908 2167 3493 2240">
     <span class='ocr_line' id='line_1_80' title="bbox 1908 2167 3493 2240; baseline -0.004 -17"><span class='ocrx_word' id='word_1_592' title='bbox 1908 2170 2035 2225; x_wconf 87' lang='lat' dir='ltr'><strong>vulo</strong></span> <span class='ocrx_word' id='word_1_593' title='bbox 2058 2169 2251 2236; x_wconf 89' lang='lat' dir='ltr'><strong>ﬂuens,</strong></span> <span class='ocrx_word' id='word_1_594' title='bbox 2284 2186 2390 2225; x_wconf 89' lang='lat' dir='ltr'><strong>non</strong></span> <span class='ocrx_word' id='word_1_595' title='bbox 2420 2172 2639 2240; x_wconf 88' lang='lat' dir='ltr'><strong>quidem</strong></span> <span class='ocrx_word' id='word_1_596' title='bbox 2677 2187 2793 2225; x_wconf 65' lang='lat' dir='ltr'><strong>uvae</strong></span> <span class='ocrx_word' id='word_1_597' title='bbox 2828 2171 3069 2238; x_wconf 87' lang='lat' dir='ltr'><strong>sanguis,</strong></span> <span class='ocrx_word' id='word_1_598' title='bbox 3134 2170 3211 2223; x_wconf 91' lang='lat' dir='ltr'><strong>uti</strong></span> <span class='ocrx_word' id='word_1_599' title='bbox 3275 2167 3493 2222; x_wconf 88' lang='lat' dir='ltr'><strong>viticola</strong></span> 
     </span>
    </p>
   </div>
   <div class='ocr_carea' id='block_1_81' title="bbox 1908 2260 3489 2333">
    <p class='ocr_par' dir='ltr' id='par_1_81' title="bbox 1908 2260 3489 2333">
     <span class='ocr_line' id='line_1_81' title="bbox 1908 2260 3489 2333; baseline -0.005 -15"><span class='ocrx_word' id='word_1_600' title='bbox 1908 2278 2030 2318; x_wconf 91' lang='lat' dir='ltr'><strong>cum</strong></span> <span class='ocrx_word' id='word_1_601' title='bbox 2064 2262 2243 2332; x_wconf 80' lang='lat' dir='ltr'><strong>Moyse</strong></span> <span class='ocrx_word' id='word_1_602' title='bbox 2277 2264 2495 2329; x_wconf 82' lang='lat' dir='ltr'><strong>dixerit,</strong></span> <span class='ocrx_word' id='word_1_603' title='bbox 2523 2263 2617 2317; x_wconf 87' lang='lat' dir='ltr'><strong>sed</strong></span> <span class='ocrx_word' id='word_1_604' title='bbox 2637 2274 2790 2333; x_wconf 89' lang='lat' dir='ltr'><strong>grata</strong></span> <span class='ocrx_word' id='word_1_605' title='bbox 2806 2264 3069 2319; x_wconf 80' lang='lat' dir='ltr'><strong>Altissimi</strong></span> <span class='ocrx_word' id='word_1_606' title='bbox 3094 2260 3250 2331; x_wconf 88' lang='lat' dir='ltr'><strong>quasi</strong></span> <span class='ocrx_word' id='word_1_607' title='bbox 3280 2260 3489 2329; x_wconf 84' lang='lat' dir='ltr'><strong>pluvia,</strong></span> 
     </span>
    </p>
   </div>
   <div class='ocr_carea' id='block_1_82' title="bbox 1907 2354 3573 2423">
    <p class='ocr_par' dir='ltr' id='par_1_82' title="bbox 1907 2354 3573 2423">
     <span class='ocr_line' id='line_1_82' title="bbox 1907 2354 3573 2423; baseline -0.003 -15"><span class='ocrx_word' id='word_1_608' title='bbox 1907 2356 2190 2423; x_wconf 82' lang='lat' dir='ltr'><strong>egentibus</strong></span> <span class='ocrx_word' id='word_1_609' title='bbox 2222 2356 2327 2410; x_wconf 91' lang='lat' dir='ltr'><strong>illis</strong></span> <span class='ocrx_word' id='word_1_610' title='bbox 2355 2356 2647 2411; x_wconf 87' lang='lat' dir='ltr'><strong>destinata.</strong></span> <span class='ocrx_word' id='word_1_611' title='bbox 2682 2354 3253 2423; x_wconf 86' lang='lat' dir='ltr'><strong>Animadvertasjam,</strong></span> <span class='ocrx_word' id='word_1_612' title='bbox 3280 2366 3493 2421; x_wconf 71' lang='lat' dir='ltr'><strong>qumso,</strong></span> <span class='ocrx_word' id='word_1_613' title='bbox 3569 2360 3573 2365; x_wconf 87' lang='lat'><em>&#39;</em></span> 
     </span>
    </p>
   </div>
   <div class='ocr_carea' id='block_1_83' title="bbox 1907 2443 3497 2520">
    <p class='ocr_par' dir='ltr' id='par_1_83' title="bbox 1907 2443 3497 2520">
     <span class='ocr_line' id='line_1_83' title="bbox 1907 2443 3497 2520; baseline -0.006 -15"><span class='ocrx_word' id='word_1_614' title='bbox 1907 2451 2237 2505; x_wconf 88' lang='lat' dir='ltr'><strong>concedente</strong></span> <span class='ocrx_word' id='word_1_615' title='bbox 2272 2451 2402 2513; x_wconf 87' lang='lat' dir='ltr'><strong>Deo,</strong></span> <span class='ocrx_word' id='word_1_616' title='bbox 2438 2450 2529 2520; x_wconf 89' lang='lat' dir='ltr'><strong>qui</strong></span> <span class='ocrx_word' id='word_1_617' title='bbox 2560 2458 2645 2506; x_wconf 89' lang='lat' dir='ltr'><strong>est</strong></span> <span class='ocrx_word' id='word_1_618' title='bbox 2673 2451 2811 2505; x_wconf 86' lang='lat' dir='ltr'><strong>Deus</strong></span> <span class='ocrx_word' id='word_1_619' title='bbox 2865 2449 3281 2512; x_wconf 88' lang='lat' dir='ltr'><strong>miraculorum,</strong></span> <span class='ocrx_word' id='word_1_620' title='bbox 3311 2443 3497 2513; x_wconf 89' lang='lat' dir='ltr'><strong>prodi-</strong></span> 
     </span>
    </p>
   </div>
   <div class='ocr_carea' id='block_1_84' title="bbox 1909 2534 3496 2611">
    <p class='ocr_par' dir='ltr' id='par_1_84' title="bbox 1909 2534 3496 2611">
     <span class='ocr_line' id='line_1_84' title="bbox 1909 2534 3496 2611; baseline -0.006 -16"><span class='ocrx_word' id='word_1_621' title='bbox 1909 2542 2148 2611; x_wconf 87' lang='lat' dir='ltr'><strong>giorum,</strong></span> <span class='ocrx_word' id='word_1_622' title='bbox 2181 2540 2459 2610; x_wconf 75' lang='lat' dir='ltr'><strong>potentize,</strong></span> <span class='ocrx_word' id='word_1_623' title='bbox 2498 2541 2768 2607; x_wconf 85' lang='lat' dir='ltr'><strong>veritatis,</strong></span> <span class='ocrx_word' id='word_1_624' title='bbox 2822 2541 2995 2611; x_wconf 85' lang='lat' dir='ltr'><strong>majus</strong></span> <span class='ocrx_word' id='word_1_625' title='bbox 3031 2539 3121 2595; x_wconf 87' lang='lat' dir='ltr'><strong>hic</strong></span> <span class='ocrx_word' id='word_1_626' title='bbox 3170 2534 3496 2591; x_wconf 83' lang='lat' dir='ltr'><strong>miraculum</strong></span> 
     </span>
    </p>
   </div>
   <div class='ocr_carea' id='block_1_85' title="bbox 1909 2629 3497 2704">
    <p class='ocr_par' dir='ltr' id='par_1_85' title="bbox 1909 2629 3497 2704">
     <span class='ocr_line' id='line_1_85' title="bbox 1909 2629 3497 2704; baseline -0.004 -16"><span class='ocrx_word' id='word_1_627' title='bbox 1909 2634 2201 2703; x_wconf 88' lang='lat' dir='ltr'><strong>contigisse</strong></span> <span class='ocrx_word' id='word_1_628' title='bbox 2228 2635 2317 2689; x_wconf 91' lang='lat' dir='ltr'><strong>illo</strong></span> <span class='ocrx_word' id='word_1_629' title='bbox 2348 2635 2401 2688; x_wconf 93' lang='lat' dir='ltr'><strong>in</strong></span> <span class='ocrx_word' id='word_1_630' title='bbox 2424 2635 2567 2689; x_wconf 85' lang='lat' dir='ltr'><strong>Cana</strong></span> <span class='ocrx_word' id='word_1_631' title='bbox 2624 2634 2792 2699; x_wconf 85' lang='lat' dir='ltr'><strong>l‘acto,</strong></span> <span class='ocrx_word' id='word_1_632' title='bbox 2855 2631 3315 2704; x_wconf 87' lang='lat' dir='ltr'><strong>quemadmodum</strong></span> <span class='ocrx_word' id='word_1_633' title='bbox 3379 2629 3497 2696; x_wconf 86' lang='lat' dir='ltr'><strong>ipse</strong></span> 
     </span>
    </p>
   </div>
   <div class='ocr_carea' id='block_1_86' title="bbox 1909 2725 3498 2796">
    <p class='ocr_par' dir='ltr' id='par_1_86' title="bbox 1909 2725 3498 2796">
     <span class='ocr_line' id='line_1_86' title="bbox 1909 2725 3498 2796; baseline -0.004 -17"><span class='ocrx_word' id='word_1_634' title='bbox 1909 2726 2180 2796; x_wconf 88' lang='lat' dir='ltr'><strong>promisit.</strong></span> <span class='ocrx_word' id='word_1_635' title='bbox 2206 2725 2393 2796; x_wconf 83' lang='lat' dir='ltr'><strong>Neque</strong></span> <span class='ocrx_word' id='word_1_636' title='bbox 2420 2727 2564 2782; x_wconf 91' lang='lat' dir='ltr'><strong>enim</strong></span> <span class='ocrx_word' id='word_1_637' title='bbox 2605 2727 2768 2793; x_wconf 88' lang='lat' dir='ltr'><strong>dolia,</strong></span> <span class='ocrx_word' id='word_1_638' title='bbox 2798 2743 2897 2782; x_wconf 88' lang='lat' dir='ltr'><strong>nec</strong></span> <span class='ocrx_word' id='word_1_639' title='bbox 2944 2725 3169 2786; x_wconf 77' lang='lat' dir='ltr'><strong>doliola,</strong></span> <span class='ocrx_word' id='word_1_640' title='bbox 3233 2736 3331 2775; x_wconf 89' lang='lat' dir='ltr'><strong>nec</strong></span> <span class='ocrx_word' id='word_1_641' title='bbox 3379 2734 3498 2773; x_wconf 88' lang='lat' dir='ltr'><strong>am-</strong></span> 
     </span>
    </p>
   </div>
   <div class='ocr_carea' id='block_1_87' title="bbox 1908 2811 3498 2890">
    <p class='ocr_par' dir='ltr' id='par_1_87' title="bbox 1908 2811 3498 2890">
     <span class='ocr_line' id='line_1_87' title="bbox 1908 2811 3498 2890; baseline -0.004 -20"><span class='ocrx_word' id='word_1_642' title='bbox 1908 2817 2113 2887; x_wconf 71' lang='lat' dir='ltr'><strong>phorae,</strong></span> <span class='ocrx_word' id='word_1_643' title='bbox 2143 2832 2243 2873; x_wconf 87' lang='lat' dir='ltr'><strong>nec</strong></span> <span class='ocrx_word' id='word_1_644' title='bbox 2273 2819 2498 2890; x_wconf 77' lang='lat' dir='ltr'><strong>lagenze,</strong></span> <span class='ocrx_word' id='word_1_645' title='bbox 2534 2834 2633 2874; x_wconf 87' lang='lat' dir='ltr'><strong>nec</strong></span> <span class='ocrx_word' id='word_1_646' title='bbox 2664 2819 2834 2884; x_wconf 88' lang='lat' dir='ltr'><strong>uceri,</strong></span> <span class='ocrx_word' id='word_1_647' title='bbox 2860 2820 2953 2872; x_wconf 91' lang='lat' dir='ltr'><strong>sed</strong></span> <span class='ocrx_word' id='word_1_648' title='bbox 2973 2818 3119 2871; x_wconf 83' lang='lat' dir='ltr'><strong>rivus</strong></span> <span class='ocrx_word' id='word_1_649' title='bbox 3142 2817 3350 2884; x_wconf 66' lang='lat' dir='ltr'><strong>intcger</strong></span> <span class='ocrx_word' id='word_1_650' title='bbox 3372 2811 3498 2864; x_wconf 85' lang='lat' dir='ltr'><strong>vino</strong></span> 
     </span>
    </p>
   </div>
   <div class='ocr_carea' id='block_1_88' title="bbox 1908 2900 3498 2979">
    <p class='ocr_par' dir='ltr' id='par_1_88' title="bbox 1908 2900 3498 2979">
     <span class='ocr_line' id='line_1_88' title="bbox 1908 2900 3498 2979; baseline -0.007 -15"><span class='ocrx_word' id='word_1_651' title='bbox 1908 2911 2217 2965; x_wconf 83' lang='lat' dir='ltr'><strong>scaturiens</strong></span> <span class='ocrx_word' id='word_1_652' title='bbox 2247 2925 2343 2979; x_wconf 86' lang='lat' dir='ltr'><strong>per</strong></span> <span class='ocrx_word' id='word_1_653' title='bbox 2372 2910 2711 2965; x_wconf 84' lang='lat' dir='ltr'><strong>Philothettm</strong></span> <span class='ocrx_word' id='word_1_654' title='bbox 2775 2908 3033 2977; x_wconf 76' lang='lat' dir='ltr'><strong>proﬂuxit</strong></span> <span class='ocrx_word' id='word_1_655' title='bbox 3088 2907 3197 2961; x_wconf 90' lang='lat' dir='ltr'><strong>illis</strong></span> <span class='ocrx_word' id='word_1_656' title='bbox 3246 2903 3336 2973; x_wconf 83' lang='lat' dir='ltr'><strong>qni</strong></span> <span class='ocrx_word' id='word_1_657' title='bbox 3395 2900 3498 2954; x_wconf 84' lang='lat' dir='ltr'><strong>hoc</strong></span> 
     </span>
    </p>
   </div>
   <div class='ocr_carea' id='block_1_89' title="bbox 1912 2995 3498 3070">
    <p class='ocr_par' dir='ltr' id='par_1_89' title="bbox 1912 2995 3498 3070">
     <span class='ocr_line' id='line_1_89' title="bbox 1912 2995 3498 3070; baseline -0.006 -17"><span class='ocrx_word' id='word_1_658' title='bbox 1912 2999 2179 3055; x_wconf 89' lang='lat' dir='ltr'><strong>miraculo</strong></span> <span class='ocrx_word' id='word_1_659' title='bbox 2207 2999 2355 3070; x_wconf 83' lang='lat' dir='ltr'><strong>digni</strong></span> <span class='ocrx_word' id='word_1_660' title='bbox 2383 3000 2551 3055; x_wconf 89' lang='lat' dir='ltr'><strong>habiti</strong></span> <span class='ocrx_word' id='word_1_661' title='bbox 2582 3008 2729 3054; x_wconf 88' lang='lat' dir='ltr'><strong>sunt.</strong></span> <span class='ocrx_word' id='word_1_662' title='bbox 2759 2998 2825 3053; x_wconf 90' lang='lat' dir='ltr'><strong>Et</strong></span> <span class='ocrx_word' id='word_1_663' title='bbox 2861 3000 2976 3053; x_wconf 70' lang='lat' dir='ltr'><strong>haec</strong></span> <span class='ocrx_word' id='word_1_664' title='bbox 3008 2998 3226 3067; x_wconf 85' lang='lat' dir='ltr'><strong>quidem</strong></span> <span class='ocrx_word' id='word_1_665' title='bbox 3274 2995 3329 3047; x_wconf 91' lang='lat' dir='ltr'><strong>in</strong></span> <span class='ocrx_word' id='word_1_666' title='bbox 3362 3003 3498 3047; x_wconf 89' lang='lat' dir='ltr'><strong>con-</strong></span> 
     </span>
    </p>
   </div>
   <div class='ocr_carea' id='block_1_90' title="bbox 1910 3093 2260 3149">
    <p class='ocr_par' dir='ltr' id='par_1_90' title="bbox 1910 3093 2260 3149">
     <span class='ocr_line' id='line_1_90' title="bbox 1910 3093 2260 3149; baseline 0 -4"><span class='ocrx_word' id='word_1_667' title='bbox 1910 3093 2039 3147; x_wconf 87' lang='lat' dir='ltr'><strong>vivii</strong></span> <span class='ocrx_word' id='word_1_668' title='bbox 2077 3108 2260 3149; x_wconf 87' lang='lat' dir='ltr'><strong>usum.</strong></span> 
     </span>
    </p>
   </div>
   <div class='ocr_carea' id='block_1_91' title="bbox 1984 3176 3499 3250">
    <p class='ocr_par' dir='ltr' id='par_1_91' title="bbox 1984 3176 3499 3250">
     <span class='ocr_line' id='line_1_91' title="bbox 1984 3176 3499 3250; baseline -0.003 -13"><span class='ocrx_word' id='word_1_669' title='bbox 1984 3182 2069 3238; x_wconf 77' lang='grc'><strong>18.</strong></span> <span class='ocrx_word' id='word_1_670' title='bbox 2116 3182 2383 3250; x_wconf 78' lang='lat' dir='ltr'><strong>Quoniam</strong></span> <span class='ocrx_word' id='word_1_671' title='bbox 2418 3190 2597 3235; x_wconf 81' lang='lat' dir='ltr'><strong>autent</strong></span> <span class='ocrx_word' id='word_1_672' title='bbox 2670 3180 3056 3234; x_wconf 83' lang='lat' dir='ltr'><strong>miraculorum</strong></span> <span class='ocrx_word' id='word_1_673' title='bbox 3090 3192 3118 3229; x_wconf 91' lang='lat' dir='ltr'><strong>a</strong></span> <span class='ocrx_word' id='word_1_674' title='bbox 3165 3176 3256 3229; x_wconf 88' lang='lat' dir='ltr'><strong>Dei</strong></span> <span class='ocrx_word' id='word_1_675' title='bbox 3290 3178 3499 3232; x_wconf 84' lang='lat' dir='ltr'><strong>sanctis</strong></span> 
     </span>
    </p>
   </div>
   <div class='ocr_carea' id='block_1_92' title="bbox 1910 3267 3497 3341">
    <p class='ocr_par' dir='ltr' id='par_1_92' title="bbox 1910 3267 3497 3341">
     <span class='ocr_line' id='line_1_92' title="bbox 1910 3267 3497 3341; baseline -0.004 -14"><span class='ocrx_word' id='word_1_676' title='bbox 1910 3273 2181 3327; x_wconf 87' lang='lat' dir='ltr'><strong>editorum</strong></span> <span class='ocrx_word' id='word_1_677' title='bbox 2214 3287 2504 3341; x_wconf 75' lang='lat' dir='ltr'><strong>permagna</strong></span> <span class='ocrx_word' id='word_1_678' title='bbox 2534 3278 2620 3326; x_wconf 89' lang='lat' dir='ltr'><strong>est</strong></span> <span class='ocrx_word' id='word_1_679' title='bbox 2649 3271 2889 3324; x_wconf 80' lang='lat' dir='ltr'><strong>varietas</strong></span> <span class='ocrx_word' id='word_1_680' title='bbox 2917 3268 3046 3338; x_wconf 81' lang='lat' dir='ltr'><strong>(alia</strong></span> <span class='ocrx_word' id='word_1_681' title='bbox 3090 3267 3360 3337; x_wconf 86' lang='lat' dir='ltr'><strong>siquidem</strong></span> <span class='ocrx_word' id='word_1_682' title='bbox 3406 3282 3497 3321; x_wconf 85' lang='lat' dir='ltr'><strong>sa-</strong></span> 
     </span>
    </p>
   </div>
   <div class='ocr_carea' id='block_1_93' title="bbox 1913 3357 3490 3428">
    <p class='ocr_par' dir='ltr' id='par_1_93' title="bbox 1913 3357 3490 3428">
     <span class='ocr_line' id='line_1_93' title="bbox 1913 3357 3490 3428; baseline -0.004 -10"><span class='ocrx_word' id='word_1_683' title='bbox 1913 3365 2135 3418; x_wconf 86' lang='lat' dir='ltr'><strong>nitatem</strong></span> <span class='ocrx_word' id='word_1_684' title='bbox 2176 3364 2428 3427; x_wconf 88' lang='lat' dir='ltr'><strong>reddunt,</strong></span> <span class='ocrx_word' id='word_1_685' title='bbox 2463 3361 2565 3416; x_wconf 88' lang='lat' dir='ltr'><strong>alia</strong></span> <span class='ocrx_word' id='word_1_686' title='bbox 2596 3362 2791 3416; x_wconf 84' lang='lat' dir='ltr'><strong>victum</strong></span> <span class='ocrx_word' id='word_1_687' title='bbox 2825 3359 3197 3428; x_wconf 88' lang='lat' dir='ltr'><strong>suppeditant,</strong></span> <span class='ocrx_word' id='word_1_688' title='bbox 3229 3357 3333 3410; x_wconf 89' lang='lat' dir='ltr'><strong>alia</strong></span> <span class='ocrx_word' id='word_1_689' title='bbox 3367 3357 3490 3412; x_wconf 87' lang='lat' dir='ltr'><strong>aliis</strong></span> 
     </span>
    </p>
   </div>
   <div class='ocr_carea' id='block_1_94' title="bbox 1911 3446 3495 3519">
    <p class='ocr_par' dir='ltr' id='par_1_94' title="bbox 1911 3446 3495 3519">
     <span class='ocr_line' id='line_1_94' title="bbox 1911 3446 3495 3519; baseline -0.005 -12"><span class='ocrx_word' id='word_1_690' title='bbox 1911 3453 2329 3509; x_wconf 86' lang='lat' dir='ltr'><strong>necessitatibus</strong></span> <span class='ocrx_word' id='word_1_691' title='bbox 2357 3453 2662 3515; x_wconf 86' lang='lat' dir='ltr'><strong>medentur,</strong></span> <span class='ocrx_word' id='word_1_692' title='bbox 2710 3467 2853 3505; x_wconf 90' lang='lat' dir='ltr'><strong>nunc</strong></span> <span class='ocrx_word' id='word_1_693' title='bbox 2900 3449 3121 3519; x_wconf 87' lang='lat' dir='ltr'><strong>quidem</strong></span> <span class='ocrx_word' id='word_1_694' title='bbox 3174 3446 3495 3512; x_wconf 82' lang='lat' dir='ltr'><strong>auferendo,</strong></span> 
     </span>
    </p>
   </div>
   <div class='ocr_carea' id='block_1_95' title="bbox 1911 3543 3500 3611">
    <p class='ocr_par' dir='ltr' id='par_1_95' title="bbox 1911 3543 3500 3611">
     <span class='ocr_line' id='line_1_95' title="bbox 1911 3543 3500 3611; baseline -0.004 -13"><span class='ocrx_word' id='word_1_695' title='bbox 1911 3560 2053 3599; x_wconf 90' lang='lat' dir='ltr'><strong>nunc</strong></span> <span class='ocrx_word' id='word_1_696' title='bbox 2068 3553 2247 3599; x_wconf 84' lang='lat' dir='ltr'><strong>autem</strong></span> <span class='ocrx_word' id='word_1_697' title='bbox 2267 3543 2618 3609; x_wconf 70' lang='lat' dir='ltr'><strong>adduet-ndo;</strong></span> <span class='ocrx_word' id='word_1_698' title='bbox 2644 3552 2769 3596; x_wconf 89' lang='lat' dir='ltr'><strong>sunt</strong></span> <span class='ocrx_word' id='word_1_699' title='bbox 2784 3557 2945 3611; x_wconf 89' lang='lat' dir='ltr'><strong>porro</strong></span> <span class='ocrx_word' id='word_1_700' title='bbox 2959 3554 3078 3609; x_wconf 85' lang='lat' dir='ltr'><strong>quae</strong></span> <span class='ocrx_word' id='word_1_701' title='bbox 3103 3548 3305 3593; x_wconf 89' lang='lat' dir='ltr'><strong>metum</strong></span> <span class='ocrx_word' id='word_1_702' title='bbox 3324 3548 3500 3591; x_wconf 85' lang='lat' dir='ltr'><strong>terro-</strong></span> 
     </span>
    </p>
   </div>
   <div class='ocr_carea' id='block_1_96' title="bbox 1910 3631 3498 3706">
    <p class='ocr_par' dir='ltr' id='par_1_96' title="bbox 1910 3631 3498 3706">
     <span class='ocr_line' id='line_1_96' title="bbox 1910 3631 3498 3706; baseline -0.004 -15"><span class='ocrx_word' id='word_1_703' title='bbox 1910 3652 2136 3706; x_wconf 87' lang='lat' dir='ltr'><strong>remque</strong></span> <span class='ocrx_word' id='word_1_704' title='bbox 2162 3637 2450 3702; x_wconf 78' lang='lat' dir='ltr'><strong>incutiant,</strong></span> <span class='ocrx_word' id='word_1_705' title='bbox 2474 3636 2701 3706; x_wconf 84' lang='lat' dir='ltr'><strong>exempli</strong></span> <span class='ocrx_word' id='word_1_706' title='bbox 2724 3635 2894 3706; x_wconf 87' lang='lat' dir='ltr'><strong>gratia</strong></span> <span class='ocrx_word' id='word_1_707' title='bbox 2917 3634 3047 3688; x_wconf 90' lang='lat' dir='ltr'><strong>illud</strong></span> <span class='ocrx_word' id='word_1_708' title='bbox 3072 3648 3180 3701; x_wconf 89' lang='lat' dir='ltr'><strong>quo</strong></span> <span class='ocrx_word' id='word_1_709' title='bbox 3205 3631 3343 3686; x_wconf 88' lang='lat' dir='ltr'><strong>ﬂcus</strong></span> <span class='ocrx_word' id='word_1_710' title='bbox 3365 3631 3498 3685; x_wconf 80' lang='lat' dir='ltr'><strong>diris</strong></span> 
     </span>
    </p>
   </div>
   <div class='ocr_carea' id='block_1_97' title="bbox 1911 3724 3496 3800">
    <p class='ocr_par' dir='ltr' id='par_1_97' title="bbox 1911 3724 3496 3800">
     <span class='ocr_line' id='line_1_97' title="bbox 1911 3724 3496 3800; baseline -0.003 -16"><span class='ocrx_word' id='word_1_711' title='bbox 1911 3730 2105 3784; x_wconf 82' lang='lat' dir='ltr'><strong>devma</strong></span> <span class='ocrx_word' id='word_1_712' title='bbox 2132 3738 2235 3795; x_wconf 90' lang='lat' dir='ltr'><strong>est,</strong></span> <span class='ocrx_word' id='word_1_713' title='bbox 2260 3744 2363 3800; x_wconf 88' lang='lat' dir='ltr'><strong>qua</strong></span> <span class='ocrx_word' id='word_1_714' title='bbox 2382 3743 2441 3783; x_wconf 88' lang='lat' dir='ltr'><strong>re</strong></span> <span class='ocrx_word' id='word_1_715' title='bbox 2467 3730 2639 3784; x_wconf 91' lang='lat' dir='ltr'><strong>tribus</strong></span> <span class='ocrx_word' id='word_1_716' title='bbox 2670 3728 2898 3782; x_wconf 85' lang='lat' dir='ltr'><strong>Judaica</strong></span> <span class='ocrx_word' id='word_1_717' title='bbox 2928 3735 2983 3782; x_wconf 90' lang='lat' dir='ltr'><strong>et</strong></span> <span class='ocrx_word' id='word_1_718' title='bbox 3010 3741 3201 3781; x_wconf 87' lang='lat' dir='ltr'><strong>omnes</strong></span> <span class='ocrx_word' id='word_1_719' title='bbox 3233 3724 3496 3791; x_wconf 83' lang='lat' dir='ltr'><strong>ejusmodi</strong></span> 
     </span>
    </p>
   </div>
   <div class='ocr_carea' id='block_1_98' title="bbox 1910 3816 3495 3890">
    <p class='ocr_par' dir='ltr' id='par_1_98' title="bbox 1910 3816 3495 3890">
     <span class='ocr_line' id='line_1_98' title="bbox 1910 3816 3495 3890; baseline -0.003 -16"><span class='ocrx_word' id='word_1_720' title='bbox 1910 3829 2098 3890; x_wconf 89' lang='lat' dir='ltr'><strong>gentes</strong></span> <span class='ocrx_word' id='word_1_721' title='bbox 2130 3819 2196 3874; x_wconf 90' lang='lat' dir='ltr'><strong>ad</strong></span> <span class='ocrx_word' id='word_1_722' title='bbox 2231 3822 2583 3876; x_wconf 87' lang='lat' dir='ltr'><strong>reverendam</strong></span> <span class='ocrx_word' id='word_1_723' title='bbox 2617 3820 2875 3873; x_wconf 88' lang='lat' dir='ltr'><strong>admoniti</strong></span> <span class='ocrx_word' id='word_1_724' title='bbox 2908 3827 3035 3872; x_wconf 87' lang='lat' dir='ltr'><strong>sunt</strong></span> <span class='ocrx_word' id='word_1_725' title='bbox 3059 3816 3356 3887; x_wconf 89' lang='lat' dir='ltr'><strong>potentiam</strong></span> <span class='ocrx_word' id='word_1_726' title='bbox 3401 3816 3495 3870; x_wconf 80' lang='lat' dir='ltr'><strong>Dei</strong></span> 
     </span>
    </p>
   </div>
   <div class='ocr_carea' id='block_1_99' title="bbox 1910 3907 3495 3980">
    <p class='ocr_par' dir='ltr' id='par_1_99' title="bbox 1910 3907 3495 3980">
     <span class='ocr_line' id='line_1_99' title="bbox 1910 3907 3495 3980; baseline -0.002 -16"><span class='ocrx_word' id='word_1_727' title='bbox 1910 3913 1999 3980; x_wconf 90' lang='lat' dir='ltr'><strong>qui</strong></span> <span class='ocrx_word' id='word_1_728' title='bbox 2043 3926 2150 3966; x_wconf 93' lang='lat' dir='ltr'><strong>non</strong></span> <span class='ocrx_word' id='word_1_729' title='bbox 2183 3919 2389 3965; x_wconf 86' lang='lat' dir='ltr'><strong>tantum</strong></span> <span class='ocrx_word' id='word_1_730' title='bbox 2434 3913 2693 3978; x_wconf 76' lang='lat' dir='ltr'><strong>viviﬁcat,</strong></span> <span class='ocrx_word' id='word_1_731' title='bbox 2736 3911 2828 3966; x_wconf 91' lang='lat' dir='ltr'><strong>sed</strong></span> <span class='ocrx_word' id='word_1_732' title='bbox 2883 3911 3046 3965; x_wconf 89' lang='lat' dir='ltr'><strong>etiam</strong></span> <span class='ocrx_word' id='word_1_733' title='bbox 3083 3918 3313 3963; x_wconf 90' lang='lat' dir='ltr'><strong>mortem</strong></span> <span class='ocrx_word' id='word_1_734' title='bbox 3348 3907 3495 3961; x_wconf 85' lang='lat' dir='ltr'><strong>inﬂi-</strong></span> 
     </span>
    </p>
   </div>
   <div class='ocr_carea' id='block_1_100' title="bbox 1910 4000 3491 4073">
    <p class='ocr_par' dir='ltr' id='par_1_100' title="bbox 1910 4000 3491 4073">
     <span class='ocr_line' id='line_1_100' title="bbox 1910 4000 3491 4073; baseline -0.001 -17"><span class='ocrx_word' id='word_1_735' title='bbox 1910 4018 2035 4071; x_wconf 83' lang='lat' dir='ltr'><strong>gere</strong></span> <span class='ocrx_word' id='word_1_736' title='bbox 2067 4011 2267 4073; x_wconf 89' lang='lat' dir='ltr'><strong>potest,</strong></span> <span class='ocrx_word' id='word_1_737' title='bbox 2308 4019 2413 4058; x_wconf 92' lang='lat' dir='ltr'><strong>non</strong></span> <span class='ocrx_word' id='word_1_738' title='bbox 2445 4004 2621 4059; x_wconf 89' lang='lat' dir='ltr'><strong>solum</strong></span> <span class='ocrx_word' id='word_1_739' title='bbox 2659 4018 2886 4057; x_wconf 88' lang='lat' dir='ltr'><strong>succum</strong></span> <span class='ocrx_word' id='word_1_740' title='bbox 2942 4000 3237 4056; x_wconf 85' lang='lat' dir='ltr'><strong>valetudini</strong></span> <span class='ocrx_word' id='word_1_741' title='bbox 3301 4001 3491 4054; x_wconf 87' lang='lat' dir='ltr'><strong>utilem</strong></span> 
     </span>
    </p>
   </div>
   <div class='ocr_carea' id='block_1_101' title="bbox 1911 4091 3496 4164">
    <p class='ocr_par' dir='ltr' id='par_1_101' title="bbox 1911 4091 3496 4164">
     <span class='ocr_line' id='line_1_101' title="bbox 1911 4091 3496 4164; baseline -0.003 -16"><span class='ocrx_word' id='word_1_742' title='bbox 1911 4095 2247 4164; x_wconf 89' lang='lat' dir='ltr'><strong>suppeditat,</strong></span> <span class='ocrx_word' id='word_1_743' title='bbox 2292 4110 2478 4149; x_wconf 87' lang='lat' dir='ltr'><strong>verum</strong></span> <span class='ocrx_word' id='word_1_744' title='bbox 2514 4110 2837 4151; x_wconf 80' lang='lat' dir='ltr'><strong>exarescere</strong></span> <span class='ocrx_word' id='word_1_745' title='bbox 2881 4108 3099 4162; x_wconf 82' lang='lat' dir='ltr'><strong>quoque</strong></span> <span class='ocrx_word' id='word_1_746' title='bbox 3147 4091 3323 4161; x_wconf 82' lang='lat' dir='ltr'><strong>facit),</strong></span> <span class='ocrx_word' id='word_1_747' title='bbox 3356 4101 3496 4146; x_wconf 83' lang='lat' dir='ltr'><strong>tem-</strong></span> 
     </span>
    </p>
   </div>
   <div class='ocr_carea' id='block_1_102' title="bbox 1912 4182 3495 4254">
    <p class='ocr_par' dir='ltr' id='par_1_102' title="bbox 1912 4182 3495 4254">
     <span class='ocr_line' id='line_1_102' title="bbox 1912 4182 3495 4254; baseline 0.001 -18"><span class='ocrx_word' id='word_1_748' title='bbox 1912 4199 2041 4251; x_wconf 90' lang='lat' dir='ltr'><strong>pore</strong></span> <span class='ocrx_word' id='word_1_749' title='bbox 2066 4185 2395 4254; x_wconf 89' lang='lat' dir='ltr'><strong>postulante,</strong></span> <span class='ocrx_word' id='word_1_750' title='bbox 2420 4186 2583 4240; x_wconf 92' lang='lat' dir='ltr'><strong>etiam</strong></span> <span class='ocrx_word' id='word_1_751' title='bbox 2616 4185 2935 4239; x_wconf 81' lang='lat' dir='ltr'><strong>Philotheus</strong></span> <span class='ocrx_word' id='word_1_752' title='bbox 2967 4184 3139 4239; x_wconf 89' lang='lat' dir='ltr'><strong>edidit</strong></span> <span class='ocrx_word' id='word_1_753' title='bbox 3175 4182 3495 4238; x_wconf 89' lang='lat' dir='ltr'><strong>miraculum</strong></span> 
     </span>
    </p>
   </div>
   <div class='ocr_carea' id='block_1_103' title="bbox 1911 4275 3496 4345">
    <p class='ocr_par' dir='ltr' id='par_1_103' title="bbox 1911 4275 3496 4345">
     <span class='ocr_line' id='line_1_103' title="bbox 1911 4275 3496 4345; baseline 0.002 -18"><span class='ocrx_word' id='word_1_754' title='bbox 1911 4276 2053 4345; x_wconf 89' lang='lat' dir='ltr'><strong>quod</strong></span> <span class='ocrx_word' id='word_1_755' title='bbox 2080 4275 2169 4330; x_wconf 87' lang='lat' dir='ltr'><strong>tali</strong></span> <span class='ocrx_word' id='word_1_756' title='bbox 2203 4278 2360 4329; x_wconf 89' lang='lat' dir='ltr'><strong>modo</strong></span> <span class='ocrx_word' id='word_1_757' title='bbox 2381 4292 2499 4332; x_wconf 88' lang='lat' dir='ltr'><strong>sese</strong></span> <span class='ocrx_word' id='word_1_758' title='bbox 2524 4278 2714 4331; x_wconf 86' lang='lat' dir='ltr'><strong>habuit</strong></span> <span class='ocrx_word' id='word_1_759' title='bbox 2747 4294 2760 4331; x_wconf 92' lang='lat'><strong>:</strong></span> <span class='ocrx_word' id='word_1_760' title='bbox 2792 4277 3043 4345; x_wconf 82' lang='lat' dir='ltr'><strong>Lapidem</strong></span> <span class='ocrx_word' id='word_1_761' title='bbox 3080 4276 3336 4329; x_wconf 90' lang='lat' dir='ltr'><strong>nimirum</strong></span> <span class='ocrx_word' id='word_1_762' title='bbox 3403 4276 3496 4343; x_wconf 87' lang='lat' dir='ltr'><strong>qui</strong></span> 
     </span>
    </p>
   </div>
   <div class='ocr_carea' id='block_1_104' title="bbox 1911 4368 3497 4439">
    <p class='ocr_par' dir='ltr' id='par_1_104' title="bbox 1911 4368 3497 4439">
     <span class='ocr_line' id='line_1_104' title="bbox 1911 4368 3497 4439; baseline -0.003 -16"><span class='ocrx_word' id='word_1_763' title='bbox 1911 4382 2087 4436; x_wconf 86' lang='lat' dir='ltr'><strong>neque</strong></span> <span class='ocrx_word' id='word_1_764' title='bbox 2120 4368 2373 4423; x_wconf 89' lang='lat' dir='ltr'><strong>manibus</strong></span> <span class='ocrx_word' id='word_1_765' title='bbox 2399 4369 2813 4438; x_wconf 85' lang='lat' dir='ltr'><strong>comprehendi,</strong></span> <span class='ocrx_word' id='word_1_766' title='bbox 2843 4385 3017 4439; x_wconf 87' lang='lat' dir='ltr'><strong>neque</strong></span> <span class='ocrx_word' id='word_1_767' title='bbox 3040 4368 3286 4422; x_wconf 87' lang='lat' dir='ltr'><strong>humeris</strong></span> <span class='ocrx_word' id='word_1_768' title='bbox 3311 4383 3497 4435; x_wconf 84' lang='lat' dir='ltr'><strong>aspor-</strong></span> 
     </span>
    </p>
   </div>
   <div class='ocr_carea' id='block_1_105' title="bbox 1915 4458 3497 4531">
    <p class='ocr_par' dir='ltr' id='par_1_105' title="bbox 1915 4458 3497 4531">
     <span class='ocr_line' id='line_1_105' title="bbox 1915 4458 3497 4531; baseline -0.003 -16"><span class='ocrx_word' id='word_1_769' title='bbox 1915 4461 2016 4515; x_wconf 86' lang='lat' dir='ltr'><strong>tari</strong></span> <span class='ocrx_word' id='word_1_770' title='bbox 2043 4476 2217 4531; x_wconf 91' lang='lat' dir='ltr'><strong>neque</strong></span> <span class='ocrx_word' id='word_1_771' title='bbox 2241 4460 2381 4514; x_wconf 85' lang='lat' dir='ltr'><strong>volvi</strong></span> <span class='ocrx_word' id='word_1_772' title='bbox 2412 4469 2646 4530; x_wconf 87' lang='lat' dir='ltr'><strong>poterat,</strong></span> <span class='ocrx_word' id='word_1_773' title='bbox 2698 4462 2790 4514; x_wconf 88' lang='lat' dir='ltr'><strong>sed</strong></span> <span class='ocrx_word' id='word_1_774' title='bbox 2840 4468 3098 4530; x_wconf 87' lang='lat' dir='ltr'><strong>tanquam</strong></span> <span class='ocrx_word' id='word_1_775' title='bbox 3134 4459 3306 4514; x_wconf 91' lang='lat' dir='ltr'><strong>moles</strong></span> <span class='ocrx_word' id='word_1_776' title='bbox 3346 4458 3497 4512; x_wconf 90' lang='lat' dir='ltr'><strong>iners</strong></span> 
     </span>
    </p>
   </div>
   <div class='ocr_carea' id='block_1_106' title="bbox 1837 4548 3500 4623">
    <p class='ocr_par' dir='ltr' id='par_1_106' title="bbox 1837 4548 3500 4623">
     <span class='ocr_line' id='line_1_106' title="bbox 1837 4548 3500 4623; baseline -0.001 -16"><span class='ocrx_word' id='word_1_777' title='bbox 1837 4552 2130 4623; x_wconf 87' lang='lat' dir='ltr'><strong>Djacebat</strong></span> <span class='ocrx_word' id='word_1_778' title='bbox 2187 4562 2263 4619; x_wconf 91' lang='lat' dir='ltr'><strong>et,</strong></span> <span class='ocrx_word' id='word_1_779' title='bbox 2302 4554 2380 4608; x_wconf 89' lang='lat' dir='ltr'><strong>uti</strong></span> <span class='ocrx_word' id='word_1_780' title='bbox 2432 4567 2573 4623; x_wconf 63' lang='lat' dir='ltr'><strong>saepe</strong></span> <span class='ocrx_word' id='word_1_781' title='bbox 2627 4553 2829 4620; x_wconf 84' lang='lat' dir='ltr'><strong>evenit,</strong></span> <span class='ocrx_word' id='word_1_782' title='bbox 2865 4552 3147 4607; x_wconf 79' lang='lat' dir='ltr'><strong>oﬂ‘ensioni</strong></span> <span class='ocrx_word' id='word_1_783' title='bbox 3208 4557 3348 4619; x_wconf 88' lang='lat' dir='ltr'><strong>erat,</strong></span> <span class='ocrx_word' id='word_1_784' title='bbox 3382 4548 3500 4606; x_wconf 91' lang='lat' dir='ltr'><strong>solo</strong></span> 
     </span>
    </p>
   </div>
   <div class='ocr_carea' id='block_1_107' title="bbox 1913 4645 3498 4711">
    <p class='ocr_par' dir='ltr' id='par_1_107' title="bbox 1913 4645 3498 4711">
     <span class='ocr_line' id='line_1_107' title="bbox 1913 4645 3498 4711; baseline -0.001 -12"><span class='ocrx_word' id='word_1_785' title='bbox 1913 4647 2080 4701; x_wconf 87' lang='lat' dir='ltr'><strong>verbo</strong></span> <span class='ocrx_word' id='word_1_786' title='bbox 2109 4646 2274 4701; x_wconf 88' lang='lat' dir='ltr'><strong>vectis</strong></span> <span class='ocrx_word' id='word_1_787' title='bbox 2329 4645 2448 4700; x_wconf 94' lang='lat' dir='ltr'><strong>loco</strong></span> <span class='ocrx_word' id='word_1_788' title='bbox 2506 4645 2779 4711; x_wconf 87' lang='lat' dir='ltr'><strong>adhibito,</strong></span> <span class='ocrx_word' id='word_1_789' title='bbox 2825 4661 2929 4700; x_wconf 90' lang='lat' dir='ltr'><strong>non</strong></span> <span class='ocrx_word' id='word_1_790' title='bbox 2965 4645 3136 4700; x_wconf 92' lang='lat' dir='ltr'><strong>solum</strong></span> <span class='ocrx_word' id='word_1_791' title='bbox 3177 4658 3498 4699; x_wconf 89' lang='lat' dir='ltr'><strong>concussum</strong></span> 
     </span>
    </p>
   </div>
   <div class='ocr_carea' id='block_1_108' title="bbox 1914 4736 3499 4808">
    <p class='ocr_par' dir='ltr' id='par_1_108' title="bbox 1914 4736 3499 4808">
     <span class='ocr_line' id='line_1_108' title="bbox 1914 4736 3499 4808; baseline -0.002 -16"><span class='ocrx_word' id='word_1_792' title='bbox 1914 4736 1968 4792; x_wconf 88' lang='lat' dir='ltr'><strong>in</strong></span> <span class='ocrx_word' id='word_1_793' title='bbox 1997 4739 2164 4793; x_wconf 86' lang='lat' dir='ltr'><strong>altum</strong></span> <span class='ocrx_word' id='word_1_794' title='bbox 2192 4737 2431 4805; x_wconf 87' lang='lat' dir='ltr'><strong>sustulit,</strong></span> <span class='ocrx_word' id='word_1_795' title='bbox 2464 4738 2557 4792; x_wconf 90' lang='lat' dir='ltr'><strong>sed</strong></span> <span class='ocrx_word' id='word_1_796' title='bbox 2586 4737 2749 4792; x_wconf 85' lang='lat' dir='ltr'><strong>etiam</strong></span> <span class='ocrx_word' id='word_1_797' title='bbox 2773 4741 3129 4808; x_wconf 86' lang='lat' dir='ltr'><strong>transposuit.</strong></span> <span class='ocrx_word' id='word_1_798' title='bbox 3162 4737 3286 4791; x_wconf 86' lang='lat' dir='ltr'><strong>Fuit</strong></span> <span class='ocrx_word' id='word_1_799' title='bbox 3317 4745 3499 4790; x_wconf 78' lang='lat' dir='ltr'><strong>autem</strong></span> 
     </span>
    </p>
   </div>
   <div class='ocr_carea' id='block_1_109' title="bbox 1913 4829 3501 4899">
    <p class='ocr_par' dir='ltr' id='par_1_109' title="bbox 1913 4829 3501 4899">
     <span class='ocr_line' id='line_1_109' title="bbox 1913 4829 3501 4899; baseline -0.002 -13"><span class='ocrx_word' id='word_1_800' title='bbox 1913 4829 2032 4898; x_wconf 91' lang='lat' dir='ltr'><strong>ejus</strong></span> <span class='ocrx_word' id='word_1_801' title='bbox 2067 4830 2389 4885; x_wconf 87' lang='lat' dir='ltr'><strong>miraculum</strong></span> <span class='ocrx_word' id='word_1_802' title='bbox 2420 4831 2472 4883; x_wconf 90' lang='lat' dir='ltr'><strong>in</strong></span> <span class='ocrx_word' id='word_1_803' title='bbox 2507 4830 2687 4897; x_wconf 89' lang='lat' dir='ltr'><strong>lapide</strong></span> <span class='ocrx_word' id='word_1_804' title='bbox 2735 4840 3104 4899; x_wconf 82' lang='lat' dir='ltr'><strong>perpetratum</strong></span> <span class='ocrx_word' id='word_1_805' title='bbox 3140 4846 3205 4885; x_wconf 78' lang='lat' dir='ltr'><strong>ex</strong></span> <span class='ocrx_word' id='word_1_806' title='bbox 3260 4830 3347 4885; x_wconf 90' lang='lat' dir='ltr'><strong>his</strong></span> <span class='ocrx_word' id='word_1_807' title='bbox 3378 4844 3501 4899; x_wconf 76' lang='lat' dir='ltr'><strong>qnze</strong></span> 
     </span>
    </p>
   </div>
   <div class='ocr_carea' id='block_1_110' title="bbox 1917 4920 3503 4991">
    <p class='ocr_par' dir='ltr' id='par_1_110' title="bbox 1917 4920 3503 4991">
     <span class='ocr_line' id='line_1_110' title="bbox 1917 4920 3503 4991; baseline -0.001 -17"><span class='ocrx_word' id='word_1_808' title='bbox 1917 4921 2060 4976; x_wconf 88' lang='lat' dir='ltr'><strong>Deus</strong></span> <span class='ocrx_word' id='word_1_809' title='bbox 2099 4922 2379 4991; x_wconf 75' lang='lat' dir='ltr'><strong>discipulis</strong></span> <span class='ocrx_word' id='word_1_810' title='bbox 2414 4922 2526 4976; x_wconf 87' lang='lat' dir='ltr'><strong>suis</strong></span> <span class='ocrx_word' id='word_1_811' title='bbox 2564 4920 2839 4984; x_wconf 83' lang='lat' dir='ltr'><strong>concedit,</strong></span> <span class='ocrx_word' id='word_1_812' title='bbox 2874 4922 2962 4976; x_wconf 91' lang='lat' dir='ltr'><strong>ubi</strong></span> <span class='ocrx_word' id='word_1_813' title='bbox 3001 4922 3268 4990; x_wconf 87' lang='lat' dir='ltr'><strong>promittit</strong></span> <span class='ocrx_word' id='word_1_814' title='bbox 3299 4920 3417 4976; x_wconf 85' lang='lat' dir='ltr'><strong>fore</strong></span> <span class='ocrx_word' id='word_1_815' title='bbox 3443 4929 3503 4974; x_wconf 92' lang='lat' dir='ltr'><strong>ut</strong></span> 
     </span>
    </p>
   </div>
   <div class='ocr_carea' id='block_1_111' title="bbox 1916 5013 3504 5084">
    <p class='ocr_par' dir='ltr' id='par_1_111' title="bbox 1916 5013 3504 5084">
     <span class='ocr_line' id='line_1_111' title="bbox 1916 5013 3504 5084; baseline -0.001 -14"><span class='ocrx_word' id='word_1_816' title='bbox 1916 5016 2015 5084; x_wconf 86' lang='lat' dir='ltr'><strong>ipsi</strong></span> <span class='ocrx_word' id='word_1_817' title='bbox 2053 5016 2168 5069; x_wconf 89' lang='lat' dir='ltr'><strong>solo</strong></span> <span class='ocrx_word' id='word_1_818' title='bbox 2199 5014 2355 5083; x_wconf 83' lang='lat' dir='ltr'><strong>jussu</strong></span> <span class='ocrx_word' id='word_1_819' title='bbox 2389 5024 2602 5067; x_wconf 86' lang='lat' dir='ltr'><strong>montes</strong></span> <span class='ocrx_word' id='word_1_820' title='bbox 2632 5013 2948 5067; x_wconf 85' lang='lat' dir='ltr'><strong>dimoveant</strong></span> <span class='ocrx_word' id='word_1_821' title='bbox 2970 5024 3133 5083; x_wconf 87' lang='lat' dir='ltr'><strong>atque</strong></span> <span class='ocrx_word' id='word_1_822' title='bbox 3158 5014 3281 5068; x_wconf 82' lang='lat' dir='ltr'><strong>lidci</strong></span> <span class='ocrx_word' id='word_1_823' title='bbox 3319 5013 3504 5082; x_wconf 81' lang='lat' dir='ltr'><strong>vigore</strong></span> 
     </span>
    </p>
   </div>
   <div class='ocr_carea' id='block_1_112' title="bbox 1914 5106 3504 5172">
    <p class='ocr_par' dir='ltr' id='par_1_112' title="bbox 1914 5106 3504 5172">
     <span class='ocr_line' id='line_1_112' title="bbox 1914 5106 3504 5172; baseline -0.004 -9"><span class='ocrx_word' id='word_1_824' title='bbox 1914 5124 1980 5164; x_wconf 82' lang='lat' dir='ltr'><strong>ex</strong></span> <span class='ocrx_word' id='word_1_825' title='bbox 2010 5108 2111 5161; x_wconf 90' lang='lat' dir='ltr'><strong>alia</strong></span> <span class='ocrx_word' id='word_1_826' title='bbox 2146 5108 2198 5160; x_wconf 88' lang='lat' dir='ltr'><strong>in</strong></span> <span class='ocrx_word' id='word_1_827' title='bbox 2234 5107 2397 5159; x_wconf 85' lang='lat' dir='ltr'><strong>aliam</strong></span> <span class='ocrx_word' id='word_1_828' title='bbox 2460 5106 2645 5160; x_wconf 89' lang='lat' dir='ltr'><strong>sedem</strong></span> <span class='ocrx_word' id='word_1_829' title='bbox 2708 5107 3109 5161; x_wconf 89' lang='lat' dir='ltr'><strong>transmittant.</strong></span> <span class='ocrx_word' id='word_1_830' title='bbox 3174 5106 3303 5172; x_wconf 85' lang='lat' dir='ltr'><strong>Quis</strong></span> <span class='ocrx_word' id='word_1_831' title='bbox 3337 5106 3504 5172; x_wconf 78' lang='lat' dir='ltr'><strong>igitur</strong></span> 
     </span>
    </p>
   </div>
   <div class='ocr_carea' id='block_1_113' title="bbox 1917 5195 3494 5263">
    <p class='ocr_par' dir='ltr' id='par_1_113' title="bbox 1917 5195 3494 5263">
     <span class='ocr_line' id='line_1_113' title="bbox 1917 5195 3494 5263; baseline -0.003 -11"><span class='ocrx_word' id='word_1_832' title='bbox 1917 5215 2023 5252; x_wconf 86' lang='lat' dir='ltr'><strong>non</strong></span> <span class='ocrx_word' id='word_1_833' title='bbox 2085 5197 2384 5249; x_wconf 86' lang='lat' dir='ltr'><strong>admiretur</strong></span> <span class='ocrx_word' id='word_1_834' title='bbox 2424 5195 2525 5249; x_wconf 87' lang='lat' dir='ltr'><strong>hac</strong></span> <span class='ocrx_word' id='word_1_835' title='bbox 2556 5195 2609 5248; x_wconf 91' lang='lat' dir='ltr'><strong>in</strong></span> <span class='ocrx_word' id='word_1_836' title='bbox 2643 5210 2701 5249; x_wconf 84' lang='lat' dir='ltr'><strong>re</strong></span> <span class='ocrx_word' id='word_1_837' title='bbox 2732 5210 2985 5263; x_wconf 87' lang='lat' dir='ltr'><strong>tnagnutu</strong></span> <span class='ocrx_word' id='word_1_838' title='bbox 3020 5196 3381 5260; x_wconf 85' lang='lat' dir='ltr'><strong>Philothcum,</strong></span> <span class='ocrx_word' id='word_1_839' title='bbox 3403 5196 3494 5261; x_wconf 87' lang='lat' dir='ltr'><strong>qui</strong></span> 
     </span>
    </p>
   </div>
   <div class='ocr_carea' id='block_1_114' title="bbox 1916 5286 3498 5356">
    <p class='ocr_par' dir='ltr' id='par_1_114' title="bbox 1916 5286 3498 5356">
     <span class='ocr_line' id='line_1_114' title="bbox 1916 5286 3498 5356; baseline -0.003 -11"><span class='ocrx_word' id='word_1_840' title='bbox 1916 5291 2079 5345; x_wconf 88' lang='lat' dir='ltr'><strong>etiam</strong></span> <span class='ocrx_word' id='word_1_841' title='bbox 2115 5288 2277 5342; x_wconf 85' lang='lat' dir='ltr'><strong>rebus</strong></span> <span class='ocrx_word' id='word_1_842' title='bbox 2303 5287 2620 5341; x_wconf 86' lang='lat' dir='ltr'><strong>inanimatis</strong></span> <span class='ocrx_word' id='word_1_843' title='bbox 2646 5286 2917 5356; x_wconf 86' lang='lat' dir='ltr'><strong>imperare</strong></span> <span class='ocrx_word' id='word_1_844' title='bbox 2945 5287 3200 5349; x_wconf 86' lang='lat' dir='ltr'><strong>valuerit,</strong></span> <span class='ocrx_word' id='word_1_845' title='bbox 3243 5296 3299 5340; x_wconf 91' lang='lat' dir='ltr'><strong>et</strong></span> <span class='ocrx_word' id='word_1_846' title='bbox 3340 5286 3498 5353; x_wconf 83' lang='lat' dir='ltr'><strong>cujus</strong></span> 
     </span>
    </p>
   </div>
   <div class='ocr_carea' id='block_1_115' title="bbox 1917 5378 3490 5450">
    <p class='ocr_par' dir='ltr' id='par_1_115' title="bbox 1917 5378 3490 5450">
     <span class='ocr_line' id='line_1_115' title="bbox 1917 5378 3490 5450; baseline -0.005 -13"><span class='ocrx_word' id='word_1_847' title='bbox 1917 5384 2177 5447; x_wconf 83' lang='lat' dir='ltr'><strong>imperata</strong></span> <span class='ocrx_word' id='word_1_848' title='bbox 2208 5381 2259 5435; x_wconf 91' lang='lat' dir='ltr'><strong>in</strong></span> <span class='ocrx_word' id='word_1_849' title='bbox 2294 5381 2496 5434; x_wconf 81' lang='lat' dir='ltr'><strong>factum</strong></span> <span class='ocrx_word' id='word_1_850' title='bbox 2554 5381 2960 5450; x_wconf 82' lang='lat' dir='ltr'><strong>processerint?</strong></span> <span class='ocrx_word' id='word_1_851' title='bbox 2995 5380 3111 5436; x_wconf 83' lang='lat' dir='ltr'><strong>Hoc</strong></span> <span class='ocrx_word' id='word_1_852' title='bbox 3165 5378 3490 5433; x_wconf 89' lang='lat' dir='ltr'><strong>miraculum</strong></span> 
     </span>
    </p>
   </div>
   <div class='ocr_carea' id='block_1_116' title="bbox 1916 5468 3496 5537">
    <p class='ocr_par' dir='ltr' id='par_1_116' title="bbox 1916 5468 3496 5537">
     <span class='ocr_line' id='line_1_116' title="bbox 1916 5468 3496 5537; baseline -0.003 -12"><span class='ocrx_word' id='word_1_853' title='bbox 1916 5486 2129 5525; x_wconf 86' lang='lat' dir='ltr'><strong>onmem</strong></span> <span class='ocrx_word' id='word_1_854' title='bbox 2154 5469 2559 5537; x_wconf 83' lang='lat' dir='ltr'><strong>perversitatem</strong></span> <span class='ocrx_word' id='word_1_855' title='bbox 2604 5469 2905 5523; x_wconf 89' lang='lat' dir='ltr'><strong>intercidit.</strong></span> <span class='ocrx_word' id='word_1_856' title='bbox 2943 5468 3110 5524; x_wconf 84' lang='lat' dir='ltr'><strong>Nemo</strong></span> <span class='ocrx_word' id='word_1_857' title='bbox 3162 5469 3274 5535; x_wconf 88' lang='lat' dir='ltr'><strong>jam</strong></span> <span class='ocrx_word' id='word_1_858' title='bbox 3303 5468 3496 5520; x_wconf 86' lang='lat' dir='ltr'><strong>statuis</strong></span> 
     </span>
    </p>
   </div>
   <div class='ocr_carea' id='block_1_117' title="bbox 1915 5562 3495 5634">
    <p class='ocr_par' dir='ltr' id='par_1_117' title="bbox 1915 5562 3495 5634">
     <span class='ocr_line' id='line_1_117' title="bbox 1915 5562 3495 5634; baseline -0.004 -13"><span class='ocrx_word' id='word_1_859' title='bbox 1915 5564 2224 5634; x_wconf 76' lang='lat' dir='ltr'><strong>sculpendis</strong></span> <span class='ocrx_word' id='word_1_860' title='bbox 2249 5563 2509 5628; x_wconf 89' lang='lat' dir='ltr'><strong>incubuit,</strong></span> <span class='ocrx_word' id='word_1_861' title='bbox 2538 5577 2695 5617; x_wconf 89' lang='lat' dir='ltr'><strong>nemo</strong></span> <span class='ocrx_word' id='word_1_862' title='bbox 2720 5562 2938 5615; x_wconf 86' lang='lat' dir='ltr'><strong>domum</strong></span> <span class='ocrx_word' id='word_1_863' title='bbox 2963 5562 3164 5621; x_wconf 84' lang='lat' dir='ltr'><strong>domui,</strong></span> <span class='ocrx_word' id='word_1_864' title='bbox 3191 5577 3288 5613; x_wconf 89' lang='lat' dir='ltr'><strong>ncc</strong></span> <span class='ocrx_word' id='word_1_865' title='bbox 3308 5576 3495 5628; x_wconf 82' lang='lat' dir='ltr'><strong>agrum</strong></span> 
     </span>
    </p>
   </div>
   <div class='ocr_carea' id='block_1_118' title="bbox 1916 5654 3494 5730">
    <p class='ocr_par' dir='ltr' id='par_1_118' title="bbox 1916 5654 3494 5730">
     <span class='ocr_line' id='line_1_118' title="bbox 1916 5654 3494 5730; baseline -0.003 -17"><span class='ocrx_word' id='word_1_866' title='bbox 1916 5677 2046 5730; x_wconf 85' lang='lat' dir='ltr'><strong>agro</strong></span> <span class='ocrx_word' id='word_1_867' title='bbox 2074 5660 2341 5728; x_wconf 76' lang='lat' dir='ltr'><strong>adjunxit,</strong></span> <span class='ocrx_word' id='word_1_868' title='bbox 2376 5656 2820 5727; x_wconf 82' lang='lat' dir='ltr'><strong>quandoquidem</strong></span> <span class='ocrx_word' id='word_1_869' title='bbox 2851 5657 3168 5710; x_wconf 78' lang='lat' dir='ltr'><strong>Philmheus</strong></span> <span class='ocrx_word' id='word_1_870' title='bbox 3189 5666 3298 5708; x_wconf 89' lang='lat' dir='ltr'><strong>tam</strong></span> <span class='ocrx_word' id='word_1_871' title='bbox 3334 5654 3494 5708; x_wconf 79' lang='lat' dir='ltr'><strong>facile</strong></span> 
     </span>
    </p>
   </div>
   <div class='ocr_carea' id='block_1_119' title="bbox 1917 5746 3493 5819">
    <p class='ocr_par' dir='ltr' id='par_1_119' title="bbox 1917 5746 3493 5819">
     <span class='ocr_line' id='line_1_119' title="bbox 1917 5746 3493 5819; baseline -0.003 -17"><span class='ocrx_word' id='word_1_872' title='bbox 1917 5750 2231 5819; x_wconf 85' lang='lat' dir='ltr'><strong>gravissima</strong></span> <span class='ocrx_word' id='word_1_873' title='bbox 2255 5748 2513 5817; x_wconf 85' lang='lat' dir='ltr'><strong>pondera,</strong></span> <span class='ocrx_word' id='word_1_874' title='bbox 2538 5748 2652 5801; x_wconf 86' lang='lat' dir='ltr'><strong>solo</strong></span> <span class='ocrx_word' id='word_1_875' title='bbox 2677 5746 3009 5799; x_wconf 67' lang='lat' dir='ltr'><strong>adhtnrcntia</strong></span> <span class='ocrx_word' id='word_1_876' title='bbox 3035 5754 3110 5807; x_wconf 81' lang='lat' dir='ltr'><strong>et,</strong></span> <span class='ocrx_word' id='word_1_877' title='bbox 3130 5754 3186 5797; x_wconf 88' lang='lat' dir='ltr'><strong>ut</strong></span> <span class='ocrx_word' id='word_1_878' title='bbox 3237 5756 3493 5799; x_wconf 59' lang='lat' dir='ltr'><strong>accurate</strong></span> 
     </span>
    </p>
   </div>
   <div class='ocr_carea' id='block_1_120' title="bbox 1918 5837 3493 5909">
    <p class='ocr_par' dir='ltr' id='par_1_120' title="bbox 1918 5837 3493 5909">
     <span class='ocr_line' id='line_1_120' title="bbox 1918 5837 3493 5909; baseline -0.006 -10"><span class='ocrx_word' id='word_1_879' title='bbox 1918 5845 2117 5909; x_wconf 81' lang='lat' dir='ltr'><strong>dicam,</strong></span> <span class='ocrx_word' id='word_1_880' title='bbox 2152 5839 2447 5899; x_wconf 87' lang='lat' dir='ltr'><strong>immobilia</strong></span> <span class='ocrx_word' id='word_1_881' title='bbox 2472 5839 2729 5895; x_wconf 77' lang='lat' dir='ltr'><strong>divellere</strong></span> <span class='ocrx_word' id='word_1_882' title='bbox 2773 5848 2825 5892; x_wconf 84' lang='lat' dir='ltr'><strong>ct</strong></span> <span class='ocrx_word' id='word_1_883' title='bbox 2884 5837 3213 5893; x_wconf 70' lang='lat' dir='ltr'><strong>tt&#39;attslocare</strong></span> <span class='ocrx_word' id='word_1_884' title='bbox 3260 5847 3493 5907; x_wconf 59' lang='lat' dir='ltr'><strong>peti-rat.</strong></span> 
     </span>
    </p>
   </div>
  </div>
