3968 6580
529 356 628 418 l5l

1222 349 1643 434 EUS'TATIIII
1679 374 1967 437 TIIESSA
1981 378 2431 445 LOX-lCENSlS
2465 387 3030 453 METROPULIT£

3659 397 3768 458 160

519 474 588 530 Ut
618 484 797 532 autem
851 480 1073 539 omnino
1114 482 1270 540 aliter
1310 485 1487 542 dicam
1513 526 1532 555 ,
1579 503 1758 557 nemo,
1801 501 2064 565 conSpeetl

2170 552 2173 559 λ
2203 494 2329 548 ἰδὼν
2360 498 2657 571 ἐνδύναμον
2697 504 3067 576 άπειλητῆρα,
3113 506 3448 577 ευρκσύνατο
3474 509 3538 562 ἂν
3583 511 3773 580 ἁμαρ-

517 580 623 624 tam
654 582 868 638 potente
901 575 1231 641 minitature,
1263 594 1429 635 ausus
1459 588 1540 635 est
1567 581 1927 639 inlucrescere
1954 599 2064 652 ροσε

2186 584 2331 650 τίαις
2365 589 2669 657 ἐπιϐαλεῖν,
2689 593 2896 659 αῖτινες
2914 575 2994 660 εἰς
3015 575 3191 669 ἀκοὴν
3208 599 3283 669 τῷ
3309 599 3570 670 ἐκδικητῇ
3601 575 3767 653 ιιὶιλὸ-

516 661 656 716 eatis
684 676 911 732 quorum
943 666 1083 722 fama
1114 669 1189 725 ad
1221 670 1449 730 vindicis
1480 670 1742 730 Philotbei
1766 690 1926 732 aures
1957 689 2064 747 per'

2190 675 2297 751 θὲῳ
2327 679 2663 740 ἐλεύσονται.

517 751 720 820 vulgari
749 755 941 822 possit.

586 842 674 898 19.
711 844 841 910 Quae
890 858 1093 915 autem,
1126 851 1250 907 dmn
1277 853 1457 909 adhuc
1502 867 1781 925 superstes
1814 858 1935 925 l'uit,
1971 860 2078 916 alia

515 936 815 997 patrnverit
861 939 1151 1009 miracula,
1199 944 1290 1011 qui
1352 945 1570 1003 virtutis
1632 949 1813 1005 studio
1873 950 2076 1009 incensi

513 1025 824 1085 auscultare
853 1037 907 1085 et
935 1030 1093 1086 saluti
1123 1032 1318 1089 animae
1351 1050 1569 1102 operam
1620 1039 1934 1108 impendere
1962 1054 2080 1099 stu-

513 1118 662 1184 dént,
692 1134 760 1175 ex
790 1122 938 1178 illius
976 1129 1212 1192 regionis
1238 1127 1431 1183 incolis
1463 1132 1770 1197 percontari
1822 1145 2074 1202 possunt,

509 1210 779 1279 siquidem
833 1214 939 1269 alia
978 1215 1137 1272 libris
1183 1219 1462 1277 historicis
1513 1224 1710 1277 tradita
1744 1223 2074 1294 referuntur,

512 1300 616 1353 alia
640 1303 709 1354 ab
739 1300 807 1358 iis
834 1303 924 1373 qui
951 1305 1142 1360 horum
1174 1308 1560 1364 miraculorum
1584 1314 1875 1382 participes
1903 1314 2073 1384 fuere,

514 1393 778 1463 hodieque
814 1396 934 1452 viva
976 1413 1106 1453 voce
1139 1399 1523 1470 praedicantur.
1584 1405 1656 1458 lis
1694 1407 1836 1460 enim
1870 1406 2074 1465 diutius

514 1482 791 1541 immorari
849 1498 1057 1558 tempus
1087 1490 1294 1559 deﬁcit,
1331 1508 1454 1549 cum
1492 1497 1707 1551 nonnisi
1749 1513 1780 1554 e
1831 1499 2075 1559 minimis

509 1573 828 1640 quibusdam
860 1576 1021 1634 vitam
1047 1578 1317 1638 PliilOtltei
1354 1599 1563 1639 summa
1600 1588 1959 1647 admiratione
1990 1591 2073 1648 di-

507 1680 668 1730 gnam
702 1681 959 1725 enarrare
999 1671 1356 1728 voluerimus.
1384 1675 1729 1745 Quapropter
1772 1694 1876 1736 uno
1908 1681 2074 1739 alter-

508 1769 611 1813 ove
655 1772 1081 1820 commemorato
1103 1765 1260 1822 exiis
1288 1781 1408 1837 qua:
1435 1785 1541 1825 non
1575 1771 1695 1824 vivo
1717 1782 1906 1828 sancto
1946 1790 2075 1831 eve-

2255 855 2339 913 t0'.
2375 859 2518 915 Ὂσα
2562 863 2622 915 δὲ
2669 863 2768 918 καὶ
2790 863 2924 919 ἄλλα
2967 867 3048 919 ἔτι
3087 866 3195 931 ζῶν
3227 868 3537 932 ἀπετέλεσε,
3571 868 3764 935 θαῦμα

2182 949 2628 1022 προκαλούμενα,
2687 953 2837 1009 ἐστιν
2873 957 2938 1010 ὲκ
2991 956 3101 1010 τῶν
3155 959 3334 1011 ἐκεῖσε
3373 960 3512 1013 κατὰ
3571 959 3766 1029 χώραν

2183 1040 2508 1109 πορίζεσθαι
2535 1047 2662 1109 τοὺς
2688 1047 2963 1117 ἐναρέτως
2993 1047 3459 1117 φιλακροάμονας,
3486 1052 3581 1105 καὶ
3607 1051 3679 1104 τὰ
3706 1053 3764 1112 ἐς

2177 1129 2419 1203 ψυχικὴν
2450 1135 2932 1207 ἐμπορευομένους
2958 1138 3251 1208 ὠφέλειαν,
3289 1142 3360 1192 τὰ
3393 1140 3492 1207 μὲν
3524 1139 3586 1205 ἐξ
3615 1143 3764 1195 ἱστο-

2180 1225 2302 1294 ρίας
2348 1226 2791 1298 άναλεγομὲνων,
2845 1231 2915 1284 τὰ
2943 1230 3129 1284 δὲκαὶ
3175 1232 3346 1285 είσέτι
3392 1234 3762 1302 πειρωμένων

2175 1318 2276 1385 τῆς
2319 1317 2528 1372 τούτων
2572 1316 3032 1392 θαυμασιότητος.
3106 1321 3269 1391 Ἡμῖν
3301 1322 3413 1393 γὰρ
3440 1324 3501 1374 οὐ
3563 1325 3761 1395 καιρὸς

2176 1409 2535 1483 ἐνδιατρίϐειν
2569 1413 2758 1476 αὐτοῖς
2794 1414 2892 1467 ἐπὶ
2923 1414 3108 1477 πλέον,
3133 1414 3494 1484 προθεμένοις
3521 1416 3588 1468 ἐκ
3617 1415 3762 1484 βρα-

2175 1500 2429 1571 χυτάτων
2452 1502 2618 1557 τινῶν
2649 1504 2895 1575 ἐμφῆναι
2928 1504 2990 1558 τὸ
3042 1506 3333 1574 μεγαλεῖον
3366 1504 3462 1557 τοῦ
3488 1510 3628 1559 κατὰ
3661 1506 3757 1557 τὸν

2173 1589 2428 1646 Φιλόθεον
2478 1594 2899 1663 πολιτεύματος.
2971 1596 3175 1665 Διόπερ
3217 1596 3337 1658 ἑνός
3382 1611 3529 1659 τινος
3565 1596 3598 1665 ἢ
3659 1598 3759 1649 καὶ

2173 1683 2429 1753 δευτέρου
2445 1686 2556 1737 τῶν
2585 1686 2776 1740 τούτου
2809 1687 3174 1757 ποιησάμενοι
3204 1687 3420 1757 μνείαν,
3446 1688 3540 1742 καὶ
3568 1688 3759 1741 αὐτῶν

2174 1773 2274 1843 οὐχ
2310 1773 2438 1828 οἴων
2466 1774 2525 1838 ἐξ
2545 1777 2641 1829 ἐπι
2677 1775 2827 1846 ζωῆς
2860 1777 2954 1830 τοῦ
2987 1776 3248 1847 μεγάλου,
3267 1777 3403 1832 ἀλλὰ
3443 1779 3582 1846 μετὰ
3614 1779 3757 1830 άπο-

507 1855 721 1913 net’unt,
754 1850 848 1906 sed
876 1863 997 1921 post
1039 1854 1158 1925 ejus
1214 1873 1299 1912 tuo
1314 1867 1476 1925 rtem,
1532 1878 1636 1930 qua
1666 1863 1974 1921 immediate
2004 1867 2064 1920 ad

2176 1842 2389 1928 δίωσιν,
2411 1864 2479 1919 δι’
2505 1859 2571 1936 ἦς
2596 1842 2818 1935 autem;
2850 1866 2927 1935 τῷ
2952 1842 3293 1934 παμϐασιλεῖ
3324 1842 3574 1937 παρέστη
3604 1867 3754 1937 Θεῷ.

512 1941 674 1996 Deum
712 1944 1132 2015 omnipotentem
1186 1952 1418 2008 evolavit
1444 1955 1625 2011 anima
1668 1971 1798 2025 pura
1829 1965 1884 2012 et
1916 1960 2071 2029 quasi

511 2047 662 2088 mens
693 2034 926 2108 integra,
956 2040 1345 2101 concludemus
1380 2055 1622 2101 nostram
1649 2047 2070 2117 expositionem,

507 2128 836 2197 symmetria:
870 2145 1030 2201 quam
1068 2132 1401 2194 intendimus
1430 2139 1642 2194 ratione
1671 2139 1877 2196 habita.
1906 2144 1908 2146 ’

575 2217 667 2275 20.
706 2218 827 2275 Jnm
868 2220 1213 2291 Philotbeus,
1246 2241 1443 2296 magna
1488 2229 1667 2299 aquila
1698 2241 1752 2288 et
1781 2231 2073 2289 daemonia-

505 2324 688 2367 corum
738 2311 926 2371 alitum
976 2314 1171 2383 hostis,
1222 2318 1288 2373 ad
1330 2319 1670 2376 Altissimum
1735 2322 2071 2389 evolaverat,

505 2401 692 2458 multis
732 2404 1001 2477 capitibus
1028 2406 1254 2464 istorum
1286 2409 1610 2480 iujustornm
1641 2411 1918 2471 lethalitcr
1952 2424 2075 2482 per-

503 2495 697 2551 cussis.
753 2496 819 2553 Et
877 2497 1047 2570 ipsius
1079 2501 1295 2570 quidem
1338 2512 1547 2572 partem
1578 2502 1815 2561 divinam
1847 2505 2073 2563 thronus

507 2584 618 2649 Dei,
651 2587 793 2655 quod
827 2597 1007 2646 autem
1061 2601 1333 2649 terrenum
1380 2602 1435 2650 et
1495 2595 1701 2653 humile
1747 2607 1886 2658 erat,
1927 2606 2069 2651 terra

506 2676 759 2739 habebat.
783 2680 848 2735 de
871 2696 977 2751 qua
996 2696 1266 2754 sumptum
1291 2686 1413 2753 fuit,
1450 2695 1617 2752 terra,
1654 2688 1895 2759 inquam,
1921 2687 2074 2745 Leta-

503 2766 760 2837 hnndalde
784 2771 901 2839 ejus
914 2770 1273 2841 depositione,
1296 2790 1469 2845 neque
1492 2777 1727 2833 elliciens
1744 2782 1860 2852 ejus
1891 2778 2031 2837 inter
2048 2808 2066 2822 ο

506 2855 639 2908 itum
697 2872 790 2911 seu
826 2859 1259 2931 dissolutionem,
1304 2859 1399 2922 sed
1442 2883 1772 2927 conservans
1798 2882 1852 2929 et
1884 2873 2070 2931 volens

505 2956 674 3002 totum
709 2949 861 3004 illum
913 2955 1159 3023 recipere
1207 2965 1263 3012 et
1309 2957 1364 3013 in
1392 2961 1781 3031 sempiternum
1845 2964 2066 3021 colere:

509 3038 769 3104 quoniam
800 3051 979 3097 autem
1012 3046 1251 3101 animum
1286 3050 1524 3106 retinere
1548 3068 1612 3108 ac
1645 3054 2069 3117 circumcludere

2172 1955 2322 2026 ψυχὴ
2348 1958 2679 2029 ἀκραιφνὴς,
2710 1957 2833 2020 νοῦς
2862 1959 3212 2030 αὐτόχρημα,
3243 1961 3627 2031 καταλύσομεν
3657 1962 3759 2015 τὸν

2171 2047 2351 2114 λὸγον,
2404 2049 2750 2120 συμμετρίας
2805 2050 3231 2123 ἐστοχασμένοι,
3274 2053 3469 2107 ὁποίαν
3523 2054 3757 2123 προεθέ-

2175 2137 2340 2208 μεθα.

2245 2236 2317 2287 κ’.
2347 2231 2487 2301 Ἤδη
2510 2233 2610 2302 μὲν
2625 2231 2655 2285 δ
2679 2231 2821 2289 κατὰ
2836 2232 3133 2303 δαιμονίων
3156 2233 3375 2302 πτηνῶν
3394 2235 3572 2305 μέγας
3587 2235 3755 2298 ἀετὸς

2171 2326 2200 2380 ὸ
2225 2322 2475 2388 Φιλόθεος
2504 2326 2841 2392 ἐπτερύξατο
2863 2326 3001 2396 πρὸς
3018 2326 3111 2380 τον
3131 2326 3520 2392 ’Υψιστον,εἱς
3547 2327 3756 2390 πολλὰς

2172 2415 2415 2485 κεφαλὰς
2441 2415 2707 2469 τοιούτων
2738 2417 2955 2489 ἀνόμων
2983 2416 3162 2487 βαλὼν
3186 2417 3440 2472 θάνατον.
3470 2419 3576 2473 Καὶ
3601 2416 3755 2487 εἶχεν

2171 2505 2338 2579 αὑτοῦ
2373 2505 2431 2559 τὸ
2464 2506 2567 2577 μὲν
2604 2506 2881 2562 θειότατον
2910 2507 2939 2560 ὁ
2964 2508 3059 2563 τοῦ
3094 2509 3230 2563 Θεοῦ
3265 2510 3477 2581 θρόνος,
3501 2512 3563 2563 τὸ
3585 2510 3643 2563 δὲ
3670 2510 3754 2581 μὴ

2170 2600 2435 2662 τοιοῦτον,
2483 2599 2600 2654 ἀλλ’
2631 2600 2696 2654 ἐκ
2750 2601 2858 2655 τῶν
2895 2602 3045 2655 κάτω
3078 2601 3174 2655 καὶ
3223 2603 3331 2670 γῆς
3362 2603 3552 2670 αὐτῆς.
3584 2605 3618 2671 ἠ
3649 2603 3751 2671 γῆ,

2170 2692 2229 2757 ἐξ
2262 2685 2330 2763 ἧς
2383 2690 2630 2761 εἴληπτο.
2668 2690 2938 2762 χαίρουσα
2964 2694 3033 2763 τῇ
3081 2692 3375 2746 καταθέσει
3423 2693 3614 2756 αὐτοῦ,
3650 2695 3753 2749 καὶ

2169 2784 2272 2838 οὐκ
2322 2783 2682 2853 ἐπιχειροῦσα
2735 2786 2816 2849 είς
2876 2784 3107 2854 φθορὰν,
3158 2784 3258 2838 είτ¹
3295 2781 3390 2840 οὖν
3418 2785 3748 2855 διαφθορὰν,

2169 2874 2308 2929 ἀλλὰ
2336 2876 2704 2946 συντηροῦσα,
2734 2877 2829 2931 καὶ
2856 2876 3089 2930 θέλουσα
3122 2877 3228 2946 μὲν
3266 2878 3386 2932 ὅλον
3416 2879 3625 2933 ἐκεῖνον
3656 2879 3754 2932 δέ’

2172 2965 2370 3030 ξασθαι
2402 2967 2498 3020 καὶ
2538 2968 2817 3036 ἀμφέπειν
2838 2967 3088 3030 ἀείζωον,
3118 2969 3201 3021 ὅτι
3237 2968 3294 3020 δὲ
3328 2970 3402 3037 μὴ
3428 2964 3543 3038 εἶχε
3578 2985 3749 3039 περι-

2172 3059 2324 3128 σχεῖν
2377 3060 2438 3111 τὸ
2493 3059 2981 3130 ἀκατακράτητον,
3036 3060 3351 3129 άρκουμένη
3375 3060 3452 3129 τῷ
3487 3060 3750 3130 καθεκτῷ

502 3142 610 3183 non
638 3131 834 3198 potuit,
866 3144 1120 3191 contenta
1156 3137 1254 3193 fuit
1289 3139 1488 3198 habere
1546 3157 1741 3214 corpus
1775 3149 1918 3216 quod
1947 3162 2063 3202 Ina-

2172 3150 2389 3221 σώματι
2424 3150 2529 3204 οὐκ
2558 3151 2870 3220 άχρειοῦντι
2901 3151 3002 3224 τὴν
3042 3150 3256 3223 μητέρα
3280 3151 3577 3205 δυσώδεσιν
3606 3153 3749 3206 ἀπο,

505 3230 644 3274 trem
674 3236 781 3279 nnn
812 3223 1097 3283 infectaret
1151 3229 1445 3300 vaporibus
1495 3233 1635 3289 male
1667 3236 1943 3294 olentibus
1971 3248 2067 3293 aut

505 3316 853 3385 ριιιιιειιίιιίιιίε
886 3316 1099 3389 Imtore,
1136 3308 1395 3395 sedquod
1419 3336 1605 3397 gratos
1636 3327 1924 3399 dulcesque
1965 3345 2064 3388 ex-

502 3406 711 3462 halaret
742 3408 959 3477 odores,
991 3412 1145 3483 quasi
1165 3427 1469 3471 aromatum
1497 3419 1779 3489 thurisquc
1808 3433 1951 3477 esset
1983 3436 2069 3475 re-

498 3494 855 3561 ceptaculum,
914 3496 987 3553 ita
1046 3510 1128 3566 ιιι,
1189 3501 1344 3570 cuius
1404 3505 1514 3560 vivi
1571 3522 1760 3577 preces
1787 3508 1853 3562 ad
1897 3508 2063 3565 Deum

497 3585 854 3643 ascenderant
879 3588 1054 3644 thuris
1083 3590 1276 3657 instar,
1311 3592 1454 3648 illius
1494 3604 1545 3651 et
1582 3610 1780 3665 corpus
1806 3607 2063 3669 tanquam

497 3675 669 3733 altare
714 3693 810 3735 seu
872 3681 1207 3738 tbnribulum
1263 3684 1528 3744 refertum
1579 3698 1725 3745 esset
1760 3688 1924 3746 odore
1956 3706 2066 3762 quo

498 3766 643 3825 Deus
674 3769 894 3839 gaudet.
918 3768 1034 3826 Hoc
1063 3786 1160 3842 per
1188 3789 1389 3830 annum
1431 3775 1701 3847 integrum
1730 3782 2062 3846 perduravit,

494 3867 552 3915 et
572 3858 989 3916 admirationem
1021 3864 1301 3931 excitavit,
1350 3876 1404 3920 et
1434 3867 1676 3925 dolorem
1742 3868 1927 3940 injecit
1957 3873 2065 3929 illis

493 3943 590 4016 qui
637 3956 881 4001 sanctum
920 3948 1332 4004 committebant
1366 3962 1545 4018 terrae,
1613 3956 1755 4024 quod
1808 3957 2063 4016 thesauro

490 4036 774 4093 condendo
805 4053 911 4093 non
950 4038 1216 4098 haberent
1263 4044 1483 4114 dignum
1518 4050 1935 4120 receptaculum,
1970 4067 2067 4108 ne-

495 4145 603 4204 que
657 4146 753 4187 vas
801 4143 1077 4206 unguento
1125 4138 1479 4205 conveniens,
1516 4157 1693 4213 neque
1744 4146 2060 4216 amphoram

491 4223 797 4277 venerando
817 4222 941 4279 oleo
960 4238 1272 4296 congruam.
1310 4230 1541 4297 Operam
1576 4233 1744 4304 igitur
1774 4235 2059 4301 dederunt,

492 4322 549 4366 ut
574 4325 827 4370 sanctum
854 4327 1241 4386 coutponerent
1273 4321 1325 4376 in
1358 4322 1476 4377 loco
1500 4326 1867 4392 convenienti,
1896 4337 1951 4383 et
1978 4329 2061 4383 di-

485 4420 649 4476 gnum
683 4419 750 4463 eo
778 4417 1180 4465 monumentum
1226 4412 1515 4483 erigerent.
1537 4415 1687 4481 Quod
1737 4432 1857 4473 cum
1887 4420 2060 4488 lieret,

2168 3243 2364 3311 φοραῖς
2394 3242 2489 3295 καὶ
2528 3242 2828 3312 σηπεδόνος
2850 3241 3202 3313 δριμύτησιν,
3234 3242 3350 3297 ἀλλ’
3393 3243 3747 3307 εὑωδιάζοντι

2167 3336 2263 3388 καὶ
2297 3333 2585 3405 μυροῦντι,
2614 3332 2689 3398 ὡς
2720 3335 2769 3387 εί
2795 3334 2890 3387 καὶ
2918 3334 3229 3405 ἀρωμάτων
3256 3337 3353 3387 καὶ
3374 3334 3747 3407 θυμιαμάτων

2166 3427 2234 3503 ἦν
2258 3431 2403 3503 θήκη
2428 3448 2441 3461 ·
2475 3432 2584 3492 ἵνα,
2620 3423 2681 3484 οὗ
2711 3431 2913 3495 ζῶντος
2941 3431 2999 3483 al
3027 3432 3187 3501 εὐχαὶ
3208 3432 3290 3494 είς
3312 3431 3448 3484 Θεὸν
3472 3432 3746 3485 κατευθύ-

2168 3538 2321 3575 νοντο
2365 3523 2443 3585 ὡς
2499 3521 2776 3591 θυμίαμα,
2808 3521 3017 3577 ἐκείνου
3061 3523 3158 3574 καὶ
3190 3522 3251 3574 τὸ
3281 3523 3441 3594 σῶμα
3472 3522 3615 3576 καθὰ
3649 3522 3746 3577 καὶ

2167 3611 2444 3679 θυτήριον,
2480 3611 2678 3665 ταύτὸν
2704 3611 2750 3664 δ’
2777 3612 2975 3675 εἰπεῖν,
3030 3611 3397 3683 θυμιατήριον
3419 3612 3591 3682 ὀδμῆς
3639 3630 3743 3667 πε-

2167 3701 2480 3771 πλησμένον
2515 3701 2624 3772 εἴη,
2659 3701 2822 3772 ὁποίᾳ
2852 3701 3063 3774 χαίρειν
3105 3697 3217 3758 οἶδε
3242 3704 3396 3764 θεός.
3422 3699 3532 3757 Ἶιν
3579 3703 3744 3759 τοῦτο

2165 3792 2246 3855 είς
2292 3792 2413 3845 ὅλον
2449 3791 2724 3847 ἐνιαυτόν·
2780 3795 2876 3847 καὶ
2921 3792 3268 3863 ἐθαυμάζετο
3299 3792 3394 3847 καὶ
3431 3794 3745 3863 μετάμελος

2163 3879 2233 3955 ἦν
2261 3884 2376 3945 τοῖς
2407 3883 2530 3938 τότε
2586 3883 2681 3938 τδν
2717 3882 2875 3952 ἅγιον
2920 3882 3196 3956 κρύψασιν
3227 3884 3334 3939 ὑπὸ
3382 3885 3507 3954 γῆν,
3539 3887 3623 3939 ὅτι
3659 3888 3740 3955 μὴ

2164 3973 2243 4042 τῷ
2274 3973 2534 4046 θησαυρῷ
2563 3973 2831 4042 ἀνάλογον
2861 3974 3287 4045 πεφιλοτίμηται
3320 3973 3742 4045 θησαυροφυλά·

2165 4082 2304 4130 κιον,
2337 4066 2422 4118 ὅτι
2449 4065 2525 4135 μὴ
2559 4066 2700 4120 κατὰ
2753 4067 2814 4119 τὸ
2842 4065 3016 4137 μύρον
3041 4066 3202 4135 τιμία
3234 4067 3266 4134 ἡ
3313 4065 3624 4137 μυροθήκη.
3655 4067 3739 4120 ὅτι

2166 4154 2243 4226 μὴ
2264 4156 2356 4209 καὶ
2377 4155 2437 4210 τὸ
2460 4155 2806 4226 ἀλάϐαστρον
2824 4156 2974 4221 ἀξιον
2995 4155 3088 4209 τοῦ
3123 4157 3494 4228 πολυτιμήτου
3525 4158 3736 4215 ἐλαίου.

2163 4248 2273 4303 Καὶ
2304 4245 2486 4301 τοίνυν
2536 4247 2771 4318 μελέτην
2804 4248 3015 4311 ἔθεντο,
3067 4248 3399 4318 μεταθέσθαι
3432 4248 3524 4302 τὸν
3555 4251 3737 4318 ἅγιον,

2162 4341 2284 4395 ὅποι
2320 4340 2524 4411 μᾶλλον
2552 4340 2742 4410 ἐχρῆν,
2789 4340 2885 4395 καὶ
2921 4342 3195 4412 μνημεῖον
3239 4340 3388 4410 αὑτῷ
3412 4342 3549 4410 πρὸς
3578 4342 3742 4407 ἀξίαν

2163 4430 2551 4501 τεχνήσασθαι.
2587 4432 2699 4487 Καὶ
2746 4431 2824 4495 ὡς
2856 4431 3069 4500 ἐγίνετο
3112 4432 3290 4498 τοῦτο,
3319 4434 3411 4486 καὶ
3443 4434 3475 4485 ὁ
3507 4433 3743 4499 πλοῦτος

487 4506 544 4553 et
575 4499 864 4555 thesaurus
898 4500 999 4555 iste
1023 4503 1088 4555 ad
1124 4502 1302 4557 locum
1342 4504 1761 4573 splendidiorem
1793 4510 2059 4565 transfer-

2170 4499 2372 4587 ἐκεῖνος
2431 4524 2825 4594 μετεκομίζετο
2859 4499 2939 4586 είς
2981 4524 3169 4594 ἕτερον
3206 4524 3534 4594 τιμιώτερον
3568 4526 3742 4594 γαζο-

488 4580 903 4660 retur,placuit
952 4593 1378 4649 Christianorum
1442 4597 1576 4668 regi,
1620 4594 1886 4653 Pliilothei
1919 4600 2050 4667 Deo,

489 4683 748 4739 miraculo
782 4700 903 4741 eum
926 4684 1195 4741 honorare
1235 4698 1289 4743 et
1326 4688 1472 4745 velut
1520 4693 1940 4748 resurrectionis
1967 4702 2052 4766 ty-

486 4790 612 4845 pum
662 4776 943 4833 exhibere.
978 4776 1097 4834 Jam
1127 4794 1276 4846 vero,
1322 4795 1356 4835 ο
1398 4781 1722 4838 miraculum
1760 4786 2048 4853 inen‘abile,

485 4884 718 4938 quocum
774 4870 865 4925 vix
911 4871 1078 4926 ullum
1118 4875 1422 4945 comparari
1469 4878 1666 4946 queatl
1716 4880 2052 4936 venerabiles

485 4961 839 5030 depositionis
889 4962 1190 5019 administri
1227 4965 1427 5021 sensim
1454 4982 1648 5023 uiantis
1671 4969 2050 5039 admovebant,

482 5059 540 5109 et
584 5052 816 5111 sollicite
862 5064 1109 5111 sanctum
1157 5070 1351 5125 corpus
1404 5058 1876 5130 apprehendentes
1927 5079 2052 5120 cum

490 5159 681 5215 magna
715 5161 845 5202 cura
879 5148 1236 5207 sublevabant
1266 5159 1321 5207 et
1342 5150 1630 5224 diligenter
1658 5156 2050 5226 suscipiebant,

488 5237 644 5292 veriti
699 5252 767 5293 ne
813 5238 944 5308 quid
992 5239 1139 5297 illius
1188 5252 1388 5298 sanctae
1427 5245 1708 5314 compagis
1748 5246 2051 5304 ditl‘ractum

485 5326 709 5397 periret.
739 5327 835 5385 Ille
874 5344 1002 5387 vero
1034 5347 1090 5388 ιιι
1119 5331 1539 5402 demonstraret,
1562 5352 1625 5393 se
1663 5353 1768 5393 non
1796 5340 2051 5410 periisse.

487 5422 584 5479 sed
632 5422 686 5477 in
722 5420 833 5481 Deo
864 5424 1063 5493 vivere,
1102 5426 1372 5486 viventem
1423 5430 1602 5489 autem
1650 5433 1885 5505 οῖσι-ἰοεζὶ
1946 5451 2051 5495 non

488 5527 669 5584 posse,
703 5516 887 5571 ambas
920 5533 1135 5586 manus,
1162 5521 1315 5590 quasi
1371 5524 1600 5588 viveret.
1633 5534 1885 5583 extensas
1907 5539 1962 5584 et
1984 5529 2052 5585 ad

488 5608 1054 5677 comprehendendum
1123 5617 1451 5683 composTtas
1546 5620 1789 5677 humeris
1841 5620 2050 5676 illorum

491 5698 723 5753 duorum
771 5711 1107 5769 sanctorum,
1164 5705 1254 5774 qui
1287 5722 1411 5762 eum
1464 5709 1821 5781 sepeliebant,
1881 5714 2052 5783 impo-

495 5784 622 5842 suit,
660 5782 830 5856 iisque
876 5785 1101 5843 ﬁrmiter
1133 5789 1347 5848 innixus
1398 5803 1558 5865 atque
1590 5795 1668 5851 sic
1696 5807 2050 5866 sustentatus,

2159 4614 2442 4685 φυλάκιον,
2469 4617 2635 4685 ἡρεσε
2665 4615 2741 4686 τῷ
2767 4616 2874 4670 τῶν
2903 4617 3250 4686 Χριστιανῶν
3275 4618 3630 4688 παμόασιλεί,
3659 4620 3742 4689 τῷ

2159 4703 2251 4758 τοῦ
2278 4705 2529 4759 Φιλοθὲου
2562 4705 2702 4774 Θεῷ,
2735 4705 2898 4759 αὐτόν
2926 4723 2986 4759 τε
3015 4706 3391 4776 ἀποσεμνύνει
3418 4706 3742 4778 θαυμασιώ-

2157 4813 2338 4864 τερον,
2372 4798 2471 4850 καὶ
2501 4796 2673 4851 τύπον
2703 4798 3057 4860 ἀναστάσεως
3086 4800 3181 4852 καὶ
3210 4798 3362 4869 αὐτῷ
3415 4800 3743 4870 ἐνσημήνα-

2160 4888 2304 4942 σθαι.
2338 4889 2470 4952 Καὶ,
2506 4888 2552 4943 ὣ
2581 4888 2860 4955 θαύματος
2900 4891 3168 4961 άρρητου,
3192 4892 3287 4944 καὶ
3319 4891 3434 4945 οἴου
3470 4892 3743 4960 ὑπερανί-

2161 4980 2390 5035 στασθαι
2436 4982 2779 5051 συγκρίσεως
2807 4983 2820 5035 l
2853 4983 2903 5034 oi
2953 4982 3057 5053 μὲν
3086 4983 3184 5052 τῆς
3218 4984 3563 5052 μεταθέσεως
3597 4985 3743 5051 [spot

2160 5070 2457 5143 κηδεμόνες
2503 5073 2689 5144 ἡρέμα
2713 5074 2813 5137 τὰς
2841 5076 3033 5143 χεῖρας
3064 5074 3390 5142 ύπέσαλλον,
3426 5077 3520 5128 καὶ
3544 5092 3741 5144 πεφει-

2161 5162 2373 5233 σμένως
2394 5160 2490 5216 τοῦ
2514 5164 2659 5232 ἱεροῦ
2684 5162 3003 5232 ἐδράττοντο
3026 5163 3302 5233 σώματος,
3329 5166 3425 5218 καὶ
3444 5167 3737 5235 ἐμφρόνως

2158 5251 2294 5305 αὐτὸ
2320 5251 2823 5323 ὑπολαμϐάνοντες,
2871 5252 3147 5323 ἐπιμελῶς
3198 5256 3437 5323 ἀνεῖχον,
3473 5254 3738 5309 εὐλαϐού-

2160 5358 2335 5411 μενοι,
2369 5341 2581 5413 μήποτέ
2613 5358 2665 5394 τι
2699 5342 2986 5412 συντριϐὲν
3015 5343 3258 5414 διαιρεθῇ
3287 5345 3384 5413 τῆς
3416 5344 3567 5415 ίερᾶς
3589 5347 3733 5398 Exci-

2159 5451 2252 5487 vou
2282 5434 2556 5504 διαρτίας.
2606 5432 2663 5487 Ὀ
2682 5434 2739 5487 δὲ
2771 5434 3007 5497 δεικνὺς,
3037 5434 3114 5497 ὡς
3149 5436 3209 5488 οὐ
3249 5435 3580 5500 διαλέλυται,
3613 5435 3732 5489 ἀλλ’

2161 5526 2220 5580 ἐν
2252 5524 2370 5594 Θεῷ
2422 5523 2513 5598 ζῇ,
2585 5523 2764 5590 ζῶντα
2813 5525 2871 5578 δὲ
2899 5526 3002 5581 ούκ
3031 5527 3148 5579 ἐστι
3195 5528 3389 5580 παθεῖν
3419 5527 3731 5596 συντριόὴν,

2160 5617 2327 5687 ἄμφω
2380 5614 2457 5668 τὼ
2510 5620 2660 5688 χεῖρε
2687 5617 3041 5685 διαπετάσας,
3096 5618 3171 5681 ὼς
3198 5619 3358 5690 εἴπερ
3388 5618 3507 5689 ἔζη,
3536 5618 3732 5672 ἔπειτα

2163 5706 2454 5777 καμπύλας
2483 5707 2652 5770 αὐτάς
2690 5707 3058 5778 σχηματίσας,
3092 5708 3231 5762 ὥστε
3274 5709 3611 5779 περιλαὸείν,
3636 5712 3731 5763 καὶ

2162 5800 2266 5854 τῶν
2316 5800 2482 5872 ὤμων
2522 5802 2907 5868 καταπετάσας
2944 5804 3111 5868 αὑτὰς
3157 5804 3344 5872 ίερέων
3367 5805 3589 5859 ἐκείνων
3621 5806 3724 5860 δύο
