3968 6584
196 423 269 487 iiii
1245 415 1814 477 INVOCATIONES
1853 419 1910 479 S.
1951 417 2355 479 DEMETRII.

3317 422 3413 487 162

196 530 569 607 μετατιθέντων,
603 528 701 582 καὶ
747 527 984 598 στερεῶς
1035 526 1396 596 δραξάμενος,
1430 531 1528 580 καὶ
1561 526 1737 588 οὕτως

1852 527 1893 580 in
1918 529 2151 584 sublime
2176 546 2234 585 se
2270 531 2487 602 erigens
2522 539 2630 589 tres
2666 548 2858 604 passus
2900 536 3182 605 processit,
3214 539 3413 607 quibus

195 624 609 697 cmpstodpsvog,
659 623 863 693 ἀνέστη
919 637 980 674 τε
1025 623 1106 685 είς
1138 620 1346 693 ὄρθιον,
1379 621 1477 674 καὶ
1513 619 1733 689 βήματα

194 741 226 784 τί
249 723 290 772 ία
309 717 511 779 διαϐὰς,
536 717 630 768 καὶ
660 717 815 784 τρισὶ
844 715 1070 776 ταύταις
1102 716 1293 786 βάσεσι
1326 713 1609 783 μετρήσας
1635 712 1734 780 τὴν

197 813 388 880 κίνησιν,
429 805 550 860 εἶτα
577 808 876 870 κατέπεσε,
924 806 1124 869 τεθεὶς,
1183 808 1303 858 ὅποι
1331 808 1520 858 πεσεῖν
1567 802 1736 857 κεκύ-

199 920 324 973 ρωτο.
375 902 478 954 Καὶ
528 899 653 953 οἷαν
697 900 800 970 μὲν
828 898 1034 950 ἔπαθον
1057 895 1318 966 ἔκπληξιν
1348 897 1397 948 οί
1433 894 1736 966 τηνικαῦτα

197 996 442 1064 παρόντες,
485 994 580 1046 καὶ
615 992 850 1062 μάλιστα
907 993 940 1062 ἠ
973 991 1292 1060 μακαριστὴ
1321 989 1452 1050 δυὰς
1484 987 1737 1059 ίερατικὴ

197 1088 340 1156 ἐκείνη
370 1088 388 1150 (
409 1085 683 1156 μακάριος
703 1085 814 1154 γὰρ
835 1085 1050 1146 πάντως
1073 1093 1170 1135 και
1193 1084 1220 1134 ὀ
1250 1081 1494 1135 τοιοῦτον
1528 1079 1738 1150 ἐπάρας

200 1181 472 1248 βάσταγμα,
491 1177 640 1230 καθὰ
663 1177 760 1231 καί
783 1195 837 1229 τι
861 1175 1084 1247 φορτίον
1107 1174 1513 1243 εύαγγελικδν),
1533 1173 1740 1227 οἴδασιν

198 1273 233 1323 oi
257 1271 363 1323 τότε
415 1269 907 1339 περιτετυχηκότες
958 1266 1035 1336 τῷ
1066 1265 1332 1336 θαύματι.
1377 1265 1510 1333 Ἐμὲ
1545 1264 1602 1318 δὲ
1636 1265 1734 1316 ὲκ-

199 1365 406 1432 siqua,
435 1361 554 1422 πῶς
594 1378 726 1413 ποτε
747 1361 808 1412 ού
840 1359 1228 1429 παρελύθῃσαν
1262 1357 1413 1428 φόϐῳ
1442 1359 1489 1410 οί
1529 1353 1733 1426 βαστά-

201 1471 376 1515 σαντες.
409 1453 523 1516 πῶς
555 1452 615 1504 δὲ
645 1451 747 1505 οὐκ
773 1449 1077 1520 ἐξέστησαν
1108 1450 1285 1512 ἄλλως
1310 1450 1404 1503 ἐπὶ
1437 1447 1582 1502 οὕτω
1608 1466 1734 1501 και-

199 1549 383 1602 νοτὰτου
430 1545 598 1617 πείρα
641 1545 991 1616 πράγματος.
1048 1538 1393 1612 Ἔγιικγόὖν,
1427 1544 1476 1596 εί
1526 1541 1730 1610 παρῆν,

199 1642 279 1692 οὐκ
301 1638 358 1690 ἂν
381 1637 644 1707 κατέσχον
670 1635 910 1703 ἐμαυτὸν
942 1635 1036 1688 τοῦ
1070 1635 1219 1697 ὲνεὸς
1256 1635 1459 1702 μεῖναι,
1489 1633 1538 1684 εί
1576 1635 1648 1703 μή
1679 1648 1734 1683 τι

201 1733 283 1800 ἄρα
315 1731 401 1782 καὶ
453 1729 785 1797 διεφώνησα.
849 1728 960 1781 Καὶ
998 1728 1130 1790 ἴσως
1187 1727 1288 1796 μὲν
1309 1727 1507 1778 ἐκεῖνοι
1537 1725 1737 1777 ἔπαθον

204 1823 253 1874 ἄν
277 1820 598 1872 τιτοιοῦτον.
648 1819 716 1870 Τί
750 1817 862 1888 γὰρ
896 1817 1149 1880 ἀπεικὸς,
1182 1815 1328 1869 οὕτω
1360 1815 1656 1884 συμϐῆναι,
1689 1816 1738 1868 εί

207 1912 265 1981 μὴ
301 1914 325 1963 ὁ
355 1912 651 1981 φερόμενος
681 1877 844 1978 ἆγίος
895 1877 1144 1972 ἀνεζώου-
1169 1877 1444 1972 ἐκείνους,
1470 1877 1566 1960 καὶ
1598 1877 1740 1961 κατὰ
1767 1877 1816 1937 Β

208 2003 340 2069 φύσιν
374 2003 513 2071 ἔχειν
547 2002 750 2067 ἐδίδους
805 2001 950 2069 Ἐγὼ
1001 2001 1059 2054 δὲ
1087 1999 1373 2070 θαυμάξω,
1407 1999 1502 2053 καὶ
1531 2000 1614 2052 ὅτι
1647 2015 1748 2068 με·

203 2094 411 2157 τατεθεὶς
442 2093 944 2164 ἐπλημμύρειτοῖς
1003 2091 1197 2164 μύροις
1243 2093 1324 2154 είς
1375 2091 1560 2154 πλέον,
1597 2086 1745 2162 ἥπερ

204 2187 456 2257 πρότερον,
495 2185 714 2248 δεικνὺς
764 2183 1018 2238 ἐντεῦθεν
1068 2185 1184 2246 τοῖς
1235 2183 1526 2252 φιλοθέοις,
1569 2179 1742 2253 οἶονή

203 2279 312 2346 πρὸς
331 2279 458 2340 τοὺς
487 2278 683 2344 ἁγίους
705 2276 803 2330 τοῦ
826 2274 962 2330 Θεοῦ
983 2275 1142 2346 τιμὴ,
1172 2277 1265 2328 καὶ
1296 2277 1444 2338 ὅπως
1471 2275 1540 2327 δι’
1570 2274 1742 2343 αὐτῆς

204 2368 459 2433 ἐπαύξεται
489 2369 626 2438 ἡμῖν
653 2367 724 2420 τὰ
756 2368 821 2420 ὲκ
853 2365 988 2420 Θεοῦ
1037 2366 1241 2434 ἀγαθά.
1279 2367 1606 2434 Τιμωμένου
1630 2367 1741 2435 γὰρ

204 2462 326 2527 ἁγίου
363 2461 457 2514 καὶ
487 2461 799 2532 χαίροντος.
835 2461 908 2522 ὡς
963 2459 1280 2528 τετίμηται,
1318 2459 1608 2521 πλεονάζει
1648 2460 1743 2511 καὶ

203 2555 247 2605 τὸ
267 2557 318 2605 ὲν
362 2554 592 2614 ἐκείνοις
627 2552 837 2622 θαῦμα,
873 2552 972 2606 καὶ
1007 2552 1321 2623 παραμένει
1365 2551 1612 2624 διηνεκὲς
1662 2551 1743 2614 είς

205 2645 410 2713 ἰατρείαν
441 2643 623 2712 ψυχῆς
664 2659 723 2695 τε
755 2641 854 2711 τῆς
889 2641 1184 2711 ποθούσης,
1217 2644 1308 2694 καὶ
1343 2639 1597 2711 σώματος
1644 2641 1740 2694 τοῦ

203 2735 439 2804 δεομένου.
495 2735 734 2803 Οἴδαμεν
761 2735 892 2804 γὰρ,
917 2733 1015 2796 τὰς
1043 2734 1136 2786 ἐπὶ
1172 2734 1287 2796 τοῖς
1324 2732 1500 2801 ἁγίοις
1530 2733 1595 2785 ἐκ
1646 2732 1740 2785 τοῦ

201 2827 304 2879 θεοῦ
331 2828 559 2896 χάριτας
609 2827 694 2889 είς
745 2825 778 2884 ἡ
789 2826 896 2896 μᾶς
921 2824 1239 2879 διαϐαίνειν.
1267 2825 1384 2878 Οὐκ
1415 2824 1744 2895 ἀγνοοῦμεν,

201 2919 679 2988 ἀλλ’ἡκριὸώμεθα,
708 2918 784 2980 ὼς
817 2917 1045 2971 ἐκείνων
1092 2916 1587 2987 καταντλουμένων
1628 2919 1742 2974 τοῖς

201 3011 246 3061 ἐκ
266 3008 388 3063 Θεοῦ
419 3011 631 3073 καλοῖς,
659 3009 926 3080 ἀπορρέει
941 3009 1081 3063 αὐτὰ
1114 3010 1211 3062 καὶ
1239 3012 1319 3072 είς
1349 3010 1522 3078 ἡμᾶς,
1550 3008 1739 3079 ἐπειδὴ

202 3102 275 3154 καὶ
292 3103 456 3164 ἄλλως
490 3101 647 3154 οὐδέν
681 3118 734 3153 τι
763 3101 873 3153 τῶν
911 3080 1171 3154 τοιούτων
1200 3102 1250 3153 oi
1287 3100 1386 3153 τοῦ
1421 3099 1559 3152 Θεοῦ
1581 3099 1744 3169 θερά-

1840 623 2077 676 emensis
2131 623 2402 694 collapsus
2447 635 2531 680 est
2576 635 2629 680 et
2680 627 2923 696 sepultus
2955 629 3042 682 ubi
3069 631 3408 685 conciderat.

1841 712 2188 786 Quantopere
2237 728 2416 772 autem
2462 719 2842 789 obstupueriut
2871 722 2960 790 qui
2997 731 3126 777 tunc
3155 723 3402 788 aderant,

1839 816 1888 859 et
1920 810 2187 877 praecipue
2228 811 2381 864 beati.
2404 811 2489 864 isti
2530 812 2636 864 duo
2663 812 2764 865 viri
2809 813 2980 866 sancti
3019 811 3232 885 (beatus
3265 816 3412 869 enim

1842 913 2029 953 revera
2085 900 2176 970 qui
2211 902 2316 956 tale
2373 911 2551 971 portat
2602 919 2738 956 onus
2785 904 2932 959 velut
2957 908 3230 976 quoddam
3270 922 3410 960 onus

1839 991 2256 1063 evangelicum),
2312 995 2493 1048 sciunt
2527 995 2618 1063 qui
2671 1003 2800 1056 tunc
2847 997 3112 1051 miraculo
3159 997 3418 1052 interfue-

1842 1091 1988 1137 runt.
2029 1081 2139 1152 Ego
2186 1094 2370 1138 autem
2407 1087 2594 1150 miror,
2641 1088 2916 1156 quomodo
2975 1097 3256 1158 portantes
3303 1104 3414 1158 pra.-

1842 1183 1988 1228 metu
2022 1191 2128 1229 non
2171 1177 2370 1230 mortui
2406 1177 2830 1247 sint,quomodo
2885 1180 2940 1234 in
2997 1195 3054 1233 re
3113 1191 3219 1234 tam
3280 1197 3416 1235 nova

1842 1277 2004 1336 atque
2034 1268 2274 1324 inaudita
2305 1284 2413 1324 non
2449 1281 2628 1325 mente
2679 1258 2996 1326 exciderint.
3039 1271 3151 1342 Ego
3173 1273 3416 1341 quidem,

1843 1361 1906 1426 si,
1933 1357 2197 1427 aﬂaisem,
2235 1363 2300 1416 ad
2333 1362 2612 1415 minimum
2663 1364 3084 1432 permansissem
3124 1363 3418 1428 attonitus,

1846 1453 2041 1505 nedum
2090 1465 2274 1506 vocem
2302 1453 2667 1521 protulissem.
2714 1455 2775 1508 Et
2808 1455 3038 1510 fortasse
3069 1455 3292 1526 quidem
3339 1457 3418 1509 illi

1847 1541 2022 1596 simile
2053 1541 2178 1610 quid
2211 1543 2354 1610 passi
2381 1553 2527 1597 sunt.
2560 1543 2843 1609 Quomodo
2881 1545 3024 1599 enim
3059 1547 3419 1614 improbabile

1846 1640 1930 1687 est
1974 1631 2082 1686 tale
2127 1632 2257 1702 quid
2286 1633 2557 1699 evenisse,
2587 1635 2691 1689 nisi
2726 1651 2882 1705 quem
2924 1636 3170 1691 ferebant
3199 1645 3421 1692 sanctus

1844 1722 1988 1791 ipsos
2041 1723 2107 1778 ad
2157 1724 2323 1778 vitam
2375 1735 2684 1781 revocasset
2731 1737 2785 1781 et
2814 1729 3051 1782 naturali
3088 1729 3422 1784 exsistentiae

1844 1817 2208 1872 reddidisset?
2249 1816 2421 1873 Porro
2451 1819 2619 1872 miror
2650 1820 2794 1891 quod
2839 1822 2999 1875 etiam
3059 1822 3424 1878 translocatus

1849 1909 2229 1964 abundantiori
2281 1926 2440 1980 quam
2497 1913 2653 1982 prius
2705 1924 2986 1984 unguento
3049 1916 3415 1980 scaturiverit,

1847 1997 2145 2052 ostendens
2168 1998 2293 2053 inde
2326 1999 2394 2055 iis
2425 2002 2515 2068 qui
2545 2001 2712 2056 Deum
2745 2013 2929 2058 amant
2959 2015 3165 2073 quanto
3203 2017 3423 2062 sanctos

1849 2088 2058 2143 honore
2091 2089 2234 2146 Deus
2274 2093 2648 2161 prosequitur,
2707 2103 2760 2147 et
2790 2094 3059 2163 quomodo
3096 2094 3197 2149 hac
3221 2096 3424 2150 ratione

1849 2181 1988 2236 bona
2027 2182 2209 2237 divina
2247 2183 2300 2238 in
2328 2199 2425 2239 nos
2459 2184 2782 2239 redundant.
2822 2187 3050 2252 Quando
3104 2187 3246 2240 enim
3290 2203 3422 2241 san-

1846 2282 1970 2327 ctus
2002 2273 2301 2328 honoratur
2330 2285 2384 2331 et
2419 2275 2626 2330 honore
2654 2277 2871 2346 gaudet,
2929 2278 3252 2332 miraculum
3285 2294 3422 2348 quo-

1847 2379 1950 2434 que
1985 2365 2317 2420 incrementa
2351 2367 2494 2436 capit
2534 2377 2586 2421 et
2619 2379 2876 2436 perpetuo
2907 2370 3165 2438 perdurat
3202 2370 3268 2424 ad
3315 2387 3420 2423 tuc-

1849 2455 2022 2508 delam
2060 2456 2255 2510 anima:
2278 2455 2645 2511 desiderantis
2679 2469 2840 2524 atque
2884 2458 3127 2526 corporis
3175 2458 3423 2527 indigen-

1847 2548 1936 2604 tis.
1981 2547 2200 2605 Scimus
2245 2551 2391 2604 euim
2439 2551 2665 2618 gratiam
2724 2550 2815 2604 Dei
2863 2556 2915 2604 in
2957 2551 3162 2605 sanctis
3199 2551 3424 2619 conSpi-

1844 2658 2000 2699 cnam
2031 2642 2195 2698 etiam
2227 2644 2291 2698 ad
2327 2659 2426 2697 nos
2457 2643 2783 2698 redundare.
2812 2643 2931 2698 Non
2959 2643 3296 2714 ignoramus,
3325 2644 3423 2698 sed

1857 2735 2333 2804 persuasissimum
2357 2734 2513 2790 nobis
2543 2735 2839 2799 habemus,
2867 2735 3127 2790 nenelicia
3155 2735 3334 2789 divina
3373 2736 3424 2787 iu

1848 2825 1958 2881 illis
2008 2828 2352 2880 accumulata
2417 2828 2483 2880 ad
2532 2842 2632 2881 nos
2679 2827 2933 2893 transire,
3001 2827 3267 2895 siquidem
3327 2826 3422 2879 υσί

1847 2919 1988 2973 servi
2023 2919 2154 2972 nihil
2189 2919 2455 2985 ejusmodi
2490 2934 2625 2988 opus
2659 2919 2859 2973 habent
2909 2919 3011 2972 nisi
3043 2927 3264 2987 prOpter
3296 2933 3419 2973 nos.

1846 3008 2138 3079 PrOpterea
2180 3010 2325 3063 enim
2376 3009 2516 3075 quod
2567 3009 2876 3064 facultatem
2926 3009 3306 3064 miraculorum
3335 3024 3429 3078 pa-

1851 3104 2167 3157 trandorum
2225 3112 2575 3172 acceperunt,
2623 3119 2653 3156 a
2690 3102 2844 3156 nobis
2904 3102 3243 3156 honorantur
3277 3117 3291 3155 :
3327 3117 3426 3171 pro

203 3213 360 3257 ποντες
380 3196 617 3258 δέονται,
637 3196 721 3248 ὅτι
751 3196 824 3264 μὴ
859 3194 928 3248 δι’
959 3195 1109 3264 ἡμᾶς
1133 3193 1353 3256 αὐτούς.
1385 3194 1741 3264 Θαυματουρ-

1852 3197 2059 3250 honore
2108 3204 2288 3249 autem
2341 3193 2601 3249 beneficia
2664 3194 2820 3248 nobis
2868 3193 3187 3262 rependunt.
3222 3192 3423 3246 Eadem

178 3284 298 3347 -γείν
324 3283 426 3352 γὰρ
462 3282 955 3352 συγκεχωρημένοι
976 3281 1252 3352 τιμῶνται
1273 3300 1287 3314 ·
1321 3285 1630 3352 τιμώμενοι
1685 3283 1740 3334 δὲ

205 3374 491 3442 ἀμείὸονται
531 3377 682 3445 ἡμᾶς
709 3374 819 3427 τῶν
839 3374 1101 3444 χαρίτων.
1140 3373 1518 3444 ’Δμειϐὁμενοι
1553 3374 1609 3426 δὲ
1633 3391 1742 3426 σω-

205 3467 370 3536 τηρίαν
411 3470 546 3539 ἡμῖν
575 3470 641 3520 ὲκ
689 3465 825 3520 Θεοῦ
855 3467 1248 3539 πρεσϐεύουσι,
1275 3469 1372 3520 καὶ
1403 3469 1435 3538 ἡ
1472 3467 1740 3534 πρεσϐεία

210 3561 535 3625 εἰσακούεται,
597 3561 694 3612 καὶ
762 3563 833 3612 τὰ
904 3558 1222 3630 ποθούμενα
1293 3559 1742 3627 καταπράττεται

212 3652 390 3717 ἀγαθά·
442 3647 517 3706 ὧν
569 3656 765 3723 είημεν
808 3655 1134 3722 μετέχοντες
1185 3651 1420 3706 ἐνταῦθα
1448 3669 1508 3704 τε
1535 3654 1630 3704 καὶ
1663 3655 1744 3714 είς

213 3747 292 3812 τὴν
318 3750 480 3800 ἐκεῖσε
511 3748 683 3818 ζωὴν,
711 3746 952 3810 ἱκεσίαις
1003 3747 1105 3817 μὲν
1152 3745 1250 3798 τοῦ
1280 3744 1616 3815 ὕμνηθέντος
1651 3763 1746 3814 με-

213 3839 352 3902 γάλου
372 3838 642 3904 Φιλοθέου,
661 3838 798 3891 Θεοῦ
821 3838 876 3891 δὲ
907 3836 1206 3902 ἐπινεύσει,
1239 3830 1284 3904 ᾧ
1304 3835 1471 3907 ὕμνος
1496 3837 1594 3890 καί⁹
1619 3838 1745 3904 δόξα

208 3930 274 3991 εἰς
297 3932 406 3995 τοὺς
431 3932 632 3996 αἰῶνας
659 3930 775 3984 τῶν
802 3929 1038 3985 αίὼνων.
1084 3929 1284 3997 Ἀμήν.

240 4076 282 4085 a—

240 4090 327 4102 ..κ

337 4097 646 4106 ..κ-,-

651 4097 999 4106 ...α-νη...-

1011 4069 3134 4094 MM

1849 3286 1917 3340 de
1944 3299 2103 3340 causa
2148 3285 2344 3338 salutis
2368 3292 2564 3339 nostra
2591 3284 2764 3352 grauia
2793 3284 2933 3352 apud
2966 3281 3136 3338 Deum
3183 3281 3424 3336 interce-

1851 3377 2003 3439 dunt,
2032 3390 2328 3444 eorumque
2357 3374 2675 3428 intercessio
2701 3373 3006 3438 exauditur,
3037 3385 3089 3426 et
3115 3372 3422 3428 desiderata

1849 3468 1991 3524 bona
2033 3467 2432 3531 conceduntur,
2483 3481 2712 3535 quorum
2745 3465 2953 3518 utinam
2993 3464 3289 3533 participes
3321 3464 3424 3516 lia-

1854 3576 1973 3615 mus
2017 3560 2108 3614 hic
2157 3568 2212 3613 et
2258 3559 2310 3612 in
2345 3559 2524 3612 l'utura
2560 3557 2692 3623 vita,
2736 3557 3110 3611 intercedente
3144 3557 3424 3612 celebrato

1855 3665 2049 3718 magno
2081 3648 2368 3704 Philotheo
2401 3657 2566 3716 atque
2593 3657 2868 3702 annuente
2897 3649 3024 3713 Deo,
3059 3647 3145 3703 cui
3182 3649 3420 3720 hymnus

1853 3753 1904 3798 et
1937 3743 2106 3814 gloria
2136 3741 2191 3797 in
2219 3740 2414 3798 saecula
2442 3739 2790 3796 saeculorum.
2821 3739 3017 3795 Amen.

2627 4073 2862 4098 ...φ-...ορε-
2659 4073 2668 4081 ¹
2677 4073 2704 4081 ¹“
2724 4072 2764 4081 ’⁵⁸
2773 4071 2788 4079 “
2797 4071 2810 4079 ¹¹
2826 4069 2887 4093 ⁸-⁸.
2896 4069 3130 4094 --·..,...,.--τ-..
3126 4068 3262 4092 ,τ-..Ὗ
3264 4085 3270 4089 .
3279 4063 3410 4094 ...η-’.⁸⁵⁵⁵³⁸

932 4258 1051 4370 S.
1119 4253 1844 4381 DEMETBII
1930 4252 2119 4363 MA
2143 4249 2676 4364 RTYRIS

1326 4486 2266 4582 INVOCATIONES.

213 4846 312 4902 Τοῦ
337 4851 512 4904 αὑτοῦ
549 4849 754 4903 κανὼν
783 4849 868 4912 εἷς
898 4847 1005 4898 τίὲν
1034 4843 1204 4912 ἄτιον
1249 4837 1741 4912 μεγαλομτίρτιιρα

1852 4833 2106 4905 Ejusdem
2174 4832 2359 4887 Canon
2407 4835 2503 4912 ad‘
2526 4839 2770 4912 sanctum
2827 4848 3080 4903 magnum
3131 4844 3422 4906 martyrem

783 4916 1135 4986 Δημήτριον.

263 5013 406 5066 nuit
435 5017 509 5070 A’.
542 5013 718 5084 *Ηχος
750 5011 986 5076 πλαγίου
1021 5009 1305 5076 τετάρτου.
1340 5002 1607 5069 Σταυρὸν
1635 5017 1743 5069 χα-

201 5104 368 5167 Ριίξας
395 5107 636 5173 Μωσῆς.

265 5198 326 5245 α’.
353 5196 407 5246 Ὀ
437 5195 514 5262 τῷ
543 5193 772 5261 πελάγει
798 5191 910 5244 τῶν
939 5189 1048 5243 σῶν
1077 5187 1341 5257 ἐγχειρῶν
1371 5183 1572 5245 ἄθλων,
1609 5183 1743 5235 θαυ-

209 5288 449 5354 ματουργὲ
484 5288 790 5356 Δημήτριε,
829 5283 905 5344 ὡς
959 5279 1233 5351 εὐθαρσὴς
1289 5278 1590 5347 ἐλέγχεται,
1648 5274 1742 5328 καὶ

207 5372 350 5427 πλέον
382 5377 450 5439 ὡς
495 5377 793 5447 τολμηρὸς,
843 5375 965 5428 ἐπεὶ
997 5375 1109 5435 τοῖς
1153 5370 1396 5440 θαύμασι
1459 5367 1742 5438 λιμνάζεις

207 5461 410 5532 hinc,
443 5471 514 5531 ὡς
548 5469 695 5538 ἔχειν
741 5465 1210 5528 δυσεκπλεύστως,
1239 5464 1286 5515 εί
1327 5460 1423 5532 μὴ.
1459 5500 1473 5513 .
1514 5499 1529 5514 .
1573 5460 1742 5528 νήσας

207 5554 341 5626 ἰσχὺν
412 5561 556 5632 αὐτῷ
629 5558 840 5613 ἄνωθεν
907 5555 1342 5627 καταπέμψειας,
1407 5552 1741 5621 ἑλλιμενίσαι

203 5647 278 5699 ἐπὶ
301 5654 376 5706 σέ.

259 5739 319 5806 β’.
349 5745 672 5815 Ππράδεισος
705 5745 780 5808 ὡς
809 5744 1022 5816 τρυφῆς
1060 5741 1122 5796 τδ
1173 5744 1421 5810 γενναῖον
1452 5739 1612 5811 σῶμα
1639 5737 1736 5792 τοῦ

201 5825 407 5902 ἀθλητοῦ
451 5839 790 5907 πεφύτευται
838 5838 951 5902 τοῖς
987 5835 1284 5889 ἀπολαύειν
1333 5834 1566 5888 θέλουσι.
1632 5832 1737 5889 Καὶ

2460 4903 2802 4957 Demetrium.

1924 4995 2062 5053 ODE
2100 4996 2141 5051 Ι.
2175 4995 2354 5050 Sonus
2383 4993 2619 5064 ambigui
2651 4995 2855 5064 quarti.
2889 4994 3108 5050 Crucem
3137 5013 3253 5050 cum
3275 4999 3422 5052 scul-

1850 5091 2038 5159 psiuet
2074 5086 2301 5157 Moyses.

1929 5184 1978 5237 1.
2014 5181 2107 5235 Ille
2139 5182 2228 5250 qui
2261 5194 2361 5249 per
2406 5193 2552 5232 mare
2587 5178 2892 5248 prasliorum
2929 5188 3143 5233 tuorum
3186 5195 3246 5235 se
3273 5196 3425 5236 com-

1855 5277 2039 5340 mittit,
2094 5274 2466 5340 thaumaturge
2493 5270 2752 5336 Demetri,
2791 5281 3046 5339 tauquam
3095 5272 3423 5336 audax,imo

1851 5370 2172 5426 temerarius
2202 5367 2465 5434 arguitur,
2523 5365 2786 5434 siquidem
2822 5367 3080 5433 prodigiis
3111 5381 3256 5421 mare
3287 5381 3421 5436 prae.-

1850 5461 1946 5517 hes
1998 5459 2277 5523 refertum,
2309 5470 2338 5512 e
2370 5470 2480 5526 quo
2502 5457 2591 5511 vix
2641 5457 3089 5526 emergiturni...
3139 5457 3284 5511 vires
3309 5454 3416 5525 ipsi

1850 5555 2078 5621 desuper
2102 5550 2285 5604 mittas
2312 5558 2371 5602 ut
2399 5555 2692 5602 transmeet
2725 5546 2791 5600 ad
2820 5555 2892 5602 te.

1915 5735 1970 5789 Ω.
2007 5733 2328 5790 Deliciarum
2350 5740 2605 5800 tanquam
2629 5729 2912 5801 paradisus
2942 5729 3158 5784 liberale
3197 5729 3411 5784 athletae

1846 5843 2044 5900 cerpus
2107 5826 2376 5884 consitum
2437 5832 2544 5889 est,
2574 5839 2669 5893 pro
2699 5823 2786 5878 his
2821 5822 2913 5891 qui
2945 5820 3047 5875 frui
3092 5821 3306 5876 volunt.
3347 5824 3413 5878 Et
