3968 6570
256 415 349 474 1ίῦ

1304 407 1867 469 INYOCATIONES
1909 410 1966 471 S.
2014 400 2325 469 DEMETR
2341 410 2355 467 l
2372 410 2413 468 I.

3372 407 3474 471 166

253 525 489 592 τιὲτηνή
532 522 637 573 τῶν
674 521 865 591 μύρων
889 521 1119 591 προχοὴ,
1150 522 1390 574 ἀϐύσσου
1417 563 1431 577 .
1468 563 1481 576 .
1512 521 1801 592 βλύζουσα.

1943 540 2088 578 orum
2130 540 2243 587 vas,
2270 524 2518 593 abyssi...
2546 521 2795 577 fundens.
2830 521 3017 593 Itaque
3051 520 3244 576 salutis
3279 519 3475 577 funda-

252 619 336 669 Διὸ
361 616 614 685 θέμευλον
649 614 921 684 σωτηρίας
951 614 1256 683 ἐξευρίσκει
1286 630 1369 666 σε.

321 708 409 771 ις’.
445 746 457 760 .
483 747 497 761 .
525 707 708 778 δόξης,
759 706 983 772 ὑψίστου
1024 706 1194 773 σκηνὴ
1241 705 1378 758 Θεοῦ
1433 706 1660 776 ἀληθὴς,
1712 708 1806 778 ῆν-

255 817 355 867 πίρ
385 799 573 865 κοσμεῖ
631 795 691 846 τὸ
729 795 981 847 κόκκινον
1039 794 1176 846 Θεοῦ
1227 795 1489 863 σκήνωμα
1539 795 1808 862 βασίλειον

257 892 387 958 ὑπὲρ
407 888 595 942 κλάὸου
637 886 735 955 τῆς
771 886 1059 955 πορφύρας
1082 886 1339 945 εὐθαλοῦς
1366 903 1379 916 °
1425 887 1645 958 δεήθητι
1710 889 1810 941 σὺν

258 983 507 1050 μάρτυρι,
539 973 599 1031 οὗ
638 977 700 1029 τὸ
754 976 1010 1030 κόκκινον
1064 977 1175 1030 τῶν
1225 979 1475 1047 αἱμάτων
1514 982 1663 1043 ναοῖς
1721 981 1812 1034 κό-

258 1087 459 1140 σμημαο

319 1162 467 1213 ΩΙΔΗ
503 1163 593 1227 ς’.
624 1158 842 1213 Νοτίου
874 1159 1076 1226 θηρός.

322 1251 409 1315 ιζ’.
433 1252 600 1304 Χύσει
626 1252 736 1303 τῶν
764 1251 872 1303 σῶν
911 1251 1162 1320 αἱμάτων
1204 1250 1412 1320 λουτρῷ
1450 1270 1509 1304 σε
1550 1244 1814 1324 καθειργ”-

260 1346 411 1413 μένον
455 1344 659 1414 νοιρῶς
713 1343 960 1410 ἔλουσαν,
1023 1344 1256 1415 μάρτυς.
1314 1345 1397 1397 Τὰ
1452 1346 1507 1399 δὲ
1563 1346 1696 1413 ξύλα
1758 1349 1816 1401 ai

260 1438 439 1505 λόγχαι
464 1437 553 1487 τὴν
578 1440 637 1487 ὲν
664 1436 784 1505 Θεῷ
810 1453 904 1487 σου
927 1435 1132 1505 θερμὸν
1166 1436 1332 1489 πόθον
1360 1437 1663 1504 ἐξέκαυσαν
1690 1456 1819 1507 σφο-

257 1529 412 1597 δρῶς.
451 1528 564 1595 Τῆς
604 1528 660 1579 δὲ
702 1527 1351 1597 καθείρξεωςήζόφωσις
1401 1530 1495 1583 καὶ
1558 1531 1821 1600 στενοχώ-

262 1637 409 1688 ρησι;
443 1623 745 1689 φωσφορεῖ,
782 1622 877 1673 καὶ
907 1622 989 1684 είς
1011 1620 1209 1683 πλάτος
1242 1622 1388 1692 ζωῆς
1419 1623 1608 1693 ὁδηγεῖ
1638 1625 1735 1693 τῆς
1761 1626 1819 1678 ὲν

260 1713 374 1783 Θεῷ
403 1715 661 1784 ζωοδότῃ,
684 1712 766 1783 τῷ
805 1715 1012 1786 κόσμον
1044 1716 1361 1784 φωτίζοντι.

1909 630 2144 672 mentum
2175 628 2225 672 te
2256 617 2477 671 invenit.

1978 712 2135 765 16....
2163 711 2366 776 gloriae,
2407 709 2658 762 altissimi
2690 708 3097 762 tabernaculum
3134 705 3227 761 Dei
3261 721 3476 771 verum,

1909 805 2047 873 quod
2082 805 2307 857 adornat
2339 802 2650 857 coccineum
2686 801 2777 855 Dei
2804 801 3089 854 tentorium
3128 799 3291 870 regali
3319 814 3479 869 pom-

1913 912 1978 965 pa
2030 912 2191 965 Super
2255 912 2464 951 ramum
2523 908 2774 965 purpurae
2826 893 3282 955 Irondeseentn-m,
3314 892 3485 960 ligare

1912 1005 2033 1042 eum
2067 1000 2322 1059 martyre,
2373 987 2527 1057 cujus
2571 987 2849 1059 sanguinis
2892 986 3209 1041 coccineum
3267 983 3486 1054 templis

1915 1090 2316 1135 ornamentum.

1987 1171 2123 1227 ODE
2157 1170 2247 1226 VI.
2287 1172 2600 1227 Meridiaua'
2641 1172 2847 1228 belluas.

1989 1266 2072 1321 I7.
2105 1265 2162 1317 Iu
2196 1264 2461 1319 effusione
2492 1266 2812 1335 sauguinum
2846 1275 3059 1317 tuorum
3099 1260 3399 1317 balneariis
3435 1270 3488 1313 te

1918 1358 2303 1413 circumfusum
2337 1358 2688 1426 spiritualiter
2734 1358 3002 1420 laverunt,
3051 1365 3280 1424 martyr.
3320 1352 3488 1420 Ligna

1919 1463 2096 1505 autem
2139 1452 2339 1507 lanceae
2372 1462 2518 1505 tuum
2548 1452 2601 1505 in
2635 1452 2744 1504 Deo
2796 1450 2994 1502 ardens
3021 1448 3358 1503 desiderium
3388 1460 3488 1499 ve-

1922 1546 2205 1598 hementer
2233 1540 2651 1598 succenderunt.
2686 1539 2939 1595 Carceris
2972 1554 3098 1591 vero
3151 1536 3388 1591 teuebra:
3436 1544 3491 1588 et

1922 1636 2180 1706 angustia!
2215 1634 2420 1689 lumine
2467 1632 2758 1695 illustrant,
2782 1640 2836 1687 et
2886 1632 2937 1685 iu
2965 1630 3154 1699 spatiis
3206 1630 3326 1683 vitae
3373 1643 3492 1697 qua:

1925 1729 2032 1782 Deo
2061 1730 2223 1782 dante
2254 1727 2622 1794 mundumque
2678 1724 3017 1779 illuminante
3069 1723 3208 1787 Iluit,
3232 1721 3490 1776 ducatum

1925 1821 2186 1889 pra-bent.

320 1888 406 1959 ιη’.
442 1890 715 1961 Σκορπίου
742 1898 933 1959 φανεὶς
965 1894 1024 1948 ὲν
1055 1894 1237 1949 εῖδειό
1258 1896 1478 1968 βρέμων
1528 1900 1822 1968 φρικαλέον

1998 1911 2085 1965 IS.
2128 1909 2451 1980 Scorpionis
2496 1910 2641 1964 visus
2683 1912 2735 1962 in
2792 1908 2957 1976 ﬁgura
3004 1906 3241 1961 fremens
3272 1904 3493 1959 horride

260 1981 514 2050 πονηρὸς,
572 1982 847 2051 χείριστος
896 1984 1134 2053 δράκων,
1171 1988 1562 2058 ταπεινότητος
1621 1990 1823 2058 δεῖγμα

262 2074 707 2131 καθυπεδείκνυε.
756 2074 873 2148 Θὴρ
901 2078 1008 2147 γὰρ
1040 2080 1067 2131 6
1089 2080 1322 2148 μέγιστα
1378 2082 1565 2148 φυσῶν
1626 2099 1823 2152 μικρο-

263 2166 555 2238 φνέστερον
593 2167 833 2239 Θηρίδιον
868 2169 1249 2236 ἐπενεδύσατο,
1277 2172 1483 2243 ἀδρανῆ
1517 2174 1825 2243 παριστῶν-

261 2273 340 2319 τος
363 2258 528 2311 αὑτὸν
565 2260 660 2311 τοῦ
707 2260 867 2316 Θεοῦ.
930 2263 1316 2333 Συμπατηοεὶς
1367 2263 1460 2319 οὖν
1515 2281 1595 2317 σοι
1634 2267 1825 2319 πίπτει

264 2351 493 2419 σταυροῦ
518 2351 597 2418 τῷ
631 2351 945 2420 τυπὼματι.

328 2439 411 2491 ιθ¹.
477 2440 567 2503 Ὠς
594 2441 720 2511 ὅρος
752 2441 891 2497 Σιὼν
915 2444 942 2496 6
974 2445 1203 2512 μάρτυς.
1236 2446 1355 2516 Θεῷ
1393 2443 1500 2517 γὰρ
1552 2449 1825 2514 πεποιοὼς

263 2523 323 2596 ῆν
343 2531 635 2599 ψαλμικῶς
661 2535 734 2603 τῷ
764 2535 1023 2604 οὐρανίῳ,
1057 2536 1373 2607 ψυχοτρόφα
1400 2539 1542 2606 φυτὰ
1572 2542 1691 2607 μὲν,
1728 2543 1827 2604 τὰς

266 2624 476 2691 ἀρετὰς,
510 2624 773 2692 ἐνεγκὼν,
799 2626 987 2699 ὥσπερ
1009 2630 1268 2698 ναμάτων
1300 2630 1355 2683 δὲ
1393 2632 1574 2703 πηγὰς
1630 2632 1828 2696 ἐξανα-

268 2713 459 2766 τέλλων
487 2715 592 2784 τὴν
616 2718 712 2769 τοῦ
753 2718 983 2787 αἵματος
1031 2721 1127 2773 καὶ
1173 2720 1349 2791 μύρου
1409 2722 1689 2791 ἕκὸλυσιν,
1746 2726 1827 2789 είς

268 2807 497 2875 πνιγμδν
532 2808 633 2876 μὲν
666 2809 954 2879 δαιμόνων,
989 2813 1185 2876 παντὸς
1210 2814 1266 2865 δὲ
1298 2813 1430 2868 λαοῦ
1465 2814 1558 2868 τοῦ
1587 2833 1828 2886 χριστω-

268 2897 427 2966 νόμον
462 2900 676 2967 ὑγεὶαν,
703 2901 890 2971 ψυχῶν
916 2920 975 2956 τε
1001 2905 1273 2973 πιότητος.

336 2987 404 3044 κ’.
447 2992 738 3057 Ὀφείλεις,
767 2992 972 3062 Κυρίου
1000 2995 1190 3064 μῆτερ,
1214 2997 1453 3066 χαρίτων
1475 2999 1829 3071 ἀνταπόδομα

268 3082 336 3147 τῷ
362 3083 437 3151 σῷ
470 3085 676 3153 κήρυκι
702 3086 909 3155 νέμειν,
959 3087 1055 3141 τοῦ
1091 3088 1222 3141 Υἱοῦ
1251 3092 1345 3142 καὶ
1374 3091 1510 3144 Θεοῦ
1546 3100 1639 3148 σου
1668 3097 1829 3166 χάριν

1926 2004 2120 2064 malus.
2156 2004 2424 2070 pessimus
2459 2002 2643 2065 draco,
2675 1999 2992 2068 abiectionis
3018 1998 3322 2067 exetuplum
3350 2012 3489 2064 prae-

1925 2096 2059 2148 buit.
2090 2094 2271 2148 Bellua
2293 2093 2434 2147 enim
2465 2093 2697 2147 maxima
2735 2093 2981 2161 aspirans
3006 2090 3213 2145 minimi
3243 2089 3493 2143 animalis

1926 2187 2093 2255 ﬁgura
2126 2201 2182 2240 se
2209 2184 2379 2238 induit
2409 2181 2639 2237 debilem
2665 2185 2676 2200 '
2698 2182 2844 2236 illam
2881 2182 3139 2236 reddente
3205 2178 3334 2234 Deo.
3363 2179 3409 2234 A
3442 2188 3494 2233 te

1923 2292 2052 2347 ergo
2081 2275 2396 2333 conculcata
2426 2275 2570 2329 cadit
2589 2273 2763 2329 crucis
2796 2274 2970 2339 signo.

1999 2449 2081 2504 I9.
2105 2447 2250 2503 Sicut
2286 2462 2440 2501 mons
2468 2446 2594 2500 Sion
2619 2454 2841 2512 martyr.
2868 2444 3001 2498 Nam
3034 2446 3327 2498 secundum
3354 2442 3495 2512 psal-

1929 2558 2072 2597 mum
2100 2542 2151 2596 in
2178 2543 2285 2595 Deo
2316 2540 2519 2595 caelesti
2556 2537 2886 2601 conﬁdebat,
2932 2537 3124 2591 anima:
3152 2537 3343 2607 pabula
3372 2539 3498 2606 qui-

1928 2636 2050 2690 dem
2085 2635 2351 2703 germina,
2390 2632 2642 2695 virtutes,
2672 2643 2932 2700 portans;
2988 2640 3048 2684 ut
3076 2645 3338 2699 aquarum
3365 2646 3495 2685 vero

1928 2727 2286 2795 scaturigines
2343 2724 2678 2793 profumlens
2729 2722 3006 2793 sanguinis
3034 2730 3090 2776 et
3120 2721 3382 2791 unguenti
3413 2723 3493 2775 ri-

1927 2835 2075 2881 vum,
2124 2819 2177 2872 iu
2214 2818 2515 2872 daemonum
2550 2814 2982 2876 sutl‘ocatiouem,
3027 2815 3203 2869 omnis
3230 2829 3359 2867 vero
3392 2828 3493 2882 po—

1929 2911 2038 2981 puli
2062 2908 2353 2964 Christiani
2394 2907 2704 2969 sanitatem,
2740 2906 3149 2975 animarumque
3170 2906 3496 2962 satietatem.

2000 3004 2091 3059 20.
2130 3002 2324 3067 Debes,
2378 3002 2583 3055 Domini
2613 3014 2805 3062 mater,
2840 3000 3133 3070 gratiarum
3185 2999 3501 3053 retributio-

1933 3110 2053 3151 nem
2101 3094 2335 3165 praeconi
2372 3102 2462 3147 tuo
2493 3093 2693 3163 largiri,
2731 3074 2821 3160 qui
2874 3107 2971 3161 pro
3006 3091 3142 3145 Filio
3176 3100 3230 3145 et
3271 3092 3379 3147 Deo
3411 3103 3501 3147 tuo

273 3174 477 3243 θεμένῳ
538 3175 738 3246 ψυχήν.
812 3178 976 3231 Ὅθεν
1041 3181 1397 3250 πρεσϐεύοντι
1463 3186 1612 3255 αὑτῷ
1691 3190 1828 3258 ὑπὲρ

1943 3190 2164 3243 animam
2197 3187 2393 3258 posuit.
2433 3186 2614 3255 Itaque
2667 3186 2790 3237 dum
2822 3183 3085 3251 legatione
3129 3182 3369 3251 Iungitur
3405 3198 3502 3251 pro

270 3269 624 3334 τρισάνακτος
642 3272 1023 3338 συμπρέσόευε
1068 3271 1557 3344 βαρϐαρολέτειραν
1585 3281 1704 3332 κατ’
1738 3283 1833 3352 ἑχ-

271 3360 407 3427 Θρῶν
445 3360 778 3415 ἀπευθύνειν
803 3363 1008 3434 αἰχμὴν
1038 3364 1136 3435 τὴν
1159 3364 1344 3431 αὐτοῦ,
1389 3369 1483 3423 κα)⁸
1544 3372 1834 3441 εἰρηναίας

271 3451 474 3519 ἡμέρας
493 3446 637 3519 ῆμῖν
666 3452 1078 3520 ὲναυγάζεσθαι.

334 3542 491 3594 ΩΙΔΗ
515 3542 593 3593 Ζ’.
625 3544 876 3596 Ἕκνοον
896 3548 1273 3617 πρόσταγμα.

332 3638 441 3684 κα’.
506 3633 732 3687 Ἔκειτο
775 3636 1011 3702 γέλωτος
1064 3639 1263 3704 Λυαῖος
1299 3642 1553 3713 ὑποσχὼν
1612 3645 1834 3716 τραῦμα

272 3721 510 3787 ἐπάξιον,
560 3724 752 3777 πίπτει
778 3725 835 3777 δὲ
871 3729 1099 3796 σφαγεὶς
1144 3731 1203 3783 ὲν
1265 3735 1542 3805 μαρτυρίᾳ
1600 3735 1838 3804 οεοφιλεϊ

272 3814 517 3886 Νέστωρ,
546 3816 578 3869 ό
604 3817 776 3886 μέγας
798 3819 891 3872 καὶ
923 3820 952 3873 ό
986 3822 1323 3891 ὑμνούμενος
1354 3842 1369 3856 ·
1401 3827 1494 3880 καὶ
1526 3822 1594 3900 ἧν
1622 3827 1699 3897 τῷ
1744 3846 1838 3881 τυ-

273 3905 445 3975 ράννῳ
483 3906 663 3975 Θυμοῦ
687 3907 935 3978 αὔξησις.
966 3912 1077 3966 Καὶ
1106 3913 1214 3983 γὰρ
1246 3916 1467 3983 ἐνενόει,
1498 3917 1575 3981 ὡς
1626 3920 1654 3971 6
1711 3919 1835 3971 τού-

272 4014 374 4051 των
403 3999 641 4061 Θάνατος
664 4003 845 4068 νεκροί
886 4001 986 4069 μὲν
1027 4004 1155 4068 τοὺς
1196 4008 1523 4078 ἀλάστορας,
1579 4009 1723 4081 ζωὴν
1777 4012 1834 4065 δὲ

272 4090 452 4142 δίδωσι
487 4092 604 4153 τοῖς
635 4090 799 4159 βοῶσι
830 4094 1056 4156 πιστῶς*
1093 4096 1214 4162 Θεὲ,
1245 4098 1535 4169 εὐλογητὸς
1553 4096 1621 4154 εἴ.

337 4181 441 4250 κβ’.
475 4183 685 4251 Βότρυς
714 4184 787 4243 ὡς
816 4184 1079 4254 πέπειρος
1136 4188 1384 4255 ἀμπέλου
1438 4193 1634 4261 νοητῆς
1687 4194 1834 4263 ληνῷ

274 4273 603 4340 καθείρξεως
639 4273 731 4344 βίᾳ
769 4274 1029 4339 ἐντεθεὶς,
1067 4277 1159 4329 καὶ
1208 4277 1558 4350 λογχοφόροις
1606 4300 1836 4351 συμπιε-

275 4367 447 4431 σθεὶς,
506 4366 738 4434 γλεῦκος
791 4369 1085 4440 προρρέεις
1126 4372 1187 4425 τὸ
1247 4372 1665 4443 Θεοπρόσδεκτον
1696 4418 1711 4440 ,
1754 4380 1839 4431 αἱ·

276 4460 460 4526 μάτων
494 4459 669 4525 ἁγίων
700 4460 788 4511 ἀεὶ
811 4461 1016 4530 ἄσχετα
1044 4463 1513 4527 ἐξαναόλυζόντων
1559 4468 1638 4530 είς
1705 4486 1837 4538 καρ-

1937 3294 2150 3335 summo
2247 3279 2507 3348 principe,
2610 3276 2804 3331 assiste
2871 3276 2920 3328 ei
3011 3274 3065 3327 in
3139 3273 3499 3328 Barbaromm

1937 3369 2200 3426 deletrice
2229 3368 2345 3423 acie
2390 3382 2486 3423 sua
2519 3367 2782 3420 adversus
2821 3366 3005 3419 hostes
3046 3363 3353 3433 dirigenda,
3394 3378 3501 3433 qua

1936 3462 2171 3530 paciﬁcaa
2197 3460 2309 3513 dies
2342 3459 2494 3511 nobis
2517 3458 2863 3511 illucesraut.

2006 3553 2141 3609 ODE
2163 3551 2275 3606 VII.
2301 3551 2563 3615 [nsipiens
2595 3551 2923 3604 mandatum.

2002 3646 2093 3700 21.
2114 3644 2337 3700 Iacebat
2361 3644 2476 3698 visu
2498 3641 2687 3712 Lyaeus
2734 3640 3000 3697 suﬁ‘erens
3032 3641 3224 3696 vulnus
3256 3642 3500 3711 dignum;

1938 3734 2079 3791 cadit
2111 3746 2291 3790 autem
2327 3743 2591 3789 mactatus
2634 3735 2687 3788 in
2748 3734 3009 3804 martyrio
3061 3733 3151 3787 Dei
3195 3744 3349 3803 grato
3399 3732 3504 3786 Nc-

1942 3836 2086 3892 stor,
2108 3840 2334 3895 magnus
2357 3833 2411 3879 et
2436 3824 2660 3879 illustris
2678 3824 2798 3890 ille;
2840 3834 2895 3877 et
2916 3832 3278 3895 erattyranno
3301 3838 3502 3878 excan-

1939 3917 2162 3974 descens
2194 3919 2294 3972 ira.
2328 3915 2659 3986 Intelligebat
2695 3916 2836 3969 enim
2889 3915 3078 3969 borum
3115 3923 3340 3968 mortem
3371 3929 3504 3968 ene-

1936 4024 2061 4068 care
2085 4012 2462 4074 destructores,
2480 4007 2642 4060 vitam
2667 4020 2794 4061 vero
2819 4007 2945 4061 dare
2976 4006 3203 4060 ﬁdeliter
3224 4006 3507 4060 clamanti-

1939 4104 2035 4157 bus
2059 4116 2072 4155 :
2099 4099 2262 4163 Dens,
2294 4099 2369 4152 sis
2400 4098 2732 4152 benedictus.

2004 4192 2096 4245 22.
2126 4191 2194 4247 Ut
2219 4205 2319 4244 uva
2349 4198 2560 4243 matura
2592 4189 2763 4243 vinea:
2794 4186 3097 4256 spiritualis
3132 4186 3387 4241 toreulari
3415 4187 3503 4240 in-

1937 4285 2305 4340 carceratione
2334 4281 2577 4335 inclusus
2598 4289 2651 4334 et
2682 4294 2713 4333 a
2751 4279 3006 4349 lanigeris
3046 4294 3294 4348 pressus,
3326 4288 3505 4332 musto

1940 4389 2127 4431 manas
2155 4373 2264 4428 Deo
2292 4382 2561 4441 pergrato,
2586 4370 2849 4440 sanguine
2873 4378 3062 4424 sancto
3087 4370 3289 4440 jugitcr
3319 4379 3506 4424 scatu-

1941 4464 2094 4517 rieuti
2130 4465 2180 4517 in
2204 4461 2443 4517 cordium
2471 4460 2802 4517 dulcedinem
2824 4475 3088 4516 amoenam
3113 4462 3463 4530 psallentibus
3487 4476 3502 4513 :

273 4549 384 4615 δίας
410 4552 632 4620 ῆδυσμα
661 4551 993 4622 εὐφρόσυνον
1018 4557 1128 4618 τοῖς
1170 4555 1462 4625 ψάλλουσιν
1493 4575 1507 4591 ο
1547 4558 1608 4612 '0
1633 4560 1828 4624 ὑπερύ-

1943 4555 2011 4610 Su
2019 4554 2447 4624 perexaltaudus.

278 4656 499 4709 μνητος.

340 4730 449 4799 κγ’.
511 4732 790 4801 Σύμϐολον
846 4737 1069 4803 γέγονεν
1123 4739 1348 4809 εἱρκτῆς
1409 4741 1507 4810 μὲν
1560 4741 1618 4794 τὸ
1654 4743 1836 4796 στενὸν

275 4823 410 4888 ὁδοῦ,
438 4826 505 4893 ἢν
537 4825 782 4895 ἔτρεψας,
818 4829 1000 4891 πόνοις
1029 4832 1254 4884 σεαυτὸν
1286 4834 1702 4901 ὲναποσφίγγων
1757 4839 1837 4898 είς

276 4914 489 4983 ἀρετήν.
526 4915 768 4983 Αἵματος
802 4918 978 4988 λοῦμα
1012 4920 1432 4992 καθυπέγραφεν
1453 4923 1582 4976 αὐτὸ
1619 4926 1678 4978 τὸ
1709 4942 1835 4981 συν-

277 5008 394 5073 έχον
432 5006 683 5074 λουτρὸν,
749 5008 980 5077 μάρτυς,
1016 5011 1097 5063 σέ.
1138 5012 1308 5065 Πάλιν
1337 5013 1393 5065 αί
1426 5017 1673 5083 καμάραι
1740 5015 1833 5068 οὐ·

280 5098 453 5162 ρανῶν
508 5098 784 5168 ἁψίδωμα,
842 5101 921 5163 εἰς
974 5100 1067 5166 οὓς
1096 5104 1312 5174 ἀνέϐης,
1351 5103 1568 5173 ψάλλων
1595 5105 1830 5160 ἐκεῖοὉ

278 5190 674 5261 ὖπερόμνητος.

344 5285 441 5338 κδ’.
478 5286 746 5357 Σώτειρα,
767 5289 1035 5359 πρέσϐευε
1067 5290 1206 5360 Θεῷ,
1235 5289 1313 5360 τῷ
1342 5289 1429 5342 διὰ
1485 5288 1579 5341 σοῦ
1636 5289 1834 5357 σαρκὸς

278 5378 368 5426 καὶ
393 5378 631 5445 αἵματος
660 5380 818 5447 φύσει
844 5384 907 5451 τῇ
940 5382 1097 5451 ἡμῶν
1136 5381 1582 5451 συμμετασχόντι
1628 5380 1837 5449 ἀνθρω-

280 5468 471 5531 πικῶς,
507 5468 679 5523 σῶσαι
730 5473 1038 5540 κρατοῦντα
1083 5473 1371 5541 Ῥωμαίων
1434 5475 1663 5538 ἄνακτα,
1737 5490 1835 5524 σα-

278 5559 565 5630 λευόμενον
594 5562 751 5631 ἡμῶν
780 5563 964 5628 ἕνεκα,
984 5563 1078 5617 καὶ
1112 5565 1498 5636 αἱματοχύτοις
1551 5565 1837 5635 βεϐριοότα

277 5654 575 5721 τραῦμασι.
611 5655 721 5706 Καὶ
748 5654 827 5718 δὲ,
879 5655 1322 5725 μεγαλομάρτυς,
1366 5657 1657 5723 πρέσϐευε,
1705 5659 1733 5710 ὁ
1782 5658 1839 5709 ἐν

282 5744 386 5806 σοῖς
409 5746 612 5813 αἵμασι
645 5746 738 5799 καὶ
769 5748 965 5814 σαρκός
991 5749 1108 5810 ταῖς
1143 5748 1381 5817 πληγαῖς
1413 5746 1547 5800 Θεὸν
1613 5747 1812 5815 ὲκοερα

282 5852 506 5901 πευτις.

2003 4736 2092 4791 2'5.
2115 4736 2362 4791 Carceris
2386 4734 2682 4804 symbolum
2707 4732 2844 4788 facta
2869 4741 2949 4787 est
2968 4733 3259 4801 viae,quam
3283 4731 3505 4795 trivisti,

1938 4828 2204 4896 angusxia.
2266 4828 2354 4894 qui
2419 4826 2846 4879 aﬂlictatiouibus
2878 4824 2971 4897 tibi
3007 4825 3104 4893 ipsi
3134 4823 3198 4876 ad
3250 4822 3502 4875 virtutem

1938 4920 2041 4973 vim
2070 4919 2262 4972 fecisti.
2290 4917 2865 4986 Sanguinislavacrum
2890 4912 3208 4981 subscripsit
3234 4913 3409 4982 ipsum
3436 4923 3506 4976 te,

1941 5020 2161 5080 martyr,
2192 5010 2475 5061 continens
2500 5008 2771 5060 balneum.
2798 5004 3313 5073 Insupcraltissiuue
3339 5005 3506 5058 ccelo-

1939 5115 2057 5154 rum
2079 5114 2305 5153 camerae
2327 5098 2374 5150 in
2396 5112 2530 5166 quas
2561 5096 2878 5161 ascendisti,
2909 5104 3134 5151 cantans
3174 5094 3250 5150 ibi
3283 5112 3297 5148 :
3333 5092 3503 5150 Valde

1937 5192 2303 5247 celebrandus.

2010 5285 2100 5338 96.
2165 5281 2457 5347 Salvatrix,
2511 5281 2832 5352 legationem
2885 5282 2971 5338 obi
3006 5283 3144 5351 apud
3186 5280 3375 5344 Deum,
3414 5277 3505 5347 qui

1942 5391 2039 5445 per
2085 5387 2302 5429 carnem
2339 5382 2485 5427 tuam
2522 5382 2779 5443 tuumque
2803 5374 3117 5443 sanguinem
3167 5382 3372 5426 natura:
3405 5384 3503 5423 no-

1941 5474 2069 5519 strue
2093 5464 2338 5518 humanae
2356 5463 2622 5532 particeps
2646 5462 2756 5516 ﬁeri
2776 5479 2879 5517 non
2898 5463 3209 5532 dedignatus
3234 5471 3335 5525 est,
3359 5459 3501 5512 salva

1944 5559 2294 5625 imperantem
2352 5553 2717 5609 Romanorum
2749 5556 3068 5624 principem,
3128 5564 3349 5623 propter
3403 5564 3499 5603 nos

1939 5645 2196 5715 jactatnm
2250 5657 2303 5699 ct
2332 5646 2570 5701 cruentis
2591 5646 2901 5701 vulneribus
2953 5645 3377 5700 consauciatunt.
3416 5641 3499 5693 'I‘u

1942 5753 2176 5804 quoque,
2248 5753 2437 5807 magne
2494 5746 2720 5807 martyr,
2790 5737 3057 5806 legatione
3117 5735 3257 5801 apud
3330 5734 3500 5787 Deum

1943 5828 2184 5897 furtgere,
2205 5830 2291 5900 qui
2324 5832 2585 5899 sanguine
2609 5828 2971 5897 atque'carnis
3006 5826 3177 5897 plagis
3202 5826 3308 5883 Deo
3329 5828 3503 5882 servio

1946 5922 2087 5975 visti.
