3968 6576
470 416 473 425 ι
500 374 598 439 1οἷ
1189 373 1602 434 ΕΗΞΤΛΤΠΗ
1630 374 1917 435 ΤΠΕΞΞᾹ
1930 373 2043 434 Ι.οΪ

2164 375 2385 437 ENSIS
2426 377 2984 442 METROPOLITAZ

2082 490 2133 549 Α
2229 494 2381 547 DLH!
2416 495 2494 549 η’.
2527 497 2869 564 Εὐλογεῖτε,
2893 497 3123 562 παῖδες.

564 489 698 543 0οΕ
725 487 857 545 VIII.
900 488 1159 549 Landate,
1184 491 1352 557 pueri.

564 585 655 637 95.
687 583 762 636 Eo
798 598 989 651 usque,
1030 591 1251 652 martyr,
1283 581 1541 652 prodigiis
1566 582 1781 637 celeber
1816 582 2056 647 evasisti,

494 686 552 729 ιιι
588 687 641 731 et
669 674 887 728 Barbari
922 675 1016 743 qui
1058 689 1161 728 non
1200 676 1342 729 intra
1367 675 1509 728 ovile
1540 674 1880 729 Dominicnm
1908 682 2055 738 sunt,

497 767 876 821 miraculusam
902 768 1152 831 virtutem
1172 773 1316 820 tuam
1337 766 1668 836 proclament
1685 776 1739 821 et
1757 765 2060 835 supplicent

493 874 680 928 pacem
717 869 877 929 perte
921 858 1225 916 obtineant.
1275 860 1367 916 Sic
1395 859 1658 913 mirabilis
1687 867 1800 914 toto
1839 859 1893 914 in
1927 858 2060 915 orbo

494 954 668 1007 tactus
698 966 777 1006 es.

562 1042 651 1095 26.
682 1040 973 1096 Tormenta
1019 1056 1140 1111 qua:
1191 1055 1385 1110 passus
1417 1054 1475 1095 es
1502 1041 1694 1097 ulcisci
1746 1041 2056 1097 omnimode

491 1131 735 1201 potuisti.
759 1131 816 1184 In
841 1146 1061 1185 carcere
1086 1130 1228 1186 enim
1262 1132 1488 1184 miseros
1522 1132 1725 1195 SalvaS,
1752 1142 1809 1185 ct
1840 1142 2057 1188 catena-

493 1236 613 1275 rum
641 1235 924 1291 compages
943 1229 1271 1292 potestatem
1301 1230 1446 1273 tuam
1464 1222 1765 1276 mirabilem
1793 1225 2054 1291 sentiunt,

490 1320 544 1366 et
570 1312 791 1381 pulvere
816 1313 961 1367 misti
993 1313 1207 1368 cruoris
1238 1314 1436 1369 ﬂuenta
1465 1314 1661 1381 siccas,
1687 1330 1751 1370 ac
1783 1316 1884 1372 tela
1910 1315 2057 1372 fran-

492 1403 572 1473 gis
604 1401 983 1461 Barbarorum.

560 1494 651 1547 27.
698 1495 1073 1565 Apostolorum
1133 1498 1262 1551 olim
1322 1499 1450 1568 ipsae
1515 1499 1718 1554 umbrae
1770 1499 2053 1554 sanabant.

493 1586 598 1641 Sed
619 1598 672 1641 et
707 1603 850 1642 nunc
882 1589 1069 1644 eadem
1103 1588 1191 1644 bic
1226 1589 1379 1645 ﬁunt.
1424 1590 1557 1644 Nam
1619 1592 2053 1658 innumerabilia,

490 1689 716 1753 martyr,
758 1681 973 1752 perticis
998 1682 1264 1753 prodigia,
1295 1692 1349 1738 et
1398 1686 1449 1739 in
1483 1687 1813 1738 somniorum
1847 1685 2055 1739 umbris

3620 350 3722 442 tos

2236 596 2334 641 κε’.
2367 591 2454 649 EE;
2488 590 2763 656 τοσοῦτον,
2794 591 3024 663 μάρτυς,
3051 593 3114 645 ὲκ
3135 589 3434 658 θαυμάτων
3490 586 3725 653 δεδόξα-

2164 699 2272 739 σαι,
2304 682 2378 739 ὡς
2411 684 2507 736 καὶ
2538 682 2868 753 βαρόἀρους,
2903 684 3070 753 αὐλῆς
3118 682 3218 737 οὐκ
3275 683 3384 736 ἔσω
3413 682 3727 751 θεωνυμου·

2164 777 2333 847 μένης
2372 777 2550 842 ὄντας,
2585 776 2683 847 τὴν
2715 778 2773 831 ὲν
2803 777 2889 831 σοὶ
2909 776 3201 847 κηρύττειν
3226 776 3724 847 θαυματοποξησιν,

2160 870 2254 925 καὶ
2279 868 2594 932 λιτάζεσθαί
2621 886 2703 931 σε,
2735 870 2962 940 εἰρήνην
2988 871 3045 921 ιν
3071 872 3154 922 σοι
3210 868 3513 940 εὑρίσκειν.
3564 868 3725 922 Οὕτω

2158 963 2502 1033 τεθαύμασαι
2533 964 2617 1027 είς
2640 964 2817 1018 πάντα
2846 962 3074 1033 κόσμον.

2228 1056 2342 1120 κς’.
2380 1050 2589 1127 Οἷσπερ
2611 1055 2834 1127 πάσχων
2863 1054 3044 1126 ἔτλης,
3104 1053 3403 1123 ἐπαμύνειν
3438 1052 3725 1122 δεδύνησαι

2158 1148 2216 1199 ἐν
2273 1149 2597 1216 πειρασμοῖς
2659 1146 2952 1209 παντοίοις.
2994 1143 3232 1215 Είρκτῆς
3278 1143 3386 1214 γὰρ
3436 1143 3545 1195 ἔσω
3595 1144 3726 1205 τοὺς

2159 1236 2644 1307 ταλαιπωροῦντας
2687 1235 2907 1301 σώζεις,
2934 1235 3026 1289 καὶ
3051 1235 3268 1305 δεσμῶν
3297 1234 3516 1296 ἀνέσεις
3555 1249 3724 1300 τερα-

2157 1326 2513 1397 τουργοΰνται
2548 1343 2654 1391 σοι,
2686 1326 2783 1381 καὶ
2798 1325 3237 1395 λυθροφορήτους
3286 1324 3536 1394 αίμάτων
3594 1322 3723 1394 ῥοὰς

2157 1418 2454 1489 ξηραίνεις,
2486 1418 2688 1488 δόρατα
2715 1418 2772 1472 δὲ
2797 1416 3020 1487 θραύεις
3043 1417 3113 1469 τά
3142 1416 3250 1468 τῶν
3280 1415 3599 1486 βαρϐάρων.

2229 1511 2332 1576 κζ’.
2392 1510 2730 1564 ’Δποστόλων
2774 1509 2944 1564 πάλαι
3000 1511 3100 1564 καὶ
3156 1511 3307 1563 σκιαὶ
3361 1509 3721 1579 ἐθεράπευον.

2168 1603 2327 1657 Ἀλλά
2365 1607 2459 1658 καὶ
2509 1602 2606 1657 νῦν
2659 1602 2845 1656 ἐνθάδε
2873 1602 3050 1657 ταύτὰ
3101 1603 3406 1656 τελοῦνται.
3474 1604 3725 1673 Ἄπειρο-

2158 1694 2334 1765 πληθῆ
2365 1695 2496 1764 γάρ,
2541 1694 2774 1765 μάρτυς,
2801 1694 3042 1758 ἐκτελεῖς
3075 1697 3303 1763 σημεῖα,
3335 1694 3433 1747 καὶ
3485 1693 3726 1748 ὀπτανόο

489 1773 660 1836 νῑειιε,
686 1772 801 1829 et’a.
825 1775 1052 1829 terribili
1081 1776 1402 1831 necessitate
1430 1776 1595 1831 solvis
1618 1791 1867 1832 somnum
1889 1776 2043 1832 Ietbi-

2161 1803 2316 1853 μενος
2360 1787 2418 1837 ὲν
2448 1786 2630 1848 σκιαῖς
2654 1785 2897 1856 ὀνείρων,
2930 1786 3025 1840 καὶ
3074 1785 3222 1850 λύεις
3248 1786 3429 1855 δεινῆς
3474 1785 3722 1855 ἀνάγκης

488 1862 659 1917 ferum
694 1863 744 1916 in
770 1864 1048 1932 periculis.
1446 1930 1447 1933 η
1652 1930 1657 1933 Α

552 1955 644 2008 28.
672 1953 802 2007 Boni
833 1955 938 2010 duo
955 1971 1057 2008 una
1086 1954 1330 2021 adducti,
1358 1971 1587 2026 quorum
1620 1956 1672 2011 in
1700 1955 1877 2011 medio
1899 1954 2048 2011 illum

488 2044 855 2097 accusantium
890 2045 1042 2099 stetit
1097 2061 1190 2101 rex
1227 2044 1387 2101 Deus.
1422 2046 1634 2117 Repetit
1668 2046 1925 2104 victorias
1953 2046 2047 2103 Dei

487 2134 677 2202 Mater,
708 2144 761 2191 et
800 2144 879 2202 tu,
916 2137 1177 2206 Demetri,
1223 2139 1295 2195 illi
1333 2141 1421 2209 qui
1478 2151 1677 2196 terram
1709 2141 2046 2200 dominatur.

487 2227 668 2284 liniue
688 2231 829 2283 enim
862 2230 993 2286 tales
1015 2231 1118 2303 ipsi
1146 2229 1383 2303 desuper
1411 2233 1705 2288 dabuntur.

554 2405 688 2459 ODE
722 2404 815 2460 IX.
858 2405 964 2472 Qui
993 2424 1085 2475 per
1106 2408 1556 2466 manducationem
1581 2414 1643 2467 de
1671 2414 1832 2484 ligno.

554 2495 642 2552 9.9.
675 2496 822 2555 Felix
851 2514 946 2569 per
965 2500 1246 2556 vulnerum
1279 2505 1466 2559 decem
1492 2506 1679 2571 millia,
1708 2508 1827 2572 tibi,
1864 2508 2042 2574 beato,

481 2598 636 2661 parta
672 2606 818 2646 mors
850 2591 958 2646 Deo
980 2600 1033 2647 te
1061 2594 1252 2649 obtulit
1276 2596 1415 2650 sicut
1438 2594 1905 2668 Serapltimfunum
1927 2601 2046 2670 plu-

482 2683 590 2737 ries
613 2682 907 2737 oculatum.
932 2682 1064 2738 Nam
1091 2685 1320 2741 telorum
1345 2688 1563 2743 vulnera
1602 2691 1768 2745 multa
1794 2692 1886 2746 tibi
1915 2707 2044 2765 ape-

484 2780 713 2825 ruerunt
762 2773 1040 2826 oculorum
1101 2773 1334 2845 fulgidas
1367 2778 1597 2844 orbitas,
1648 2782 1846 2850 quibus
1899 2782 2042 2840 Deus

479 2859 834 2930 conspicitur.

551 2951 642 3006 50.
696 2950 820 3006 Vita
857 2951 950 3007 tibi
1004 2955 1226 3010 omnino
1268 2955 1609 3029 immortalis,
1659 2965 1955 3035 opprobrio
1986 2977 2043 3025 et

482 3041 600 3097 labe
613 3042 760 3096 omni
778 3052 1171 3113 exempta,rum
1192 3045 1300 3103 Deo
1324 3057 1374 3103 te
1390 3049 1650 3118 junxit,et
1670 3060 1729 3108 ut
1746 3056 2039 3126 thymiama

2152 1876 2317 1933 ὕπνον
2353 1877 2652 1949 θανάσιμον
2680 1881 2793 1941 τοῖς
2816 1880 2874 1931 ὲν
2895 1878 3189 1941 κινδύνοις.

2222 1976 2327 2039 κη’.
2393 1969 2614 2037 ’Λγαθοὶ
2661 1971 2710 2022 ot
2773 1970 2867 2025 δύο
2925 1970 3280 2041 συνηγμένοι,
3325 1962 3400 2025 ὧν
3432 1971 3720 2039 ἔστηκενδ

2105 2125 2113 2135 ἢ
2152 2061 2402 2132 βασιλεὺ;
2429 2061 2488 2114 ἐν
2513 2061 2663 2131 μέσῳ
2686 2061 2821 2125 θεὸς
2861 2062 3164 2116 αἰτούντων
3215 2062 3428 2117 τοῦτον.
3486 2062 3721 2128 Ἐξαιτεϊ

2148 2170 2206 2208 τε
2233 2152 2392 2214 νίκας
2417 2150 2512 2204 τοῦ
2543 2151 2679 2207 Θεοῦ
2705 2153 2738 2223 ἡ
2769 2153 2992 2222 Μήτηρ,
3033 2153 3130 2207 καὶ
3158 2153 3245 2218 σὺ,
3293 2155 3597 2225 Δημήτριε,
3640 2156 3721 2225 τῷ

2146 2246 2247 2312 τῆς
2282 2241 2612 2312 οἰκουμένης
2644 2242 2959 2310 κρατοῦντι.
2985 2244 3192 2315 Συχναὶ
3225 2244 3337 2316 γάρ
3379 2238 3541 2300 αὗται
3568 2246 3720 2302 οὕτω

2146 2334 2460 2403 δοθήσονται
2482 2334 2631 2404 αὐτῷ
2667 2334 2886 2402 ὑψόθεν.

2216 2425 2373 2477 ΩΙΔΗ
2404 2423 2481 2480 6'.
2524 2422 2587 2478 '0
2609 2425 2709 2479 διὰ
2733 2424 3023 2494 βρώσεως
3058 2426 3166 2482 τοῦ
3188 2427 3403 2492 ξύλου.

2214 2516 2318 2573 κθ’.
2372 2518 2432 2571 Ὀ
2458 2517 2546 2572 διὰ
2564 2517 2819 2587 τρώσεων
2842 2518 3053 2589 μυρίων
3113 2536 3219 2583 σοι,
3272 2523 3482 2593 μάκαρ.
3545 2540 3719 2594 προσ-

2145 2609 2441 2678 γενόμενος
2471 2609 2703 2674 Θάνατος
2732 2613 3075 2681 μακαριστὲς
3103 2612 3224 2682 Θεῷ
3259 2629 3319 2666 σε
3349 2616 3714 2685 παρέστησεν,

2140 2697 2217 2763 ὡς
2243 2702 2521 2771 Σεραφείμ
2555 2718 2701 2764 τινος
2767 2703 3159 2772 πολυομμάτου
3218 2703 3400 2773 φύσιν.
3468 2705 3548 2759 τά
3604 2708 3717 2777 γὰρ

2141 2793 2409 2865 τρώματα
2429 2798 2538 2851 τῶν
2563 2799 2806 2870 δοράτων
2835 2800 3037 2864 πολλάς
3067 2817 3151 2855 σοι
3184 2800 3477 2871 ὕπήνοιξαν
3528 2801 3716 2872 ὀμμά-

2140 2901 2249 2938 των
2276 2886 2618 2955 διαφαύσεις.
2662 2890 2720 2942 ὲν
2749 2885 2831 2953 οἷς
2858 2890 2995 2954 Θεὸς
3020 2891 3393 2946 διοπτάνεται.

2209 2977 2275 3033 λ’.
2311 2977 2369 3033 ’0
2395 2982 2780 3053 πανακήρατός
2805 2998 2900 3036 σου
2932 2982 3068 3053 βίος,
3126 2982 3363 3054 κηλίδων
3389 2983 3485 3037 καὶ
3528 2983 3719 3053 ῥυπώ-

2141 3088 2281 3125 σεων
2306 3071 2592 3144 πόρρωθεν
2622 3073 3001 3146 καθεστηκὼς,
3029 3074 3148 3147 Θεῷ
3204 3091 3264 3128 σε
3289 3074 3557 3145 ᾠκείωσε,
3617 3076 3715 3129 καὶ

482 3133 666 3188 multis
700 3134 1031 3190 aromatibus
1059 3137 1366 3195 confectum
1402 3142 1505 3212 ipsi
1532 3152 1582 3199 te
1611 3151 1954 3223 consecravit
1985 3151 2036 3206 in

2161 3162 2218 3227 ὓς
2246 3133 2493 3233 θυμίαμα
2510 3164 2808 3237 πολυμιγὶς
2836 3133 3076 3239 cimice
3117 3133 3453 3239 καθιέρωσεν
3502 3133 3588 3232 είς
3623 3169 3716 3221 δε-

478 3231 690 3293 gratum
733 3223 857 3280 boui
883 3225 1070 3282 odoris
1087 3242 1489 3288 ornamentum.
1521 3236 1690 3307 Igitur
1718 3240 1816 3297 tibi
1848 3241 2037 3300 datum

475 3325 561 3369 est
597 3326 716 3384 post
746 3330 972 3374 mortem
997 3314 1288 3391 unguentis
1309 3325 1592 3384 distillare.

545 3408 636 3463 Si.
671 3408 933 3467 Thesauri
965 3414 1137 3469 instar
1193 3419 1504 3474 reconditus
1550 3437 1609 3476 es
1661 3425 1714 3478 in
1765 3427 2036 3498 sepulcro,
2110 3432 2113 3435 λ

473 3500 616 3567 quod
650 3505 972 3569 sanguineas
1007 3510 1493 3581 unguentariasque
1518 3512 1691 3569 nudas
1719 3519 1944 3576 emittis.
1972 3519 2038 3575 Et

473 3592 527 3643 In
555 3591 621 3644 lis
642 3593 987 3663 cogitandum
1010 3605 1093 3651 est
1117 3599 1271 3666 quasi
1295 3604 1748 3661 resurrectionem
1778 3623 1918 3664 novo
1947 3626 2039 3665 or-

472 3679 600 3732 dine
630 3689 684 3735 et
712 3697 897 3738 casum
941 3685 1082 3741 ﬁeri.
1127 3686 1369 3745 Mortuus
1401 3694 1617 3761 quidem
1666 3706 1857 3754 natura
1894 3700 2036 3755 ceci-

471 3769 624 3836 disti,
658 3775 937 3846 sanguinis
967 3793 1093 3832 vero
1119 3777 1330 3837 ﬂuentis
1360 3789 1816 3845 resurrectionem
1851 3800 2037 3848 osten-

471 3860 575 3917 dis.

538 3950 631 4004 δὲ.
672 3950 1078 4022 Imperatorem,
1117 3954 1298 4031 Virgo,
1335 3962 1401 4017 ad
1432 3965 1689 4034 praeclare
1705 3978 1851 4039 gesta
1878 3972 2036 4029 undi-

468 4054 573 4109 que
598 4056 745 4113 rege,
770 4045 1032 4102 barbaras
1063 4060 1314 4108 avertens
1339 4055 1614 4123 cohortes,
1639 4057 2033 4120 dominantium

469 4130 758 4190 Dominum
778 4147 832 4193 et
854 4138 1050 4195 Filium
1075 4144 1323 4212 precibus
1349 4148 1456 4203 tuis
1478 4150 1748 4220 placatum
1777 4156 2030 4223 reddens,

471 4231 649 4277 tecum
691 4224 1008 4295 legationem
1034 4232 1269 4290 obeuute
1290 4224 1551 4310 martyre,
1581 4243 1676 4314 qui
1704 4244 1944 4302 animum
1976 4248 2030 4307 in

468 4312 722 4381 passione
749 4315 1120 4376 dominantem
1159 4327 1392 4397 accepit.

537 4401 768 4462 TONUS
793 4411 1028 4484 ambigui
1063 4418 1277 4487 quarti:
1315 4418 1639 4491 Sapientiam
1668 4430 1835 4491 verbi.

533 4585 825 4656 sanguinis
852 4590 953 4654 tui,
988 4603 1215 4663 martyr,
1245 4598 1370 4662 viti,
1394 4609 1449 4654 et
1471 4615 1863 4670 unguentorum
1898 4610 2033 4667 εσυ-

463 4679 644 4734 siones
668 4688 863 4733 terram
889 4681 1177 4753 delectant,
1193 4687 1449 4758 Demetri,
1474 4697 1749 4755 ctanimas
1766 4716 2028 4771 corpora-

464 4790 570 4845 qne
586 4781 949 4850 sanctiﬁcant,
969 4780 1144 4847 beate,
1164 4785 1404 4856 undique
1426 4803 1538 4859 pra:
1556 4790 1659 4844 ﬁde
1683 4802 1737 4847 et
1763 4793 2035 4855 desiderio

463 4867 546 4923 tui
580 4872 979 4927 accurrentium
1005 4875 1081 4930 “ad
1111 4877 1364 4946 templum
1396 4891 1641 4937 sanctum
1675 4893 1847 4952 tuum,
1873 4897 1930 4943 ut
1962 4905 2028 4947 ex

460 4960 658 5031 abysso
686 4974 959 5034 unguenta
988 4981 1202 5038 semper
1224 4971 1525 5041 obtineant,
1555 4984 1766 5041 sancte,
1791 4978 1844 5033 in
1876 4995 2023 5037 utor-

466 5051 658 5107 borum
690 5057 1054 5113 sanationem.
1108 5059 1316 5118 Idcirco
1346 5065 1412 5119 ad
1446 5074 1494 5121 te
1520 5066 1841 5138 clamamus,
1877 5072 2027 5143 lega-

465 5146 557 5194 tus
591 5154 775 5200 uoster
812 5162 996 5202 coram
1028 5149 1134 5205 Deo
1184 5152 1351 5220 adsis,
1381 5164 1435 5209 et
1470 5167 1816 5226 peccatorum
1866 5163 2022 5218 venia

468 5231 632 5285 detur
687 5246 929 5292 sanctam
978 5240 1052 5295 tui
1108 5246 1422 5301 memoriam
1476 5246 1666 5305 festivo
1718 5249 2022 5324 devotoque

460 5325 624 5381 corde
653 5328 1070 5409 celebrantibus.

2060 4480 2107 4537 D

2143 3254 2270 3311 κτὸν
2299 3256 2526 3320 εὐωδίας
2551 3258 2851 3329 ἀγλάϊσμα.
2881 3257 3092 3312 Οὐκοῦν
3139 3275 3224 3313 σοι
3261 3259 3519 3332 ἀντεδόθη
3545 3276 3717 3331 μυρο-

2143 3344 2361 3400 ϐλυτεῒν
2393 3348 2532 3416 μετά
2563 3349 2812 3404 θάνατον.

2212 3437 2317 3493 λα’.
2350 3438 2835 3513 Ἐντεθησαύρισαι
2895 3441 2994 3510 μὲν
3046 3440 3225 3511 τάφῳ,
3260 3442 3377 3497 ἀλλ’
3407 3443 3560 3512 ὅμως
3619 3443 3712 3496 αε-

2143 3529 2465 3601 ματόῤῥυτα
2502 3529 2751 3600 χεύματα
2780 3531 3160 3602 μυροΰλυτεῖς.
3230 3533 3341 3586 Καὶ
3395 3532 3511 3586 ἔστι
3563 3532 3715 3600 λογί-

2140 3619 2340 3674 σασθιι
2366 3620 2554 3691 ὥσπερ
2581 3622 2877 3677 ἀνάστασιν
2910 3623 3293 3691 καινοπρεπιῖκ
3345 3624 3441 3678 καὶ
3500 3626 3715 3680 πτῶσιν

2137 3711 2200 3767 τὸ
2237 3714 2537 3783 γινόμενον.
2552 3714 2674 3769 ’Καὶ
2694 3713 2870 3768 θανὼν
2890 3715 2992 3784 μὲν
3010 3716 3172 3779 αὐτὸς
3197 3714 3356 3785 φύσει
3387 3714 3715 3784 πέπτωκας,

2138 3804 2384 3875 αἱμάτων
2410 3804 2471 3859 δὲ
2496 3808 2561 3877 τῇ
2591 3806 2745 3878 χύσει
2771 3807 3106 3879 παραδηλοῖς
3122 3807 3222 3879 τὴν
3250 3806 3573 3864 ἀνάστασιν.

2206 3983 2307 4055 λβ⁹.
2343 3982 2436 4053 Τῷ
2461 3982 2846 4053 αὐτοκράτορι,
2900 3979 3169 4050 Παρθένε,
3233 3978 3521 4050 βραϐεύοις
3582 3981 3716 4052 (Ipso

2138 4076 2418 4146 στεύματα
2440 4074 2696 4140 πάντοτε,
2732 4071 3075 4144 βαρϐαρικάς
3111 4071 3455 4141 ἐκτρέπουσα
3488 4072 3713 4140 φάλαγ-

2133 4184 2256 4237 γας,
2288 4166 2383 4221 τὸν
2412 4164 2830 4235 παντοκράτορα
2858 4163 2952 4218 καὶ
2973 4161 3069 4216 τὸν
3102 4162 3232 4215 Υἰὸν
3258 4161 3432 4225 λιτοῖς
3478 4179 3577 4214 σου
3609 4164 3679 4218 εὑ
3698 4196 3713 4206 ο

2136 4258 2446 4329 μενίξουσα.
2477 4254 2992 4328 συμπρεσϐεύοντός
3023 4269 3106 4307 σοι
3124 4252 3220 4308 καὶ
3259 4252 3355 4306 τοῦ
3389 4252 3710 4323 μάρτυρος,

2131 4350 2191 4415 δς
2211 4350 2335 4403 νοῦν
2354 4347 2794 4417 αὐτοκρατοῶτα
2828 4345 2969 4401 κατὰ
3010 4344 3199 4403 παθῶν
3229 4343 3552 4410 ἐνεδείξατο.

2201 4436 2417 4497 *ΗΧΟΣ
2452 4439 2686 4510 πλαγίου
2714 4438 2975 4509 τετάρτου
2999 4454 3015 4471 ο
3049 4436 3168 4506 Τὴν
3189 4436 3416 4504 σοφίαν
3434 4435 3544 4491 τοῦ
3573 4438 3704 4491 λό-

2133 4549 2263 4602 γου.
3556 4575 3559 4578 ‹

2201 4625 2323 4678 Τῶν
2343 4625 2586 4694 αἱμάτων
2616 4638 2733 4684 σου,
2783 4619 3015 4689 μάρτυς,
3048 4619 3105 4673 at
3155 4619 3386 4690 προχοαὶ
3427 4618 3521 4671 καὶ
3581 4616 3697 4668 τῶν

2138 4715 2326 4787 μύρων
2355 4715 2389 4784 ἡ
2417 4711 2604 4783 βλύσις
2629 4711 2725 4781 τὴν
2751 4714 2856 4780 γῆν
2904 4710 3208 4779 εὐφραίνει,
3242 4708 3542 4778 Δημήτριε,
3603 4708 3699 4759 καὶ

2131 4806 2310 4877 ψυχὰς
2336 4805 2433 4859 καὶ
2457 4803 2526 4858 τά
2555 4801 2786 4873 σώματα
2836 4801 3075 4870 ἁγιάζει,
3106 4800 3317 4871 μάκαρ,
3350 4800 3459 4854 τῶν
3509 4797 3701 4853 πίστει

2102 4874 2116 4895 ρ
2136 4874 2403 4969 καλήπόοῳ
2430 4911 2513 4950 σοι
2550 4895 2997 4965 προπρεχᾶντων
3026 4894 3278 4959 πάντοτε,
3307 4893 3387 4964 τῷ
3425 4892 3555 4960 θείῳ
3606 4909 3699 4944 τε-

2138 4989 2288 5058 μένει
2317 5004 2434 5050 σου,
2477 4985 2665 5055 ὥσπερ
2690 4984 2749 5050 ἐξ
2805 4982 3047 5043 ἀϐύσσου
3083 4982 3358 5051 ἑξανύτειν
3422 4983 3492 5037 τὰ
3547 4984 3702 5054 μύρα

2131 5078 2213 5139 είς
2281 5076 2443 5143 ἴασιν,
2499 5076 2642 5141 άγιε,
2687 5073 3007 5144 νοσημάτων
3046 5074 3324 5130 ἑκάστοτε.
3381 5073 3483 5127 Διά
3538 5074 3700 5127 τοῦτο

2132 5167 2348 5239 βοῶμέν
2389 5184 2493 5231 σοι,
2525 5165 2793 5237 πρέσϐευε
2844 5165 2923 5236 τῷ
2977 5165 3117 5237 Θεῷ,
3178 5164 3288 5218 τῶν
3340 5165 3700 5237 πταισμάτων

2130 5259 2323 5329 ἄφεσιν
2350 5257 2693 5330 δωρήσεσθαι
2718 5257 2831 5324 τοῖς
2854 5256 3174 5329 ἑορτάζουσι
3201 5257 3354 5329 πόθῳ
3388 5256 3488 5329 την
3531 5254 3697 5325 ἁγίαν

2114 5349 2358 5421 -μνήμην
2379 5364 2493 5405 σου.
