3906 6598
465 445 539 509 Ἦ
1098 446 1518 509 EUSTATHII
1562 443 2321 506 TIIESSALONICENSIS
2368 440 2925 503 METRGPOLlTﬁ

3561 411 3683 504 ἰ’-ε

503 559 559 615 3.
591 558 712 614 llmc
743 559 960 630 quidem
997 561 1240 616 crantde
1257 563 1454 629 quibus
1488 560 1618 616 mihi
1649 561 1923 615 fastidium
1949 570 2004 614 ct

2180 556 2249 626 γ’.
2296 557 2458 610 Ἀλλὰ
2486 556 2656 610 ταῦτα
2695 554 2813 623 μὲν,
2855 552 2914 618 ἐξ
2941 547 3018 607 ὥν
3049 569 3139 622 μοι
3167 552 3193 606 ό
3220 551 3398 615 ὄκνος,
3461 553 3558 605 καὶ
3615 549 3687 604 δι’

323 680 328 685 ι
433 659 658 723 propter
685 668 824 722 quze,
863 667 968 707 non
999 652 1176 708 solum
1206 653 1305 708 bos
1353 653 1588 725 linguam
1649 652 2007 724 opprimebat,

439 763 467 802 a
493 762 578 803 me
604 746 973 802 taciturnitate
1003 748 1159 816 quasi
1191 747 1366 816 pretio
1392 755 1594 816 empta;
1618 753 1764 800 metu
1799 743 2008 801 scilicet

434 854 534 911 pro
579 838 810 894 ludibrio
859 838 1089 893 abeundi
1149 839 1219 893 ob
1273 837 1521 893 inutilem
1601 836 2005 905 verbositatem,

433 929 562 983 dum
593 929 831 984 disertus
857 927 994 982 alius
1026 929 1303 998 quispiam
1326 936 1495 993 esset,
1523 928 1618 982 sed
1642 927 1806 982 etiam
1840 939 1897 982 ut
1921 941 2008 983 sa-

433 1034 562 1074 xum
612 1018 754 1074 iacui
820 1019 1138 1088 impendens
1190 1018 1590 1089 navigationem
1654 1018 2004 1089 impediebat.

431 1112 550 1171 Alia
573 1127 702 1169 vero
728 1112 962 1168 volventi
987 1127 1073 1168 me
1090 1127 1195 1169 non
1229 1111 1566 1183 expeditiora
1589 1127 1753 1181 quam
1789 1112 2006 1184 sapien-

435 1201 596 1265 tiora,
650 1216 846 1270 nempe
874 1201 1017 1270 quod
1042 1210 1167 1256 ante
1194 1217 1279 1257 me
1321 1201 1520 1271 aliquis
1553 1202 1774 1259 locutus
1817 1202 2006 1269 fuerit,

434 1307 557 1362 qua:
599 1293 837 1348 tardiora
866 1307 963 1347 nec
1001 1308 1030 1346 a
1083 1293 1347 1362 sapientia
1400 1293 1625 1349 omnino
1673 1293 1872 1361 aliena,
1909 1295 2006 1353 bos

434 1383 667 1452 pretium
702 1383 1090 1438 taciturnitatis
1117 1382 1271 1446 abiit,
1301 1399 1462 1453 rupes
1495 1387 1744 1440 devoluta
1793 1395 1899 1452 est,
1934 1388 2007 1443 si-

434 1475 659 1531 lentium
683 1475 913 1546 aufugit,
944 1487 997 1530 et
1027 1491 1156 1532 ecce
1180 1476 1403 1547 dignum
1437 1479 1491 1532 in
1537 1479 1796 1549 martyris
1836 1481 2006 1535 honoc

433 1579 545 1620 rem
569 1567 852 1623 verborum
870 1567 1089 1623 flumen.

499 1659 555 1713 4.
581 1659 942 1715 Ratiocininm
978 1675 1107 1716 vero
1139 1663 1278 1732 quod
1311 1663 1527 1718 taedium
1557 1681 1734 1719 meum
1767 1666 2002 1732 sanavit,

429 1749 816 1820 silentiumque
873 1751 1102 1822 fugavit,
1150 1754 1422 1824 suggessit
1476 1757 1748 1825 quomodo
1806 1756 2004 1813 ctutum

412 1850 538 1892 -non
566 1835 741 1892 solum
777 1839 1027 1895 maximis
1085 1841 1250 1897 astris
1279 1851 1333 1896 et
1363 1841 1578 1914 fulgore
1610 1853 1727 1913 post
1766 1845 1881 1900 haec
1911 1860 2002 1901 se-

413 1927 644 1993 cundis,
661 1929 755 1984 sed
775 1939 829 1985 et
849 1930 1059 2000 exiguis
1079 1931 1308 1988 stellulis
1324 1935 1547 1990 emicat:
1577 1950 1698 2004 qum
1715 1935 2005 2006 aliquando
2039 1913 2078 1970 θ

431 2028 484 2073 et
521 2018 794 2091 refulgens
823 2023 952 2090 quid
997 2023 1210 2091 signum
1240 2033 1389 2080 sunt.
1434 2023 1621 2097 Itaque
1677 2027 1869 2081 cmlum
1905 2041 2004 2081 no-

435 2119 631 2169 strum.
651 2110 745 2166 Dei
767 2111 1032 2180 Ecclesia,
1057 2112 1446 2184 fulgentissima
1469 2124 1613 2170 astra
1642 2118 1823 2184 habet,
1845 2116 2008 2172 habet

434 2212 711 2274 utcunque
765 2215 819 2260 et
853 2206 1131 2262 inferiora.
1177 2207 1387 2263 Pariter
1412 2209 1676 2278 gloriatur
1713 2210 1804 2279 qui
1831 2211 2006 2264 tenui-

437 2303 521 2348 ter
549 2294 780 2366 refulget
810 2297 1061 2353 scintille
1095 2299 1267 2352 instar
1288 2298 1356 2353 ab
1383 2299 1509 2368 igne
1551 2299 1800 2368 reiectae:
1830 2311 1884 2355 et
1909 2316 2006 2356 vo-

433 2383 555 2438 lans
588 2385 788 2452 ignitus
809 2399 977 2455 vapor
991 2386 1185 2442 sideris
1211 2387 1262 2441 in
1296 2389 1516 2442 modum
1543 2388 1766 2453 ell'ulsit,
1791 2398 1846 2444 et
1870 2390 2004 2446 astri

433 2480 790 2536 similitudine
817 2484 970 2552 quasi
1004 2483 1188 2553 gravis
1238 2485 1510 2553 praestitit.
1555 2483 1872 2552 Composita
1905 2498 2003 2537 na-

435 2580 552 2625 tura
603 2574 782 2629 omnis
814 2574 1036 2643 generis
1083 2576 1337 2630 animalia
1391 2586 1445 2631 et
1471 2576 1678 2645 reliqua
1724 2575 2004 2645 produxit,

436 2663 536 2715 alia
565 2662 617 2716 in
657 2664 878 2720 honoris
915 2665 1211 2737 fastigium,
1253 2667 1358 2721 alia
1382 2665 1520 2721 infra
1549 2667 1617 2721 ad
1646 2667 2002 2737 ignominiam

435 2754 702 2821 seposita;
749 2769 848 2810 nec
881 2755 1196 2812 defecerunt
1232 2759 1315 2813 vel
1352 2757 1459 2812 ista
1497 2758 1901 2813 inconsiderate
1927 2758 2008 2813 sic

2111 648 2206 718 ὧν,
2247 651 2312 706 οὐ
2352 652 2514 722 μόνον
2551 668 2569 702 ι
2609 649 2738 718 pou;
2787 649 2883 701 ἐπὶ
2933 647 3175 720 γλώττῃ,
3213 665 3231 700 ι
3294 647 3453 701 τοῦτο
3503 647 3570 718 δὴ
3624 647 3688 700 τὸ

2112 746 2354 817 σκῶμμα
2385 744 2482 798 τοῦ
2515 743 2663 814 ἀργὰ
2687 743 2891 807 λαλεῖν,
2918 742 2992 806 ὡς
3025 743 3121 794 ἐάν
3148 759 3233 804 τις
3274 741 3363 810 εἴη
3410 738 3688 811 βούγλωσ-

2113 856 2226 901 σος,
2259 837 2395 892 ἀλλά
2424 838 2518 890 καὶ
2539 835 2683 899 λίθος
2711 834 2843 889 ὡσεὶ
2872 835 2970 888 καὶ
3014 833 3203 904 λάκκῳ
3231 833 3688 904 δυσχρηστουμὲ-

2109 947 2204 986 νου
2245 930 2437 993 ὓδατος
2467 928 2738 982 ἐπέκειτο.
2773 925 3136 996 Δογισαμένῳ
3164 925 3222 979 δέ
3259 941 3350 994 μοι
3375 924 3563 996 ἔτερα,
3624 927 3687 978 οὐ

2115 1042 2135 1076 ι
2167 1021 2442 1094 ταχύτερα
2469 1019 2687 1091 μᾶλλον,
2715 1020 2860 1091 ἥπερ
2892 1015 3198 1089 σοφώτερα,
3239 1035 3258 1070 ι
3293 1017 3322 1070 ό
3342 1016 3406 1086 δή
3463 1034 3549 1080 τις
3589 1019 3688 1070 καὶ

2109 1115 2218 1186 πρὸ
2255 1116 2364 1168 τῶν
2391 1111 2679 1184 ἡμετέρων
2729 1108 3052 1180 ἐφθέγξατο,
3096 1107 3404 1179 βραδύτερα
3450 1097 3533 1170 δὲέ
3587 1109 3687 1160 καὶ

2109 1207 2229 1261 οὐδὲ
2262 1207 2402 1261 πάνυ
2429 1206 2534 1270 ἔξω
2568 1205 2786 1273 σοφίας.
2812 1205 2842 1257 ὁ
2867 1202 2997 1273 βοῦς
3040 1218 3102 1254 τε
3149 1199 3456 1268 ἀπανέστη,
3504 1201 3604 1254 καὶ
3662 1202 3690 1250 ὀ

2107 1297 2256 1362 λίθος
2290 1296 2629 1369 ἐξεκυλίσθη,
2677 1295 2772 1352 καὶ
2805 1297 2839 1367 ἡ
2866 1295 3048 1365 σιωπὴ
3107 1293 3316 1364 ἀπῆλθε
3344 1308 3361 1326 ·
3417 1295 3516 1348 καὶ
3574 1294 3690 1349 ἰδοὺ

2106 1387 2285 1456 λόγουξ
2309 1387 2487 1459 ῥεῦμα
2513 1387 2824 1459 σύμμετρον
2861 1389 2939 1451 είς
2959 1385 3050 1442 τὸν
3090 1385 3368 1458 μάρτυρα.

2178 1651 2240 1706 δ’.
2268 1653 2331 1706 '0
2350 1652 2406 1706 δέ
2440 1669 2530 1722 μοι
2555 1651 2834 1722 λογισμὸς,
2862 1652 2891 1704 ὁ
2937 1652 3036 1705 τδν
3062 1652 3224 1704 ὄκνον
3251 1651 3693 1721 ἐκθεραπεύσας,

2109 1746 2206 1799 καὶ
2235 1745 2337 1814 τὴν
2369 1744 2530 1815 σιγὴν
2561 1744 2887 1813 ἀπαγαγὼν,
2911 1743 3140 1798 τοιαῦτα
3163 1743 3471 1810 ὑπέτεινεν,
3503 1744 3580 1806 ὡς
3605 1745 3691 1798 ὅτι

2109 1837 2204 1890 καὶ
2225 1837 2449 1904 οὐρανὸς
2479 1836 2538 1889 οὗ
2576 1839 2690 1899 τοῖς
2747 1838 3026 1906 μεγίστοις
3065 1836 3376 1908 φωσφόροις
3424 1838 3521 1891 καὶ
3577 1839 3694 1901 τοῖς

2111 1926 2232 1994 μετ’
2259 1926 2455 1990 αὐτοὺς
2482 1926 2912 1994 δευτερεύουσιν.
2967 1926 3102 1980 ἀλλὰ
3150 1929 3248 1980 καὶ
3292 1929 3694 1998 σμικροτάτοις

2113 2019 2360 2090 ἀστρίοις
2390 2019 2769 2086 ὲναγλαΐζεται
2809 2034 2823 2049 ⁸
2856 2021 2952 2073 καί
2973 2037 3074 2073 που
3101 2022 3193 2073 καὶ
3234 2021 3374 2074 αὐτὰ
3401 2023 3462 2074 ὲν
3508 2023 3695 2092 καιρῷ

2113 2109 2626 2180 παρασημαίνονταί
2656 2127 2708 2162 τι
2746 2110 3028 2176 ἐπιφανές.
3070 2109 3280 2162 Οὐκοῦν
3326 2112 3420 2164 καὶ
3470 2113 3499 2164 ὁ
3556 2114 3691 2166 καθ’

2113 2201 2261 2270 ἡμᾶς
2317 2201 2566 2271 οὐρανὸς,
2617 2202 2650 2271 ἠ
2702 2199 2796 2255 τοῦ
2850 2199 2987 2253 Θεοῦ
3024 2201 3348 2269 Ἐκκλησία,
3407 2202 3522 2271 εχει
3591 2205 3696 2271 μὲν

2113 2299 2209 2349 καὶ
2239 2295 2468 2364 ἀστέρας
2509 2298 2634 2359 τοὺς
2668 2293 3002 2361 φανοτάτους
3041 2295 3284 2359 ἐκείνους
3313 2311 3330 2328 ·
3362 2296 3474 2365 ἔχει
3500 2296 3559 2350 δὲ
3583 2301 3688 2351 καὶ

2111 2389 2237 2449 τοὺς
2270 2387 2392 2456 μετ’
2418 2387 2638 2449 αὐτούς.
2673 2389 3008 2457 Σεμνύνεται
3036 2387 3094 2442 δὲ
3132 2389 3304 2456 ὅμως,
3365 2390 3462 2443 καὶ
3502 2391 3559 2444 et
3601 2407 3690 2453 τις

2112 2479 2353 2548 ἀμυδρόν
2378 2495 2434 2532 τι
2461 2475 2692 2547 λάμπει,
2761 2478 2904 2533 καοά
2943 2496 3045 2532 που
3081 2481 3176 2533 καὶ
3226 2479 3462 2550 σπινθὴρ
3515 2481 3699 2551 «rupi»;

2112 2569 2558 2639 ἀποπαλλόμενος
2590 2585 2604 2602 ι
2631 2569 2725 2621 καὶ
2756 2568 2984 2640 διᾴττων
3007 2569 3061 2624 δέ
3114 2589 3198 2635 τις
3247 2570 3473 2641 πυρόεις
3519 2569 3701 2640 ἀτμὸς

2113 2661 2322 2731 ἀστέρα
2341 2661 2636 2729 ὲφάντασε,
2689 2660 2786 2712 καὶ
2809 2660 2953 2714 οὕτω
2979 2661 3038 2714 τὺ
3066 2661 3265 2730 σεμνὸν
3287 2662 3366 2730 τῷ
3399 2663 3698 2730 ἀστεροει-

2114 2755 2196 2808 δεῐ
2220 2752 2577 2823 ἀπηνέγκατο
2610 2751 2708 2807 καὶ
2731 2751 2916 2814 αὑτός.
2937 2752 3104 2816 Φύσις
3157 2753 3517 2822 ὲπιταχθείσα
3556 2771 3701 2807 παν-

437 2843 648 2912 abiecta
675 2845 726 2899 iu
756 2846 1076 2914 gloriatione
1096 2848 1390 2904 errationis
1424 2865 1439 2903 :
1474 2863 1603 2904 ecce
1623 2849 1779 2904 culex
1811 2849 2007 2904 vilissi-

2116 2846 2238 2900 τοῖα
2271 2842 2386 2906 ζῶα
2423 2842 2520 2896 καὶ
2543 2843 2710 2897 λοιπὰ
2747 2843 3043 2913 παρήγαγε
3091 2843 3415 2916 πράγματα,
3461 2845 3532 2898 τὰ
3594 2844 3700 2912 μὲν

437 2949 584 2987 mum
631 2934 831 2988 animal
884 2935 1076 3005 aliquo
1135 2939 1310 3006 pretio
1356 2937 1552 3008 dignus
1603 2939 1848 2994 habetur.
1889 2938 2007 2995 Ple-

2117 2938 2198 3000 είς
2228 2936 2361 3006 ὕψος
2391 2936 2740 3007 ἀνῳκισμένα
2769 2937 2956 3007 τιμῆς,
2991 2935 3058 2990 τὰ
3089 2935 3145 2989 δὲ
3179 2936 3330 2990 κάτω
3380 2936 3474 2990 τοῦ
3523 2937 3702 3005 τιμα-

441 3039 669 3094 rnmque
706 3026 1106 3082 multitudinem
1165 3028 1822 3083 stimulatanimalculum
1853 3031 2007 3085 audi-

2118 3027 2242 3081 σθαι
2277 3028 2511 3096 μένοντα
2546 3044 2560 3059 ο
2585 3029 2680 3079 καὶ
2725 3026 2826 3080 οὐκ
2865 3027 3232 3092 ὲπιλέλοιπεν,
3282 3025 3402 3079 οὐδὲ
3450 3026 3703 3095 ταχύδην

441 3123 578 3181 ιιιηι,
629 3117 845 3185 quando
891 3117 1145 3174 bombum
1194 3134 1353 3175 suum
1393 3119 1683 3183 buccinat;
1731 3128 1859 3174 sunt
1880 3135 2007 3176 vero

2116 3118 2260 3172 οὕτω
2310 3119 2587 3188 συρόμενα
2616 3160 2630 3185 ,
2695 3116 3035 3186 σεμνύνοντα
3102 3117 3200 3188 τὴν
3267 3115 3700 3188 κοσμογένειαν.

438 3207 529 3274 qui
557 3218 775 3277 propter
793 3223 988 3264 sonum
1020 3225 1209 3277 parum
1233 3212 1314 3266 vel
1335 3210 1481 3265 nullo
1498 3211 1659 3264 modo
1679 3219 2006 3278 respectant,

2120 3210 2261 3279 ’Ἤδη
2293 3210 2390 3264 καὶ
2420 3208 2620 3279 κώνωψ
2636 3210 2697 3262 τδ
2725 3208 3062 3278 φαυλότατον
3084 3211 3328 3275 ἀξιοῦται
3347 3212 3505 3279 λόγου
3535 3213 3701 3267 ποτέ.

438 3298 490 3351 id
516 3263 963 3364 verointendunt,
987 3303 1130 3372 quod
1150 3301 1280 3359 utile
1300 3301 1391 3358 sit.
1416 3301 1536 3357 Sint
1561 3316 1690 3372 ergo
1710 3301 1823 3357 btec
1844 3303 1950 3369 ita;
1977 3319 2006 3358 a

2116 3263 2225 3356 Kai.
2249 3263 2324 3354 ⁸τινι
2342 3263 2522 3354 πολλὰ
2551 3263 2652 3370 μὲν
2689 3263 2846 3370 ὄχλον
2879 3302 3100 3369 ἐμποιεῖ
3134 3263 3211 3354 ’τό
3264 3263 3506 3370 ζωύφιόν

427 3390 647 3444 fortiori
680 3393 838 3447 homo
867 3405 1142 3458 sensatus,
1168 3395 1444 3464 quomodo
1467 3394 1652 3450 divina
1685 3405 1832 3450 recto
1856 3408 2005 3450 more

2116 3393 2433 3462 κουόμενον,
2467 3391 2556 3444 ὅτε
2593 3391 2688 3444 τδν
2717 3391 2912 3445 ἑαυτοῦ
2939 3394 3104 3462 νόμον
3137 3393 3386 3459 σαλπίζει
3416 3413 3430 3427 ·
3462 3396 3573 3450 eici.
3615 3398 3701 3463 δὲ,

423 3491 638 3548 'cantet,
679 3483 750 3537 sit
784 3484 1090 3540 attentione
1117 3486 1330 3556 dignus.

2116 3485 2159 3540 οἳ
2188 3485 2282 3538 τοῦ
2305 3483 2482 3554 ψόφου
2515 3483 2616 3554 μιν
2643 3482 2877 3554 μικρὰῆ
2916 3483 3070 3539 οὐδὲν
3123 3484 3571 3558 ἐπιστρέφονται,
3605 3491 3704 3545 ἄλη

422 3571 542 3635 io);
597 3573 656 3625 δὲ
709 3575 840 3628 αὐτὸ
899 3577 1342 3634 ἑπισκίπτονται.
1398 3581 1506 3648 ὅπη
1561 3581 1656 3632 καὶ
1711 3580 2003 3650 χρήτιμον.
2048 3577 2111 3630 Ei
2169 3576 2350 3630 τοίνυν
2404 3575 2584 3639 τοῦτο,
2616 3574 2696 3644 τῷ
2730 3575 2893 3628 παντὶ
2927 3575 3094 3629 πλέον
3149 3577 3178 3630 ό
3207 3578 3352 3631 κατὰ
3411 3579 3575 3647 λόγον
3607 3581 3708 3637 ἇνο

441 3661 681 3732 ορωπος,
717 3665 864 3729 ὅπως
896 3667 963 3722 ἂν
989 3669 1086 3722 καὶ
1111 3668 1227 3739 ᾄδοι
1279 3669 1348 3723 τὰ
1382 3670 1502 3725 θεῖα
1555 3670 1690 3738 πρὸς
1738 3671 1896 3741 ὀρθὸν
1926 3671 2108 3738 μέντοι
2137 3669 2321 3738 νόμον,
2351 3669 2437 3737 εῐη
2468 3668 2536 3722 ἀν
2564 3667 2900 3738 ἐπιστροφῆς
2935 3667 3104 3736 ἄξιος.
3411 3713 3416 3717 .

423 3770 430 3777 ο
512 3752 566 3806 5.
595 3753 804 3810 Veteris
836 3757 968 3825 legis
1009 3759 1416 3815 tabernaculum
1451 3763 1692 3817 materia:
1731 3777 2007 3833 compone-

2184 3766 2247 3815 ε’.
2280 3761 2392 3829 Τὴν
2421 3761 2480 3813 ὲν
2511 3761 2591 3829 τῷ
2614 3758 2832 3827 παλαιῷ
2855 3760 3010 3830 νόμῳ
3043 3759 3255 3830 σκηνὴν
3279 3756 3401 3816 ὗλαι
3434 3763 3706 3834 συνεκρᾶ-

422 3846 572 3898 ~bant
601 3847 850 3914 pretiosae
871 3858 926 3903 et
955 3858 1102 3905 certe
1131 3850 1311 3920 plures
1339 3867 1448 3906 non
1478 3855 1643 3919 tales;
1670 3862 1725 3910 et
1757 3855 2007 3924 templum

2117 3870 2244 3906 τουν
2273 3852 2467 3906 πολλοῦ
2499 3869 2560 3905 τε
2582 3851 2916 3922 τιμώμεναι,
2949 3853 3044 3907 καὶ
3089 3853 3197 3924 μὴν
3221 3855 3314 3907 καὶ
3333 3855 3407 3924 μὴ
3438 3856 3702 3909 τοιαῦται

443 3935 586 3991 istud
633 3937 962 3994 celebratum
1011 3956 1118 3996 non
1157 3942 1564 4010 pretiosissimis
1603 3945 1656 4000 in
1696 3955 1881 4009 totum,
1921 3945 2007 4000 sed

2119 3941 2363 4004 πλείονες
2386 3958 2400 3974 ο
2438 3942 2532 3995 καὶ
2590 3941 2720 3995 ναὸν
2765 3940 2824 3995 δὲ
2863 3942 3071 3998 ἐκεῖνον
3103 3943 3194 3996 τὸν
3239 3943 3594 4013 ὑμνούμενον
3640 3946 3702 3999 οὗ

442 4029 639 4099 partim
678 4028 876 4099 lapillis
906 4032 1140 4087 exitibus
1167 4033 1527 4100 ominabatur,
1562 4046 1616 4091 et
1644 4047 1906 4092 caemcnto
1933 4038 2007 4090 in-

2116 4031 2184 4084 τὰ
2213 4030 2625 4101 τιμαλφέστερα
2676 4030 2875 4092 διόλου.
2938 4032 3074 4087 ἀλλά
3133 4052 3237 4089 που
3296 4034 3452 4106 χάλιξ
3495 4038 3705 4101 λεπτὸς

443 4132 592 4176 serto
615 4131 670 4176 et
708 4121 924 4189 plumbo
957 4124 1008 4178 in
1033 4123 1318 4190 juncturas
1348 4127 1582 4197 lapidum
1616 4129 1817 4184 infuso.
1846 4127 1961 4182 Non
1985 4144 2007 4183 e

2116 4122 2406 4192 ἀπήρτιζε,
2441 4124 2538 4178 καὶ
2571 4123 2964 4195 παραδυομένη
3004 4125 3239 4192 τίτανος,
3284 4129 3376 4181 καὶ
3404 4127 3699 4197 μόλιϐδος.

426 4215 658 4282 magnis
691 4222 896 4268 tantum
925 4211 1119 4270 insulis
1150 4231 1298 4271 mare
1325 4219 1595 4272 mentione
1626 4219 1786 4286 digna
1815 4218 2007 4289 produ-

2118 4217 2237 4279 ταῖς
2265 4217 2375 4270 τῶν
2404 4215 2566 4270 λίθων
2589 4217 2883 4287 ἁρμονίαις
2917 4217 3376 4289 παρεγχεόμενος.
3427 4217 3704 4274 Θάλασσα

443 4306 538 4370 cit,
565 4309 656 4360 sed
675 4315 729 4360 et
749 4322 926 4374 parvae
947 4308 1192 4376 quaedam
1221 4309 1286 4364 de
1317 4311 1455 4365 miro
1480 4309 1714 4380 quodam
1743 4319 2007 4366 ostentato

2120 4307 2220 4360 οὐκ
2254 4309 2319 4360 εκ
2355 4307 2532 4376 μόνων
2579 4308 2832 4378 μεγάλων
2883 4309 3062 4380 νήσων
3117 4311 3353 4381 προάγει
3403 4311 3473 4365 τὰ
3527 4313 3701 4382 λόγου

441 4398 758 4465 gloriantur.
781 4399 877 4454 Est
895 4398 1034 4454 forte
1057 4400 1214 4470 lapis,
1239 4416 1345 4457 non
1377 4403 1554 4470 magni
1583 4403 1897 4469 aestimatus,
1923 4404 2007 4459 sed

2121 4399 2270 4464 ἄξια,
2294 4399 2430 4452 ἀλλά
2451 4401 2543 4452 καὶ
2575 4400 2770 4469 μικραί
2795 4417 2939 4462 τινες
2961 4401 3040 4464 είς
3082 4400 3345 4470 ἔκφανσιν
3378 4404 3703 4483 θαυμασίου

431 4505 553 4558 pra:
581 4490 648 4544 iis
691 4491 783 4560 qui
825 4491 1228 4547 existimatione
1253 4493 1398 4562 digni
1435 4483 1702 4557 videntur,
1725 4495 2007 4571 pulchrum

2119 4489 2265 4552 τινὸς
2293 4489 2638 4559 ἁϐρύνονται.
2670 4491 2781 4543 Καὶ
2805 4491 2952 4544 ἐστιν
2977 4486 3039 4546 οὗ
3066 4493 3159 4546 καὶ
3182 4493 3326 4556 λίθος
3357 4494 3418 4546 οὐ
3470 4497 3706 4552 πολυτί-

441 4584 729 4649 quemdam
775 4582 1011 4637 valorem
1057 4582 1241 4649 habet,
1266 4583 1492 4651 ideoque
1549 4580 1668 4637 non"
1697 4583 2010 4656 despicitur.

439 4669 667 4727 Ferrum
698 4688 830 4728 auro
867 4674 1123 4727 collatum
1163 4674 1371 4728 honore
1394 4674 1524 4728 nihil
1545 4684 1684 4736 erat,
1713 4669 1816 4729 nisl
1850 4690 2012 4730 accu-

441 4773 558 4816 rate
580 4765 644 4816 ad
668 4779 804 4830 opus
824 4765 1100 4832 quidpiam
1130 4780 1322 4835 magna
1349 4779 1514 4834 egens
1540 4763 1836 4821 attentione
1863 4775 2014 4835 apta-

441 4860 611 4904 retnr.
649 4849 820 4904 Tibia:
852 4862 1025 4907 acutae
1056 4852 1378 4923 quandoque
1415 4862 1470 4907 et
1505 4853 1556 4906 in
1599 4854 1794 4907 minori
1825 4853 2015 4907 ordine

441 4955 631 4995 sonum
660 4941 857 4996 habent
881 4956 897 5007 ;
927 4940 1180 4996 similiter
1209 4941 1380 5010 major
1410 4942 1537 4996 tibia
1564 4941 1628 4996 ad
1649 4944 1894 5012 graviora
1915 4942 2016 4996 ‘de-

442 5032 711 5087 scendens
745 5042 802 5086 et
828 5033 909 5087 sic
937 5032 1180 5087 modulos
1223 5034 1567 5088 harmonicos
1607 5033 1801 5089 reddit.
1825 5031 2016 5089 «Voces

442 5139 548 5177 non
569 5123 820 5179 omnibus
843 5123 1058 5194 penitus
1074 5123 1296 5191 eaedem,
1311 5139 1416 5180 non
1443 5125 1582 5180 lucet
1607 5124 1856 5194 omnibus
1872 5125 2012 5180 idem

443 5220 743 5285 ingenium.

511 5486 564 5540 6.
594 5485 910 5539 Sermonem
929 5483 1158 5561 etaltius
1177 5484 1382 5552 erigere
1408 5465 1605 5536 audeo,
1632 5482 1773 5538 inter
1799 5484 2012 5539 ordines

445 5579 854 5647 supercmlestes
889 5572 1232 5648 reperiuntur
1275 5566 1584 5649 superiores
1612 5588 1664 5633 et
1703 5577 2008 5634 inferiores.

447 5669 564 5724 Non
598 5685 782 5725 onntes
816 5668 1112 5740 prophetas,
1137 5685 1254 5738 non
1287 5683 1475 5725 omnes
1505 5662 1752 5738 apostoli.
1791 5669 1927 5723 Sunt
1958 5677 2012 5723 et

448 5764 462 5816 l
487 5777 748 5832 nguarum
765 5760 1074 5828 varietates,
1093 5761 1219 5830 quia
1233 5771 1288 5816 et
1303 5760 1562 5833 gentium.
1575 5757 1673 5813 lla:
1687 5773 1878 5814 suaves
1889 5775 2010 5814 cum

445 5854 779 5922 iucunditate
809 5854 863 5910 in
891 5869 1056 5925 grave
1086 5853 1365 5920 tolluntur,
1392 5860 1606 5923 gutture
1635 5865 1827 5921 aSpero
1849 5854 2010 5909 emit-

2121 4597 2314 4651 μητος,
2347 4580 2483 4634 ἀλλὰ
2510 4580 2620 4633 τῶν
2649 4581 2955 4635 δοκούντων
2982 4583 3246 4650 ἠξιῶσθαι
3300 4585 3488 4652 ὀλίγου
3517 4589 3702 4655 τινος,

2114 4671 2241 4739 ἔσχε
2264 4687 2316 4724 τι
2347 4670 2513 4723 καλὸν
2541 4671 2739 4740 ὲνέργη
2751 4689 2825 4740 μα
2847 4687 2862 4703 ·
2905 4672 3000 4724 καὶ
3025 4672 3093 4724 δι’
3119 4674 3252 4726 αὐτὸ
3274 4675 3336 4728 οὐ
3385 4677 3701 4748 παρεώρα-

2111 4777 2202 4814 ται
2227 4759 2338 4814 οὐδ⁹
2374 4755 2561 4826 αὑτός.
2590 4762 2815 4832 Σίδηρος
2843 4762 3327 4833 παραϐαλλόμενος
3374 4768 3573 4840 χρυσῷ
3625 4767 3704 4841 ἦν

2113 4849 2181 4903 ἂν
2219 4849 2372 4902 οὐδὲν
2399 4846 2480 4913 εἰς
2507 4851 2821 4920 τιμιότητα,
2865 4853 2912 4904 εί
2959 4851 3034 4922 μὴ
3066 4853 3206 4922 πρός
3234 4870 3286 4906 τι
3319 4855 3486 4926 ἔργον
3516 4873 3703 4913 σπου..

2111 4940 2264 4994 δαῖον
2289 4940 2542 5010 ἐμμελῶς
2581 4936 2695 5012 εἶχε
2727 4942 3108 5013 ρυθμίζισθαι.
3159 4945 3324 5000 Αὑλοὶ
3353 4950 3704 5021 προέχοντες

2115 5031 2297 5104 ἔχουσί
2321 5051 2452 5087 ποτε
2484 5036 2576 5088 καὶ
2602 5035 2692 5088 τὸν
2717 5037 2774 5090 ὲν
2806 5035 3045 5090 ἐλάττονι
3067 5037 3217 5102 τάξει
3242 5054 3257 5070 ο
3286 5041 3534 5094 τοιοῦτον
3554 5043 3703 5111 γοῦν

2114 5127 2149 5196 ἡ
2189 5125 2386 5196 σύριγξ
2445 5125 2812 5180 ὑποϐαίνουσα
2865 5128 3009 5182 κατά
3063 5128 3336 5199 βαθμίδας
3381 5133 3562 5196 τινὰς.
3595 5134 3706 5187 καὶ

2113 5213 2257 5268 οὕτω
2284 5215 2717 5285 ὑποσυρίττουσα
2765 5217 3107 5288 ἐναρμόνιον.
3144 5218 3326 5273 Φωναὶ
3368 5220 3430 5273 οὐ
3465 5220 3702 5286 πάντως

2115 5307 2316 5360 ἅπασιν
2343 5303 2401 5358 αἱ
2432 5305 2594 5360 αὐταί
2619 5322 2632 5338 ·
2681 5307 2806 5370 νοῦς
2861 5309 2962 5363 οὐκ
3004 5307 3374 5377 ὲναστράπτει
3415 5309 3645 5366 ἅπασιν
3675 5319 3706 5368 ὀ

2114 5397 2297 5460 αὑτός.

2191 5489 2265 5554 ς’.
2302 5484 2495 5559 Τολμῶ
2541 5500 2634 5544 καὶ
2680 5490 2940 5544 ἀνωτάτω
2991 5493 3186 5564 ἐξᾶραι
3234 5495 3325 5548 τὸν
3363 5495 3546 5562 λόγον.
3611 5498 3706 5551 Ἐν

2115 5583 2227 5644 τοῖς
2253 5582 2672 5652 ὑπερουρανίοις
2708 5583 2984 5654 τάγμασιν
3017 5585 3132 5637 ἔστι
3163 5585 3231 5638 τὰ
3267 5585 3366 5655 μὲν
3418 5587 3705 5657 ὕπερθεν,

2117 5673 2187 5726 τὰ
2216 5673 2271 5725 δὲ
2297 5673 2631 5742 ὕποὸέὸηκε.
2679 5675 2773 5745 Μὴ
2804 5676 3001 5737 πάντες
3029 5676 3331 5746 προφῆται.
3368 5677 3444 5746 μὴ
3482 5680 3709 5737 πάντες

2119 5763 2427 5818 ἀπόστολοι.
2479 5765 2600 5819 Εἰσὶ
2664 5767 2761 5819 καὶ
2814 5766 3078 5835 γλωσσῶν
3124 5768 3401 5837 διαφοραὶ,
3458 5769 3542 5821 ὅτι
3603 5771 3713 5823 καὶ

2117 5853 2311 5908 ἱθνῶν.
2341 5854 2448 5907 Καὶ
2475 5855 2530 5906 αἱ
2559 5855 2658 5925 μὲν
2686 5856 2838 5918 λείως
2867 5856 3074 5925 ἔχουσι,
3101 5857 3193 5909 καὶ
3225 5857 3344 5924 μεθ’
3365 5857 3714 5926 ἱλαρότητος
