3906 6582
294 339 383 403 173

1412 336 1802 400 ιΑυΒΛΤιΟ
1855 338 1914 399 S.
1956 336 2349 403 DEMETRII.

3413 348 3512 414 1'."

287 458 355 513 εἰς
372 454 524 520 ὄγκον
547 448 845 520 διαίρονται
865 463 878 478 ⁸
907 448 965 502 al
999 448 1055 502 δὲ
1091 450 1263 520 τραχὺ
1291 451 1694 522 γαργαρίξουσι
1722 453 1816 508 καὶ

1935 459 2129 517 luntur,
2154 452 2256 507 illse
2274 461 2329 507 et
2350 451 2619 509 rusticiter
2635 468 2728 524 per
2744 454 3000 511 barbarus
3016 463 3178 513 sones
3194 444 3513 531 procedunt.

286 544 631 614 ἑξαγριοῦνιαι
659 543 750 597 διά
786 543 849 596 τὸ
884 543 1340 613 βαρὸαρόφωνον.
1374 546 1488 599 Καὶ
1516 546 1666 614 ὅμως
1700 547 1829 600 ἕκα-

287 655 394 692 στον
421 638 584 700 ἔθνος,
617 646 677 689 το
701 651 763 690 τε
792 634 1037 704 εὐγενῶς
1068 636 1286 703 λαλοῦν,
1325 638 1420 690 καὶ
1445 638 1505 690 τὸ
1531 636 1830 709 βάρϐαρον,

285 731 517 800 μένουσιν
539 728 638 780 οὔκ
664 727 1103 796 ἀπαλειφόμενα.
1153 730 1263 783 Καὶ
1286 728 1571 783 διαπλέκει
1616 731 1711 784 καὶ
1742 731 1837 784 οῦ-

282 837 374 882 τως
402 821 431 887 ἠ
458 817 680 887 πρόνοια
703 817 874 872 τὸτοῦ
900 818 1018 888 βίου
1038 819 1436 889 πολύστροφον.
1468 820 1681 890 Ὥσπερ
1708 821 1836 874 πολ-

283 913 360 965 λαὶ
387 914 539 979 μοναὶ
586 912 874 984 σωτήριοι,
913 911 1063 966 οὕτω
1115 914 1213 967 καὶ
1239 914 1489 987 διάφοροι
1529 916 1836 970 σπουδαίων

282 1003 432 1069 λόγων
464 1004 815 1070 καταγωγαὶ,
862 1004 960 1057 καλ⁸
983 1004 1104 1075 Θεῷ
1142 1006 1237 1059 καὶ
1269 1009 1383 1069 τοῖς
1406 1004 1504 1059 τοῦ
1542 1005 1680 1059 Θεοῦ
1731 1007 1835 1059 οὐκ

280 1092 574 1164 ἀπόϐλητοι.
610 1094 796 1148 Καλὸν
825 1099 1069 1165 ποταμοὶ
1097 1096 1423 1165 πλήθοντες,
1471 1097 1565 1150 καὶ
1593 1097 1677 1159 εις
1706 1097 1837 1150 πολ-

280 1188 385 1251 λοὺς
412 1186 719 1259 σχιζόμενοι
755 1189 971 1255 κλῶνας
993 1207 1009 1222 ο
1065 1192 1168 1245 οὐκ
1201 1191 1365 1262 ἄχαρι
1397 1190 1455 1244 δὲ
1495 1190 1618 1244 οὐδὲ
1658 1191 1834 1260 πηγαὶ

281 1278 612 1347 μονάζουσαι.
656 1279 821 1333 Ἐὁόα
846 1298 952 1347 τις,
978 1281 1105 1335 ὅσον
1146 1281 1297 1334 ἄλλοι
1330 1282 1673 1351 πεντήκοντα
1695 1297 1710 1312 ο
1739 1283 1832 1334 καὶ

276 1377 329 1427 τὸ
351 1374 576 1444 φώνημα
607 1376 954 1446 Στεντόρειον
1008 1374 1221 1447 ᾅδεται.
1271 1376 1381 1429 Καὶ
1429 1376 1531 1429 οὐκ
1563 1375 1665 1446 ήδη
1720 1374 1832 1427 τῶν

278 1468 429 1531 ἄλλως
458 1468 787 1535 φωνούντων
832 1469 1167 1537 ἀποτέμνειν
1214 1468 1323 1522 εδει
1360 1469 1491 1531 τοὺς
1524 1469 1829 1539 λάρυγγας.

283 1561 523 1613 Ἐσλεπεν
539 1561 733 1632 ἕτερος
749 1578 841 1615 και
872 1562 941 1615 τά
971 1562 1115 1615 κατὰ
1155 1564 1277 1631 γῆς,
1306 1565 1401 1616 καὶ
1420 1562 1673 1627 σταδίοις,
1707 1563 1835 1616 ὁπό-

280 1672 377 1716 σοις
426 1654 599 1718 οὐδεὶς
649 1655 808 1717 ἄλλος
838 1694 854 1716 ,
892 1656 1234 1726 παρεμέτρει
1283 1657 1382 1725 τὴν
1433 1656 1666 1725 ὄρασινυ
1696 1655 1834 1709 ἀλλά

280 1748 473 1808 πλείους
496 1747 576 1808 εἰς
609 1747 863 1816 ἄπειρον,
889 1746 939 1797 οἳ
973 1748 1206 1817 έτεροῐοι
1233 1747 1332 1816 τὴν
1364 1747 1490 1815 ὄψιν
1527 1747 1702 1811 ὄντες,
1734 1748 1832 1816 τὴν
1889 1804 1897 1811 ,

1940 543 2203 598 Similiter
2230 555 2283 601 et
2319 560 2655 618 unaquaque
2687 562 2839 620 gens,
2870 549 2974 604 alia
3014 563 3257 618 venuste,
3288 550 3517 609 barbare

1937 636 2040 689 alia
2074 637 2322 702 loquens,
2349 651 2568 694 manent
2593 655 2691 695 nec
2712 657 2742 697 e
2763 641 2942 697 medio
2967 642 3250 700 tolluntur.
3280 643 3370 700 Sic
3392 646 3516 700 vita:

1940 731 2292 785 mobilitatem
2332 730 2674 788 Providentia
2710 734 3011 790 intertexit.
3051 736 3514 801 Quemadmodum

1938 823 2119 877 multa:
2149 825 2201 876 in
2234 824 2425 879 salutis
2454 826 2647 881 ordine
2674 828 3003 890 mansiones.
3034 828 3112 884 sic
3147 829 3281 883 varii
3313 844 3517 884 sermoo

1939 931 2066 971 num
2103 927 2385 972 acutorum
2409 928 2699 989 apparatus
2721 934 2824 975 nec
2859 921 2926 976 de
2959 920 3094 988 Deo,
3125 937 3224 979 nec
3256 922 3322 977 de
3356 923 3518 979 rebus

1938 1006 2144 1062 divinis
2176 1008 2537 1078 improltandi.
2570 1008 2799 1066 Pulchra
2832 1025 2990 1068 amne
3021 1013 3179 1081 pleno
3210 1012 3429 1069 flumina
3464 1027 3520 1071 et

1939 1099 1991 1152 in
2014 1100 2206 1155 multos
2226 1100 2424 1156 rivulos
2448 1102 2637 1167 divisa,
2657 1117 2754 1158 nec
2780 1103 2982 1172 absque
3004 1107 3261 1162 ammaita
3272 1117 3318 1161 te
3342 1105 3520 1165 fontes

1940 1191 2123 1245 rivulis
2146 1201 2414 1248 carentes.
2432 1193 2714 1250 Clamabat
2736 1195 2930 1264 aliquis
2945 1209 3202 1262 quantum
3244 1200 3335 1253 alii
3361 1202 3518 1271 quin-

1936 1282 2187 1350 quaginta
2219 1291 2273 1337 et
2294 1297 2397 1337 vox
2423 1290 2693 1339 stentorea
2726 1287 3052 1341 celebratur.
3086 1286 3195 1342 Nec
3220 1289 3339 1343 ideo
3363 1291 3522 1346 aliter

1939 1373 2269 1443 loquentium
2310 1375 2431 1441 gula
2489 1378 2745 1435 secanda.
2783 1376 3006 1435 Videbat
3038 1380 3174 1435 alius
3206 1397 3325 1453 qua:
3361 1398 3524 1453 super

1941 1476 2141 1521 terram
2171 1481 2225 1522 et
2249 1468 2547 1523 stadiorum
2578 1484 2802 1524 numero
2831 1485 2937 1540 quo
2971 1471 3147 1526 nullus
3179 1472 3317 1528 alius
3346 1474 3520 1529 visunt

1939 1555 2336 1623 perpendebat;
2380 1560 2473 1611 sed
2514 1562 2693 1625 plures
2726 1558 2779 1612 in
2831 1560 3042 1615 inﬁnito
3086 1577 3313 1617 numero
3364 1562 3522 1635 longe

1937 1647 2027 1701 alii
2060 1649 2233 1714 quoad
2270 1648 2440 1702 visum
2474 1657 2622 1713 sunt,
2657 1665 2754 1705 nec
2806 1652 3021 1707 videndi
3066 1651 3324 1708 l‘acultate
3376 1655 3522 1708 frau-

1938 1737 2153 1789 dantur.
2190 1736 2298 1790 Nec
2328 1745 2473 1790 certe
2506 1738 2651 1807 talpa
2684 1739 2808 1809 quia
2845 1755 2989 1794 caeca
3031 1742 3271 1797 nascitur
3301 1753 3352 1799 et
3388 1746 3522 1801 vivit

283 1838 421 1904 φύσιν
446 1836 534 1889 τοῦ
567 1836 791 1905 βλέπειν
810 1838 870 1890 οὐ
891 1836 1204 1905 ψεύδονται.
1243 1838 1351 1891 Καὶ
1373 1837 1481 1908 μὴν
1508 1838 1629 1891 οὐδὲ
1647 1838 1828 1891 ἀσπά-

1938 1830 2173 1896 tollitur;
2204 1846 2235 1885 e
2266 1839 2457 1886 contra
2508 1841 2711 1886 natura!
2764 1831 2883 1903 lege
2930 1844 3179 1889 servatur
3207 1837 3525 1893 creationis-

281 1930 382 1993 λαξ.
407 1931 484 1983 ὅτι
504 1929 712 1997 τυφλὸν
745 1929 861 1998 ἅμα
898 1929 1135 1998 γενέσει,
1160 1931 1257 1982 καὶ
1288 1930 1379 1983 διὰ
1420 1931 1540 1999 βίου
1578 1930 1632 1983 δὲ
1654 1928 1831 1983 τοιοῦ-

280 2039 357 2074 τον
386 2020 678 2089 ἠφάνισται
699 2036 717 2052 ο
748 2020 885 2075 ἀλλά
922 2023 1272 2089 συντηρσῖται
1308 2020 1385 2091 τῷ
1419 2021 1563 2091 λόγῳ
1592 2020 1696 2090 τῆς
1722 2019 1793 2089 φύ
1813 2051 1825 2062 -

280 2131 415 2175 σεως.
466 2116 564 2166 καὶ
628 2112 945 2183 συμπληροῖ
1005 2114 1067 2166 τὸ
1120 2113 1366 2167 ποικίλον
1418 2114 1517 2183 τῆς
1570 2114 1824 2177 κτίσεως.

280 2207 489 2258 Ἤκουεν
520 2206 734 2275 ἕτεροο,
764 2207 865 2259 ὅσα
913 2204 1106 2275 μηδεὶς
1153 2203 1461 2273 ἄνθρωπος.
1505 2204 1572 2256 Τί
1605 2205 1827 2269 τοίνυν;

279 2296 548 2349 Κλειστέον
571 2298 682 2366 ἄρα
709 2298 807 2360 τὰς
832 2297 1032 2360 λοιπὰς
1064 2297 1260 2361 ducar,
1289 2297 1373 2350 ὅτι
1412 2297 1488 2367 μὴ
1514 2296 1828 2367 sumptis:-

280 2407 357 2457 ρον
407 2388 495 2442 τοῦ
557 2391 799 2459 ἐνεργεῖν
851 2390 1073 2459 έχουσις
1114 2391 1221 2445 Καὶ
1264 2390 1495 2460 στρατὸς
1530 2390 1593 2442 εκ
1640 2405 1701 2441 τε
1731 2390 1827 2442 ἀν·

276 2482 467 2551 δρξίων,
514 2481 584 2535 εκ
626 2499 684 2536 τε
719 2483 793 2553 μὴ
838 2484 1103 2537 τοιούτων
1155 2482 1616 2552 συγκεκρότηται.
1650 2483 1828 2553 ’ᾼδων

276 2575 416 2628 Δαυῖδ
435 2576 537 2628 οὐκ
558 2576 790 2645 ἀπηξίου
820 2577 943 2639 τοὺς
985 2576 1438 2645 συγχορεύοντας.
1472 2574 1584 2627 Kal.
1620 2574 1728 2643 μὴν
1762 2574 1825 2627 οὐ

275 2670 379 2722 κατ’
407 2671 618 2722 ἐκεῖνον
652 2670 749 2722 καὶ
784 2668 940 2722 αὐτοὶ
970 2666 1232 2736 ἔμελπον.
1282 2666 1549 2737 ’Δρμονία
1577 2664 1744 2735 χοροῦ
1765 2668 1829 2718 εκ

1939 1938 2048 1994 que
2086 1923 2404 1979 varietatem
2449 1924 2709 1994 complet.
2751 1925 2973 1981 Audivit
3022 1927 3158 1983 alius
3192 1944 3310 1995 quae
3340 1931 3522 1985 nullus

1939 2017 2119 2073 homo.
2144 2016 2285 2083 Quid
2320 2017 2520 2086 igitur?
2549 2016 2686 2091 Num
2731 2021 3041 2075 claudenda:
3082 2022 3298 2093 reliqum
3337 2037 3517 2087 aures,

1936 2112 2060 2180 quia
2090 2127 2197 2166 non
2229 2111 2525 2167 faciliorem
2562 2114 2761 2168 habent
2802 2115 3123 2183 euergiam?
3165 2114 3229 2169 Et
3254 2118 3523 2171 exercitus

1942 2213 2054 2257 tum
2088 2218 2119 2259 e
2148 2204 2401 2270 fortibus.
2436 2215 2543 2260 tum
2578 2221 2608 2261 ο
2643 2221 2749 2261 non
2802 2206 3001 2264 talibus
3035 2207 3252 2262 coaluit.
3284 2206 3523 2263 Cantaus

1934 2294 2103 2351 David
2135 2296 2421 2352 saltatores
2452 2313 2558 2353 non
2588 2298 2911 2369 dedignatus
2943 2310 3044 2354 est.
3077 2298 3187 2355 Nec
3218 2313 3405 2353 revera
3432 2315 3521 2355 sec

1931 2388 2166 2441 cundum
2214 2403 2340 2443 eum
2386 2390 2477 2444 alii
2523 2389 2924 2461 hymnizabant.
2956 2392 3119 2446 Chori
3160 2391 3445 2446 harmonia
3490 2407 3523 2447 ο

1928 2479 2179 2544 diversis,
2211 2481 2339 2551 quin
2374 2482 2480 2534 imo
2510 2495 2539 2535 e
2563 2479 2796 2537 dissonis
2824 2489 2877 2535 et
2903 2482 3167 2551 separatis
3195 2481 3371 2537 modis
3396 2494 3523 2551 pro-

1927 2571 2248 2627 cedentibus
2278 2583 2642 2640 comparatur,
2677 2582 2730 2626 ut
2759 2572 2909 2626 aiunt
2940 2574 3030 2641 qui
3066 2574 3213 2628 hisce
3255 2574 3523 2635 scientiis.

1935 2664 2087 2718 hisce
2115 2664 2324 2718 artibus
2353 2662 2573 2733 pollent.

277 2763 548 2833 διαφόρων,
580 2761 680 2829 ἤδη
728 2760 784 2814 δὲ
818 2760 916 2813 καὶ
946 2757 1008 2823 ιε
1033 2757 1354 2827 ἀντιφώνων
1407 2757 1501 2811 καὶ
1528 2756 1656 2827 δίχα
1698 2755 2041 2826 φρονεόντων
2064 2756 2423 2827 ἀρμόττεται,
2473 2757 2550 2820 ὥς
2605 2773 2771 2827 φασιν
2798 2758 2847 2809 οἱ
2917 2756 2985 2809 τά
3060 2757 3289 2810 τοιαῦτα
3344 2756 3522 2827 cocci,

274 2858 317 2909 οἱ
343 2857 458 2925 περὶ
485 2856 708 2925 τέχνας.

334 2946 375 3009 ζ’
380 2986 395 3001 .
419 2948 538 3000 Οὐκ
590 2945 702 3000 Ξσθ⁹
736 2944 884 3008 ὅπως
929 2942 1173 3007 ἅπαντες
1205 2941 1567 3014 συνδράμοιεν
1623 2942 1693 2996 ἂν
1748 2943 1830 3005 εἰς

275 3040 459 3106 ὅμοιον.
491 3036 888 3107 Περιφέρονται
912 3035 1173 3105 Σειρῆνες
1206 3038 1265 3088 εν
1285 3037 1399 3099 τοῖς
1427 3036 1597 3089 πάλαι
1626 3030 1829 3103 λόγοις,

276 3131 455 3193 αἵτινές
482 3146 617 3182 ποτε
653 3122 833 3183 αὗταιο
866 3128 1085 3182 δοκοῦσι
1134 3126 1191 3180 δὲ
1223 3127 1334 3199 ἀρα
1374 3128 1518 3197 μέγα
1547 3144 1601 3179 τι
1634 3125 1829 3197 χρῆμα

277 3226 458 3277 ἐκεῖναι
490 3218 656 3276 εἶναι.
695 3223 802 3276 Καὶ
829 3224 859 3274 ὁ
899 3220 1025 3275 Ἰὼϐ
1051 3221 1154 3273 οὐκ
1207 3221 1593 3291 ἀπηχρείωσεν
1630 3221 1825 3285 αὑτὰς,

276 3310 380 3362 οῦδὲ
404 3310 627 3374 ἐξέϐαλε
654 3310 747 3363 τοῦ
777 3309 1039 3381 ᾀδομένου
1086 3309 1467 3380 σεμνῶματος,
1514 3311 1678 3381 ἑτέρᾳ
1708 3312 1826 3362 Σει-

279 3402 400 3470 ρῆνι,
431 3402 733 3473 μικροφυεί
782 3399 1002 3471 ζωῖδξῳ,
1059 3401 1185 3464 τοὺς
1234 3401 1433 3455 ἑαυτοῦ
1488 3399 1824 3469 ὲξομοιώσας

279 3490 591 3561 κλαυθμοὺς.
622 3493 859 3561 Ἤρεσεν
894 3492 1231 3562 ἀνθρώποις,
1294 3495 1549 3563 έγκρῖναι
1604 3495 1687 3556 εις
1724 3510 1823 3561 με·

278 3583 457 3650 λῳδοὺς
487 3586 581 3639 καὶ
610 3585 701 3639 τὸν
732 3586 973 3653 τέττιγαο
1006 3586 1103 3638 καὶ
1131 3585 1232 3639 οὐκ
1268 3587 1526 3651 ἐξέπεσεν
1565 3587 1598 3655 ἡ
1645 3584 1825 3656 ἀηδὼν

278 3677 361 3741 τῆς
394 3678 741 3746 σεμνότητος.
780 3676 973 3745 ’Υμνεϊ
992 3676 1127 3729 Θεὸν
1166 3676 1263 3730 καὶ
1293 3678 1363 3729 τά
1394 3676 1587 3745 ἄλογα,
1614 3676 1714 3746 οὐχ
1742 3671 1826 3739 οἷς

277 3768 400 3819 αὺτά
435 3766 731 3836 φωνοῦσιν,
789 3766 905 3820 ἀλλ’
961 3764 1042 3829 οἷς
1102 3767 1314 3820 ἐκεῖνον
1368 3767 1723 3837 γεραίρουσιν
1774 3770 1826 3820 οι

280 3857 591 3928 θεωροῦντες
631 3858 793 3921 αὑτά,
822 3859 913 3910 καὶ
937 3857 999 3910 τὸ
1023 3860 1126 3928 τῆς
1150 3857 1365 3926 φύσεως
1403 3857 1827 3927 φιλοσοφοῦντες

279 3948 556 4018 εὔκοσμον,
615 3948 800 4001 ὁποῖόν
833 3965 887 4001 τι
934 3948 1215 4003 κάνταῦθα
1244 3948 1419 4002 ἔσται.
1483 3950 1545 4002 El
1579 3952 1689 4021 γὰρ
1730 3950 1827 4004 τοῦ

279 4042 399 4111 μηδὲ
426 4043 607 4095 δοκεῖν
634 4042 835 4106 λέγειν,
864 4034 947 4102 οἷς
975 4039 1246 4110 ἀκόμψως
1272 4040 1365 4095 τοῦ
1394 4039 1578 4095 λαλεῖν
1604 4041 1827 4111 ἔχομεν,

276 4134 618 4205 ἀλισκόμεθα,
656 4129 737 4197 οἷς
770 4131 900 4199 γοῦν
932 4134 961 4186 ὁ
992 4132 1268 4201 ἀκροατὴς
1312 4132 1454 4204 πρὸς
1499 4136 1635 4204 ἡμῖν
1686 4134 1828 4204 εχων

273 4229 353 4278 τὸν
381 4227 503 4279 νοῦν
537 4225 968 4294 ἐκπεπλήξεται,
1002 4225 1085 4276 ὅτι
1112 4224 1248 4293 πρὸς
1273 4224 1439 4292 ζῆλον
1468 4225 1607 4288 ὅλως
1647 4223 1827 4279 τοιοῦ-

271 4334 352 4370 τον
380 4318 818 4388 δ.εθηρμήναμεν
855 4316 1107 4381 ἑαυτοὺς,
1137 4314 1214 4385 τῷ
1240 4316 1512 4385 κρείττονι
1538 4316 1826 4384 θαυμάσας

276 4412 520 4480 ἀναθήσει
545 4410 603 4461 τὸ
632 4410 826 4462 αῐτιονο
853 4408 912 4470 ὃς
938 4409 1032 4461 καὶ
1057 4408 1238 4473 αὐτὸς,
1264 4408 1362 4478 οὐχ
1384 4409 1466 4462 ὅτι
1495 4407 1630 4479 πρὸς
1646 4409 1827 4474 ἀξίαν,

271 4502 375 4554 ἀλλ’
399 4506 476 4556 ὅτι
512 4503 633 4573 μετ’
661 4493 927 4571 εὐψυχίας
980 4500 1257 4569 ὕμνεῐται,
1304 4501 1429 4565 τοὺς
1486 4502 1567 4565 εὶς
1608 4503 1831 4571 εὐχαρι-

274 4598 416 4650 στίαν
440 4590 735 4659 λαλοῦντὴ
764 4594 1077 4661 ἀμείϐεται.
1108 4594 1219 4647 Kal.
1240 4594 1381 4648 οὕτω
1405 4595 1500 4649 καὶ
1529 4597 1665 4666 ἡμῖν
1690 4596 1829 4665 τάχα

270 4686 378 4737 τινα
414 4688 442 4738 ὁ
467 4685 623 4755 λόγος
652 4686 877 4755 εὑρήσει
901 4684 1147 4739 ἔπαινον.

331 4772 395 4843 η’.
429 4775 617 4830 Ταῦτα
653 4778 713 4830 ὲν
743 4775 901 4846 θυμῷ
934 4776 1248 4845 βαλόμενος,
1274 4778 1368 4828 καὶ
1392 4773 1601 4830 τοιαῦθ’
1632 4776 1817 4846 lupa,

269 4864 329 4915 δι’
349 4858 422 4918 ὧν
455 4865 755 4937 θαρρητέον
782 4866 909 4929 τοὺς
945 4866 1341 4935 ὑστερολόγους
1376 4867 1472 4920 καὶ
1504 4868 1821 4932 ταπεινοὺς,

273 4958 327 5008 οὐ
360 4958 494 5011 πάνυ
548 4959 741 5029 πόρρω
795 4958 903 5010 τῶν
955 4958 1172 5028 ὑψηλῶς
1217 4957 1450 5028 λαλῆσαι
1496 4958 1823 5028 φθασάντων

273 5051 601 5121 ἑστήξεσθαι,
632 5052 681 5103 ei
712 5050 870 5119 μόνον
896 5050 1031 5119 πρὸς
1058 5050 1217 5119 ὀρθὸν
1244 5050 1504 5119 λογισμὸν
1560 5050 1821 5119 φθέγξον-

268 5155 368 5202 ται,
423 5140 513 5193 καὶ
569 5137 713 5192 οὕτω
767 5141 1114 5202 συσκευάσας
1172 5141 1252 5202 εις
1301 5140 1500 5209 Θάρσος
1556 5142 1819 5209 ἐμαυτὸν,

271 5231 487 5301 καθίημι
516 5233 607 5283 τὸν
654 5232 832 5299 λόγον,
867 5226 923 5283 οἳ
956 5231 1291 5300 προεθέμην,
1342 5234 1435 5283 καὶ
1483 5231 1579 5284 τοῦ
1613 5235 1822 5285 σκοποῦ

270 5322 495 5391 γίνομαι,
527 5326 625 5393 οὐχ
675 5325 815 5391 ὑπὲρ
869 5325 995 5386 τοῦς
1027 5324 1221 5386 ἄλλους
1269 5322 1552 5376 διαθέσθαι
1585 5341 1638 5377 τι
1682 5342 1820 5395 προ-

270 5417 586 5486 νοησάμενος
637 5415 862 5488 (μανίας
914 5418 1021 5487 γὰρ
1068 5418 1234 5485 ἐγγὺς
1288 5417 1321 5485 ἡ
1377 5416 1485 5469 τῶν
1541 5416 1822 5471 ἀδυνάτων

271 5509 750 5579 κατεπιχείρησις),
794 5507 972 5579 ψυχῆς
1001 5510 1057 5562 δὲ
1090 5508 1237 5573 ζέσιν
1288 5506 1585 5575 ίκφαίνων,
1637 5510 1730 5560 καὶ
1760 5509 1823 5561 τὸ

268 5599 353 5652 τοῦ
374 5602 526 5671 ζήλου
560 5600 809 5666 διακαὲς,
834 5601 929 5653 καὶ
961 5599 1102 5655 οὕτω
1132 5598 1371 5665 τολμῶν,
1406 5598 1501 5651 καὶ
1528 5598 1628 5668 τὴν
1659 5598 1823 5668 φύσιν

269 5693 548 5763 τυραννῶν,
581 5694 980 5761 εὐλαϐέστερον
1014 5692 1121 5743 Eii?“
1454 5687 1678 5740 τοιαῦτα
1709 5689 1825 5743 δια-

273 5786 487 5857 θεμένην
519 5792 584 5846 τὰ

580 5950 607 6003 ί.
666 5954 667 5963 η

2007 2940 2058 2993 7.
2090 2937 2208 2994 Non
2257 2946 2339 2993 est
2392 2937 2533 3009 quod
2572 2937 2629 2991 in
2674 2936 2904 3006 idipsum
2951 2935 3131 2992 cuncti
3173 2945 3517 2992 concurrant.

1928 3033 2303 3089 ﬂemorantur
2337 3030 2558 3086 Sirenes
2596 3030 2648 3083 in
2696 3029 2890 3099 priscis
2923 3028 3141 3097 scriptis
3185 3042 3521 3098 quaecunque

1927 3134 2130 3188 essent,
2161 3124 2285 3177 inde
2339 3136 2592 3191 magnum
2644 3120 2774 3190 quid
2816 3133 2936 3174 esse
2979 3118 3247 3172 videntur.
3276 3116 3387 3171 Nec
3428 3132 3521 3173 eas

1926 3216 2029 3271 Job
2052 3216 2369 3284 dedignatus
2389 3221 2495 3281 est,
2525 3225 2623 3268 nec
2648 3228 2678 3268 ο
2702 3210 2979 3268 celebrato
3014 3210 3211 3280 repulit
3233 3221 3523 3264 ornamen-

1929 3318 2002 3373 to,
2031 3307 2122 3361 alii
2173 3306 2373 3369 Sireni,
2405 3304 2534 3360 exili
2585 3302 2930 3367 animalculo,
2960 3316 3087 3356 suas
3120 3314 3408 3370 exacquans
3441 3300 3516 3353 la-

1931 3398 2312 3454 mentationes.
2336 3394 2659 3451 Hominibus
2680 3394 2882 3465 placuit
2909 3393 3052 3447 inter
3080 3392 3319 3447 musicos
3353 3402 3405 3446 et
3439 3391 3520 3446 ci-

1927 3492 2118 3547 cadam
2150 3502 2542 3552 annumerare;
2584 3500 2682 3541 nec
2708 3486 2969 3557 dignitate
3021 3483 3219 3538 excidit
3265 3484 3515 3537 luscinia.

1930 3583 2038 3638 Deo
2054 3582 2343 3637 concinnat
2359 3589 2415 3636 et
2431 3578 2815 3635 irrationabilia
2836 3592 2941 3632 non
2960 3592 3024 3632 eo
3041 3580 3181 3646 quod
3199 3578 3312 3645 ipsa
3329 3590 3515 3631 vocem

1924 3672 2196 3739 emittant,
2222 3673 2315 3727 sed
2342 3672 2483 3741 quod
2518 3672 2680 3726 Deum
2717 3670 2980 3724 honorent
3009 3669 3097 3738 qui
3130 3667 3218 3722 illa
3249 3668 3519 3722 mirantur

1924 3774 1980 3821 et
2004 3764 2095 3835 qui
2134 3762 2487 3819 excellentem
2518 3771 2726 3815 naturae
2748 3760 2999 3815 ordinem
3040 3760 3215 3829 qualis
3245 3767 3299 3812 et
3342 3759 3414 3813 ibi
3444 3758 3520 3814 sit

1925 3858 2217 3914 cstimant.
2244 3853 2488 3924 Namque
2500 3854 2545 3909 si
2576 3852 2709 3907 nihil
2731 3852 3034 3907 dicentibus
3058 3850 3261 3905 similes
3286 3864 3406 3903 cum
3434 3852 3517 3902 lt;-

1927 3960 2140 4021 compta
2165 3948 2326 4003 verba
2355 3947 2616 4003 habemus
2636 3944 3033 4009 convincimur,
3059 3957 3182 3997 cum
3210 3942 3423 3996 auditor
3449 3944 3515 3996 ad

1928 4059 2027 4099 nos
2059 4042 2241 4095 animo
2285 4038 2568 4094 attendens
2589 4037 2827 4106 stupebit
2858 4036 3009 4104 quin,
3042 4043 3191 4089 tanto
3239 4033 3358 4088 uda
3390 4048 3517 4088 nes-

1929 4143 2039 4188 met
2071 4134 2214 4202 ipsos
2238 4131 2664 4193 accenderimus,
2697 4128 2905 4184 meliori
2939 4127 3143 4180 mirans
3174 4126 3390 4195 culpam
3416 4128 3518 4178 ιω.

1930 4224 2173 4295 putabit,
2209 4223 2407 4292 quippe
2433 4221 2523 4290 qui
2556 4235 2661 4274 non
2692 4217 2835 4289 quod
2860 4217 3015 4287 juxta
3048 4217 3393 4286 dignitatem,
3417 4217 3513 4272 sed

1930 4317 2071 4388 quod
2099 4318 2239 4371 bono
2268 4314 2451 4367 animo
2481 4312 2591 4367 Deo
2620 4309 2909 4373 benedicit,
2936 4310 2991 4363 in
3018 4311 3314 4379 gratiarum
3343 4310 3511 4363 actio-

1932 4421 2054 4462 nem
2104 4404 2462 4475 psallentibus
2514 4400 2823 4471 respondet.
2872 4401 2950 4455 ita
3002 4411 3055 4456 et
3106 4408 3293 4454 noster
3335 4415 3512 4455 sermo

1934 4496 2167 4568 aliquam
2201 4496 2645 4566 approbationem
2684 4493 2949 4549 inveniet.

1998 4783 2053 4838 8.
2087 4781 2212 4837 Hmc
2238 4781 2292 4836 in
2316 4792 2533 4850 pectore
2549 4779 2771 4834 volvens
2783 4788 2837 4832 et
2857 4776 3282 4847 alialhujusmodi
3312 4776 3513 4847 quibus

1930 4875 2191 4930 modestis
2235 4882 2289 4927 et
2324 4872 2617 4925 humilibus
2650 4868 2861 4925 animus
2888 4876 2973 4922 est
3018 4867 3370 4937 injiciendus,
3402 4881 3509 4922 non

1930 4970 2152 5021 omnino
2170 4968 2325 5034 longe
2349 4982 2376 5016 a
2406 4963 2776 5034 grandiloquis
2798 4962 3075 5030 ponendos
3098 4974 3239 5025 esse,
3265 4960 3512 5014 dummo-

1932 5060 1999 5113 do
2025 5073 2172 5113 recto
2195 5058 2479 5113 ratiocinio
2505 5057 2811 5123 loquantur,
2834 5054 2912 5108 sic
2937 5053 3119 5109 animo
3141 5051 3265 5107 l‘orti
3289 5062 3510 5122 paratus

1930 5162 2234 5205 sermonem
2271 5147 2478 5210 emitto,
2505 5155 2659 5214 prout
2683 5144 2960 5213 proposui.
2993 5153 3049 5199 et
3078 5144 3143 5198 ad
3184 5143 3507 5203 destinatum

1928 5239 2207 5311 pervenio,
2237 5253 2343 5292 non
2361 5238 2479 5292 aliis
2504 5237 2695 5291 altiora
2715 5238 3086 5307 expositurum
3113 5250 3201 5291 me
3233 5235 3512 5292 conlidens

1927 5333 2056 5403 (non
2090 5331 2274 5401 procul
2309 5331 2452 5385 enim
2486 5330 2551 5384 ab
2583 5330 2790 5384 insania
2826 5330 2980 5384 abest
3035 5328 3393 5400 impossibilia
3422 5328 3507 5381 vi-

1929 5426 2078 5478 ribus
2101 5423 2364 5494 aggredi),
2386 5423 2575 5477 anima:
2600 5438 2725 5477 vero
2747 5432 2941 5478 aestum
2962 5423 3173 5493 relique
3194 5420 3506 5475 incendium

1927 5519 2271 5587 depromens,
2304 5517 2489 5586 sicque
2518 5518 2772 5573 audacter
2826 5526 3071 5572 naturam
3102 5521 3350 5577 domans,
3382 5513 3509 5568 reli-

1934 5610 2153 5680 giosiori
2182 5612 2534 5669 nihilominus
2565 5612 2630 5668 de
2662 5614 2854 5669 talibus
2900 5610 3117 5682 ingenio
3142 5607 3301 5679 quod
3338 5608 3389 5663 in
3416 5621 3503 5662 me

1931 5713 2013 5759 est
2033 5703 2352 5759 accinctum.

3002 5878 3117 5892 *4"
3218 5874 3221 5877 λ
3307 5873 3381 5885 .⁶⁹’
