3906 6564
369 299 475 372 175

1037 304 1455 364 EUSTATHII
1497 300 2244 365 THESSAlDNlCENSlS
2289 295 2849 357 METROPOLIT/E

3495 285 3600 352 176

431 416 485 473 9.
516 415 698 487 lisque
725 423 852 486 quot
885 413 1142 472 miracula
1171 425 1378 488 martyr
1407 417 1593 472 iecerit
1619 416 1927 484 singulatim

2105 415 2168 467 θ’.
2215 410 2604 483 Περιηγεῖσθαι
2648 411 2746 480 μὲν
2789 408 2907 473 οῦν,
2961 408 3058 460 ὅσα
3113 404 3409 476 θαυμαστά
3465 405 3604 474 πρὸς

366 525 642 574 enarrare,
673 508 810 564 idem
860 520 1002 565 esset
1054 524 1117 564 ac
1139 509 1185 564 si
1237 510 1360 580 quis
1412 519 1609 564 terram
1663 509 1932 562 aurariam

365 601 641 657 dilaudare
675 601 878 665 volens,
915 615 1020 656 non
1059 615 1123 656 ex
1163 614 1226 656 eo
1255 601 1395 671 quod
1426 614 1558 654 auro
1597 609 1704 655 tota
1740 607 1850 652 tum
1884 599 1936 652 in

363 691 670 762 superficie,
709 700 816 744 tum
860 691 910 744 in
945 691 1066 746 imis
1097 690 1352 755 abundet,
1383 689 1608 753 extollit,
1647 689 1739 745 sed
1769 688 1942 759 pugil.

363 783 444 838 los
471 783 670 838 mctalli
693 784 1052 853 prehendens,
1078 798 1140 838 ex
1169 783 1252 838 his
1279 781 1384 837 alta
1410 797 1538 838 voce
1567 780 1728 836 infert
1756 781 1940 836 multis

365 874 569 930 divitiis
602 875 1010 930 redundantem.
1039 873 1136 929 Hic
1169 888 1302 945 opus
1326 883 1407 929 est
1434 888 1540 929 non
1581 873 1682 937 sic,
1710 874 1804 928 sed
1835 872 1937 929 bo-

319 959 338 1042 ’1
369 965 590 1021 norifice
632 975 880 1033 tractare,
913 965 1232 1021 aurifodinm
1291 979 1448 1035 Opera
1480 965 1806 1034 quibuslibet
1846 979 1934 1020 re-

329 1049 706 1125 'linqueutes;
749 1065 803 1111 et
841 1056 968 1111 inibi
1017 1055 1270 1127 martyris
1322 1064 1438 1110 acta
1473 1071 1578 1110 non
1629 1071 1724 1124 per
1757 1067 1940 1126 partes

321 1141 328 1150 ’
366 1149 572 1214 mirari,
602 1151 695 1202 sed
722 1147 930 1202 discere
950 1147 1099 1216 quasi
1123 1162 1216 1215 per
1235 1147 1482 1218 figuram,
1505 1157 1632 1214 quot
1663 1156 1718 1202 et
1739 1158 1936 1217 quanta

363 1241 575 1308 operari
608 1240 744 1293 valet
775 1241 1038 1310 prodigia,
1068 1240 1203 1293 nolle
1253 1255 1379 1292 vero
1409 1242 1473 1293 de
1505 1239 1735 1309 singulis
1793 1239 1942 1294 insu-

368 1331 514 1394 dare,
550 1333 849 1398 przesertim
905 1331 971 1385 de
1020 1331 1110 1404 his.
1153 1328 1218 1382 ad
1271 1345 1389 1399 qme
1435 1331 1700 1397 prioribus
1746 1331 1835 1384 alii
1885 1340 1936 1384 et

366 1420 680 1474 melioribus
695 1423 1035 1475 sermonibus
1051 1421 1427 1475 incnbuerunt.
1446 1419 1754 1475 Cavendum
1771 1422 1936 1484 enim,

367 1527 431 1566 ne
469 1522 560 1566 aut
609 1513 970 1581 disputatione
1009 1514 1302 1579 gaudentes
1340 1529 1654 1582 arguamur,
1695 1516 1738 1568 si
1777 1516 1932 1582 quasi

367 1606 628 1659 adversus
657 1603 862 1659 hostem
893 1603 1126 1674 priorem
1162 1604 1412 1660 incedere
1445 1614 1536 1659 aut
1569 1621 1860 1674 arguamur
1892 1610 1939 1663 si

355 1695 628 1751 incertum
659 1694 782 1762 quia
821 1707 926 1746 non
969 1691 1126 1748 facile
1158 1702 1262 1756 est.
1296 1710 1574 1750 sermones
1611 1697 1942 1752 aediliccmus

2039 495 2300 567 ἑκάστους
2325 507 2350 557 ὁ
2383 506 2595 574 μάρτυς
2620 503 2938 574 ἐργάζεται,
2967 500 3062 554 καὶ
3093 501 3173 563 είς
3211 496 3447 571 ἀριθμοῦ
3475 514 3608 567 κερ-

2041 598 2293 668 ματίζειν
2320 597 2649 666 λεπτότητα,
2685 596 2894 666 ὅμοιον,
2915 594 2992 656 ὡς
3022 594 3070 646 εἱ
3101 593 3194 646 καὶ
3221 590 3328 660 γῆν
3357 592 3610 660 χρυσῖτιν

2038 691 2423 759 χρηστολογεῖν
2453 687 2814 758 προθέμενος,
2861 685 2964 739 οὐκ
3008 685 3070 747 ἐξ
3098 682 3264 738 αὐτοῦ
3294 683 3390 736 τοῦ
3425 683 3613 735 πᾶσαν

2039 782 2103 834 ἐκ
2159 781 2268 834 τῶν
2314 780 2578 846 ἐπιπολῆς
2633 779 2730 832 καὶ
2777 781 2857 841 είς
2906 776 3068 848 βάθος
3113 773 3314 846 -χρυσῷ
3353 771 3613 845 εὐφορεῖν

2040 870 2298 941 σεμνύνει
2337 887 2442 934 τις,
2473 869 2608 923 ἀλλά
2642 868 2851 938 δράκας
2877 867 3031 928 τινας
3067 867 3161 920 τοῦ
3198 864 3462 935 μετάλλου
3492 880 3614 933 χει-

2045 963 2350 1035 ριζόμενος,
2398 961 2458 1025 ἐξ
2497 960 2675 1015 αὐτῶν
2707 959 2974 1030 ὑψηγορεῖ
3003 957 3101 1026 τὴν
3144 955 3340 1009 πολλοῦ
3375 954 3613 1008 πλούτου

2041 1054 2342 1124 γέμουσαν.
2377 1053 2483 1104 Καὶ
2516 1053 2634 1105 ἐκεῖ
2679 1050 2787 1119 γὰρ
2845 1049 3045 1120 χρεὼν,
3091 1047 3166 1118 μὴ
3216 1047 3359 1100 οὕτω
3411 1047 3611 1109 ποιεῖν,

2041 1146 2158 1199 ἀλλ’
2187 1145 2317 1198 αὐτὸ
2342 1145 2401 1196 τὸ
2440 1145 2677 1215 πρᾶγμα
2715 1142 3084 1211 σεμνολογεῖν,
3124 1139 3352 1208 ἀφιέντα
3380 1139 3484 1209 τὴν
3514 1155 3616 1208 μευ

2041 1239 2304 1306 ταλλικὴν
2341 1235 2693 1308 χειρουργίαν
2720 1237 2831 1296 τοῖς
2861 1234 3099 1286 θέλουσυ
3127 1233 3221 1286 καὶ
3255 1231 3490 1285 ἐνταῦθα
3515 1229 3575 1282 δὲ
3595 1229 3641 1318 ,ξ

2041 1332 2110 1384 τὰ
2139 1330 2232 1384 τοῦ
2256 1329 2532 1400 μάρτυρος
2563 1328 2638 1397 μὴ
2659 1329 2772 1390 τοῖς
2799 1328 2864 1379 ἐκ
2888 1327 3089 1395 μέρους
3117 1322 3445 1393 θαυμάζειν,
3475 1321 3642 1392 άλλάξ

2039 1423 2311 1477 διδάσκειν
2341 1422 2440 1492 μὲν
2494 1421 2684 1490 ὥσπερ
2728 1421 2848 1472 κατ’
2881 1415 3046 1483 εἶδος.
3101 1419 3201 1471 ὅσα
3250 1416 3464 1486 μεγάλα
3517 1402 3641 1467 καῖ’

2041 1513 2128 1569 οἷα
2156 1517 2547 1586 τερατουργεῐν
2584 1515 2834 1575 δύναται,
2891 1513 2965 1583 μὴ
3013 1511 3216 1564 ἐθέλειν
3243 1512 3300 1564 δέ
3332 1496 3638 1562 πονεῖσθαι

2044 1609 2173 1675 περὶ
2205 1608 2272 1659 τά
2313 1605 2433 1659 καθ’
2466 1606 2696 1672 ἕκαστα,
2724 1606 2818 1658 καὶ
2845 1603 3065 1674 μάλισθ’
3081 1598 3158 1664 οἷς
3186 1601 3363 1672 ἕτεροι
3387 1602 3617 1652 ἐπιστα-

2046 1699 2216 1762 τικῶς
2276 1699 2368 1751 τὸν
2412 1698 2572 1764 λόγον
2622 1695 3099 1766 ἐναπησχόλησαν.
3151 1693 3459 1748 Φυλακτὲον
3503 1693 3615 1760 γὰρ

367 1800 431 1840 ne
463 1801 625 1851 super
659 1785 1016 1846 fundamenta
1036 1786 1206 1841 aliena
1238 1801 1517 1844 sermones
1545 1789 1904 1844 slabiliamus.

2053 1791 2224 1846 ταῦτά
2249 1808 2332 1858 γε,
2366 1792 2562 1861 μήπως
2594 1790 2628 1860 ἦ
2663 1789 2740 1860 τῷ
2766 1789 2946 1858 φίλερι
2979 1787 3353 1856 ἐγκληθῶμεν,
3385 1786 3461 1849 ὡς
3484 1789 3616 1839 ἀκτ-

365 1879 730 1948 επεξαγεσθαι
787 1882 901 1944 τοῖς
969 1883 1394 1954 προῖστορηκόσι
1451 1883 1920 1954 φιλοτιμούμενοι,
1953 1885 1986 1955 ἢ
2018 1887 2079 1941 τὸ
2108 1887 2337 1955 ἄπορον,
2367 1886 2443 1949 ὡς
2475 1885 2573 1954 ’μὴ
2601 1884 2827 1955 εὐχερὲς
2891 1883 2971 1950 δν,
3027 1881 3220 1950 λόγους
3287 1878 3612 1950 οἶκοδομετν

365 1974 413 2026 εἰ
445 1973 521 2043 μὴ
553 1974 644 2026 ἐπὶ
693 1973 963 2044 θεμελίοις
996 1975 1225 2040 ὀθνείοις
1263 1976 1796 2049 προῦποτιθεμὲνοις
1829 1978 2032 2042 αὐτοὺς
2058 1978 2382 2049 ἑδράζομεν.

437 2067 524 2121 10.
555 2065 848 2122 Confestim
880 2077 935 2122 et
957 2070 1210 2141 martyris
1233 2071 1488 2126 continua
1522 2073 1780 2142 unguenti
1809 2071 1944 2126 ellu-

369 2162 452 2216 sio
477 2175 724 2229 magnam
750 2175 858 2228 prae
880 2159 1000 2216 aliis
1023 2171 1074 2216 et
1097 2161 1147 2215 in
1170 2162 1419 2218 omnibus
1442 2163 1619 2219 ciebat
1645 2172 1944 2232 stuporem,

359 2266 420 2308 et
451 2255 728 2308 thesauros
765 2252 1151 2323 cogitationum
1185 2255 1530 2311 inveniebant
1559 2264 1823 2320 oratores,
1850 2271 1946 2312 au-

372 2346 632 2401 ditoribus
671 2345 947 2411 studiosis,
985 2345 1120 2400 scite
1156 2355 1507 2416 exponentes.
1544 2345 1654 2402 Nec
1688 2357 1769 2403 est
1800 2350 1944 2417 quod

372 2438 653 2509 quisquam
685 2454 715 2494 e
744 2439 900 2496 nobis
935 2439 1146 2494 fructus
1179 2439 1459 2495 uberiores
1491 2439 1783 2509 percipiat,
1813 2441 1944 2496 licet

370 2528 457 2582 diu
505 2528 557 2582 in
599 2527 780 2583 labore
813 2527 1169 2584 insudaverit.
1217 2528 1390 2584 Simili
1429 2531 1588 2584 modo
1637 2531 1727 2600 qui
1761 2530 1940 2586 divina

369 2622 584 2690 sapiunt
607 2631 662 2676 et
689 2622 756 2677 de
783 2620 1001 2691 reliquis
1025 2621 1241 2677 victoris
1267 2623 1525 2694 prodigiis
1549 2622 1940 2690 disseruerunt,

370 2724 485 2770 arte
516 2715 718 2784 optima
757 2713 939 2770 laudes
971 2713 1341 2782 celebrantes;
1378 2715 1520 2770 unde
1544 2715 1635 2785 qui
1670 2723 1819 2772 recte
1856 2729 1950 2770 co-

370 2807 542 2877 gitant
587 2807 865 2875 ignoscent
915 2804 1180 2870 benevoli,
1215 2805 1258 2860 si
1299 2807 1742 2875 supervenientes
1810 2821 1946 2860 nova

374 2898 516 2953 nulla
581 2898 905 2968 reperimus,
963 2897 1058 2953 sed
1107 2897 1228 2954 aliis
1278 2911 1512 2953 consona
1569 2898 1850 2967 loquamur
1895 2907 1949 2954 et

373 2998 521 3044 retro
554 2999 673 3058 post
699 2989 833 3044 alios
863 2998 1144 3045 currentes
1181 3003 1370 3046 eorum
1417 2997 1481 3044 ut
1533 2990 1773 3060 vestigiis
1819 2991 1949 3044 insi-

2122 2078 2177 2128 t'.
2204 2071 2413 2126 Αὐτίκα
2445 2070 2541 2125 καὶ
2567 2071 2600 2141 ή
2628 2069 2721 2124 τοῦ
2744 2068 3035 2138 άειϐρύτου
3076 2063 3409 2137 μαρτυρικοῦ
3438 2063 3616 2133 μύρου

2053 2169 2316 2237 πρόχυσις
2373 2165 2578 2236 μυρίαν
2632 2163 2742 2232 πρὸ
2779 2163 2889 2217 τῶν
2945 2162 3120 2216 ἄλλων
3169 2159 3481 2230 ἐπηγάγετο
3519 2157 3619 2211 καὶ

2052 2259 2190 2331 πρὸς
2220 2259 2475 2312 ἀπάντων
2503 2257 2602 2329 τὴν
2633 2255 2916 2327 ἔκπληξιν,
2950 2255 3045 2308 καὶ
3076 2253 3383 2322 θησαυροὺς
3415 2248 3622 2319 νοημά-

2049 2369 2160 2408 των
2204 2351 2426 2424 ἐξεῦρον
2462 2353 2516 2405 oi
2549 2350 3006 2422 ρητορεύσαντες,
3057 2349 3168 2410 τοῖς
3217 2343 3618 2415 φιλακροάμοσι

2049 2443 2388 2513 τεχνηέντως
2438 2443 2568 2498 αὐτὸ
2621 2441 3132 2510 διασκευασάμενοι.
3193 2439 3298 2492 Καὶ
3343 2437 3444 2489 οὐκ
3496 2435 3617 2488 ἔπι

2049 2537 2157 2590 τῶν
2186 2537 2309 2589 καθ’
2341 2537 2488 2606 ἡμᾶς
2517 2553 2637 2588 τινα
2670 2530 3119 2603 προσευπορῆσαι
3153 2529 3398 2591 κάλλιον,
3438 2529 3487 2578 εί
3519 2527 3616 2577 καὶ

2057 2629 2245 2698 μακρὰ
2271 2627 2550 2697 ἐνιδρώσει
2580 2626 2658 2697 τῷ
2687 2627 2984 2695 πονήματι.
3009 2623 3112 2676 Τὸν
3132 2623 3317 2691 ὅμοιον
3339 2619 3394 2672 δὲ
3415 2617 3622 2688 τρόπον

2045 2723 2096 2775 οι
2121 2722 2189 2775 τὰ
2223 2720 2342 2773 θεῖα
2399 2721 2556 2788 σοφοὶ
2611 2721 2708 2772 καὶ
2760 2720 2872 2781 τοῖς
2920 2717 3128 2778 λοιποῖς
3179 2712 3471 2782 ἐπεξῆλθον
3521 2708 3618 2761 τοῦ

2046 2811 2344 2881 ἀθλοφόρου
2385 2809 2677 2880 θαύμασιν,
2735 2804 2793 2862 εὖ
2845 2808 2989 2877 μάλα
3022 2805 3510 2876 τεχνολογήσαντες
3546 2801 3614 2854 τὰ

2049 2905 2324 2974 ἐγκώμια·
2363 2904 2488 2958 ὅθεν
2536 2905 2585 2956 οἱ
2639 2902 2774 2972 ὀρθά
2803 2899 3127 2973 φρονοῦντες
3180 2895 3616 2967 συγγνώσονται,

2049 2997 2208 3067 εῐπιιρ
2229 2995 2445 3065 ὕστεροι
2476 2994 2853 3057 διεκπεσόντες
2881 2995 3065 3062 ἡμεῖς,
3101 2992 3177 3061 μὴ
3203 2989 3366 3044 καινά
3384 2984 3623 3058 προσεξ-

375 3091 609 3138 stamus.
633 3079 747 3136 Non
779 3081 922 3136 enim
945 3079 1148 3136 furtum
1183 3095 1291 3146 res,
1326 3096 1425 3136 nec
1454 3087 1536 3136 est
1566 3082 1707 3151 quod
1738 3081 1804 3136 ab
1831 3081 1945 3138 aliis

2055 3089 2331 3159 εύρωμεν,
2364 3088 2504 3142 ἀλλά
2551 3105 2655 3140 που
2691 3088 2782 3140 καὶ
2813 3087 3086 3156 σύμφωνα
3110 3085 3219 3145 τοῖς
3251 3083 3431 3144 ἄλλοις
3455 3080 3620 3150 λαλή-

375 3173 762 3244 subripiamus,
796 3173 889 3228 sed
930 3172 1203 3239 fortuitus,
1239 3173 1526 3242 utopinor,
1558 3172 1946 3242 cogitationum

374 3280 694 3321 concursus.
721 3264 1092 3332 Philosophiae
1118 3263 1259 3320 enim
1287 3265 1631 3336 cogitandum
1649 3263 1789 3333 quod
1807 3277 1950 3332 smpe

381 3376 409 3411 a
443 3357 672 3413 dirersis
706 3357 846 3413 idem
892 3371 1085 3412 sensus
1135 3364 1371 3422 emanat,
1404 3365 1460 3411 et
1490 3357 1611 3426 quis
1658 3366 1946 3426 antequam

375 3447 572 3502 diluvio
624 3447 976 3502 inundaretur
1031 3448 1156 3515 (sic
1208 3447 1352 3502 enim
1409 3449 1751 3502 statuendum
1805 3449 1946 3516 est)

376 3550 542 3595 artem
570 3540 804 3611 aliquam
857 3539 1153 3594 adinvenit.
1184 3538 1313 3595 Tale
1342 3542 1480 3609 quod
1505 3538 1559 3594 in
1593 3553 1686 3602 eos
1708 3539 1944 3608 quicum

374 3635 485 3691 Noe
514 3642 668 3689 erant
693 3634 1032 3703 penetrabat,
1061 3634 1110 3686 in
1146 3648 1330 3688 eorum
1367 3634 1528 3688 corda
1560 3642 1612 3687 et
1641 3631 1861 3686 intravit
1891 3640 1948 3687 et

377 3727 621 3782 intrabit.
652 3726 816 3796 Igitur
847 3727 934 3794 qui
961 3727 1304 3780 sermonesin
1331 3727 1580 3796 martyris
1614 3734 1941 3794 unguentum

377 3821 490 3876 sive
519 3817 781 3887 reliquum
809 3816 1172 3887 prodigiorum
1205 3831 1350 3871 mare
1385 3825 1632 3886 mergunt
1667 3816 1796 3881 nihil
1821 3816 1948 3872 novi

379 3909 756 3977 perfecissent,
785 3909 884 3964 nisi
923 3910 1066 3964 sicut
1101 3909 1191 3977 qui
1245 3925 1434 3964 manus
1466 3911 1531 3964 ad
1566 3909 1741 3964 locum
1779 3924 1944 3964 Illillm

371 4003 610 4072 jungunt
640 4001 1092 4070 appmpinquant,
1124 4001 1204 4056 sic
1239 4011 1293 4055 et
1326 4000 1398 4054 illi
1431 4002 1678 4056 manibus
1705 4000 1950 4054 scriben-

385 4106 464 4148 tes
496 4094 549 4148 in
581 4108 744 4150 unum
779 4094 1112 4156 incumbant,
1146 4093 1236 4146 alii
1275 4093 1504 4148 aliorum
1533 4093 1948 4163 cogitationibus

382 4187 661 4256 propiores
714 4185 863 4242 facti.

2054 3195 2241 3248 σομεν,
2268 3181 2364 3234 καὶ
2391 3180 2620 3233 κατόπιν
2647 3179 2858 3241 θέοντες
2887 3178 3088 3247 ἑτέρων
3114 3177 3261 3229 ἔστιν
3285 3176 3418 3228 ὅπου
3441 3175 3619 3244 ἴχνεσι

2054 3271 2501 3342 συμπεσούμεθα.
2533 3269 2610 3325 Οὐ
2635 3272 2744 3342 γὰρ
2771 3270 2946 3341 κλοπὴ
2973 3271 3034 3323 τὸ
3056 3271 3310 3340 πρᾶγμα,
3334 3268 3443 3322 οὐδ’
3469 3267 3622 3319 ἔστιν

2052 3365 2350 3435 ἀλλοτρίων
2382 3362 2917 3435 παρανοσφίσασθαι,
2969 3361 3086 3416 ἀλλ’
3117 3361 3421 3430 αὐτόματος
3461 3357 3619 3428 οἶμαι

2053 3458 2336 3527 νοημάτων
2376 3458 2778 3527 συνέμπτωσις.
2813 3457 3100 3524 Λογιστέον
3153 3455 3262 3524 γὰρ
3312 3451 3619 3521 φιλοσοφὼ-

2050 3565 2228 3615 τερον,
2278 3549 2354 3611 ὡς
2409 3550 2471 3601 τὸ
2530 3548 2662 3600 αὐτὸ
2711 3547 2890 3616 νόημα
2931 3546 3188 3609 πολλάκις
3219 3545 3300 3608 είς
3323 3544 3622 3613 διαφόρους

2053 3640 2200 3694 ἐστιν
2231 3639 2496 3702 ἀνελθεῖν,
2526 3642 2619 3694 καί
2653 3657 2756 3703 τις,
2792 3640 2924 3708 πρὶν
2964 3639 2996 3708 ἢ
3041 3637 3482 3707 κατακλυσθῆναι
3515 3636 3619 3703 τὴν

2050 3735 2155 3801 γῆν
2186 3731 2390 3802 (θετέον
2435 3732 2544 3803 γὰρ
2569 3731 2734 3799 οῦτω)
2755 3775 2768 3798 ,
2804 3732 3085 3799 ἐλογίσατὸ
3118 3749 3169 3784 τι
3224 3730 3406 3798 σοφόν.
3461 3729 3504 3780 Τ
3505 3729 3534 3780 δ
3563 3728 3624 3780 δὲ

2051 3820 2139 3896 ἦν,
2178 3826 2358 3878 ὁποῖον
2415 3827 2507 3878 καὶ
2556 3826 2637 3887 είς
2665 3825 2792 3889 τοὺς
2827 3826 2961 3895 μετὰ
2986 3825 3075 3876 τὸν
3122 3823 3246 3876 Νῶε
3290 3820 3624 3874 καταϐαῖνον

2052 3920 2131 3980 εἰς
2155 3917 2255 3980 τάς
2295 3916 2520 3970 ἐκείνων
2571 3917 2798 3988 καρδίας
2829 3919 2919 3970 καὶ
2951 3918 3114 3984 ἀνέϐη
3147 3916 3239 3968 καὶ
3265 3914 3622 3984 ἀναϐήσεται.

2054 4008 2164 4061 Καὶ
2202 4007 2382 4060 τοίνυν
2421 4008 2517 4060 καὶ
2561 4008 2609 4059 οἱ
2653 4009 2780 4068 τοὺς
2808 4007 2996 4075 λόγους
3047 4010 3125 4070 είς
3165 3999 3224 4058 τδ
3254 4006 3347 4058 τοῦ
3407 4005 3630 4073 μάρτυ-

2057 4096 2197 4166 ροςῆ
2227 4097 2415 4167 μύρον,
2461 4099 2493 4167 ἢ
2523 4099 2621 4167 τὴν
2648 4098 2838 4168 λοιπὴν
2866 4099 2971 4150 τῶν
3001 4098 3297 4167 θαυμάτων
3343 4095 3629 4148 θάλασσαν

2053 4188 2369 4257 βάπτοντες,
2409 4190 2510 4245 οὐκ
2556 4190 2622 4243 ἂν
2653 4193 3099 4261 καινοπραγοῖεν,
3143 4190 3260 4254 ἐὰν,
3292 4189 3544 4257 καθάπερ
3573 4189 3625 4239 οῖ

381 4284 479 4346 τὰς
520 4283 707 4353 χεῖρας
737 4285 816 4347 είς
847 4284 1011 4340 τόπον
1049 4285 1146 4340 ἕνα
1179 4285 1579 4354 συμϐάλλοντες
1615 4285 1946 4354 ἐγγίζουσιν,
1979 4283 2120 4338 οῦτω
2169 4289 2263 4341 καὶ
2315 4287 2469 4341 αὐτοὶ
2524 4292 3012 4360 χειρογραφοῦντες
3072 4289 3150 4352 είς
3207 4287 3264 4339 ἓν
3312 4287 3626 4345 ἅπτωνται,

382 4371 491 4431 οἷον
517 4377 762 4448 ἀλλήλων
791 4379 900 4441 τοῖς
923 4378 1156 4450 νοήμασι
1195 4377 1600 4462 πλησιάζοντες.

452 4471 538 4522 Η.
565 4467 692 4523 Mihi
730 4483 880 4536 ergo,
915 4468 1004 4536 qui
1059 4481 1366 4522 sermonem
1422 4465 1490 4521 de
1536 4468 1791 4538 martyris
1825 4481 1945 4536 ope-

2132 4464 2450 4533 ια’.Ἕμοιγ⁹
2469 4465 2581 4530 οῦν,
2604 4466 2761 4534 λόγον
2788 4467 2887 4536 μέν
2903 4483 3019 4519 τινα
3046 4466 3136 4518 ἐπὶ
3159 4468 3268 4528 τοῖς
3287 4466 3381 4518 τοῦ
3417 4467 3631 4535 μάρτυ-

381 4561 532 4615 ribus
550 4575 744 4614 novum
761 4569 816 4614 et
838 4559 1165 4629 exquisitum
1189 4573 1505 4627 comparare
1532 4569 1759 4614 conatus
1780 4575 1949 4621 eram,

381 4650 630 4720 gloriatio
654 4659 772 4704 erat
803 4651 955 4718 quasi
989 4649 1309 4704 recentioris
1340 4649 1467 4703 dicti
1523 4645 1869 4711 inventionis,
1901 4657 1956 4704 et

382 4742 724 4811 contingebat
753 4748 810 4794 ut
835 4741 1122 4812 gauderem
1153 4741 1277 4810 quia
1307 4741 1502 4797 animat
1529 4756 1748 4811 campus
1771 4740 1952 4810 spicas

381 4833 718 4905 germinabat
744 4846 848 4886 non
883 4831 1322 4888 contemnendas.
1351 4831 1680 4886 Incidentem
1710 4845 1836 4886 vero
1865 4845 1952 4886 me

384 4925 436 4979 in
463 4924 640 4993 aliqua
667 4923 854 4977 eadem
897 4936 1016 4989 qua:
1045 4921 1411 4992 praecellentcr
1441 4921 1778 4990 scripserunt
1837 4921 1950 4987 alii,

383 5033 482 5075 nec
512 5019 639 5074 illud
662 5017 816 5089 longe
842 5034 871 5072 a
890 5018 1206 5088 gloriatione
1229 5017 1566 5073 convenienti
1597 5016 1802 5084 rejicit;
1828 5016 1952 5086 quia

382 5125 434 5167 et
453 5112 565 5180 ipse
585 5111 978 5166 sermocinandi
1004 5118 1226 5165 ornatus
1249 5125 1372 5166 sum
1394 5109 1619 5172 honore,
1636 5109 1775 5164 sicut
1802 5118 1953 5162 ante-

383 5218 629 5259 cessores
678 5201 890 5265 diserti,
923 5211 978 5256 et
1030 5201 1290 5256 orationis
1336 5201 1591 5269 scapham
1629 5200 1678 5253 in
1726 5199 1950 5256 eosdem

383 5309 569 5350 amnes
599 5305 805 5358 tenens,
837 5295 1022 5349 eodem
1059 5294 1170 5347 fere
1227 5293 1444 5347 tramite
1472 5290 1739 5359 navigavi.

457 5476 541 5530 l2.
581 5473 670 5531 Sic
701 5489 826 5546 ergo
854 5476 919 5530 ad
943 5477 1138 5530 bonum
1167 5474 1494 5529 confirmato
1521 5471 1700 5526 animo
1722 5486 1867 5535 meo,
1901 5479 1956 5524 et

386 5565 594 5622 fortiter
617 5578 818 5630 erecto.
834 5568 883 5621 in
909 5568 1093 5635 primis
1113 5567 1396 5636 examino(
1415 5567 1548 5619 ratio
1563 5563 1702 5618 enim
1722 5562 1885 5634 exigit
1903 5571 1959 5616 ut

387 5658 671 5726 (ιιιὶιΙοῐὶιίι
691 5662 838 5728 prius
859 5660 1123 5715 defectum
1149 5667 1413 5726 quantum
1442 5667 1618 5727 potest
1646 5656 1876 5724 deponat
1906 5665 1960 5708 et

385 5764 452 5803 ex
487 5728 673 5805 ordine
705 5760 898 5807 tractet
928 5755 986 5822 );
1021 5766 1125 5821 qua
1164 5752 1219 5804 lit
1252 5759 1305 5802 ut
1332 5758 1408 5804 tot
1433 5757 1485 5804 et
1516 5747 1677 5802 tantis
1717 5760 1812 5816 pro
1848 5745 1954 5800 Deo

2061 4572 2148 4625 ρος
2179 4557 2371 4626 νεαρὸν
2399 4558 2489 4610 καὶ
2519 4558 2829 4628 πρόσφατον
2849 4559 2926 4620 είς
2945 4558 3224 4628 ἐξεύρημα
3246 4576 3373 4611 κατε
3385 4561 3630 4628 ργασμέ-

2056 4665 2152 4719 νῳ,
2207 4647 2466 4718 καύχημα
2521 4649 2580 4702 τὸ
2645 4651 2878 4722 πρᾶγμα
2909 4645 2978 4720 ἦν
3035 4649 3119 4714 ἂν,
3173 4649 3250 4712 ὡς
3306 4651 3627 4719 καινοτέρου

2055 4739 2401 4808 ἀκούσματος
2449 4741 2670 4812 εὑρεθῇ,
2732 4743 2826 4795 καὶ
2855 4742 3124 4813 ἐπήρχετο
3154 4743 3220 4796 ἂν
3250 4741 3482 4812 χαίρειν,
3541 4741 3626 4795 ὅτι

2059 4848 2149 4900 μοι
2181 4831 2241 4883 τὸ
2265 4831 2362 4900 τῆς
2382 4833 2561 4902 ψυχῆς
2589 4833 2741 4903 λήϊον
2763 4835 3037 4904 ἀστάχυας
3065 4833 3189 4902 φύει
3221 4835 3320 4888 οῦκ
3353 4837 3626 4900 ἀγεννεῖς,

2060 4921 2180 4974 οῦδὲ
2232 4922 2377 4987 οἴους
2424 4924 2854 4996 ἐξαθερίζεσθαι.
2889 4927 3293 4996 Συνεμπεσὸντι
3343 4927 3399 4979 δέ
3453 4943 3626 4992 τισιν,

2057 5005 2130 5066 ὧν
2154 5013 2629 5086 ἐκαλλιγράφησαν
2651 5019 2848 5088 ἕτεροι,
2873 5017 2994 5071 οὐδὲ
3019 5020 3175 5071 τοῦτο
3195 5017 3300 5084 ἔξω
3333 5019 3401 5071 ἂν
3431 5016 3629 5071 πίπτοι

2057 5103 2151 5156 τοῦ
2175 5103 2400 5169 δεόντως
2425 5107 2632 5177 αὐχεῖν,
2686 5108 2770 5160 ὅτι
2800 5109 2895 5162 καὶ
2925 5109 3088 5172 αὐτὸς
3133 5107 3372 5179 ἠξίωμαι
3398 5107 3629 5176 λογίσα-

2061 5195 2204 5261 σθαι,
2234 5197 2334 5250 ὅσα
2371 5200 2465 5252 καὶ
2496 5201 2546 5252 οί
2582 5200 2884 5268 φθάσαντες
2912 5201 3101 5269 λόγιοι,
3137 5203 3231 5254 καὶ
3255 5201 3315 5254 τὸ
3341 5201 3436 5253 τοῦ
3461 5200 3628 5267 λόγου

2063 5286 2270 5354 σκάφος
2292 5291 2371 5351 εἰς
2403 5291 2494 5344 τὸν
2530 5291 2692 5344 αὑτὸν
2720 5293 2952 5356 ἐκείνοις
2997 5292 3122 5362 ῥοῦν
3155 5292 3383 5360 ἐπαφεὶς
3430 5292 3632 5363 ἔτεμόν

2064 5392 2166 5429 που
2201 5380 2299 5433 καὶ
2331 5381 2430 5449 τὴν
2460 5384 2631 5454 αὐτὴν
2665 5387 2806 5439 κατά
2831 5403 2950 5439 τινα
2986 5385 3314 5454 συνδρομήν.

2135 5471 2222 5546 ιβ’.
2251 5472 2406 5528 Οὕτω
2436 5474 2568 5540 γοῦν
2598 5476 2832 5546 ἐμαυτὸν
2858 5478 3204 5546 καταστήσας
3225 5478 3282 5528 ἐν
3315 5473 3467 5544 καλῷ
3498 5475 3636 5527 κάν·

2065 5567 2258 5632 ταῦθα,
2289 5566 2385 5619 καὶ
2413 5565 2474 5620 τὸ
2509 5565 2732 5636 θαρρεῖν
2758 5567 2940 5635 λέγειν
2967 5567 3270 5632 ἀναλαϐὼν,
3303 5569 3361 5620 ἐν
3390 5566 3631 5636 πρώτοις

2067 5655 2287 5710 συννοοῦ
2297 5673 2392 5724 μαι
2425 5655 2554 5726 (χρὴ
2580 5656 2686 5724 γάρ
2713 5657 2946 5725 ἐλλόγως
2961 5657 3314 5728 ἀπορήσαντα
3337 5655 3631 5726 πρότερον,

2064 5747 2157 5800 καὶ
2193 5747 2291 5816 τὴν
2322 5747 2571 5816 ἀπορίαν,
2635 5747 2742 5818 ὅπη
2779 5745 3020 5815 δυνατὸν,
3071 5746 3488 5817 ἐπιλυσάμενον,
3517 5763 3632 5816 χω-
