3906 6624
257 551 329 652 ιιι

1342 579 1726 639 LAUDATIO
1753 575 1814 634 S.
1857 570 2259 634 DEMETRII.

3331 569 3449 654 17a“

254 699 338 768 ρείν
371 691 456 745 ἐπὶ
488 689 552 743 τὰ
585 691 756 760 ἑξῆς),
803 690 946 754 ὅπως
982 690 1111 762 ἄρα,
1152 692 1358 745 πολλῶν
1398 692 1489 745 καὶ
1523 690 1772 760 μεγάλων
1803 738 1805 746 λ

1913 687 2108 742 nimam
2156 683 2478 754 ponentibus
2526 694 2578 739 et
2606 683 2814 754 magnis
2846 681 2896 737 in
2952 683 3150 752 pra-liis
3179 684 3437 740 iusudan.

254 785 359 854 ὑπὲρ
381 781 505 834 Θεοῦ
535 781 860 834 τεθεικότων
884 782 981 846 τὰς
1010 782 1206 854 ψυχὰς,
1236 783 1329 835 καὶ
1361 783 1635 851 μεγίστοις
1659 783 1767 833 ἐνι-

1878 781 2037 845 tibus,
2069 779 2170 832 illis
2223 777 2531 833 vulneribus
2587 785 2638 831 et
2671 790 2868 832 cruore
2894 779 3033 831 inter
3067 778 3437 845 praeliandum,

253 874 488 946 δρωκότων
535 873 735 939 ἀγῶσι,
776 875 884 936 τοῖς
923 873 1020 943 μὲν
1048 874 1184 941 μετὰ
1215 874 1306 926 καὶ
1330 874 1656 942 τραυμάτων
1680 874 1772 926 καὶ

1914 869 1957 922 is
1984 869 2118 924 alias
2145 867 2214 923 ad
2243 867 2645 923 meditationem
2675 881 2736 923 se
2759 867 3164 934 exercentibus,
3195 882 3302 924 non
3325 885 3444 924 om-

254 967 454 1036 aipdrmv
499 964 609 1018 τῶν
658 965 727 1032 ἐξ.
769 965 1085 1036 ἀθλήσεως,
1127 967 1243 1027 τοῖς
1297 965 1351 1018 δὲ
1399 967 1491 1018 καὶ
1512 965 1683 1029 ἄλλως
1714 965 1771 1032 ἐξ

1915 960 2032 1014 ibus
2082 967 2476 1029 unguentorum
2505 957 2694 1014 eil'usio
2747 959 2981 1029 gloriosa
3031 959 3444 1024 liabeatur,sed

255 1060 513 1128 ἀσκήσεως,
542 1057 642 1127 οὐχ
681 1057 884 1110 ἅπασιν
916 1058 950 1127 ἡ
978 1056 1070 1108 τοῦ
1107 1056 1280 1126 μύρου
1333 1056 1519 1125 βλύσις
1550 1057 1774 1123 πεφιλο-

253 1152 453 1219 τῐμηται,
503 1148 642 1202 ἀλλά
694 1165 806 1202 τισι
865 1149 1178 1218 μετρητοῖς,
1229 1149 1322 1200 καὶ
1371 1148 1460 1211 οὓς
1498 1149 1626 1222 ῥᾷόν
1657 1151 1770 1201 ἐστι

257 1240 624 1308 καθυπαγαγεῖν
653 1237 907 1311 ἀριθμῷ·
963 1241 1020 1291 ἐν
1071 1233 1150 1300 οἷς
1182 1239 1277 1290 καὶ
1324 1239 1383 1291 τὸ
1413 1243 1509 1310 τῆς
1557 1241 1776 1308 ἁπάσης

1877 1049 2300 1118 quibusdam,.et
2335 1051 2386 1106 in
2423 1066 2694 1115 mensura,
2728 1053 2899 1122 etqui
2946 1052 3100 1108 facile
3127 1042 3312 1109 essent
3341 1070 3442 1108 nu-

1880 1156 2030 1194 mero
2077 1143 2394 1207 aestimandi,
2421 1145 2488 1199 de
2523 1145 2740 1212 quibus.
2770 1154 2882 1198 tum
2914 1144 3130 1215 quidem
3163 1148 3444 1202 iitrumor

1877 1232 2080 1287 electus
2107 1248 2203 1301 per
2232 1236 2550 1291 universam
2585 1247 2807 1305 terram,
2839 1250 2950 1294 tum
2980 1252 3109 1294 vero
3137 1253 3232 1307 per
3264 1241 3444 1308 regio-

261 1332 336 1400 μὲν
357 1331 620 1400 ἐξαίρετον
655 1332 907 1400 ἄκουσμα
941 1331 1097 1399 τῆσδε
1137 1330 1261 1384 καθ’
1291 1332 1436 1401 ἡμᾶς
1467 1330 1674 1401 ταύτης
1695 1331 1776 1384 οι-

1919 1336 2002 1376 em
2030 1321 2167 1378 banc
2193 1336 2429 1378 nostram
2453 1333 2508 1380 et
2535 1325 2762 1396 amplior
2791 1325 3060 1396 splendor.
3081 1326 3148 1383 Et
3176 1328 3229 1382 in
3254 1343 3445 1384 senum

261 1425 487 1492 κουμέντ,ς
516 1422 612 1474 καὶ
643 1421 735 1474 ἐπὶ
765 1421 927 1474 πλέον
951 1421 1250 1490 ἀγλάϊσμα.
1287 1423 1396 1475 Kal
1427 1421 1650 1494 φέρεται
1679 1422 1778 1491 μὲν

1913 1410 2137 1466 oncione
2162 1410 2334 1467 fertur
2385 1413 2723 1470 vinculorum
2749 1415 3071 1473 solutionem
3113 1417 3169 1472 in
3197 1417 3323 1473 vitae
3349 1433 3450 1486 pu-

260 1514 383 1581 ὶόγος
403 1511 786 1581 πρεσϐυτικδς,
824 1510 1098 1565 καθιστῶν
1133 1510 1233 1577 τὴν
1276 1513 1368 1564 τοῦ
1403 1513 1776 1583 ἀπορουμένου

1913 1501 2041 1556 itate
2093 1503 2551 1562 constituentibus
2608 1514 2662 1562 et
2715 1508 2770 1563 in
2823 1509 3219 1573 misericordia,
3251 1511 3450 1579 quibus

262 1599 420 1671 δεσμοῦ
458 1602 612 1654 λύσιν
643 1602 723 1663 εις
765 1601 827 1653 τὸ
865 1601 1104 1671 καθαρὸν
1149 1600 1244 1654 τοῦ
1291 1601 1409 1671 βίου
1456 1602 1550 1655 καὶ
1582 1603 1660 1665 εἰς
1689 1603 1779 1656 τὸν

1913 1595 2386 1664 uperabundanter
2445 1598 2768 1666 nitescebat,
2807 1602 3062 1658 athletam
3103 1618 3134 1657 a
3172 1601 3280 1656 Deo
3310 1617 3449 1659 mer-

262 1696 391 1755 ἔλεον,
440 1687 520 1755 οἷς
562 1692 928 1761 ὲνευδοκιμῶν
973 1709 1137 1761 φασιν
1182 1691 1447 1762 ὑπερλίαν
1485 1692 1513 1744 ό
1543 1692 1782 1762 ἀθλητὴς

1917 1687 2069 1742 edem
2106 1690 2366 1758 unguenti
2397 1689 2712 1747 eﬂusionem
2743 1694 3064 1751 obtinuisse.
3091 1694 3285 1751 Gravis
3320 1696 3448 1766 qui-

261 1787 385 1855 ἒλαχε
414 1783 592 1836 θεόθεν
647 1785 726 1848 εις
761 1785 929 1854 γέρας
961 1784 1060 1854 τὴν
1107 1783 1202 1836 τοῦ
1263 1782 1436 1853 μύρου
1502 1782 1778 1838 ἔκσλυσιν.

261 1878 344 1932 Καὶ
375 1877 560 1946 σεμνὸς
609 1877 712 1946 μὲν
749 1876 778 1927 ό
833 1877 991 1944 λόγος
1023 1871 1201 1942 οὗτος,
1228 1877 1432 1945 φλέϐας
1459 1875 1612 1937 τινας
1639 1877 1780 1930 ὐπα·

261 1970 436 2036 νοῐγων,
473 1967 530 2032 ἐξ
575 1961 649 2020 ὧν
683 1967 778 2020 καὶ
807 1967 987 2020 αὐτῶν
1040 1967 1187 2021 ἔστιν
1232 1966 1694 2037 ἁναρῤυτσκεσθαι
1725 1967 1784 2020 τὸ

1884 1778 2003 1833 dem
2033 1779 2144 1834 haec
2172 1782 2432 1847 narratio,
2459 1797 2622 1839 venas
2647 1785 2950 1856 aperiens,e
2978 1788 3174 1858 quibus
3215 1789 3450 1844 scaturit

1885 1870 2140 1940 unguenti
2160 1870 2328 1939 odor;
2357 1873 2486 1928 mihi
2517 1889 2644 1930 vero
2669 1869 3063 1947 disquisitionis
3090 1894 3200 1935 non
3229 1881 3456 1937 omnino

1893 1958 1994 2012 fuit
2017 1961 2294 2016 cessanda:
2321 1977 2508 2019 causa.
2534 1965 2751 2021 Etenim
2777 1968 2835 2022 in
2863 1967 3049 2024 decem
3073 1971 3315 2026 millibus
3336 1972 3451 2026 haec

262 2061 334 2114 τοῦ
374 2061 535 2130 μύρου
585 2058 786 2112 καλόνο
835 2060 958 2129 ἐμοὶ
1008 2057 1064 2112 δὲ
1112 2059 1172 2113 τὸ
1223 2058 1405 2130 ζητεῖν
1460 2061 1519 2114 ού
1548 2059 1688 2114 πάνυ
1737 2077 1788 2113 τι

1913 2051 2114 2118 ιυίύεω
2145 2053 2287 2108 bona
2312 2065 2368 2109 et
2392 2071 2559 2128 supra
2592 2059 2808 2115 modum
2825 2061 3168 2129 enituerunt,
3187 2063 3306 2118 dico
3328 2064 3453 2118 vitae

261 2152 448 2204 ἔπαυσε.
480 2149 713 2219 Mupiot;
741 2148 850 2219 γὰρ
880 2149 1027 2212 ὅσοις
1061 2148 1128 2202 τὰ
1150 2149 1332 2216 ἀγαθὰ
1370 2149 1468 2219 μὲν
1501 2145 1670 2204 ταῦτα
1696 2148 1788 2202 καὶ

261 2245 318 2304 εἰς
340 2241 630 2310 ὑπερϐολὴν
665 2240 1043 2310 uelandast
1081 2241 1141 2293 ἑν
1173 2241 1273 2310 βίῳ
1310 2244 1449 2311 φημὶ
1482 2240 1789 2312 καθαρότης

262 2336 376 2388 καὶὸ
403 2334 543 2397 ἔλεος
564 2349 578 2362 ·
616 2331 718 2403 οὐχ
743 2332 914 2386 ἅπασι
946 2331 1002 2386 δὲ
1037 2335 1070 2403 ἡ
1100 2331 1193 2385 τοῦ
1244 2335 1418 2404 μύρου
1445 2333 1586 2397 δόσις
1631 2350 1792 2402 πεφιο

262 2426 533 2493 λοτέμηται.

318 2521 392 2581 ιγ’.
418 2513 688 2585 Ζητητέον
717 2512 810 2567 οὖν
854 2515 948 2567 καὶ
998 2513 1200 2584 ἑτέρων
1245 2515 1586 2586 ἀνακαλύψαι
1618 2518 1678 2570 τὸ
1705 2535 1795 2571 κε-

262 2604 544 2673 κρυμμένον
569 2603 667 2673 τῆς
697 2601 928 2664 λύσεως.
963 2600 1074 2654 Καὶ
1124 2602 1336 2672 μήποτε
1360 2604 1482 2656 οὐδὲ
1507 2605 1663 2658 τοῦτο
1691 2605 1794 2672 ἔξω

261 2692 333 2745 τοῦ
361 2690 667 2760 προσφυοῦς
688 2730 703 2754 ,
751 2689 827 2753 ὡς
872 2690 981 2758 ἄρα
1010 2690 1195 2749 τόποις
1235 2705 1296 2742 τε
1332 2690 1426 2743 καὶ
1459 2691 1793 2761 προσώποις,

262 2783 368 2852 παρ’
393 2779 468 2843 οἷς
490 2783 542 2834 οἱ
576 2781 810 2834 τοιοῦτοι
837 2783 1043 2835 κεῖνται
1077 2781 1366 2852 θησαυροὶ,
1404 2783 1481 2844 εις
1515 2782 1633 2837 δέον
1655 2783 1796 2838 ἄνω-

262 2874 337 2927 θεν
383 2873 723 2944 ἐπεψηφίσθη
777 2873 839 2925 τὸ
891 2873 1387 2944 θαυματούργημα.
1452 2875 1651 2946 Ἐχρῆν
1687 2875 1796 2946 γὰρ

259 2966 357 3034 ἦτοι
383 2963 621 3034 ἀρχῆθεν
653 2963 814 3026 εὐθὺς
841 2963 922 3026 εις
953 2962 1084 3016 Θεὸν
1110 2963 1484 3034 στειλαμένοις
1512 2968 1622 3028 τοῖς
1651 2967 1799 3020 ὲκεί-

260 3073 334 3108 νου
384 3056 742 3124 θεραπευταῖς
799 3055 1240 3125 ἐπακολουθῆσαι
1291 3057 1386 3110 καὶ
1422 3056 1661 3112 τοιοῦτον
1701 3075 1799 3128 ση-

261 3147 390 3215 μεῖον
419 3148 496 3208 εις
527 3146 780 3214 ἐντάφιον
805 3147 1194 3217 πολυτίμητον,
1225 3147 1257 3216 ἢ
1301 3148 1396 3200 καὶ
1435 3149 1576 3216 μετὰ
1608 3151 1798 3220 καιρὸν

261 3237 497 3305 ὕστερον·
550 3238 647 3290 καὶ
691 3237 872 3302 τοῦτο,
904 3237 1032 3291 ἔνθα
1063 3239 1201 3309 πρὸς
1244 3239 1450 3307 ἀγαθοῦ
1486 3235 1556 3310 ἦν
1585 3240 1681 3293 καὶ
1708 3241 1802 3294 εύ-

263 3332 512 3398 σύμφορον
558 3331 672 3392 τοῖς
697 3331 1021 3399 περιοίκοις,
1057 3331 1260 3384 τοιόνδε
1295 3331 1683 3402 κληρώσασθαι
1709 3349 1800 3386 τε·

265 3421 596 3489 ρατούργημα
618 3435 632 3450 ·
664 3418 740 3481 ὡς
773 3419 838 3472 ἂν
868 3419 948 3490 τῷ
988 3419 1124 3489 πρὸς
1172 3421 1432 3483 ἀπίστους
1468 3421 1670 3492 εὐθέτῳ
1701 3437 1801 3488 σηο

267 3510 384 3580 μείφ
409 3509 762 3579 περεωθεῖεν
787 3509 835 3563 οἱ
869 3508 1097 3562 τοιοῦτοι
1125 3511 1192 3562 τὰ
1241 3512 1320 3573 εἰς
1367 3511 1466 3577 τὴν
1495 3509 1642 3563 θείαν
1669 3511 1804 3580 θρη-

265 3600 448 3663 σκείαν,
479 3601 573 3653 καὶ
619 3598 1002 3668 θεμελιωθεῖεν
1031 3599 1337 3668 σαθρότητα
1363 3600 1646 3668 λογισμοῦ.
1696 3599 1805 3653 Καὶ

264 3692 419 3743 τοίνυν
447 3689 896 3762 ὲτερατουργήθη
941 3690 1062 3742 τότε
1092 3691 1150 3742 τὸ
1186 3689 1420 3754 ἐξαίσιον
1444 3691 1665 3759 ἀγαθὸν,
1694 3693 1805 3744 εἴτε

264 3785 321 3850 τῇ
348 3782 672 3851 μεταστάσει
714 3783 1048 3850 συγχρὸνως,
1080 3780 1188 3833 εἴτε
1218 3783 1310 3832 καὶ
1341 3781 1457 3846 μετ’
1480 3781 1650 3852 αὑτήν
1672 3799 1686 3812 ν
1713 3782 1808 3834 καὶ

264 3871 398 3924 δοθὲν
417 3874 750 3942 παρέμενεν,
774 3872 863 3924 ἵνα
894 3871 972 3941 τῷ
1007 3871 1135 3941 θείῳ
1163 3888 1222 3923 τε
1253 3870 1552 3941 χαρίσματι
1584 3871 1642 3923 τὸ
1668 3873 1806 3942 ἀμε-

266 3963 546 4032 ταμέλητον
591 3959 990 4036 περισῴζοιτο,
1044 3961 1139 4012 καὶ
1187 3961 1237 4012 οἱ
1268 3959 1616 4022 πιστεύοντες
1668 3958 1810 4012 οὕτω

265 4054 619 4106 πλατύνοιντο.
650 4052 1061 4121 Ἐπαυξομένης
1081 4052 1136 4104 δὲ
1153 4049 1402 4105 ἐντεῦθεν
1426 4052 1525 4121 τῆς
1552 4051 1809 4118 πίστεως,

265 4139 334 4204 οἷς
360 4145 403 4194 0i
426 4143 706 4212 ἄνθρωποι
735 4137 875 4195 εἶδον
917 4139 1194 4210 θαυμάσια
1223 4141 1316 4193 καὶ
1340 4142 1438 4209 τῆς
1471 4142 1612 4194 κατὰ
1636 4140 1812 4212 ψυχὴν

265 4236 335 4295 εἰς
365 4235 492 4287 Θεὸν
517 4237 614 4288 καὶ
637 4234 709 4287 τὰ
735 4232 856 4288 θεῖα
887 4233 1343 4301 ύπαναπτομένης
1383 4233 1712 4302 θερμότητος
1735 4233 1815 4304 τῷ

265 4324 553 4392 παραμόνῳ
595 4320 691 4374 τοῦ
725 4321 1024 4390 θαύματος,
1072 4321 1166 4372 καὶ
1210 4321 1608 4390 ὲκφαινομένης
1649 4324 1730 4384 εις
1755 4321 1816 4374 τὸ

263 4413 651 4484 λαμπρότερον,
708 4412 1027 4484 ἐστηρίχθη,
1085 4412 1180 4465 καὶ
1243 4413 1323 4474 εἰς
1369 4412 1586 4467 αἰώνιον
1643 4429 1816 4483 παρεο

263 4507 411 4574 ratr”
447 4508 540 4559 καὶ
572 4505 800 4558 ἀένναον
829 4507 1074 4573 κέχυται.

331 4599 411 4652 io".
448 4599 562 4651 Καὶ
582 4597 744 4649 τοῦτο
775 4596 872 4665 μὲν
899 4595 1068 4658 οὕτως
1099 4596 1166 4648 ἂν
1205 4596 1316 4666 ἔχοι
1349 4597 1410 4649 τὸ
1449 4595 1668 4664 εὔλογον
1693 4612 1705 4626 ·
1742 4598 1818 4650 εἰ·

1895 2143 2106 2210 puritas
2128 2153 2183 2199 et
2219 2145 2617 2217 misericordia,
2659 2166 2766 2208 non
2805 2153 3057 2210 omnibus
3115 2165 3296 2212 autem
3338 2155 3454 2226 gloa

1897 2233 2038 2288 riosa
2063 2237 2327 2307 unguenti
2341 2237 2533 2296 effusio
2563 2241 2764 2299 tributa
2787 2253 2889 2302 est.

1969 2499 2054 2554 l5.
2090 2498 2452 2566 Quaerendum
2480 2507 2690 2575 ergo',et
2744 2510 2810 2562 ab
2861 2509 2980 2564 aliis
3015 2511 3453 2581 patefaciendum

1897 2591 2187 2647 solutionis
2209 2608 2488 2649 arcanum.
2518 2594 2626 2652 Nec
2651 2598 2782 2653 illud
2819 2599 2958 2656 forte
2979 2609 3130 2656 extra
3162 2605 3238 2658 rei
3290 2607 3456 2662 ratio-

1903 2692 2049 2741 nem,
2089 2693 2288 2748 nempe
2327 2680 2379 2734 in
2403 2680 2540 2736 locis
2569 2692 2624 2736 et
2645 2686 2915 2751 personis,
2944 2687 2999 2742 in
3040 2689 3238 2757 quibus
3268 2691 3458 2759 hujus-

1901 2769 2044 2824 modi
2075 2771 2450 2828 reconduntur
2482 2773 2719 2829 tbesauri
2760 2787 3065 2845 opportune
3087 2780 3155 2835 ab
3204 2783 3316 2836 alto
3369 2784 3462 2838 de-

1902 2869 2112 2914 cretum
2134 2862 2578 2920 estmiraculum.
2605 2865 2686 2921 Ab
2725 2867 2880 2924 initio
2909 2869 3054 2925 enim
3087 2873 3367 2940 oportebat
3394 2878 3461 2930 ad

1899 2951 2068 3007 Deum
2094 2954 2292 3011 missos
2319 2955 2437 3026 ejus
2459 2971 2645 3014 servos
2671 2959 2982 3030 huiusmodi
3029 2964 3308 3036 signorum
3369 2983 3455 3022 co-

1901 3041 2095 3096 mitatu
2125 3043 2320 3113 stipari
2349 3045 2403 3098 in
2435 3045 2769 3114 sepulturam
2805 3048 3119 3118 gloriosam,
3161 3064 3256 3108 aut
3296 3055 3459 3117 etiam

1903 3149 1999 3205 per
2024 3135 2364 3204 subsequens
2416 3143 2654 3207 tempus,
2705 3139 2850 3208 quod
2884 3141 2959 3197 ibi
3007 3158 3104 3212 pro
3155 3145 3297 3202 bono
3344 3156 3466 3202 erat

1906 3227 2210 3299 vicinisque
2245 3229 2397 3284 valde
2423 3229 2552 3286 utile
2582 3231 2724 3286 banc
2776 3234 3007 3304 prodigii
3057 3238 3247 3294 venire
3295 3241 3468 3296 lia're-

1904 3319 2166 3386 ditatem;
2196 3321 2268 3375 ita
2306 3330 2364 3376 ut
2396 3322 2498 3378 hoc
2534 3323 2602 3378 ad
2653 3323 2895 3381 inﬁdeles
2925 3336 3056 3396 apto
3082 3329 3237 3400 signo
3269 3334 3468 3386 contir-

1920 3421 2205 3467 niarentur
2234 3413 2402 3467 vicini
2434 3413 2490 3468 in
2522 3413 2672 3470 cultu
2719 3417 2926 3484 divino,
2963 3431 3020 3476 et
3067 3423 3339 3478 ratiocinii
3386 3425 3469 3479 in-

1906 3501 2148 3558 ﬁrmitati
2173 3501 2585 3561 fundamentum
2615 3518 2782 3568 esset.
2801 3511 2986 3582 Itaque
3009 3515 3316 3584 prodigiose
3336 3525 3465 3574 tunc

1911 3592 2114 3649 factum
2147 3604 2230 3650 est
2269 3596 2471 3651 bonum
2509 3601 3001 3658 extraordinarium
3032 3605 3146 3660 sive
3195 3622 3293 3676 pro
3327 3623 3466 3664 coae-

1910 3689 2088 3769 taneis
2116 3688 2603 3753 vicissitudinibus,
2627 3693 2742 3748 sive
2768 3709 2866 3763 pro
2890 3698 3218 3766 temporibus
3239 3715 3473 3770 sequen-

1912 3781 2081 3845 tibus,
2142 3792 2196 3835 et
2229 3783 2432 3835 mansit
2485 3782 2686 3838 donum
2727 3795 2788 3840 ut
2848 3787 3033 3842 divina
3076 3791 3320 3848 bonitate
3353 3796 3472 3850 sine

1910 3871 2228 3942 paenitentia
2260 3871 2519 3926 donatum
2562 3885 2896 3941 servaretur,
2921 3885 2974 3931 et
3006 3879 3085 3933 sic
3113 3879 3472 3937 dilatarentur

1917 3961 2128 4016 lideles.
2159 3961 2453 4017 Crescente
2476 3971 2659 4018 autem
2687 3965 2791 4020 tide
2809 3980 2873 4020 ex
2909 3981 2976 4022 eo
3032 3970 3175 4038 quod
3201 3971 3482 4032 mirabilia

1915 4053 2161 4108 viderent
2189 4054 2438 4111 homines
2469 4065 2524 4109 et
2545 4056 2738 4112 animae
2771 4057 2880 4114 Deo
2927 4059 3233 4132 divinisque
3291 4065 3476 4120 adhae-

1917 4153 2069 4200 rente
2112 4147 2314 4201 ardore
2364 4147 2434 4202 ob
2479 4147 2599 4202 miri
2661 4152 3095 4219 permansionem
3139 4165 3196 4210 et
3237 4157 3478 4226 splendi-

1918 4238 2036 4292 dius
2053 4238 2386 4306 lucescente,
2412 4242 2683 4296 ﬁrmatum
2707 4253 2791 4298 est
2808 4244 3032 4312 bonum,
3057 4247 3110 4303 in
3129 4249 3324 4306 sarcula
3341 4265 3476 4307 con-

1917 4337 2190 4385 servatum
2212 4339 2267 4384 et
2289 4341 2547 4400 perpetuo
2583 4345 2832 4401 sparsura
2859 4343 2964 4393 est.

1994 4596 2081 4650 14.
2127 4595 2218 4649 Sic
2260 4596 2476 4664 quidem
2530 4596 2660 4652 illud
2693 4613 2800 4652 non
2834 4599 2949 4654 sine
2990 4616 3152 4657 causa
3203 4619 3323 4662 esse
3379 4624 3478 4677 pa-

261 4693 346 4751 κὸς
373 4692 448 4752 δὲ,
477 4691 572 4742 καὶ
599 4692 727 4752 τοὺς
770 4689 1136 4759 μυροϐλύτυυς
1175 4691 1309 4758 πρὸς
1331 4689 1460 4742 Θεοῦ
1488 4689 1548 4742 τὸ
1583 4687 1805 4742 τοιοῦτοι

1932 4695 2045 4750 tet;
2071 4685 2363 4739 verisimile
2402 4693 2580 4739 autem
2617 4695 2698 4741 est
2719 4697 2995 4756 unguento
3028 4691 3294 4750 stillantes
3321 4696 3481 4752 aDeo

265 4782 542 4849 μεγαὶείον
593 4781 792 4842 αὐτοὺς
836 4781 1246 4850 ἐξαιτήσασθαι.
1303 4782 1412 4833 Καὶ
1460 4777 1527 4852 ἦν
1559 4782 1618 4833 τὸ
1660 4782 1819 4850 ἔργον

266 4875 540 4944 φιλοτίμου
572 4873 775 4942 ψυχῆς.
803 4872 924 4941 Χρὴ
955 4873 1084 4939 γὰρ,
1127 4871 1316 4941 ὥσπερ
1345 4871 1567 4939 βασιλέα
1594 4874 1684 4925 τὸν
1729 4889 1820 4941 με-

267 4965 776 5034 γαλοπρεπέστατον
834 4962 1039 5015 ἐθέλειν
1093 4963 1304 5032 μεγάλα
1353 4963 1486 5032 πρὸς
1521 4963 1628 5015 τῶν
1657 4963 1827 5026 ἀξίων

266 5059 545 5122 αἰτεῖσθαι,
580 5059 678 5111 καὶ
708 5055 920 5124 χαίρειν
959 5056 1385 5124 ἀπαιτούμενον,
1415 5055 1555 5107 οὓτω
1582 5055 1673 5106 καὶ
1701 5055 1822 5106 ὅσον

269 5150 324 5199 ιν
348 5149 604 5218 ὑπηκόοις
659 5148 961 5215 φιλότιμον,
1025 5146 1098 5216 μὴ
1145 5146 1578 5215 σμικρολογικῶς
1633 5145 1824 5212 ἐκείνῳ

275 5239 689 5310 προσφέρεσθαι,
718 5237 836 5290 ἀλλ’
871 5237 1012 5306 ὑπὲρ
1041 5238 1290 5306 μεγάλων
1322 5237 1694 5306 ἐντυγχάνειν,
1732 5238 1825 5289 καὶ

274 5328 410 5399 ᾇπερ
441 5331 505 5384 ἂν
536 5331 622 5384 διὰ
652 5328 847 5383 πολλοῦ
876 5329 1152 5396 θαύματος
1174 5329 1378 5396 ἄγοιτο.
1405 5327 1613 5380 Οὐκοῦν
1651 5329 1824 5380 οἴδασι

278 5423 367 5472 καὶ
389 5424 434 5474 0i
465 5422 539 5493 τῷ
568 5423 725 5492 μύρῳ
759 5419 1114 5482 πλουτοῦντες
1161 5419 1307 5487 ἅγιοι
1338 5420 1710 5490 μεγαλόδωρον
1735 5421 1825 5472 τὸν

280 5514 615 5581 παμϐασιλέα
662 5513 817 5578 Θεὸν,
857 5513 1091 5574 καὶτοῖς
1120 5511 1371 5574 ὲπάθλοις
1410 5512 1826 5580 ἐμπλατυνόμε-

280 5621 387 5659 νον.
417 5607 574 5661 Ὅθεν
616 5606 758 5675 πρὸς
800 5608 918 5666 ταῖς
971 5607 1178 5657 ἐκεῖθεν
1203 5604 1434 5672 δωρεαῖς
1468 5604 1561 5655 καὶ
1606 5605 1713 5656 τῶν
1747 5607 1830 5656 ἐν·

281 5697 448 5750 ταῦθά
481 5715 533 5751 τι
577 5695 1040 5766 προσεπιτεθῆναι
1082 5695 1284 5757 αὐτοῖς,
1311 5693 1608 5763 φιλοτίμως
1635 5697 1682 5746 οἱ
1729 5695 1827 5763 μὲν

280 5790 557 5859 ᾐτήσαντο,
589 5792 617 5842 ὁ
646 5791 703 5843 δὲ
743 5790 1041 5859 ὑπήκουσε.
1097 5789 1204 5840 Καὶ
1248 5784 1439 5854 φθόνος
1471 5791 1582 5848 τοῖς
1623 5789 1827 5856 ἑτέροις

278 5882 462 5945 οὐδεὶς,
498 5883 671 5946 ἄλλως
700 5881 1179 5950 ἐνσυθηνουμένοις
1210 5882 1322 5942 τοῖς
1370 5879 1530 5941 θείοις
1569 5881 1828 5949 δωρήμα-

280 5986 384 6028 σιν.
415 5975 541 6028 Ούδὲ
564 5975 669 6044 γὰρ
695 5974 842 6027 ἔστιν
869 5975 1039 6026 εἰπεῖν
1068 5974 1254 6028 οῶδέμα
1279 5971 1387 6026 τῶν
1416 5971 1665 6026 ἁπάντων
1692 5977 1830 6026 ἐκεί-

1923 4777 2220 4846 pretiosam
2245 4778 2498 4830 virtutem
2528 4778 2863 4846 poposcisse.
2899 4780 3256 4852 Magnanimze
3283 4792 3481 4846 mentis

1927 4886 2064 4939 opus
2096 4879 2215 4924 erat
2241 4868 2392 4921 illud.
2414 4867 2642 4936 Oportet
2665 4869 2833 4936 enim,
2869 4873 3014 4926 sicut
3047 4890 3226 4943 regem
3254 4894 3478 4948 magna-

1925 4964 2126 5017 nimum
2159 4960 2337 5023 decet,
2380 4961 2533 5013 velle'
2555 4968 2615 5014 ut
2641 4976 2836 5028 magna
2889 4977 2986 5032 pro
3049 4966 3225 5036 dignis
3272 4985 3480 5029 merces

1922 5064 2210 5123 poscatur,
2259 5063 2315 5107 et
2373 5053 2609 5122 gaudere
2670 5055 2792 5120 quia
2833 5057 3115 5125 poscitur,
3185 5061 3266 5115 sic
3310 5063 3473 5118 etiam

1925 5151 1979 5202 in
2034 5149 2265 5202 subditis
2318 5164 2512 5215 magno
2565 5150 2747 5205 animo
2805 5165 2914 5205 non
2977 5151 3044 5206 de
3094 5153 3477 5210 minutissimis

1926 5245 2067 5309 apud
2096 5257 2218 5294 eum
2257 5240 2419 5294 verba
2447 5240 2785 5305 submittere,
2839 5242 2933 5295 sed
2965 5241 3032 5295 de
3075 5246 3282 5313 magnis
3333 5247 3482 5299 adire

1926 5332 2069 5385 etde
2101 5330 2186 5385 liis
2225 5346 2342 5400 qua:
2395 5346 2664 5386 summam
2719 5331 3130 5387 admirationem
3188 5335 3482 5389 concitant.

1926 5424 2656 5493 Igituruovernntungncnto
2670 5423 2992 5479 ditesceutes
3010 5424 3179 5478 sancti
3200 5425 3480 5478 liberalem

1930 5518 1981 5571 in
2009 5518 2162 5571 donis
2180 5516 2376 5584 Regem
2408 5531 2591 5583 regum
2616 5515 2806 5580 Deum,
2842 5524 2896 5570 et
2925 5517 3234 5570 braviorum
3259 5515 3484 5584 largito—

1931 5627 2058 5666 rem.
2088 5609 2236 5663 Uude
2254 5608 2413 5679 hujus
2430 5609 2611 5662 mundi
2636 5608 2789 5663 donis
2806 5609 3072 5676 etaliquid
3099 5624 3127 5660 e
3145 5608 3282 5661 cmlo
3300 5609 3379 5662 eis
3396 5623 3490 5661 su-

1930 5697 2147 5767 peraddi
2181 5697 2276 5766 ipsi
2313 5699 2528 5766 quidem
2549 5698 2855 5763 petierunt;
2887 5699 2974 5750 ille
2994 5712 3118 5750 vero
3136 5696 3489 5763 adjudicavit.

1932 5791 2038 5844 Nec
2089 5790 2300 5846 invidia:
2354 5791 2502 5843 lucus
2552 5791 2604 5843 in
2640 5791 3038 5843 abumlautibus
3071 5789 3266 5842 divinis
3315 5790 3492 5844 donis.

1931 5880 2046 5934 Non
2075 5889 2157 5934 est
2205 5879 2346 5934 Cultu
2398 5881 2537 5945 quod
2585 5881 2648 5932 de
2681 5878 2919 5945 quolibet
2950 5892 2978 5928 e
3033 5877 3240 5929 cunctis
3290 5880 3491 5931 saueiis

1935 5977 2080 6029 dicas
2106 5988 2273 6042 quare
2302 5973 2582 6039 unguentis
2623 5970 2810 6035 stillat,
2853 5969 2946 6024 scd
2977 5971 3181 6038 absque
3223 5971 3320 6024 hoc
3353 5971 3496 6038 quad
