3968 6572
397 479 501 544 179

1107 469 1524 534 EUSTATHII
1565 460 1996 530 THESSALOﬁ

2103 455 2326 517 ENSIS
2367 448 2934 515 ΜΕΤΗΟΡΟΠΤιΕ

3541 443 3642 508 180

395 587 757 648 celebramus,
783 580 991 650 absque
1013 579 1136 634 aliis
1158 580 1212 633 in
1239 577 1442 632 mundo
1471 573 1756 630 celebratis
1782 582 1972 639 magna

2103 580 2188 616 nov
2221 561 2418 630 ἁγίων,
2441 559 2522 623 δς,
2551 560 2600 611 εί
2631 556 2726 610 xui.
2755 555 2831 626 μὴ
2861 555 2972 618 τοῖς
3004 551 3200 624 μύροις
3229 548 3504 621 λιμνάζει,
3527 551 3648 603 ἀλλ’

397 679 629 737 sortitus
681 682 767 730 est
798 663 964 737 bona,
1018 671 1435 738 thaumaturgus
1474 665 1586 732 ille,
1640 664 1735 719 hic
1786 661 1966 722 aliter,

402 766 586 827 nmltis
619 767 794 823 modis
825 764 1006 820 cuncti
1031 779 1045 815 τ
1073 771 1330 831 tanquam
1388 758 1432 814 si
1470 771 1565 812 rex
1595 756 1788 824 opibus
1835 766 1971 823 prte-

401 863 609 935 pollens
643 846 766 935 aliis
823 857 1032 929 lapillos
1076 856 1307 921 electos,
1359 852 1483 907 aliis
1531 849 1854 917 margaritas
1915 853 1973 900 et

402 969 619 1028 aurum,
642 951 764 1007 aliis
783 950 1019 1019 denique
1051 947 1180 1013 alia,
1209 944 1462 1000 omnibus
1493 937 1814 996 multimoda
1862 935 1972 990 lar-

405 1047 588 1118 giatur
610 1045 776 1099 dona.-
805 1041 896 1097 Sic
921 1039 1145 1111 quidam
1174 1038 1320 1092 inter
1359 1036 1470 1091 Deo
1512 1031 1812 1088 servientes
1857 1028 1974 1082 ani-

407 1139 633 1194 malium
665 1131 1120 1191 irrationabilium
1175 1127 1444 1184 sacrificia
1506 1123 1825 1180 institerunt
1881 1125 1976 1173 aut

408 1237 626 1301 sponte,
681 1236 778 1282 aut
819 1224 890 1280 ab
921 1221 1238 1280 hominibus
1287 1205 1354 1274 ad
1392 1219 1495 1273 hoc
1549 1214 1808 1276 invocati,
1867 1225 1973 1282 qua

409 1322 568 1377 nobis
588 1318 845 1389 unguenti
888 1316 1226 1386 splendorem
1257 1311 1531 1366 illustrare
1557 1306 1832 1362 videntur.
1869 1302 1974 1357 Alii

409 1417 464 1468 in
502 1422 653 1485 peste
683 1419 1058 1467 contactorum
1084 1405 1312 1476 gratiam
1342 1401 1512 1458 simili
1569 1397 1831 1469 petitione
1865 1393 1978 1449 col-

410 1507 624 1562 lineant
654 1504 930 1572 sagittam,
967 1499 1058 1552 alii
1089 1498 1233 1558 aliis,
1269 1495 1320 1548 Ini
1356 1491 1674 1560 majoribus,
1701 1487 1778 1544 illi
1807 1486 1980 1540 mino-

411 1596 564 1652 ribus
620 1591 823 1647 mederi
870 1589 1127 1644 affectant
1170 1584 1406 1646 morbis;
1479 1586 1674 1635 nautas
1728 1575 1980 1631 ﬂuctibus

413 1688 676 1758 eripiunt,
710 1685 905 1754 quibus
937 1678 1242 1751 periculosa
1271 1675 1586 1743 navigatio;
1607 1670 1854 1726 dentium
1881 1668 1980 1723 do-

410 1778 560 1833 iores
591 1773 808 1836 tollunt,
837 1769 1123 1825 oculorum
1153 1764 1484 1834 asperrimos
1519 1760 1717 1815 sedant
1742 1758 1980 1821 dolores,

358 1882 359 1885 ‘
411 1879 469 1924 et
496 1866 638 1936 quod
664 1864 909 1920 omnium
948 1856 1407 1930 iucundissimum
1435 1860 1542 1917 est,
1561 1849 1761 1905 cedunt
1785 1855 1838 1902 et
1861 1861 1983 1918 par-

2071 656 2222 724 ὃμως
2250 653 2373 723 δίχα
2396 668 2460 722 γε
2492 651 2602 704 τῶν
2631 650 2750 702 uti
2776 647 2853 716 μὴ
2878 646 2971 699 καὶ
3010 644 3150 698 κατᾶ
3181 643 3389 712 κόσμον
3433 642 3648 713 μεγάλα

2072 749 2288 818 εἴληχεν
2335 743 2541 812 ἀγαθὰ,
2590 742 2620 795 6
2667 741 2765 812 μὲν
2798 739 2941 792 οὕτω
2991 735 3450 807 θαυματουργῶν,
3507 735 3538 788 6
3590 734 3650 788 δὶ

2074 841 2299 909 ἑτέρως,
2344 841 2442 893 καὶ
2489 836 2690 898 πάντες
2748 831 3137 902 πολυτρόπωςο
3175 829 3427 901 καθάπερ
3469 831 3520 882 εί
3551 831 3652 882 καὶ

2075 932 2331 1004 βασιλεὺς
2406 929 2703 992 πολύολϐος
2771 929 2885 991 τοῖς
2954 925 3054 994 μὲν
3118 923 3306 986 λίθους
3359 921 3599 990 λογάδας
3628 960 3645 983 ,

2075 1027 2188 1088 τοῖς
2216 1022 2274 1076 δὲ
2327 1022 2648 1093 μαργάρους
2676 1020 2772 1074 καὶ
2827 1017 3062 1088 χρυσὸν,
3097 1014 3303 1084 ἑτέροις
3337 1015 3432 1067 καὶ
3464 1011 3648 1075 ἄλλοις

2078 1114 2236 1177 ἄλλα,
2260 1115 2358 1168 καὶ
2389 1115 2558 1166 πᾶσιν
2583 1111 2720 1180 ὀμοῦ
2746 1107 3062 1178 πολύτροπα
3096 1103 3349 1174 διανείμῃ
3371 1100 3655 1173 χαρίσμαο

2079 1223 2167 1261 τα.
2223 1203 2413 1267 Οῦτως
2449 1205 2500 1257 οἱ
2557 1202 2657 1273 μὲν
2685 1201 2796 1254 τῶν
2824 1198 3280 1271 θεραπευσάντων
3310 1195 3443 1249 Θεὸν
3493 1191 3652 1258 ζώων

2079 1302 2293 1370 ἀλόγων
2329 1299 2650 1369 ἐφίστανται
2681 1294 3025 1367 θεραπείαις,
3060 1290 3214 1346 αὐτοὶ
3245 1288 3594 1358 αἰτήσαντες,
3620 1284 3653 1352 ἢ

2081 1393 2177 1447 καὶ
2209 1393 2312 1445 ὑπὸ
2339 1390 2642 1462 ἀνθρώπων
2665 1390 2745 1450 είς
2768 1387 2926 1440 τοῦτο
2961 1383 3382 1454 προκληθέντες,
3406 1380 3442 1434 ἃ
3473 1380 3537 1447 δὴ
3561 1379 3660 1432 καὶ

2080 1490 2142 1541 τὸ
2169 1486 2263 1540 τοῦ
2297 1482 2470 1556 μύρον.»
2507 1481 2670 1535 καλὸν
2696 1479 2828 1549 ἡμῖν
2869 1477 3107 1544 ἐκφῆναι
3153 1471 3460 1542 φαίνονται.
3497 1468 3661 1521 Ἐτε-

2086 1597 2170 1651 ροι
2196 1576 2480 1646 λοιμωδῶν
2535 1573 2594 1639 ἐξ
2647 1570 2842 1640 ὁμοίας
2875 1569 3146 1636 αἰτήσεως
3184 1562 3528 1633 παθημάτων
3560 1577 3662 1611 κα-

2082 1668 2491 1737 τατοξάζονται,
2525 1663 2675 1720 ἄλλοι
2703 1659 2900 1727 ἄλλων,
2918 1661 2966 1712 oi
2993 1659 3091 1728 μὶν
3115 1653 3388 1726 μεγάλων,
3413 1654 3462 1705 οἱ
3491 1651 3548 1705 δὲ
3565 1651 3661 1702 καὶ

2088 1764 2165 1834 μὴ
2200 1759 2458 1823 τοιούτων
2515 1751 2984 1824 κατευμεγεθοῦσι
3033 1747 3224 1801 παθῶν
3249 1764 3265 1779 ο
3298 1742 3658 1806 διασώζονται

2085 1854 2402 1925 πλωτῆρας,
2436 1847 2518 1914 οἷς
2569 1849 2645 1920 μὴ
2689 1843 3008 1899 εὑθυπλοεῖν
3037 1838 3476 1894 κεκινδύνευται·
3511 1835 3660 1890 666v-

412 1923 666 2015 vulorum
699 1923 1076 2024 petitionibus,
1111 1955 1171 2003 ut
1197 1941 1608 2000 rationabilium
1654 1939 1785 1995 nihil
1811 1939 1888 1993 sit
1924 1938 1980 1993 in

2103 1965 2195 2001 των
2221 1923 2519 2015 ἀλγηδόνας
2548 1937 2861 2012 έκριζοῦσιν
2881 1953 2896 1968 °
2929 1933 3225 2005 ὀφθαλμῶν
3255 1929 3436 1995 ὀξείας
3465 1929 3659 1990 ὀδύνας

417 2053 637 2109 fortuna
669 2059 814 2103 eatea
841 2044 1100 2112 positum,
1133 2039 1227 2094 sed
1253 2035 1568 2092 Graecorum
1617 2039 1984 2088 commentum

2103 2035 2425 2108 ίμϐλύνουσι
2447 2049 2463 2064 ο
2494 2032 2554 2086 τὸ
2597 2030 2662 2102 δὴ
2692 2028 3061 2092 ἀστειότατον,
3102 2025 3310 2078 εἴκουσι
3337 2025 3432 2076 καὶ
3464 2018 3665 2073 παιδα-

421 2149 707 2214 arguatur,
741 2137 994 2192 referens
1020 2143 1216 2199 nempe
1249 2125 1612 2182 Providentia
1659 2121 1728 2177 ad
1777 2122 1984 2193 majora

421 2232 820 2302 impotentiam.
852 2226 909 2282 Si
947 2223 1164 2279 tandem
1201 2217 1553 2291 fugitivorum
1587 2227 1868 2270 servorqu
1904 2227 1988 2268 re-

421 2327 596 2382 ditum
627 2321 972 2394 permittunt,
1030 2330 1136 2370 non
1183 2322 1268 2368 est
1319 2310 1492 2367 servis
1547 2306 1840 2378 gaudium,
1891 2305 1988 2361 sed

423 2419 628 2490 gratias
662 2423 717 2471 et
743 2426 967 2468 munera
1001 2403 1205 2464 domini
1229 2405 1446 2459 debent.

2087 2132 2221 2203 ρίων
2249 2127 2568 2198 αἰτήμασιν,
2606 2124 2695 2176 ἵνα
2730 2119 2898 2191 μηδέν
2925 2137 2977 2172 τι
3005 2117 3113 2170 τῶν
3159 2109 3395 2183 έλλόγως
3426 2111 3667 2182 ἑχόντων

2085 2219 2425 2293 ἀπρονόητον
2444 2213 2501 2291 ᾖ,
2524 2214 2640 2269 ἀλλ’
2666 2215 2694 2267 6
2715 2210 2838 2266 καθ’
2863 2210 3137 2280 Ἕλληνας
3168 2207 3338 2279 λῆρος
3363 2206 3666 2275 ἐλέγχοιτο,

2085 2314 2146 2367 τὸ
2168 2313 2264 2382 τῆς
2289 2309 2545 2381 προνοίας
2582 2305 2717 2376 πρὸς
2732 2306 2846 2366 τοῖς
2876 2299 3087 2374 μείζοσι
3121 2298 3479 2372 περιγράφων
3501 2299 3668 2352 ἀπει-

2092 2393 2414 2476 ροδύναμον.
2449 2400 2511 2453 Εἰ
2543 2399 2600 2451 δὲ
2637 2397 2731 2451 καὶ⁵
2763 2393 3034 2464 φυγαδίας
3065 2392 3290 2457 δούλους
3325 2389 3666 2460 ἐπαναστρέο

423 2528 603 2582 φουσι,
633 2507 694 2561 τὸ
719 2507 816 2579 μὲν
829 2502 1071 2559 δουλικὸν
1097 2501 1196 2554 ούκ
1227 2501 1293 2554 ἂν
1331 2496 1572 2568 χαίροιεν
1594 2511 1608 2528 ο
1639 2495 1690 2547 oi
1715 2493 2048 2560 δὲ,,δεσπόται
2074 2497 2295 2566 σῶστρα
2331 2491 2634 2563 ὀφείλουσι.

495 2603 588 2660 15.
619 2600 710 2655 Sic
738 2600 854 2655 sive
884 2596 960 2651 illi
984 2596 1049 2650 ad
1080 2609 1215 2662 quos
1234 2590 1630 2662 postulationes
1660 2587 1989 2658 diriguntur,

425 2694 540 2749 sive
565 2691 722 2745 aliter
745 2687 838 2765 qui
871 2685 971 2754 ipsi
992 2699 1022 2738 a
1061 2681 1170 2736 Deo
1191 2681 1591 2750 appetiverunt,
1640 2677 1839 2733 talibus
1871 2692 1992 2747 pro-

425 2784 590 2854 digiis
635 2782 723 2850 qui
757 2792 815 2834 se
867 2777 976 2832 Deo
1020 2777 1479 2830 consecraverunt
1530 2768 1754 2838 gloriam
1812 2769 1992 2839 adepti

427 2886 576 2938 sunt,
610 2869 822 2927 timoris
859 2881 1018 2938 quem
1048 2880 1173 2936 erga
1208 2862 1377 2918 Deum
1397 2862 1451 2916 in
1473 2859 1774 2917 visceribus
1802 2874 1996 2914 conce-

429 2974 651 3038 perunt,
678 2959 1165 3018 remunerationem
1205 2960 1542 3025 reportantes
1599 2951 1792 3007 salutis
1839 2951 1998 3021 spiri-

431 3071 544 3114 tum
604 3059 924 3124 conceptum
985 3060 1040 3104 et
1123 3054 1544 3116 consequentem
1614 3043 1996 3099 miraculorum

430 3147 820 3219 operationem.
849 3139 1094 3210 Namque
1127 3137 1433 3193 timentium
1497 3150 1621 3190 eum
1665 3134 1996 3189 voluntatem

431 3241 585 3302 facit,
619 3247 676 3293 et
694 3233 918 3291 exaudit
941 3240 1131 3287 eorum
1157 3242 1347 3300 preces
1372 3226 1616 3296 nihilque
1668 3225 1995 3296 postulanti-

431 3331 535 3386 bus
562 3342 669 3381 non
704 3325 817 3378 dat.
840 3320 1093 3392 Prodigia
1115 3318 1427 3390 pensandus
1450 3317 1650 3383 timor;
1682 3315 1828 3386 quod
1853 3329 1999 3369 men-

434 3433 576 3473 sura:
600 3415 906 3487 ponendum
943 3410 1157 3466 timoris
1183 3421 1342 3478 quem
1367 3408 1420 3462 in
1459 3406 1629 3461 Deum
1666 3405 1879 3470 habuit,
1906 3413 2000 3458 aut

434 3509 593 3564 aliter
641 3508 905 3571 dicamus,
933 3501 1001 3556 ad
1055 3501 1295 3556 divinum
1365 3499 1613 3554 timorem
1662 3495 1999 3568 pensandum

435 3599 765 3671 prodigium,
790 3596 856 3649 ad
888 3607 1046 3662 quem
1085 3590 1466 3660 aaquiparauda
1489 3598 1542 3642 et
1572 3587 1842 3642 noscenda
1874 3599 2004 3655 pro-

442 3692 714 3761 digiorum
775 3684 1092 3744 eilicacitas,
1132 3682 1206 3734 ita
1258 3690 1380 3733 uta
1422 3679 1614 3733 timore
1659 3677 1750 3730 Dei
1804 3691 2005 3747 cogno—

441 3789 648 3842 scatur,
675 3784 734 3829 ut
755 3774 832 3827 ait
865 3773 1122 3841 psalmus,
1148 3770 1307 3838 hujus
1331 3767 1498 3822 zelus.
1526 3767 1584 3819 In
1619 3774 1823 3820 tantum
1859 3767 2004 3819 enim

443 3874 613 3927 Deum
648 3869 905 3923 timemus
927 3880 978 3917 tu
1013 3872 1276 3930 quanlutn
1304 3866 1517 3928 atquato
1538 3856 1786 3912 examine
1836 3857 2008 3926 ipsius

441 3965 618 4022 zelum
653 3958 912 4014 habemus
939 3963 996 4010 et
1026 3953 1340 4008 delictorum
1391 3959 1697 4005 nostrorum
1727 3965 1847 4017 qua:
1919 3963 2010 4003 co-

444 4072 561 4112 ram
592 4055 705 4108 Deo
730 4065 835 4106 non
883 4046 1296 4103 absconduntur
1347 4041 1644 4098 vindictam
1713 4039 2008 4096 noscimus.

445 4149 582 4202 Eam
613 4144 933 4199 delictorum
965 4153 1154 4210 poenas
1195 4143 1516 4196 metuentes.
1566 4133 1789 4189 omnino
1840 4133 2007 4188 Deum

448 4237 828 4295 retributorem
849 4232 1156 4296 noscimus;
1188 4242 1375 4298 parum
1417 4241 1543 4282 vero
1565 4235 1884 4290 metuentes,
1920 4224 2011 4278 dc-

2174 2589 2258 2644 ιε’.
2300 2589 2412 2644 Καὶ
2435 2585 2606 2647 οὕτως
2629 2583 2662 2653 ἢ
2696 2581 3034 2652 αἰτηθέντες,
3070 2579 3104 2651 ἢ
3131 2579 3309 2641 ἄλλως
3335 2576 3488 2631 αὐτοὶ
3515 2575 3672 2646 θελή-

2103 2699 2296 2744 σαντες
2347 2681 2413 2733 έκ
2443 2675 2602 2740 Θεοῦ,
2641 2673 2886 2744 θαύμασι
2940 2671 3206 2735 τοιούτοις
3253 2670 3304 2722 οἱ
3347 2667 3672 2729 ὀσιωθέντες

2101 2773 2251 2844 αύτῷ
2304 2770 2711 2842 ἐναϐρύνονται,
2763 2767 2931 2836 φόϐου
2971 2764 3067 2819 τοῦ
3117 2763 3254 2834 πρὸς
3300 2760 3485 2825 αὐτὸν,
3517 2759 3578 2812 δν
3613 2762 3671 2811 ἐν

2097 2865 2297 2934 γαστρὶ
2327 2861 2544 2925 ἔλαϐον,
2583 2857 2943 2925 ἀντάλλαγμα
2969 2854 3190 2925 σχόντες
3226 2851 3288 2904 τὸ
3311 2850 3520 2905 ἐκεῖθεν
3547 2852 3671 2900 κυῖ-

2099 2953 2365 3023 σκόμενον
2395 2951 2664 3020 σωτήριον
2695 2946 2933 3016 πνεῦμα,
2970 2945 3068 3000 καὶ
3091 2943 3155 2997 τὸ
3183 2943 3518 3012 ἐφεπόμενον
3540 2939 3675 2992 θαυο

2102 3043 2488 3116 ματούργημα.
2543 3041 2769 3110 Θέλημα
2819 3041 2928 3110 γὰρ
2972 3038 3082 3090 τῶν
3131 3033 3480 3104 φοϐουμένων
3508 3031 3674 3086 αὑτὸν

2100 3143 2279 3192 ποιεῖ’
2334 3139 2428 3191 καὶ
2463 3134 2724 3190 ἐπακούει
2753 3134 2852 3202 τῆς
2907 3129 3086 3185 αὐτῶν
3141 3128 3401 3196 δεήσεως,
3434 3125 3528 3178 καὶ
3570 3123 3674 3176 οὐκ

2101 3233 2214 3286 ἐσθ’
2258 3232 2408 3293 ὅπως
2469 3225 2826 3296 αἰτουμένοις
2881 3224 2942 3277 οὐ
3001 3221 3208 3276 δίδωσι.
3261 3220 3368 3272 Τὸν
3414 3217 3473 3270 δὲ
3509 3217 3678 3286 φόϐον

2106 3323 2448 3394 σταθμητέον
2486 3319 2564 3390 τῷ
2608 3317 2868 3385 θαύματι,
2928 3315 3020 3368 καὶ
3078 3313 3282 3384 μέτρον
3323 3310 3455 3365 αὐτὸ
3489 3309 3674 3362 θετέον

2107 3412 2274 3485 φόϐου
2310 3410 2404 3464 τοῦ
2426 3409 2505 3474 εἰς
2540 3408 2695 3472 Θεὸν,
2732 3405 2764 3476 ἦ
2803 3404 2894 3458 καὶ
2941 3403 3118 3465 ἄλλοις
3151 3400 3346 3464 εἰπεῖν,
3400 3399 3539 3470 πρὸς
3584 3397 3678 3452 τὸν

2108 3507 2251 3559 θεῖον
2285 3503 2450 3573 φόϐον
2485 3497 2826 3569 σταθμητέον
2855 3494 2915 3548 τὸ
2943 3493 3150 3561 θαῦμα,
3189 3493 3286 3546 καὶ
3312 3490 3452 3563 πρὸς
3470 3490 3679 3543 ἐκεῖνον

2109 3591 2566 3664 παραμετρητέον
2605 3589 2700 3642 καὶ
2731 3585 3003 3650 γνωστέον
3034 3583 3096 3637 τὸ
3124 3581 3575 3654 τερατούργημα,
3600 3577 3680 3642 ὥς

2107 3703 2211 3737 που
2239 3685 2337 3738 καὶ
2367 3686 2430 3736 ὲκ
2451 3681 2544 3736 τοῦ
2565 3679 2706 3735 κατὰ
2731 3678 2866 3732 Θεὸν
2899 3678 3066 3747 φόϐου
3089 3675 3438 3745 γινώσκεται,
3465 3673 3682 3746 nam-

2111 3775 2220 3838 κῶς
2247 3775 2443 3840 εἰπεῖν,
2467 3775 2494 3826 6
2518 3771 2727 3826 ἐκείνου
2761 3769 2954 3839 θυμός.
2987 3769 3078 3830 Εἰς
3109 3767 3234 3822 ὅσον
3268 3764 3377 3835 γὰρ
3409 3765 3544 3819 Θεὸν
3575 3784 3683 3834 epo-

2111 3867 2378 3935 ϐούμεθα,
2404 3866 2482 3928 είς
2513 3864 2669 3917 τόσον
2700 3862 2818 3927 καὶ,
2845 3861 2936 3915 τὸν
2958 3860 3169 3913 ἐκείνου
3219 3856 3682 3925 ζυγοστατοῦντες

2113 3958 2320 4028 θυμὸν,
2377 3953 2720 4024 γινώσκομεν
2767 3952 2867 4023 τὴν
2925 3951 3037 4004 τῶν
3087 3945 3210 4004 καθ’
3269 3949 3418 4018 ἡμᾶς
3475 3948 3682 4017 δηλαδὴ

2114 4047 2502 4120 πλημμελειῶν
2549 4043 2934 4110 έπεξέλευσιν,
2970 4042 3026 4096 αἳ
3081 4041 3184 4094 οὐκ
3233 4039 3684 4110 ἀποκρύπτονται

2115 4145 2221 4198 ἀπὸ
2242 4141 2402 4197 Θεοῦ.
2433 4138 2580 4192 Πάνυ
2616 4136 2718 4205 μὲν
2738 4136 2846 4204 γὰρ
2877 4134 3203 4202 φοϐούμενοι
3225 4132 3322 4195 τὰς
3355 4131 3466 4184 τῶν
3495 4132 3684 4202 ἁμαρ-

2113 4235 2375 4307 τημάτων
2395 4231 2607 4294 ποινὰς,
2637 4228 2779 4281 πάνυ
2809 4225 2901 4278 τὸν
2929 4225 3060 4277 Θεὸν
3089 4224 3348 4291 ἑπεξελευ
3360 4223 3540 4276 στικὸν
3589 4239 3682 4290 γι-

449 4331 621 4384 sidem
651 4341 774 4382 eum
811 4334 1062 4395 putamus
1114 4331 1169 4376 et
1199 4321 1555 4375 dormientem
1587 4334 1685 4373 nec
1724 4331 1996 4386 exsurgen

2118 4332 2439 4396 νὼσκομενο
2507 4323 2663 4391 ὀλίγα
2696 4319 2754 4374 δὲ
2809 4316 3169 4380 ύποδεδιότες,
3231 4315 3684 4387 καταρῤᾳθυμεῖν

449 4423 741 4476 volentem.
781 4418 965 4485 itaque
999 4415 1075 4469 sic
1102 4414 1154 4468 in
1192 4412 1395 4467 sanctis
1431 4411 1481 4464 in
1510 4421 1648 4464 terra
1681 4409 1748 4464 de
1771 4408 1882 4463 Deo
1946 4423 2010 4461 es

2118 4423 2322 4473 ἐκεῖνον
2345 4415 2574 4486 οἰόμεθα
2603 4415 2698 4466 καὶ
2729 4410 2950 4474 ύπνοῦν,
2991 4409 3088 4462 καὶ
3143 4409 3219 4477 μὴ
3267 4408 3446 4461 θέλειν
3471 4406 3685 4475 ἐξεγεί-

449 4511 708 4582 prodigiis
739 4509 1088 4567 trutinamus,
1141 4505 1339 4572 quibus
1389 4501 1658 4570 quomodo
1725 4513 1848 4552 cum
1908 4499 1996 4550 De:

2121 4512 2330 4582 ρεσθαι.
2367 4509 2523 4564 οὕτω
2549 4508 2612 4576 δὴ
2659 4507 2754 4560 καὶ
2797 4506 2857 4558 ὲν
2891 4507 3003 4567 τοῖς
3031 4503 3211 4572 ἁγίοις
3243 4504 3354 4566 τοῖς
3410 4504 3470 4555 ὲν
3513 4503 3580 4572 τῇ
3608 4503 3680 4570 γῇ

448 4610 588 4658 crat.
627 4600 684 4654 Si
714 4599 877 4667 igitur
911 4597 985 4650 ita
1019 4604 1124 4658 est,
1187 4594 1491 4646 librandum
1527 4605 1649 4644 cum
1694 4589 1879 4642 divino
1941 4587 2012 4641 ti-

447 4709 600 4750 more
628 4692 828 4746 donum
863 4686 1121 4755 unguenti
1147 4684 1368 4755 martyri
1392 4682 1670 4743 traditum,
1731 4689 1888 4749 atque
1914 4695 2014 4749 pu-

448 4803 507 4842 ra
537 4793 715 4838 mente
746 4775 1197 4834 considerandum
1238 4772 1751 4842 exprimendumque
1808 4769 2014 4839 aequili-

450 4877 648 4939 brium,
691 4870 834 4926 unde
850 4871 896 4925 si
929 4869 1054 4922 illud
1085 4867 1284 4922 donum
1312 4871 1655 4939 magnumest
1676 4857 1839 4930 (quod
1866 4873 2015 4912 reve—

450 4985 508 5024 ra
527 4967 653 5036 cst),
679 4979 808 5034 ergo
834 4973 888 5017 et
915 4961 1002 5015 ille
1027 4959 1209 5013 timor.

521 5157 610 5213 16.
654 5156 779 5210 llaec
809 5158 1092 5218 hactenus,
1123 5161 1178 5207 et
1206 5152 1483 5220 hucusque
1507 5164 1594 5203 res
1642 5147 2015 5203 consideretur

448 5269 547 5323 per
579 5266 660 5306 se.
702 5248 819 5303 Non
867 5248 1011 5302 enim
1051 5254 1136 5300 est
1164 5259 1268 5312 qua
1305 5243 1446 5296 ultra
1476 5242 1906 5313 progrediamur,
1933 5239 2016 5292 ni-

448 5347 493 5401 si
516 5345 716 5415 quibus
750 5342 935 5396 datum
969 5348 1075 5393 est.
1127 5337 1332 5391 Exinde
1387 5349 1513 5389 vero
1562 5334 2016 5388 considerandum

451 5438 755 5510 prodigium
776 5449 869 5500 per
895 5432 1054 5486 aliam
1079 5431 1219 5483 viam
1249 5442 1356 5498 qua
1384 5426 1537 5481 valde
1556 5427 1858 5481 venerabile
1881 5442 2017 5497 prae-

451 5530 641 5584 sertim
675 5541 772 5594 per
790 5521 1224 5580 convenientiam
1254 5518 1512 5589 martyris
1544 5518 2015 5572 cruciatuumcum

452 5622 731 5675 Dominica
765 5619 1033 5687 passione.
1068 5615 1167 5670 llic
1193 5614 1338 5667 enim
1368 5614 1552 5667 lateris
1586 5613 1778 5666 scissio
1816 5622 1865 5667 et
1898 5611 2016 5664 vul-

452 5727 554 5764 nus
583 5721 702 5778 post
738 5710 1010 5763 viviltcam
1043 5717 1275 5760 mortem
1304 5705 1572 5773 sanguine
1633 5700 2016 5756 manavitlllie

451 5805 606 5856 sinon
629 5804 767 5854 idem
807 5801 857 5852 in
877 5799 1129 5851 omnibus
1147 5797 1442 5866 superioris
1465 5796 1729 5864 prototypi
1759 5795 1823 5846 ad
1850 5795 2018 5846 instar

453 5904 724 5958 servatur,
763 5893 856 5947 sed
891 5893 940 5946 in
974 5891 1286 5946 vulneribus
1339 5891 1565 5943 cumino
1594 5885 2013 5956 quolllmttuozlu

2048 4633 2091 4688 υ
2117 4603 2209 4656 τοῦ
2232 4601 2367 4655 Θεοῦ
2398 4601 2461 4653 ὲκ
2509 4597 2617 4651 τῶν
2646 4597 2942 4664 θαυμάτων
2989 4592 3383 4663 σταθμώμεθα,
3412 4593 3561 4654 ὅπως
3587 4591 3683 4644 τοῦ

2117 4693 2253 4747 Θεοῦ
2287 4688 2707 4758 ἐπεστρέφοντο.
2745 4685 2807 4739 Ei
2854 4684 3033 4739 τοίνυν
3079 4681 3262 4745 τοῦτο,
3290 4679 3682 4735 ταλαντευτέον

2117 4781 2398 4837 κάνταῦθα
2423 4779 2555 4851 πρὸς
2586 4779 2678 4832 τὸν
2703 4778 2866 4845 φόϐον
2889 4775 2982 4829 τὸν
3007 4775 3150 4829 θεῖον
3176 4773 3236 4827 τὺ
3268 4772 3490 4844 θελητὸν
3512 4771 3684 4842 μύρον

2115 4874 2192 4944 τῷ
2233 4873 2498 4944 μάρτυρι,
2547 4870 2641 4923 καὶ
2676 4867 2981 4938 θεωρητέον
3025 4863 3406 4933 εύλογοφανῶς
3433 4863 3533 4934 τὴν
3577 4863 3686 4916 ἰσό-

2114 4982 2273 5034 τητα,
2296 4963 2393 5016 καὶ
2425 4961 2642 5033 ῥητέον,
2660 4959 2756 5026 ὡς,
2793 4959 2844 5010 εί
2865 4957 3023 5011 τοῦτο
3045 4955 3185 5010 πολὺ
3212 4954 3370 5026 (πολὺ
3393 4955 3450 5008 δὲ
3468 4953 3682 5023 ὅντως),

2118 5059 2211 5111 καὶ
2247 5058 2454 5118 ἐκεῖνος
2487 5055 2614 5125 ἄρα.

2191 5153 2287 5214 ις’.
2320 5146 2431 5201 Καὶ
2459 5145 2631 5199 ταῦτα
2666 5143 2764 5212 μὲν
2808 5143 2866 5196 ἐν
2909 5139 3138 5202 τούτοιςο
3174 5139 3268 5192 καὶ
3297 5139 3461 5208 μέχρι
3494 5135 3684 5189 τοσού-

2119 5259 2212 5294 του
2249 5236 2571 5306 ὲπεσκέφθω
2602 5235 2664 5288 τὸ
2693 5236 2920 5303 άπορον,
2945 5232 3041 5286 καὶ
3063 5235 3130 5284 τὰ
3161 5230 3243 5292 εἰς
3270 5229 3425 5282 αὑτό.
3474 5227 3552 5280 Oti
3581 5227 3690 5302 γάρ

2121 5332 2270 5384 ἐστιν
2310 5331 2442 5398 ἡμῖν
2464 5297 2571 5388 ἐίς
2617 5323 2782 5377 πλέον
2807 5297 3052 5394 ⁷χωρεῖν,
3100 5318 3219 5374 ἀλλ’
3245 5313 3328 5380 οἷς
3355 5317 3584 5373 δέδοται.
3619 5297 3692 5368 Τὸ

2121 5425 2178 5475 δὲ
2210 5420 2456 5474 ἐντεῦθεν
2480 5413 2784 5485 θεωρητέον
2806 5413 2867 5464 τὸ
2889 5411 3074 5480 θαῦμα
3103 5411 3222 5463 καθ’
3253 5408 3451 5476 ἑτέραν
3479 5406 3688 5474 ἔφοδον,

2121 5508 2184 5569 οῦ
2208 5512 2343 5565 πολὺ
2375 5509 2436 5562 τὸ
2469 5505 2782 5579 πρεσϐεῖον,
2815 5504 2909 5556 καὶ
2941 5502 3174 5572 μάλιστα
3206 5499 3292 5553 διά
3321 5501 3382 5552 τὸ
3413 5495 3509 5550 τοῦ
3544 5512 3690 5566 μαρ-

2123 5603 2350 5675 τυρικοῦ
2399 5600 2605 5663 πάθους
2655 5595 2914 5663 συγγενὲς
2963 5593 3096 5663 πρός
3131 5609 3194 5660 γε
3239 5592 3302 5644 τὸ
3349 5589 3689 5652 δεσποτικόν.

2138 5701 2286 5752 Ἐκεῖ
2337 5712 2395 5747 τε
2449 5695 2569 5764 γὰρ,
2609 5691 2848 5760 πλευρᾶς
2882 5687 3030 5751 νύξις
3077 5687 3171 5739 καὶ
3209 5685 3440 5752 ὠτειλῆς
3492 5681 3694 5746 ἄνοιξις

2127 5792 2263 5858 μετὰ
2295 5789 2382 5842 τὸν
2416 5787 2677 5853 ζωογόνον
2708 5783 2936 5835 θάνατον
2969 5773 3108 5848 αἷμα
3137 5777 3352 5828 ἐϐλυσε.
3399 5771 3691 5825 Κάνταῦθα

2127 5888 2204 5944 ἐξ,
2240 5885 2281 5933 εἰ
2317 5881 2408 5933 καὶ
2441 5880 2514 5948 μὴ
2543 5877 2738 5929 ταυῖδν
2787 5873 2869 5945 ἐφ’
2915 5873 3084 5926 amas"
3136 5870 3268 5938 ﬁt“;
3314 5866 3408 5937 th]
3439 5863 3694 5935 ὑπερῳυῆ
