3968 6572
303 370 396 438 181

1440 363 1825 427 LAUDATIO
1863 365 1923 427 S.
1951 363 2346 430 DEMETRII.

3438 366 3539 432 182

295 485 684 561 πρωτοτυπίαν
753 483 1008 548 σώζεται,
1054 482 1169 539 ἀλλ’
1215 484 1250 555 ή
1309 484 1367 539 ιν
1426 483 1676 544 ὠτειλαῖς
1728 480 1865 543 ὅλως

1992 484 2274 552 ιςηιραιιιὶα
2295 498 2397 554 qua
2433 484 2630 554 gaudet
2665 485 2806 544 Deus
2839 485 3059 543 zelosus
3106 485 3369 541 miraculi
3392 487 3539 540 simi-

293 569 564 636 61306059
585 576 923 649 συμπάθεια,
1012 574 1195 645 χαίρει
1226 574 1443 637 πάντως
1467 572 1598 635 Θεὸς
1623 575 1651 625 ὁ
1675 571 1870 642 ζηλού-

299 689 486 742 μενος,
515 670 816 741 ὁμοιότητα
844 667 1132 739 τεραστίου
1157 667 1435 738 ὲξέφηνεψ
1466 667 1494 719 ὃ
1512 665 1575 738 δὴ
1608 664 1713 736 πρὸ
1739 665 1872 718 πάν-

297 780 404 817 των
432 763 547 815 τῶν
577 761 783 832 ὁμοίων
812 762 908 815 καὶ
936 759 1075 830 πρὸς
1111 759 1372 814 ἁπάντων
1416 750 1696 829 ἀμύθητον
1738 757 1874 811 ἑπά-

297 876 450 927 γιται
502 856 793 927 ἔκπληξιν.
844 853 1023 907 Καλὸν
1074 852 1174 923 μὲν
1225 852 1336 922 γὰρ
1384 849 1480 904 καὶ
1518 849 1662 919 ὕδωρ
1716 849 1873 918 ἀγιον

301 952 575 1017 λειψάνων
622 947 787 1019 ιερῶν
836 948 938 1000 ὅσα
983 946 1079 998 καὶ
1126 939 1318 1015 πηγῶν
1346 943 1677 1013 ὲξαπορῤέον
1721 941 1871 1003 ἰδεῖν,

300 1044 394 1097 καὶ
417 1041 699 1110 διψῶντας
732 1035 1105 1110 ἐκθεραπεῦον
1132 1035 1317 1099 λαοὺς,
1352 1034 1427 1097 ὡς
1460 1034 1521 1087 τὸ
1565 1033 1668 1104 μὲν
1697 1034 1876 1104 πηγά-

300 1132 388 1197 ζον
442 1133 619 1201 πήχει
675 1127 1144 1201 περιγεγράφθαι,
1199 1126 1307 1178 εἴτε
1361 1122 1630 1195 βραχίονι,
1686 1122 1872 1196 ἢάλλ’

300 1224 470 1294 ἑτέρῳ
508 1224 619 1275 τινὶ
661 1220 966 1291 στερεμνίῳ
1010 1218 1107 1272 τοῦ
1145 1216 1416 1287 σώματος·
1465 1216 1526 1269 τὸ
1562 1215 1618 1270 δὲ
1665 1215 1875 1270 ἐκεῖθεν

299 1309 565 1373 ὲκϐλύζον
624 1306 768 1361 κατά
817 1324 940 1359 τινα
989 1308 1196 1377 κρήνην
1233 1306 1542 1377 ἀπόρρυτον
1591 1304 1875 1376 ἐκτρέχειν

301 1400 550 1464 ἀὲνναον,
582 1400 681 1453 καὶ
727 1398 1012 1468 ὲμπιπλᾷν
1044 1397 1223 1451 πάντα
1256 1398 1349 1450 τὸν
1387 1396 1770 1466 προσιέμενον,
1802 1397 1879 1460 ὼς

300 1492 393 1544 ἐὰν
424 1492 524 1545 καὶ
582 1490 739 1559 φωνή
771 1506 855 1552 τις
902 1487 1114 1540 ἐκεῖθεν
1146 1488 1414 1557 ἐξηχεῖτο,
1458 1486 1875 1558 προκαλουμένη

300 1585 421 1645 τοὺς
446 1582 727 1652 διψῶντας
765 1580 1045 1651 ἔρχεσθαι.
1076 1578 1373 1650 Τεράστιον
1414 1578 1494 1645 δὲ,
1525 1579 1619 1633 καὶ
1654 1577 1878 1632 εἰκόνων

302 1674 693 1729 ἀπολείϐεαθαι
729 1673 900 1744 μύρον
948 1671 1169 1739 εὐῶδες,
1221 1672 1354 1725 ὡσεὶ
1397 1673 1491 1726 καὶ
1540 1672 1604 1725 ἐκ
1652 1673 1877 1742 στερεᾶς

302 1762 504 1830 πέτρας
541 1760 744 1815 ἔλαιον.
787 1760 929 1819 Ἀλλ’
969 1761 1063 1812 ἐπὶ
1108 1759 1269 1812 πλέον
1314 1760 1393 1813 ἔτι
1442 1761 1768 1830 Θαυμάσιον,
1816 1760 1877 1814 τὸ

305 1853 401 1921 μὲν
429 1853 576 1905 θεῖον
608 1852 772 1922 σῶμα
797 1852 1172 1924 κρυπτόμενον
1204 1851 1521 1921 στέγεσθαι,
1553 1853 1645 1906 τὸν
1691 1852 1747 1906 δὲ
1782 1851 1879 1906 τά·

303 1962 400 2012 φον
442 1944 695 2011 ποταμὸν
745 1943 1066 2015 θεωρεῖσθαι
1102 1943 1279 2015 μύρου
1330 1947 1444 2009 τοῖς
1481 1943 1744 2015 ἀρύεσθαι
1793 1945 1880 1998 θέ-

301 2034 482 2088 λουσιν
524 2033 814 2097 εύθύμιον.
847 2033 1033 2087 Ταῦτα
1064 2037 1424 2106 τερατουργεῖ
1474 2036 1569 2088 καὶ
1614 2035 1642 2088 ὁ
1670 2036 1791 2099 ταῖς
1820 2037 1880 2090 ἐν

304 2126 477 2196 Λυκία
505 2126 823 2195 πελαγίζων
846 2125 1019 2196 μύρου
1045 2125 1365 2197 προχύσεσι,
1390 2127 1485 2179 καὶ
1510 2129 1543 2198 ἡ
1570 2127 1711 2197 σοφὴ
1741 2144 1879 2200 παρ⁸

303 2218 667 2288 θενόμαρτυς,
699 2217 768 2287 ἣν
793 2216 871 2287 τῷ
917 2216 1115 2287 Σιναίῳ
1147 2215 1503 2284 ὲνεφύτευσεν
1531 2216 1647 2286 ὄρει
1677 2216 1878 2283 ζωογό·

304 2327 388 2361 νον
413 2309 586 2377 φυτὸν
616 2310 646 2361 ὁ
683 2308 837 2376 Θεὸς,
869 2308 963 2363 καὶ
988 2308 1165 2378 ἕτεροι
1193 2306 1432 2373 πλείους,
1455 2306 1512 2361 έν
1539 2324 1599 2360 τε
1629 2308 1880 2378 ἀνδράσιν

302 2400 525 2467 ἡλιῶδες
558 2401 626 2453 τὰ
650 2402 726 2462 εἰς
752 2399 951 2471 ἀρετὴν
976 2398 1420 2470 προλάμψαντες,
1450 2399 1507 2452 εν
1529 2416 1587 2452 τε
1611 2397 1875 2468 γυναιξίν.

312 2490 373 2546 Ὀ
407 2493 465 2545 δὲ
494 2493 768 2562 ἡμέτερος
799 2491 1082 2562 πολιοῦχος
1109 2492 1237 2555 τοὺς
1268 2492 1368 2561 μὲν
1405 2491 1480 2562 μὴ
1514 2492 1877 2554 πλουτοῦντας

305 2585 378 2650 τῷ
406 2582 569 2653 μύρῳ
600 2586 666 2654 τῇ
717 2582 971 2653 δαψιλείᾳ
1003 2581 1194 2637 τούτου
1241 2582 1727 2654 ὑπεραναϐέϐηκεν
1754 2601 1765 2613 ο
1798 2580 1878 2649 οἷς

222 2680 225 2683 ’
307 2675 412 2729 δὲό
449 2674 547 2727 τοῦ
594 2674 772 2745 μύρου
827 2673 1056 2738 πλοῦτος
1098 2672 1453 2744 πληθύνεται,
1484 2674 1643 2744 ,ἀλλά
1670 2675 1880 2740 τούτοις

309 2766 818 2838 παραϐαλλόμενος,
846 2765 1005 2836 αὐχεῖ
1030 2764 1093 2818 τὸ
1129 2764 1424 2833 ὲπιμᾶλλον
1460 2765 1692 2832 ἐξαίσιον
1716 2772 1783 2821 τά
1816 2785 1876 2821 τε

1974 575 2259 632 litudinem
2327 578 2628 643 revelavit;
2701 580 2847 650 quod
2918 580 3144 648 proinde
3178 594 3288 651 prae
3332 579 3577 633 Ληουῖ-ί

1973 667 2076 722 bus
2110 668 2365 725 similiter
2391 669 2602 729 eil‘ectis
2651 679 2706 727 et
2739 686 2837 742 pro
2900 671 3156 728 omnibus
3211 669 3539 725 inell‘abilem

1975 756 2182 813 inducit
2205 769 2502 829 stuporem.
2530 760 2743 818 Etenim
2772 761 2931 817 dulce
2960 770 3045 817 est
3071 774 3270 831 aquam
3291 772 3538 816 sanctam

1973 860 2003 901 e
2031 846 2279 919 reliquiis
2306 850 2481 911 sacris
2517 861 2770 917 tanquam
2797 867 2828 907 e
2857 850 3101 908 fontibus
3146 853 3537 907 scaturientem

1974 938 2158 995 videre
2196 949 2248 995 et
2286 940 2536 999 sitientes
2564 951 2848 1000 sanantem
2881 944 3129 1014 populos,
3163 944 3303 1000 sicut
3326 958 3358 999 e
3392 943 3547 999 (διώξει

1984 1038 2041 1084 ιο
2082 1045 2310 1086 manans
2344 1033 2544 1103 scripta
2576 1043 2683 1100 est,
2716 1044 2827 1090 tum
2848 1049 2879 1092 e
2913 1034 3157 1097 brachio,
3193 1045 3305 1088 tum
3327 1048 3358 1087 e
3407 1048 3543 1102 qua-

1979 1117 2109 1174 libet
2130 1120 2233 1174 alia
2263 1124 2509 1191 corporis
2545 1124 2713 1179 solida
2738 1133 2924 1195 parte;
2972 1129 3114 1195 quod
3157 1139 3284 1180 vero
3346 1122 3544 1177 exinde

1977 1212 2262 1266 scaturivit
2295 1212 2463 1269 fontis
2496 1213 2716 1272 ﬂuentis
2745 1215 2917 1272 instar
2942 1217 3009 1271 ad
3041 1230 3258 1284 semper
3310 1228 3535 1268 curren-

1979 1299 2108 1357 dum
2148 1311 2202 1358 et
2231 1303 2563 1374 implendum
2586 1320 2804 1362 omnem
2837 1306 3224 1376 accipientem,
3289 1314 3543 1375 tanquam

1981 1410 2085 1449 vox
2112 1396 2307 1451 exinde
2342 1400 2689 1466 personabat,
2754 1415 3060 1456 convocans
3106 1400 3349 1457 sitientes
3395 1408 3451 1455 ut
3480 1398 3543 1461 ad

1993 1486 2168 1555 ipsum
2197 1488 2470 1544 venirent.
2502 1489 2871 1561 Prodigiosum
2895 1506 3025 1547 vero
3060 1502 3115 1547 et
3136 1507 3201 1546 ex
3226 1490 3548 1560 imaginibus

1981 1579 2186 1634 stillare
2221 1581 2374 1636 suavi
2425 1581 2592 1636 odore
2651 1593 2981 1650 unguentum
3046 1591 3362 1653 tanquame
3417 1597 3548 1641 saxo

1983 1672 2276 1730 durissimo
2319 1673 2521 1729 oleum.
2557 1674 2661 1731 Sed
2699 1675 2886 1731 mirius
2928 1676 3163 1730 divinum
3218 1690 3415 1743 corpus
3467 1690 3552 1726 rc-

1983 1763 2260 1819 comlitum
2309 1764 2451 1836 legi,
2501 1775 2557 1821 et
2606 1766 2909 1836 sepulcrum
2976 1766 3173 1821 ﬂumen
3220 1768 3386 1820 videri
3455 1782 3555 1821 uu—

1982 1857 2163 1926 guenti
2191 1858 2410 1913 haurire
2432 1859 2799 1927 cupientibus.
2853 1859 2980 1915 Haec
3002 1859 3240 1927 prodigia
3299 1865 3555 1925 operatur

1997 1957 2049 2001 et
2073 1949 2162 2017 qui
2188 1949 2241 2003 in
2264 1948 2429 2020 Lycia
2447 1952 2702 2021 unguenti
2730 1967 2879 2006 mare
2917 1951 3213 2021 profundit,
3240 1960 3294 2007 et
3334 1951 3554 2020 sapiens

1980 2039 2131 2110 virgo
2174 2050 2377 2113 martyr
2406 2056 2568 2111 quam
2601 2043 2652 2097 in
2687 2042 2821 2098 Sina
2853 2052 3090 2097 montem
3148 2043 3383 2097 vividum
3436 2057 3557 2110 ger-

1980 2147 2101 2186 men
2134 2133 2398 2203 plantavit
2430 2134 2593 2201 Deus,
2654 2145 2708 2189 et
2745 2136 2836 2191 alii
2860 2136 3042 2206 plures
3069 2147 3181 2190 tum
3208 2137 3306 2189 viri
3357 2137 3555 2189 virtme

1976 2223 2117 2279 sicut
2146 2226 2225 2280 sol
2257 2224 2524 2295 fulgentes
2546 2237 2659 2281 tum
2726 2228 2998 2284 mulieres.
3051 2228 3296 2284 Civitatis
3357 2237 3556 2280 nostra:

1990 2326 2266 2384 protector
2296 2333 2389 2374 eos
2416 2320 2511 2389 qui
2558 2321 2817 2391 unguenti
2882 2321 3085 2377 divitiis
3135 2330 3322 2377 carent
3382 2322 3557 2374 abun-

1985 2406 2171 2463 dantia
2197 2410 2286 2464 illa
2304 2418 2521 2479 prastat
2546 2428 2562 2467 :
2592 2413 2639 2468 si
2658 2412 2751 2483 qui
2773 2428 2899 2469 vero
2917 2413 3175 2484 unguenti
3212 2413 3413 2468 divitiis
3424 2414 3555 2481 gan-

1987 2501 2120 2557 dent
2178 2504 2315 2573 ipsis
2344 2514 2527 2561 noster
2566 2507 2949 2576 aequiparatus,
2975 2506 3042 2563 de
3070 2506 3239 2562 tu‘ulto
3264 2506 3435 2576 magis
3458 2519 3555 2559 ex-

1988 2595 2359 2650 traordinario
2380 2596 2557 2665 quoad
2589 2598 2697 2652 alia
2725 2598 3023 2669 gloriatur;
3052 2607 3107 2655 et
3127 2598 3171 2654 si
3197 2598 3288 2669 qui
3320 2596 3560 2652 victoria

1985 2686 2248 2755 sanguine
2269 2687 2430 2742 nimis
2452 2698 2690 2755 manant,
2711 2697 2983 2760 unguento
3005 2688 3556 2757 immisto,pulcbrum

1987 2775 2222 2843 pulchro
2259 2786 2314 2833 et
2348 2779 2553 2836 divitiis
2591 2782 2894 2836 animarum
2939 2781 3141 2836 divitiae
3167 2782 3555 2852 ponderantur.

308 2863 463 2928 ἀλλα,
499 2863 596 2916 καὶ
618 2855 701 2923 οἷς
724 2858 786 2913 τὸ
806 2857 1097 2929 ἀθλητικὸν
1121 2852 1264 2927 αἷμα
1295 2857 1571 2929 πλήσμιον
1593 2860 1878 2931 ἀναϐρύει,
1911 2866 2006 2920 καὶ
2071 2872 2150 2938 τῷ
2214 2870 2374 2942 μύρῳ
2428 2873 2824 2943 συμμίσγεται,
2883 2874 3048 2929 καλὸν
3098 2875 3192 2927 ἰπὶ
3246 2872 3397 2942 καλῷ
3467 2877 3560 2927 καὶ

312 2954 545 3008 πλοῦτον
573 2951 763 3023 ψυχῶν
791 2951 884 3005 ἐπὶ
916 2949 1134 3020 πλούτῳ
1163 2949 1466 3020 τιθέμενος.

381 3044 468 3108 ιζ’.
505 3044 619 3097 Καὶ
650 3036 771 3094 οἶδα
804 3040 902 3112 μὲν
937 3040 1031 3093 καὶ
1063 3041 1272 3109 ἑτέροις
1306 3040 1415 3093 τῶν
1445 3041 1886 3113 καθωσιωμένων

2062 3051 2149 3104 l7.
2182 3051 2316 3107 Novi
2341 3053 2559 3121 quidem
2587 3054 2731 3109 inter
2751 3070 2845 3112 eos
2868 3057 2959 3125 qui
2984 3056 3098 3114 Deo
3153 3072 3214 3113 se
3267 3073 3554 3115 consecra-

311 3136 430 3205 Θεῷ
461 3133 720 3203 τοιαύτην
756 3132 918 3202 χάριν
967 3128 1359 3201 βραϐευθεῖσαν
1391 3133 1529 3200 μετά
1556 3133 1654 3203 τὴν
1684 3137 1747 3187 ὲκ
1776 3134 1891 3205 βίου

313 3228 719 3291 ἀπανάστασιν,
749 3224 807 3275 ὲν
844 3216 925 3285 οἷς
961 3225 1054 3275 καὶ
1090 3223 1125 3293 ή
1152 3223 1247 3277 τοῦ
1293 3222 1654 3294 εύφημεῖσθαι
1686 3226 1893 3279 ἐπώνυ-

320 3338 441 3388 μος,
467 3322 503 3390 ἡ
539 3319 651 3380 τοῖς
676 3314 934 3385 ἀληθέσιν
968 3314 1118 3384 ὅροις
1148 3315 1287 3385 μετά
1316 3314 1546 3368 θάνατον
1581 3316 1665 3384 (τὸ
1718 3334 1893 3387 παραυ·

321 3412 624 3479 δοξότατον)
678 3409 775 3461 καὶ
820 3407 1224 3477 μαρτυρήσασα
1271 3406 1365 3460 καὶ
1417 3406 1706 3462 δικάσασα.
1751 3408 1893 3473 Ἐγὼ

324 3505 376 3557 δὲ
406 3503 547 3557 ἀλλά
597 3499 780 3571 καιρῷ
829 3500 1022 3569 ἐκείνῳ
1080 3499 1274 3570 βραχεῖ
1328 3499 1780 3569 ἀντιπαραθεῖναι
1832 3500 1895 3554 τδ

322 3597 571 3662 αἱὼιον,
602 3595 636 3666 ἢ
664 3595 761 3648 καὶ
795 3594 1223 3667 παραμετρῆσαι
1258 3594 1391 3665 πρὸς
1424 3593 1613 3648 λιϐάδα
1641 3593 1701 3647 τὸ
1727 3594 1894 3649 πελαο

327 3689 477 3759 γίζον
525 3690 828 3759 ὀκνήσαιμι
862 3689 930 3741 ἂν
974 3686 1115 3741 οὕτω
1147 3686 1288 3741 κατά
1331 3687 1544 3741 πάντων
1573 3687 1681 3739 τῶν
1719 3686 1895 3741 τοιού-

322 3800 449 3838 των.

395 3882 485 3945 ιη’.
532 3873 797 3943 Ἰλήκοιεν
817 3871 875 3924 δὲ
898 3872 945 3925 οἱ
973 3870 1405 3942 θαυματουργοὶ,
1434 3869 1520 3940 ἐφ’
1550 3863 1631 3934 οἷς
1661 3869 1893 3941 ἀκριϐὴς

326 3966 764 4035 ἡπαραύχησις.
809 3963 869 4017 '0
914 3964 1178 4033 ἡμέτερος
1230 3960 1470 4033 ἀθλητὴς
1515 3962 1759 4029 πλουτεῖ,
1804 3962 1898 4016 λα-

326 4058 433 4128 χὼν
463 4060 529 4110 ὲκ
576 4055 711 4109 Θεοῦ
739 4054 801 4108 τὸ
829 4051 1285 4125 ἀπαρεξέταστον,
1332 4052 1409 4123 τῷ
1434 4053 1531 4121 τῆς
1561 4054 1894 4124 μυροχνσίας

323 4165 380 4200 τε
413 4146 618 4216 πολλῷ,
644 4145 720 4214 τῷ
749 4143 985 4215 ἀπείρῳ,
1016 4141 1091 4213 τῷ
1118 4141 1399 4212 πλήθοντι,
1422 4141 1501 4213 τῷ
1524 4142 1894 4210 πελαγίζοντι,

326 4241 420 4291 καὶ
456 4238 538 4308 τῷ
566 4235 1020 4299 συναναϐλύζοντι
1046 4234 1264 4305 αἵματι,
1297 4235 1391 4287 καὶ⁹
1417 4237 1530 4298 τοῖς
1557 4233 1751 4305 μύροις
1775 4251 1899 4288 συν-

326 4330 708 4394 διαιωνίζοντι,
743 4332 837 4382 καὶ.
885 4328 1291 4399 παραδηλοῦντι
1325 4327 1385 4381 τὸ
1429 4327 1528 4398 τῆς
1562 4327 1709 4398 ζωῆς
1745 4328 1897 4398 μόνι-

1996 3154 2143 3207 runt,
2162 3144 2282 3200 aliis
2305 3146 2468 3200 talem
2501 3162 2532 3201 a
2566 3161 2781 3203 summo
2805 3148 2987 3218 judice
3031 3149 3282 3206 collatam
3330 3153 3560 3221 gratiam

1994 3251 2026 3291 e
2057 3238 2165 3292 vita
2198 3238 2582 3307 migrantibus,
2617 3241 2826 3297 scilicet
2874 3244 3103 3312 gratiam
3162 3255 3275 3298 tum
3325 3245 3563 3299 nominis

1995 3327 2145 3382 cultu
2182 3328 2440 3399 religioso
2481 3332 2703 3400 recepti,
2760 3341 2873 3385 tum
2908 3335 3116 3387 veritati
3154 3344 3277 3403 post
3336 3346 3558 3388 mortem

1997 3419 2434 3476 testimoniumet
2498 3422 2760 3491 judicium
2806 3425 2831 3493 (
2870 3438 2902 3482 0
2967 3427 3161 3479 mirum
3188 3427 3225 3495 ι)
3285 3426 3562 3481 reddendi.

1997 3508 2109 3579 Ego
2134 3526 2285 3577 vero,
2315 3515 2543 3581 tempori
2603 3514 2676 3568 illi
2708 3516 2854 3569 brevi
2904 3516 3241 3586 aequiparare
3289 3519 3565 3573 mteruitao

2007 3611 2136 3669 tem,
2170 3613 2437 3673 autgutta
2467 3619 2620 3660 mare
2678 3606 2853 3661 metiri
2900 3609 3089 3662 eodem
3146 3609 3307 3663 modo
3354 3613 3419 3663 de
3482 3610 3566 3666 his

1994 3693 2376 3750 erubescerem
2408 3697 2684 3753 omnibus.

2080 3874 2170 3930 18.
2206 3875 2435 3946 Propitii
2469 3878 2577 3932 sint
2608 3879 3001 3949 tliaumaturgi,
3054 3882 3100 3935 si
3131 3896 3258 3937 vera
3289 3883 3563 3951 gloriatio.

1997 3966 2215 4023 Athieta
2246 3976 2435 4022 noster
2459 3966 2608 4023 dives
2628 3979 2732 4035 est,
2769 3984 2799 4023 a
2820 3968 2926 4025 Deo
2942 3970 3361 4041 incomparabile
3381 3984 3570 4028 nactus

2000 4073 2120 4112 eum
2147 4060 2401 4127 unguenti
2444 4059 2745 4114 abundanti
2786 4059 3066 4128 ell'usione,
3129 4063 3358 4130 inﬁnita,
3409 4064 3566 4134 plena

2002 4160 2058 4202 ut
2090 4164 2238 4205 mare
2267 4161 2379 4204 tum
2415 4163 2670 4206 manante
2726 4152 2885 4207 simul
2909 4155 3168 4223 sanguine
3188 4166 3241 4209 et
3301 4172 3403 4210 una
3446 4173 3566 4212 ctnn

2002 4250 2275 4309 unguento
2309 4252 2570 4312 perpetuo
2615 4257 3001 4314 perseverante
3024 4258 3079 4301 et
3128 4251 3249 4305 vitae
3294 4249 3567 4304 stabilita-

2005 4343 2109 4386 tem
2141 4334 2483 4388 ostendente.
2514 4331 2570 4388 Si
2593 4342 2770 4389 autem
2796 4320 3145 4405 superemuat
3167 4342 3385 4408 bonum,
3409 4350 3464 4396 et
3485 4358 3572 4399 se-

330 4428 426 4496 μόν
463 4443 521 4478 τε
554 4423 649 4477 καὶ
704 4422 949 4492 συνεχές.
999 4422 1062 4474 Εἰ
1101 4420 1157 4474 δέ
1193 4437 1323 4474 ποτε
1370 4424 1464 4473 καὶ
1515 4421 1886 4491 ὑπερεκχεῖται

2000 4419 2249 4487 pulcrum
2294 4421 2803 4478 circuminscribere
2840 4426 3100 4479 honorem
3137 4428 3286 4493 velit,
3325 4445 3570 4499 unguen-

326 4520 384 4570 τὸ
411 4517 641 4585 ἀγαθὸν,
670 4516 763 4567 καὶ
797 4517 825 4569 ὁ
848 4513 1015 4581 τάφος
1066 4513 1164 4583 μὲν
1201 4512 1569 4584 περιγράφειν
1611 4513 1786 4566 ἐθέλει
1834 4512 1896 4565 τὸ

332 4611 534 4680 τίμιον,
572 4608 635 4661 τὸ
668 4607 725 4660 δὲ
756 4606 853 4668 τὰς
896 4605 1167 4675 κρηπῖδας
1216 4604 1555 4673 ύπονομεῦον
1592 4604 1762 4674 μύρον
1807 4606 1897 4658 ὲκ-

330 4702 589 4767 χενωθὲν,
623 4698 943 4772 ᾁσματικῶς
989 4699 1190 4762 εἰπεῖν,
1233 4696 1445 4765 γίνεται
1491 4698 1584 4751 καὶ
1619 4699 1699 4761 είς
1752 4699 1898 4769 ζωὴν

329 4794 601 4866 ἁλλομένη
630 4790 806 4863 πηγὴ,
833 4792 928 4845 καὶ
961 4788 1290 4858 διεκτρέχει,
1324 4788 1398 4850 ὡς
1429 4783 1541 4843 οἷον
1570 4790 1900 4860 ὲκκυμαινό-

328 4905 510 4957 μενον,
541 4886 639 4939 καὶ
673 4885 976 4954 πράγματα
994 4884 1109 4943 τοῖς
1138 4880 1354 4933 ἀντλεῖν
1380 4880 1627 4935 ἐθέλουσι
1659 4881 1896 4948 δίδωσιν,

326 4980 453 5035 ἀλλο
486 4977 651 5030 τοῦτο
688 4977 853 5046 τέρας
894 4975 988 5027 καὶ
1030 4972 1270 5027 ἀϐύσσου
1322 4972 1607 5040 έκφανσις,
1654 4973 1898 5028 κάτωθεν

326 5072 567 5141 έκπηὸᾁν
617 5069 861 5138 ἀνιείσης
914 5065 974 5118 τὸ
1029 5064 1222 5135 μύρον,
1255 5064 1350 5116 καὶ
1392 5062 1520 5133 διχῆ
1567 5063 1900 5134 μεριξούσης

327 5164 455 5217 αὐτὸ
484 5163 566 5227 είς
618 5177 678 5214 τε
724 5159 815 5212 τὸν
872 5159 1063 5227 τάφον,
1118 5156 1212 5211 καὶ
1262 5156 1330 5208 τὰ
1379 5154 1575 5207 τούτου
1629 5170 1901 5223 προτεμε-

326 5256 585 5325 νίσματαο
620 5253 655 5323 ἡ
689 5251 754 5322 δὴ
781 5250 1012 5311 ἄϐυσσος
1040 5250 1135 5302 καὶ
1156 5248 1346 5319 ἑτέραν
1366 5247 1705 5301 ἐπικαλεῖται
1729 5247 1899 5300 ἄϐυσ-

329 5363 420 5399 σον
446 5345 548 5415 τὴν
594 5341 704 5395 τῶν
746 5338 998 5395 ἀπλέτωυ
1046 5338 1535 5410 θαυματουργιῶν,
1574 5354 1901 5405 συναναφαιο

327 5441 557 5511 νομένην
596 5439 691 5491 καὶ
739 5429 827 5489 οἷα
859 5434 1295 5503 συνουσιωμένην
1322 5434 1389 5503 τῇ
1418 5431 1514 5485 τοῦ
1566 5430 1740 5503 μύρου
1768 5431 1901 5485 θαυο

336 5533 646 5603 μασιότητιο
683 5528 753 5600 ἢν
782 5527 846 5595 δὴ
873 5527 969 5579 καὶ
987 5525 1163 5587 άλλως
1195 5523 1339 5577 ἔστιν
1367 5525 1500 5593 ἡμῖν
1534 5524 1898 5594 ὲπιθεωρῆσαι

328 5625 584 5678 ἄϐυσσον.
617 5622 727 5692 Γῆν
765 5637 825 5673 τε
863 5620 969 5690 γάρ
1001 5617 1207 5672 ὑδάτων
1234 5617 1472 5681 ἄϐυσσος
1502 5618 1638 5687 ὀχεῖ,
1679 5618 1779 5669 ὅσα
1808 5620 1899 5669 καὶ

330 5717 641 5787 οἰκοδομίαν
666 5711 940 5784 θεμέλιοςο
972 5709 1067 5763 καὶ
1091 5710 1190 5778 τὴν
1213 5708 1366 5763 πόλιν
1393 5709 1450 5761 δὲ
1483 5710 1688 5773 ταύτην
1710 5708 1744 5777 ἡ
1774 5707 1896 5760 καθ’

2009 4520 2120 4566 tum
2156 4527 2283 4567 vero
2314 4513 2464 4569 labra
2513 4515 2811 4581 rumpendo
2864 4529 3183 4573 evacuatum
3223 4521 3469 4587 reddens,
3516 4535 3575 4579 ut

2007 4606 2214 4674 poetice
2240 4607 2436 4675 dicam,
2459 4607 2552 4662 liat
2581 4615 2639 4663 et
2666 4607 2870 4665 saliens
2901 4610 2956 4664 in
2982 4610 3148 4666 vitam
3200 4610 3341 4681 fons,
3387 4625 3576 4670 currat

2006 4698 2161 4767 quasi
2191 4699 2495 4769 exundans,
2517 4710 2573 4757 et
2593 4701 2808 4759 labores
2838 4707 3312 4773 compescentibus
3334 4709 3575 4778 imponat

2006 4789 2151 4845 aliud
2178 4791 2280 4846 hoc
2304 4793 2607 4863 prodigium
2629 4802 2684 4849 et
2704 4795 2883 4867 abyssi
2904 4797 3299 4869 divulg:ntio,ab
3328 4801 3467 4855 inira
3488 4817 3575 4856 sa-

2007 4883 2143 4938 liens
2167 4894 2498 4955 unguentum
2524 4888 2823 4945 etnitteutis
2865 4890 2997 4943 etin
3027 4893 3160 4946 duas
3210 4902 3387 4959 partes
3443 4894 3578 4948 divi-

2006 4975 2205 5043 dentis,
2244 4977 2298 5031 in
2350 4979 2655 5048 sepulcrum
2685 4989 2742 5036 et
2768 4980 2819 5035 in
2861 4980 2981 5050 ejus
3004 4982 3162 5048 atria,
3185 4998 3306 5053 quae
3350 4984 3576 5055 abyssus

2008 5069 2223 5126 invocat
2258 5070 2535 5141 abyssum,
2562 5086 2755 5141 nempe
2778 5074 3154 5143 prodigiorum
3182 5078 3439 5130 virtutum
3489 5077 3577 5131 in-

2008 5159 2284 5216 ﬁnitarqu
2309 5177 2415 5216 uua
2434 5161 2781 5233 eli'ulgentem
2811 5167 3278 5238 exsistentemque
3302 5184 3425 5223 cum
3476 5185 3575 5223 un-

2008 5255 2193 5325 guenti
2224 5256 2491 5325 prodigio,
2510 5270 2673 5326 quam
2725 5272 2860 5314 sane
2886 5259 3075 5315 etalio
3116 5261 3279 5315 modo
3328 5261 3575 5330 abyssum

2008 5361 2237 5416 pensare
2260 5362 2359 5403 nos
2386 5360 2624 5418 oportet.
2660 5348 2909 5420 Namque
2951 5362 3151 5406 terram
3208 5351 3363 5406 fulcit
3407 5365 3576 5418 aqua-

2007 5453 2126 5492 rum
2156 5438 2382 5509 abyssus
2431 5440 2574 5496 sicut
2599 5450 2655 5496 et
2715 5442 3001 5498 mdilicium
3052 5442 3579 5507 l‘uudamentum;et

2012 5528 2200 5584 urbem
2227 5531 2368 5586 hanc
2395 5541 2669 5587 sustentat
2697 5534 2927 5605 abyssus
2953 5535 3111 5590 nobis
3167 5533 3578 5589 fundamentum

2008 5622 2329 5676 stabilitum.
2364 5621 2429 5677 Et
2479 5622 2812 5681 fundamenti
2858 5636 3104 5681 naturam
3139 5626 3453 5696 explorans,
3499 5627 3587 5684 iu-

2006 5729 2168 5772 sanus
2196 5729 2254 5771 es
2266 5724 2359 5772 vel.

331 5819 472 5891 ἡμᾶς
504 5817 775 5887 ύπανέχει
803 5815 1041 5881 ἄϐυσσος
1098 5817 1237 5886 αὕτη
1296 5818 1617 5888 ὲδρὰζουσα.
1681 5816 1789 5869 Καὶ
1820 5817 1906 5870 τὸν
1937 5817 2137 5886 τρόπον
2166 5818 2262 5871 τοῦ
2289 5819 2629 5889 ἐδράσματος
2659 5821 2836 5891 παχὺς
2870 5819 2935 5873 ἄν
2961 5836 3044 5882 τις
3098 5821 3181 5890 εἴη
3241 5822 3270 5875 ὁ
3322 5820 3587 5877 πυνθανόο

338 5929 510 5982 μενος.
