3864 6562
339 375 442 441 183

1040 343 1459 434 ausurum
1488 369 1893 432 massam,

2002 371 2249 432 IENSIS
2289 370 2849 434 METROPOLlT/E

3458 375 3599 444 184‘

404 491 488 546 i9.
524 489 636 546 Sed
670 489 754 544 sic
784 504 986 544 novum
1013 487 1157 544 sacri
1215 496 1613 558 unguentorum
1671 485 1893 540 thesaur-

2091 486 2178 539 ιθ’.
2227 486 2365 539 Ἀλλ’
2399 487 2540 541 οὕτω
2572 488 2671 558 μὲν
2713 490 2897 543 καινὸν
2937 491 3034 561 τῆς
3065 489 3214 561 ἱερᾶς
3267 489 3591 562 μυροθῆκης

332 582 722 654 ειιιιαιοιὶιιισιιε
747 581 973 644 bonum,
1021 595 1088 636 ne
1105 581 1282 636 oumis
1324 578 1577 648 martyris
1605 576 1776 646 gloria
1825 575 1907 629 in-

331 679 483 733 clusa
527 677 622 741 sit,
656 675 750 730 sed
777 684 835 728 ut
881 674 1030 729 foras
1083 673 1413 742 producatur
1467 671 1656 724 nuntia
1697 668 1904 738 pulchri

332 771 402 825 ab
427 770 620 825 intimo
651 767 872 837 praevia.
907 764 1172 820 llaustum
1219 777 1349 818 vero
1379 761 1510 816 illud
1535 770 1587 814 et
1617 760 1669 814 in
1728 759 1907 813 alaba-

331 872 505 919 strum
534 859 794 924 infusum,
832 859 971 913 intra
999 869 1222 911 manere
1251 869 1357 909 non
1390 853 1525 916 vult,
1555 853 1648 906 sed
1673 849 1905 906 eﬂ‘usum

329 951 569 1008 extutdat
607 951 763 1005 itaut
793 959 850 1003 et
890 947 996 1002 alia
1052 941 1255 1016 repleat
1301 959 1450 1009 vasa,
1503 958 1532 998 e
1591 943 1792 1012 quibus
1853 953 1908 997 et

328 1047 570 1100 exundat
601 1042 806 1110 pariter
868 1042 1067 1094 bonum
1115 1053 1181 1094 ea
1240 1037 1359 1092 istis
1406 1034 1633 1090 eﬂusum
1694 1036 1748 1089 in
1803 1035 1905 1088 alia

330 1136 510 1191 l‘ontes
529 1144 583 1189 et
607 1133 759 1204 ipsos
776 1133 1036 1202 pulchros
1061 1130 1298 1186 vicissim
1324 1127 1743 1196 multiplicatos;
1765 1127 1906 1195 quod

327 1243 460 1282 sane
483 1226 596 1282 lieri
633 1225 937 1295 oportebat.
961 1222 1095 1277 Nam
1125 1238 1246 1293 qua:
1274 1235 1525 1276 crescere
1562 1229 1616 1273 et
1645 1218 1905 1287 multipli-

328 1316 441 1372 cari
473 1315 704 1385 primum
738 1315 867 1369 illud
916 1324 1252 1384 unguentum
1280 1312 1442 1382 jussit
1477 1316 1750 1382 gratia,‘et~
1773 1309 1908 1364 vivis

327 1407 456 1464 inde
502 1407 852 1464 manantibus
897 1409 1141 1462 eamdem
1187 1404 1712 1474 inserebatcopiam,
1763 1403 1906 1459 unde

327 1515 437 1556 non
495 1499 668 1556 solum
714 1498 952 1570 sepulcri
1005 1513 1110 1554 non
1177 1498 1373 1553 defecit
1428 1498 1535 1553 tale
1593 1497 1904 1568 pulchrum,

327 1591 426 1647 sed
461 1606 561 1647 nec
595 1593 641 1646 si
679 1577 772 1646 vas
798 1590 1065 1661 quoddam
1115 1589 1262 1645 aliud
1289 1598 1393 1655 est,
1427 1589 1689 1644 inclusam
1724 1599 1906 1644 tenere

332 1681 481 1736 hunc
505 1681 705 1736 ﬂuendi
739 1683 1003 1751 impetum
1033 1689 1300 1737 statutum
1317 1689 1424 1736 est.
1487 1679 1625 1746 Quid
1658 1694 1765 1734 non
1828 1678 1906 1735 fe-

325 1773 401 1827 cit
427 1785 739 1828 sanctorum
802 1773 1065 1828 Dominus
1103 1773 1194 1840 qui
1246 1772 1300 1825 in
1365 1771 1639 1840 propheta:
1665 1769 1902 1825 favorem

323 1862 430 1918 olei
461 1863 692 1934 Iecytum
718 1863 1086 1926 en‘undentem
1134 1867 1280 1934 quod
1331 1864 1400 1917 ab
1454 1864 1604 1918 intus
1656 1863 1899 1917 servavit
1933 1848 1976 1902 Β

323 1954 704 2026 plenissimum
739 1953 903 2012 fouitis
951 1957 1125 2012 instar
1175 1955 1559 2026 semperﬂuum
1614 1955 1894 2010 stabilivit.

393 2223 487 2278 20.
517 2222 621 2289 Qui
651 2223 957 2292 priscarum
983 2220 1336 2278 historiarum
1364 2223 1547 2278 studio
1605 2223 1894 2289 incumbit,

321 2314 467 2382 apud
504 2323 714 2370 veterea
735 2313 935 2369 alicubi
961 2312 1164 2382 reperit
1194 2323 1460 2368 retectum
1509 2313 1722 2369 labrum
1751 2317 1897 2383 quod

323 2404 540 2474 liquore
567 2406 784 2474 quidem
816 2405 1038 2475 plenum
1091 2415 1210 2461 erat
1259 2416 1315 2460 et
1357 2419 1425 2460 ex
1455 2406 1548 2462 illo
1581 2407 1898 2464 haurientes

323 2497 514 2568 sedqu
537 2497 832 2553 eﬂerebant
859 2513 962 2554 nec
995 2498 1160 2552 ullam
1210 2497 1517 2568 patiebatur
1564 2498 1899 2553 imminutio.

319 2604 470 2646 nem.
495 2587 662 2646 Nobis
691 2599 869 2650 autem
909 2589 1365 2660 prodigiumillud
1417 2590 1582 2661 viget.
1637 2589 1774 2658 Quia
1808 2606 1900 2647 ve-

317 2697 384 2744 ro
411 2682 690 2737 oculorum
723 2682 996 2736 contuitus
1021 2682 1299 2750 posterius
1321 2683 1376 2748 in
1421 2682 1730 2752 prodigium
1785 2697 1896 2737 non

318 2770 680 2842 deﬁgebatur,
710 2769 810 2826 sed
841 2781 953 2824 tum
1002 2771 1326 2839 apparebat,
1353 2778 1468 2824 tum
1497 2771 1767 2824 occultum
1811 2775 1900 2826 de-

325 2863 570 2929 sinebat,
610 2863 862 2918 dubitare
898 2862 1026 2917 licet
1047 2865 1090 2917 si
1112 2863 1188 2916 sic
1217 2876 1277 2916 se
1305 2877 1395 2918 res
1431 2863 1654 2918 haberet
1718 2873 1775 2917 et
1829 2863 1898 2917 ab

320 2965 553 3026 utroque
608 2969 741 3011 casu
789 2954 1258 3010 conﬁrmationem
1305 2955 1662 3024 perpendere.
1727 2955 1900 3008 Mani-

318 3051 516 3104 [eatum
548 3057 729 3104 autem
755 3062 822 3104 en
851 3057 1030 3102 exstat
1053 3046 1362 3117 prodigium
1405 3045 1692 3102 nostrum:
1749 3047 1898 3103 orbis

320 3139 616 3196 universus
646 3139 989 3208 anteipsutn,
1031 3138 1178 3193 oculi
1233 3153 1448 3205 omnes,
1509 3149 1563 3197 et
1618 3138 1897 3208 singulare

2011 581 2478 650 ὐπερεκχεόμενον
2511 583 2570 634 τὸ
2613 583 2839 650 ἀγαθὸν,
2887 583 2970 635 ἵνα
3009 582 3084 653 μὴ
3121 585 3269 636 πᾶσα
3317 584 3348 652 ἡ
3381 601 3592 652 μαρτυ-

2013 672 2139 744 ρικὴ
2189 671 2328 743 αὕτη
2381 673 2506 738 δόξα
2541 673 2648 726 ἔσω
2687 673 3059 744 συγκλείηται,
3111 676 3248 729 ἀλλὰ
3283 679 3378 731 καὶ
3426 677 3594 739 ἐκτίς

2011 763 2379 832 προφαίνηται
2405 765 2712 834 πρόδρομος
2739 765 2832 820 τοῦ
2863 767 3011 831 ἐντδς
3038 767 3454 837 διαδεικνυμένη
3488 785 3594 820 κα-

2011 853 2126 909 λοῦ.
2156 855 2218 908 ΕΙ
2249 854 2306 907 δέ
2359 857 2452 909 καὶ
2500 856 2764 925 άντληθέν
2810 858 2963 922 αὐτὸ,
2996 859 3093 912 καὶ
3123 861 3202 922 είς
3239 859 3594 928 ἀλάϐαστρον

2013 946 2244 1011 ἐντεθέν,
2271 948 2332 999 οὐ
2368 948 2509 1000 θέλει
2556 949 2680 1002 καθ’
2705 949 2867 1003 ἐαυτδ
2919 951 3127 1020 μένειν,
3164 950 3282 1003 ἀλλ’
3324 951 3593 1014 ἐκϐλύζον

2012 1037 2297 1108 πφρῤἐει,
2344 1039 2419 1102 ὡς
2467 1040 2828 1112 ἐμφορεῖσθαι
2859 1042 2957 1095 καὶ
2977 1042 3142 1112 ἕτερα
3176 1043 3369 1112 σκεύη,
3404 1043 3460 1109 ἐξ
3512 1037 3598 1096 ὧν

2012 1131 2105 1184 καὶ
2135 1131 2316 1184 αὐτῶν
2374 1133 2632 1203 ἁναϐρύει
2680 1136 2741 1188 τὸ
2783 1135 2970 1204 ὅμοιον
3017 1135 3244 1203 ἀγαθον,
3283 1137 3349 1189 ἐκ
3377 1136 3595 1189 τούτων

2012 1222 2196 1276 κλίνον
2238 1225 2316 1287 είς
2350 1225 2535 1294 ἕτερα,
2569 1228 2778 1296 πηγαῖα
2809 1227 2902 1279 καὶ
2941 1225 3114 1279 ταῦτα
3152 1227 3314 1292 καλὰ,
3359 1229 3424 1280 ἐκ
3469 1228 3595 1280 δια-

2009 1313 2170 1383 δοχῆς
2189 1314 2590 1386 πληθυνόμενα.
2613 1317 2714 1370 Καὶ
2735 1317 2899 1386 ἐχρῆν
2920 1318 3136 1381 πάντως
3154 1317 3297 1372 οὕτω
3315 1319 3591 1384 γίνεσθαι.

2023 1405 2086 1460 Ἦ
2112 1409 2219 1478 γάρ
2252 1407 2580 1473 αὐξάνεσθαι
2624 1410 2716 1463 καὶ
2746 1409 3039 1480 πληθύνειν
3073 1412 3134 1464 τὸ
3166 1411 3382 1480 πρῶτον
3411 1412 3596 1465 {aceto

2011 1500 2184 1573 μύρον
2214 1501 2516 1557 κελεύσασα
2545 1504 2706 1574 χάρις
2750 1507 2843 1557 καὶ
2871 1507 2991 1567 ταῖς
3021 1503 3232 1558 ἐκεῖθεν
3263 1505 3593 1576 ἀπορῤοἵαις

2011 1593 2113 1663 τὴν
2145 1593 2316 1664 αὐτὴν
2349 1595 2564 1649 ἐνέθετο
2591 1596 2844 1666 δύναμινσ
2882 1596 3005 1651 ὅθεν
3032 1597 3091 1651 ού
3125 1600 3286 1669 μόνον
3312 1598 3388 1668 τῷ
3432 1598 3594 1666 τάφῳ

2008 1686 2110 1740 οὐκ
2155 1686 2300 1741 ἐστιν
2345 1688 2618 1741 ἐπιλιπεῖν
2657 1690 2716 1741 τὸ
2752 1689 2994 1744 τοιοῦτον
3020 1690 3204 1756 καλὸν,
3235 1690 3353 1743 ἀλλ’
3387 1690 3510 1742 οὑδέ
3539 1690 3598 1743 sl.’

2008 1796 2060 1831 τι
2109 1780 2302 1843 σκεῦος
2332 1782 2520 1850 ἕτερον
2577 1783 2784 1849 στέγειν
2839 1784 3048 1836 ἐκεῖθεν
3102 1785 3407 1856 άπὸῥροιάν
3461 1801 3591 1837 τινα

2004 1869 2283 1926 τέτακται.
2319 1873 2384 1924 Τί
2423 1873 2478 1926 δέ
2509 1875 2607 1927 οὐκ
2631 1876 2858 1944 ἔμελλεν
2896 1878 2924 1929 ὁ
2948 1875 3055 1930 τῶν
3087 1876 3258 1944 ἁγίων
3297 1875 3524 1946 Κύριος,
3560 1877 3592 1927 ὁ

2007 1964 2290 2032 προφήτου
2321 1965 2482 2034 χάριν
2511 1966 2810 2038 καμψάκην
2844 1968 3023 2022 ἐλαίου
3067 1968 3492 2036 ἐξερευγόμενον
3525 1969 3590 2020 τὸ

2004 2054 2156 2118 ἐντὸς
2215 2057 2381 2126 ὑγρὸν
2435 2059 2721 2124 φυλάττων
2773 2061 2858 2113 ἀεὶ
2918 2061 3313 2130 πληρέστατον,
3370 2061 3463 2115 καὶ
3504 2059 3590 2124 είς

2003 2144 2189 2213 πηγὴν
2217 2146 2390 2215 αὐτὴν
2423 2146 2588 2212 τάξας
2617 2149 2934 2219 ἀείόρυτονς

2075 2233 2144 2290 κ’.
2176 2237 2288 2290 Καὶ
2315 2240 2343 2290 ὁ
2374 2238 2473 2307 μὲν
2493 2241 2614 2302 ταῖς
2643 2242 2900 2304 παλαιαῖς
2934 2243 3192 2311 ἱστορίαις
3235 2242 3426 2314 καιρόν
3460 2259 3588 2295 τινα

2005 2328 2206 2397 σχολῆς
2235 2329 2491 2397 ἐνδιδοὺς,
2527 2332 2764 2404 εὑρίσκει
2793 2333 2959 2387 πάλαι
2993 2350 3096 2386 που
3131 2335 3329 2386 πύελον
3362 2336 3580 2387 ἀνακα-

2002 2418 2322 2488 λυφθεῖσαν,
2357 2423 2478 2492 ἥτις
2535 2423 2701 2493 ὑγροῦ
2757 2425 2857 2493 μέν
2908 2441 3053 2488 τινος
3100 2426 3314 2497 πλήρης
3359 2421 3448 2495 ἦν,
3484 2427 3589 2480 καὶ

2003 2511 2308 2580 ἐξηντλεῖτο
2336 2513 2488 2576 αὐτὸ,
2540 2515 2634 2567 καὶ
2687 2513 2996 2585 ἐξεφορεῖτο
3029 2515 3341 2585 ἐπιμελῶςο
3373 2519 3473 2570 οὐκ
3509 2513 3583 2587 ἦν

2002 2601 2059 2655 δὲ
2091 2603 2282 2658 παθεῖν
2315 2605 2531 2675 ἐκείνην
2559 2607 2799 2676 κένωμα.
2845 2608 3010 2678 Ἡμῖν
3039 2607 3095 2660 δέ
3127 2609 3225 2662 sui.
3258 2609 3441 2672 αὐτοῖς
3489 2611 3586 2664 τέ-

2005 2712 2107 2764 ρας
2144 2697 2242 2765 μέν
2284 2715 2334 2749 τι
2380 2699 2557 2752 ἐκεῖνο
2604 2699 3020 2769 καταφαίνεται.
3059 2702 3181 2756 Ὀτι
3215 2703 3271 2755 δέ
3305 2703 3584 2774 ὀφθαλμοὶ

2005 2790 2351 2858 μεταχρόνιοι
2377 2789 2454 2860 τῷ
2483 2790 2717 2860 θεάματι
2752 2792 2812 2844 ού
2856 2792 3224 2862 προσέϐαλον,
3265 2795 3402 2850 ἀλλὰ
3449 2795 3583 2850 τότε

2000 2880 2131 2932 ποτὲ
2161 2880 2350 2948 φανὲν,
2377 2878 2498 2936 εἶτα
2525 2883 2725 2954 κρυϐὲν
2749 2884 2988 2955 ἀπέσϐη,
3021 2886 3316 2950 ἐνδοιάζειν
3339 2888 3578 2952 ἔπεισιν,

2001 2971 2097 3023 ἐὰν
2136 2972 2384 3024 τοιοῦτον
2441 2969 2528 3043 ἧν,
2581 2975 2676 3029 καὶ
2729 2976 3077 3030 ταλαντεύειν
3124 2979 3213 3031 ἐπ’
3260 2979 3426 3049 ἄμφω
3472 2981 3580 3050 τὴν

2001 3063 2424 3130 συγκατάθεσιν.
2448 3064 2522 3117 Τὸ
2547 3065 2602 3118 δὲ
2637 3065 2906 3137 ἡμέτερον
2943 3067 3176 3138 πάρεστι
3207 3068 3391 3137 θαῦμα
3434 3073 3580 3138 πρό·-

1999 3169 2184 3206 οπτονο
2225 3155 2334 3208 ίδοὺ
2365 3154 2631 3209 ἔκκειται·
2665 3157 2870 3226 κόσμος
2895 3157 3038 3221 ἄπας
3074 3158 3160 3212 ἐπ’
3189 3161 3343 3222 αὐτὸ.
3373 3160 3581 3230 ὀφθαλο

320 3247 419 3304 per
447 3233 758 3290 universam
791 3241 992 3288 terram
1019 3232 1326 3301 divulgatur
1351 3231 1494 3301 quod
1529 3232 1711 3286 cuncti
1769 3240 1893 3285 ante

2005 3244 2097 3312 μοὶ
2127 3245 2346 3308 πάντες·
2383 3247 2480 3300 καὶ
2508 3247 2568 3299 τὸ
2609 3247 2847 3315 ἐξαίσιον
2881 3249 2960 3312 είς
3008 3252 3191 3303 πᾶσαν
3231 3251 3337 3322 γῆν
3380 3225 3579 3322 διακη-

322 3339 523 3380 manus
577 3333 634 3379 et
663 3333 792 3380 ante
820 3329 1008 3379 oculos
1045 3323 1272 3378 habent.
1307 3317 1384 3378 Et'
1422 3323 1552 3391 justi
1609 3321 1897 3392 cujuslibet

319 3416 723 3488 ungaentoisto
772 3416 1114 3486 impinguant
1169 3414 1476 3484 spiritualia
1521 3415 1722 3484 capita,
1777 3415 1895 3483 qui-

316 3523 535 3579 cunque
568 3509 787 3563 eximiis
816 3508 956 3562 inter
993 3508 1256 3562 virtutum
1277 3520 1440 3575 opera
1481 3507 1563 3559 sic
1613 3505 1894 3560 inveniunt

315 3614 424 3671 qua
455 3601 732 3664 laetentur,
783 3608 840 3654 ct
867 3599 1133 3668 sanguine
1155 3597 1470 3667 spirituales
1497 3605 1680 3665 postes
1709 3596 1893 3650 divina

318 3695 622 3749 imitatione
635 3693 948 3760 obsignant,
977 3706 1008 3746 e
1027 3689 1223 3761 quibus
1244 3690 1361 3745 ista:
1392 3690 1459 3744 ad
1483 3689 1890 3744 meditationem

319 3790 456 3842 llnnt
477 3787 755 3852 introitus,
789 3783 892 3840 illa
919 3785 985 3838 ad
1013 3781 1379 3853 operationem
1416 3783 1656 3837 sedulam
1688 3783 1886 3838 exitus.

317 3877 411 3932 Sic
441 3875 919 3937 exterminatorem
945 3876 1119 3928 vitant
1164 3880 1261 3926 aut
1305 3883 1517 3942 portam
1566 3875 1888 3943 pratermit-

319 3979 547 4033 tentem,
571 3968 876 4032 utdicitur,
908 3965 1056 4022 illum
1087 3967 1337 4038 progredi
1383 3967 1649 4030 sinentes,
1697 3974 1789 4019 aut
1835 3965 1887 4019 in

316 4079 515 4120 vanum
546 4063 878 4133 pulsantem.

381 4267 474 4322 2|.
508 4265 746 4335 Sanguis
786 4265 896 4329 ille,
925 4277 1254 4332 unguentum
1305 4265 1437 4319 illud
1499 4264 1620 4318 vita:
1671 4270 1887 4317 aeternae

313 4370 442 4418 sunt
475 4359 654 4430 signa,
679 4358 874 4428 quibus
893 4366 1042 4425 patet
1070 4357 1356 4412 odoratum
1384 4371 1505 4411 esse
1545 4355 1714 4410 Deum
1745 4367 1889 4406 mar-

315 4465 488 4525 tyrem
519 4450 804 4507 suavitatis
863 4449 1105 4504 odorem.
1142 4447 1529 4503 Renumeratio
1579 4446 1636 4501 iit
1697 4444 1884 4499 multi-

312 4549 432 4616 plex
459 4545 527 4600 de
577 4545 776 4614 quibus
829 4557 926 4613 pro
985 4540 1205 4596 Christo
1262 4541 1462 4592 sudore
1500 4547 1566 4626 et
1619 4539 1883 4626 sanguine
1918 4571 1963 4626 υ

312 4637 572 4692 manavit.
606 4633 857 4689 Reddens
882 4633 1017 4686 dona
1064 4629 1348 4698 prmseutia
1384 4627 1435 4678 in
1479 4625 1665 4679 decem
1693 4623 1882 4689 millia,

309 4730 476 4783 vitant
499 4736 757 4780 aeternam
776 4723 984 4793 adjicit.
1023 4719 1197 4791 Ipsius
1226 4717 1447 4787 quidem
1475 4716 1719 4784 Spiritus,
1747 4730 1880 4770 cor-

312 4818 562 4888 ruptione
611 4814 850 4883 expertis
906 4810 1197 4879 voluptatis
1255 4807 1571 4876 paradisum
1631 4806 1881 4872 adeptus,

311 4909 468 4964 nobis
497 4907 726 4961 similent
757 4912 912 4973 parat
965 4902 1219 4970 gratiam,
1277 4913 1384 4967 qua
1427 4897 1617 4950 obvius
1675 4896 1882 4950 custodi

309 5008 366 5056 et
396 4996 645 5066 agricola:
682 4994 843 5062 hujus
876 4990 1174 5058 incorrupti
1228 4987 1386 5040 vireti
1441 4987 1519 5051 Iit,
1573 4995 1628 5039 et
1679 4985 1884 5052 primo-

312 5106 434 5144 rum
472 5095 756 5158 parentum
785 5084 944 5138 nobis
972 5083 1212 5137 restituit
1261 5078 1637 5134 haereditatem
1674 5091 1704 5129 a
1775 5091 1881 5144 qua

312 5180 508 5236 diaboli
533 5177 734 5232 invidia
763 5175 1190 5236 exeideramus;
1231 5173 1403 5240 ipsius
1440 5179 1626 5223 autem
1683 5180 1882 5236 corpus

311 5273 549 5344 paradisi
584 5273 758 5326 instar
790 5270 945 5324 nobis
977 5269 1434 5321 delectatnentum
1488 5265 1567 5322 ﬁt.
1604 5277 1711 5316 non
1790 5275 1882 5315 so-

309 5369 419 5422 lum
451 5365 692 5435 pulchris
725 5377 844 5433 quae
877 5371 935 5414 ut
961 5373 1176 5428 semper
1197 5357 1520 5425 colligimus,
1582 5356 1678 5410 scd
1711 5364 1765 5410 et
1819 5370 1882 5409 eo

307 5459 452 5529 quod
480 5458 533 5510 in
557 5457 676 5524 ipso
711 5451 999 5521 magnilica
1026 5451 1141 5516 ejus
1173 5447 1444 5502 mirabilia
1477 5449 1881 5514 conspiciamus

304 5562 360 5606 et
392 5547 655 5619 unguenti
697 5544 1021 5599 Stillationes
1077 5552 1132 5595 et
1196 5540 1478 5610 sanguinis
1532 5539 1647 5595 fere
1711 5556 1882 5609 usque

306 5644 373 5697 ad
393 5641 784 5696 abundantiam
820 5636 1136 5706 ebullienlia
1174 5634 1398 5689 ﬂutnina
1451 5650 1576 5704 qua:
1622 5644 1879 5703 perpetuo

307 5743 557 5797 aestuant,
586 5740 640 5786 et
666 5731 884 5784 lanceas
914 5743 1053 5797 quas
1085 5729 1372 5783 arboribus
1406 5745 1434 5780 a
1469 5728 1580 5781 Deo
1623 5725 1878 5795 plantatis

307 5825 708 5898 atquiparamus
764 5821 1396 5903 pttl‘chr‘ouiktﬁtrpori
1443 5821 1692 5890 martyrii
1749 5830 1878 5873 tetu-

2004 3332 2315 3404 ρυκεύεται,
2353 3337 2450 3388 καὶ
2481 3336 2677 3400 πάντες
2695 3338 2800 3407 πρό
2828 3355 2885 3389 τε
2911 3339 3131 3410 χειρῶν,
3155 3340 3260 3409 πρό
3284 3358 3344 3393 τε
3372 3341 3580 3411 ὀφθαλ-

2005 3425 2123 3493 μῶν
2156 3427 2288 3480 αὐτο
2319 3427 2525 3497 έχουσι.
2573 3431 2684 3482 καὶ
2734 3430 2811 3500 τῷ
2872 3433 2968 3501 μὲν
3015 3431 3110 3485 τοῦ
3159 3433 3367 3486 δικαίου
3411 3435 3576 3507 μύρῳ

1999 3518 2176 3589 τούτῳ
2210 3520 2310 3583 τὰς
2355 3522 2553 3589 νοητὰς
2588 3522 2892 3576 λιπαίνονσι
2926 3526 3188 3593 κεφαλὰς,
3238 3528 3359 3591 ταῖς
3403 3547 3575 3599 κορυ-

1997 3611 2185 3678 φαίαις
2209 3611 2318 3665 τῶν
2341 3613 2460 3664 κατ’
2483 3613 2684 3684 ἀρετὴν
2708 3617 2958 3684 πράξεων
2988 3616 3392 3687 ἐξευρίσκοντες
3421 3621 3574 3676 οὕτω

1995 3703 2056 3754 τὸ
2093 3702 2436 3773 ίλαρύνεσθαι
2462 3718 2475 3734 ·
2510 3705 2588 3773 τῷ
2619 3704 2676 3757 δὲ
2719 3706 2912 3776 αἵματι
2967 3709 3064 3770 τὰς
3114 3710 3355 3780 ψυχικὰς
3405 3713 3573 3780 φλιὰς

1995 3794 2119 3848 καθ’
2153 3797 2448 3866 ὁμοιότητα
2480 3797 2631 3851 Θείαν
2661 3799 3045 3870 σφραγίζουσι,
3075 3803 3124 3857 δι
3169 3797 3245 3858 ὧν
3274 3805 3332 3858 αῖ
3377 3821 3436 3858 τε
3482 3807 3572 3870 είς

1997 3887 2230 3956 θεωρίαν
2255 3888 2452 3942 εἴσοδοι
2485 3890 2752 3957 γίνονται,
2785 3893 2880 3944 καὶ
2920 3895 2974 3946 αἱ
3000 3894 3135 3964 πρὸς
3167 3896 3362 3966 πρᾶξιν
3395 3913 3570 3951 σπου-

1994 3977 2152 4031 δαίαν
2184 3979 2424 4046 πρόοδοι.
2467 3982 2576 4034 Καὶ
2605 3981 2747 4034 οὕτω
2795 3983 2885 4035 τὸν
2941 3983 3298 4054 ὁλοθρεύοντα
3337 3989 3568 4058 διεφεύ-

1993 4083 2206 4134 γουσιν,
2262 4069 2295 4136 ἢ
2357 4070 2506 4138 παρὰ
2545 4069 2736 4141 θύρας,
2787 4072 2815 4124 ὅ
2865 4089 3053 4140 φασιν,
3113 4078 3362 4146 ἀφιέντες
3406 4081 3568 4152 ἥκειν

1993 4160 2222 4223 ἐκεῖνον,
2267 4163 2374 4213 εἴτε
2411 4163 2505 4214 καὶ
2541 4162 2961 4232 θυροκρουστεῖν
2986 4169 3064 4230 είς
3102 4172 3276 4226 κενόν.

2062 4259 2168 4307 καθ.
2213 4253 2385 4306 Τοῦτο
2433 4255 2492 4306 τὸ
2547 4250 2706 4324 αἷμα,
2764 4257 2922 4310 τοῦτο
2968 4260 3029 4311 τὸ
3086 4261 3258 4331 μύρον
3305 4264 3568 4330 ἀειζωῖας

1993 4348 2292 4417 τεκμήρια,
2333 4347 2544 4401 καὶτοῦ
2584 4349 2785 4413 εὑῶδες
2813 4351 2932 4422 Θεῷ
2976 4353 3069 4406 τὸν
3101 4355 3354 4428 μάρτυρα
3395 4375 3569 4428 προσ-

1993 4435 2284 4505 ενηνέχθαι
2311 4435 2582 4506 θυμίαμα.
2623 4437 3055 4510 ’Δντιμετρεῖται
3086 4443 3259 4497 ταῦτα
3305 4451 3385 4510 είς
3433 4450 3570 4502 πολ-

1992 4524 2253 4592 λαπλοῦν,
2286 4523 2368 4590 οἷς
2395 4529 2535 4597 ὑπὲρ
2577 4530 2812 4600 Χριστοῦ
2843 4532 2996 4602 ἔχεεν
3031 4535 3218 4603 ἱδρῶσι
3249 4538 3344 4590 καὶ
3392 4540 3568 4608 αἵμα-

1993 4633 2118 4670 σινο
2166 4620 2233 4693 ,ὃς
2283 4620 2571 4684 ἀποδιδοὺς
2620 4623 2689 4674 τὰ
2743 4624 2978 4677 ἐνταῦθα
3037 4629 3117 4690 είς
3170 4631 3568 4698 μυριοπλάσιον

1991 4712 2411 4782 προσεπιτίθησι
2460 4713 2554 4765 καὶ
2601 4712 2744 4785 ζωὴν
2802 4715 3045 4770 αἰώνιον.
3099 4719 3302 4772 Τούτου
3349 4723 3409 4773 τὸ
3460 4723 3568 4791 μὲν

1988 4799 2231 4871 πνεῦμα,
2265 4805 2577 4874 παραδείσῳ
2623 4807 2704 4875 τῷ
2750 4807 2850 4877 τῆς
2897 4810 3178 4880 ἀκηράτου
3221 4815 3433 4883 τρυφῆς
3477 4817 3570 4868 ἐν·-

1986 4890 2362 4961 διαιτὼμενον,
2397 4897 2850 4965 πραγματεύεται
2897 4906 2990 4955 καὶ
3031 4903 3163 4973 ἡμῖν
3217 4904 3314 4974 τὴν
3367 4907 3568 4975 ὁμοίαν

1988 4980 2165 5050 χάριν,
2204 4979 2285 5046 οἷς
2315 4986 2636 5055 ἐντυγχάνει
2673 4988 2749 5057 τῷ
2793 4991 3076 5063 μελεδωνῷ
3117 4997 3210 5048 καὶ
3245 4997 3556 5070 φυτηκόμῳ

1985 5077 2084 5145 τῆς
2117 5077 2343 5147 ἀφθίτου
2383 5083 2598 5151 ἐκείνης
2644 5085 2928 5152 φυταλιᾶς,
2966 5087 3060 5140 καὶ
3092 5090 3191 5158 τὴν
3221 5083 3577 5160 προγονικὴνξ

1989 5170 2120 5235 ἡμῖν
2164 5172 2424 5240 ἐπανάγει
2477 5174 2868 5244 κληρονομίαν,
2901 5172 2968 5248 ἧς
3023 5179 3216 5247 φθόνος
3268 5163 3576 5244 σατανικὸςί

1988 5260 2134 5328 ἡμᾶς
2161 5264 2450 5332 ἀπήγαγε·
2489 5264 2552 5316 τὸ
2601 5265 2658 5317 δὲ
2710 5266 2866 5336 σῶμα
2901 5270 3234 5338 παραδείσου
3274 5263 3388 5323 οἷον
3419 5271 3562 5343 ἡμῖν

1987 5354 2312 5424 ὲντρύφημα
2346 5358 2573 5423 γίνεται,
2608 5359 2670 5409 οὐ
2703 5360 2862 5426 μόνον
2887 5356 2974 5423 οἷς
3004 5362 3213 5414 ἐκεῖθεν
3246 5364 3564 5435 δρεπόμεθα

1988 5446 2167 5506 καλοί;
2195 5445 2270 5506 ὡς
2297 5447 2577 5509 ἑκάστοτε,
2605 5448 2739 5502 ἀλλὰ
2771 5450 2862 5502 καὶ
2891 5445 2969 5512 οἷς
3000 5451 3059 5502 ἐν
3090 5451 3262 5520 τούτῳ
3304 5453 3373 5505 τὰ
3415 5453 3566 5506 ἐκεί-

1985 5557 2077 5591 νου
2108 5539 2543 5610 μεγαλοπρεπῶς
2569 5542 2846 5611 θαυμάσια
2876 5543 3301 5613 διοπτανὸμεθα,
3335 5547 3446 5608 τοῖς
3497 5516 3577 5604 rei

1989 5633 2346 5702 μυρορῤόαις,
2381 5634 2470 5684 καὶ
2501 5636 2610 5696 τοῖς
2638 5633 2732 5685 τοῦ
2764 5634 2997 5703 αἵματος
3051 5635 3252 5703 μικροῦ
3305 5637 3400 5688 καὶ
3452 5613 3578 5689 κυ-ι

1989 5725 2212 5793 ματίαις
2249 5726 2338 5778 διὰ
2369 5728 2426 5777 τὸ
2471 5725 2740 5794 πλήσμιον
2789 5727 3076 5796 ποταμοῖς,
3110 5726 3160 5777 οἳ
3195 5728 3420 5780 αὐτόθεν
3468 5731 3563 5782 ἐκ·

1985 5816 2282 5868 κύπτουσιν
2315 5821 2392 5878 εἰς
2449 5817 2700 5882 άένναον,
2741 5818 2832 5869 καὶ
2895 5821 3013 5880 ταῖς
3055 5818 3298 5887 λόγχαις,
3360 5819 3425 5883 ἃς
3478 5823 3563 5887 εἰς
