3908 6562
174 361 255 425 133
1279 368 1669 447 LAUDltTIO
1701 388 1759 446 s.
1800 388 2204 452 DEMETRII.
3271 395 3370 462 186

166 477 462 545 θεοφύτευτα
501 478 694 551 δένδρα
741 487 1170 559 παρομοιοῦμεν,
1206 492 1284 562 τῷ
1339 495 1492 564 καλῷ
1520 498 1731 567 τούτῳ.

1837 515 1927 556 ore
1957 505 2215 572 ptantatis
2256 515 2312 559 ct
2356 505 2510 574 quasi
2560 506 2615 561 in
2677 507 2931 577 paradiso
2977 508 3267 580 voluptatis
3303 525 3371 568 eo

167 569 544 639 ἐμφυτευθέντα
592 567 662 644 ἦν
706 575 794 628 ὅτε
828 576 1066 647 σώματι,
1112 584 1208 636 καὶ
1253 586 1334 647 εἰς
1374 588 1704 656 παράδεισον

1837 595 2134 649 secundu-n
2191 595 2445 664 spiritum
2483 599 2773 675 ordinatis.

165 665 344 733 τρυφῆς
375 663 504 716 αύτδ
538 667 636 732 τῆς
669 667 810 722 κατὰ
842 671 1058 740 πνεῦμα
1085 674 1547 733 διασκευάσαντα.

221 753 319 824 κβ’.
357 756 638 812 Ἐντεῦθεν
668 761 831 830 ἡμεῖς
883 765 976 816 καὶ
1023 769 1102 828 εἰς
1149 768 1318 838 ἄλλην
1355 770 1707 840 διαϐαίνομεν

168 844 436 914 ἐνθύμησιν
470 849 853 922 ὁμοιότροπον,
884 856 933 908 εἰ
969 858 1062 910 καὶ
1092 858 1169 928 μὴ
1195 859 1338 913 οὕτω
1363 864 1505 916 πάνυ
1539 879 1709 931 μεγα-

169 936 554 1006 λοπρεπέστατα
574 941 828 1012 ἔχουσαν·
861 949 955 1001 καὶ
986 950 1046 1001 τὸ
1069 950 1127 1003 ἐν
1169 951 1355 1022 Ἐδεὶμ
1383 955 1544 1018 ἄλσος
1580 956 1709 1009 ἀνα-

172 1027 414 1097 πολοῦμεν
443 1033 526 1095 εἰς
556 1034 703 1098 νοῦν,
761 1038 856 1090 καὶ
904 1038 1003 1102 τὰς
1056 1041 1172 1094 ἐκεῖ
1228 1043 1409 1112 πηγὰς
1463 1049 1558 1099 καὶ
1609 1047 1709 1111 τὰς

173 1120 412 1187 φοίνικας,
449 1125 543 1178 καὶ
574 1127 996 1199 παραϐάλλομεν
1031 1133 1111 1195 εἰς
1145 1134 1438 1204 ὁμοιότητα
1472 1137 1533 1188 τὸ
1567 1140 1710 1194 κατὰ

173 1210 246 1262 τὸν
280 1211 526 1282 μάρτυρα
552 1217 646 1269 καὶ
671 1218 762 1270 τὸν
800 1220 1034 1291 Ἰσραήλ.
1062 1224 1200 1286 Τοὺς
1226 1226 1346 1278 καθ’
1372 1229 1521 1296 ἡμᾶς
1545 1228 1710 1293 λαοὺς

175 1301 250 1355 τοῦ
290 1302 415 1356 Θεοῦ
449 1307 763 1378 θεωροῦμεν
802 1313 1284 1380 παρεμϐάλλοντας
1329 1320 1600 1381 ἐνταυθοῖ,
1633 1320 1710 1384 ὼς

175 1395 239 1454 εἰς
268 1397 455 1466 χωρίον
512 1399 674 1469 ἱερῶς
705 1405 999 1472 τρυφερὸν,
1039 1408 1134 1460 καὶ
1191 1395 1730 1481 ὲπαναπαυομένουςί

173 1486 236 1556 τῷ
259 1490 466 1557 τεμένει
489 1491 706 1558 τούτου,
740 1494 769 1546 6
807 1497 902 1549 καὶ
944 1502 1086 1564 φυτὰ
1113 1498 1300 1570 ὥσπερ
1345 1505 1400 1556 αἱ
1452 1505 1711 1576 ἐμπεπη-

174 1581 304 1644 γυῖαι
330 1578 517 1650 λόγχαι
549 1585 891 1658 ἐκόσμησαν,
944 1591 1038 1642 καὶ
1087 1592 1264 1658 πηγαὶ
1293 1594 1350 1647 δὲ
1399 1597 1713 1666 ποταμηδδν

176 1672 457 1740 ῖκρὲουσαι,
485 1676 578 1727 καὶ
611 1677 760 1746 μύρα
785 1680 874 1732 καὶ
896 1682 1124 1750 αἵματα,
1155 1677 1283 1753 ὧνή
1318 1685 1529 1754 πηγαῖα
1558 1686 1714 1757 χύσις

1839 1707 2069 1761 anquam
2089 1709 2152 1748 ex
2173 1696 2526 1761 unguentaria
2543 1696 2792 1750 thesauro
2820 1699 3138 1760 ascendens,
3163 1713 3378 1752 onmem

175 1761 236 1826 ὡς
289 1763 344 1828 ἐξ
392 1765 632 1820 ἀϐύσσου
670 1770 768 1839 τῆς
824 1772 1140 1844 μυροθήκης
1205 1775 1608 1840 ἀναϐαίνουσα,
1653 1779 1714 1833 τὸ

1837 1801 1974 1840 erm
1996 1785 2190 1840 facient
2222 1787 2432 1856 irrigat.
2494 1787 2608 1841 Non
2644 1796 2728 1843 est
2759 1790 2905 1843 enim
2939 1805 3036 1844 cur
3065 1806 3166 1842 non
3201 1799 3388 1842 trans-

178 1858 437 1926 ⁸ιεῴσωπον
472 1862 619 1916 ἆπαν
649 1861 855 1927 ποτίζει
887 1865 984 1934 τῆς
1011 1868 1133 1935 γῆς.
1154 1868 1269 1921 Οὐκ
1296 1868 1414 1922 ἐστι
1446 1871 1555 1940 γὰρ
1577 1871 1712 1923 ὅπου

1837 1878 2068 1930 nittatnr
2095 1877 2379 1946 pulchrum
2419 1879 2640 1942 donum,
2672 1896 2790 1933 eum
2825 1880 2938 1934 sole
2978 1895 3203 1934 currens
3231 1889 3285 1934 et
3335 1880 3385 1933 iu

181 1951 242 2020 μὴ
263 1951 562 2023 διαδόσιμον
611 1957 823 2022 γίνεται
870 1957 930 2010 τὸ
978 1959 1161 2024 καλὸν,
1215 1961 1600 2032 συνδιατρὲχον
1638 1965 1715 2034 τῷ

1837 1983 2028 2022 ιηιηειη
2063 1979 2263 2023 terram
2300 1969 2704 2025 exiens.Locus
2721 1982 2774 2025 et
2797 1971 2991 2025 ﬂuvius
3013 1971 3101 2024 Dei
3134 1971 3390 2024 Davidico

180 2045 312 2113 ἡλίῳ,
368 2049 461 2100 καὶ
515 2050 792 2118 πανταχοῦ
841 2051 940 2119 τῆς
991 2054 1320 2124 οἰκουμένης
1375 2055 1714 2124 ἱκνούμενον.

1837 2074 1966 2114 nore
1995 2062 2362 2124 honorandus,
2391 2077 2495 2116 non
2529 2063 2686 2132 aquis
2713 2063 2904 2130 plenus
2937 2079 3055 2133 qua:
3105 2065 3156 2117 in
3189 2079 3386 2116 vanum

181 2138 350 2192 Τοῦτον
377 2138 467 2192 τὸν
494 2140 660 2195 τόπον
690 2143 782 2194 καὶ
817 2144 1056 2213 ποταμὸν
1087 2143 1203 2196 ἔστι
1253 2144 1388 2198 Θεοῦ
1414 2144 1718 2209 Δαυῖτικῶς

1837 2163 2019 2218 :rraot,
2045 2154 2137 2208 sed
2177 2155 2444 2210 salutares
2485 2171 2654 2224 aquas
2697 2157 2984 2212 effundens
3029 2156 3227 2227 quibus
3279 2157 3392 2225 spio

183 2237 492 2302 προσειπεῖν,
543 2236 647 2306 οὐχ
686 2238 894 2293 ὑδάτων
933 2238 1394 2309 πεπληρωμένον,
1445 2241 1481 2294 δι
1541 2242 1719 2310 μάτην

1837 2243 2085 2300 ιίιυιιιίιει·
2110 2247 2333 2302 sedatur
2364 2247 2736 2304 deﬁcientium
2761 2249 2905 2304 sitis.

183 2319 482 2390 πλανῶνται,
521 2327 658 2381 ἀλλὰ
685 2329 937 2398 προχοῶν
963 2331 1270 2400 σωτηρίων,
1301 2331 1370 2384 δι’
1403 2325 1481 2386 ὧν
1513 2333 1721 2402 ἀναψύ-

185 2431 340 2485 χονται
369 2417 573 2486 νοερῶς
595 2420 644 2471 ol
671 2419 1044 2484 ἐκλείποντες.

1819 799 1824 806 ~
1879 775 1969 830 22.
2007 778 2136 830 Inde
2171 779 2222 831 in
2259 778 2418 833 aliam
2451 781 2828 850 progredimur
2874 780 3104 838 similem
3165 783 3373 854 cogita-

1811 866 2030 933 tionem,
2059 868 2184 923 licct
2207 884 2316 923 non
2343 881 2450 925 tam
2471 873 2832 941 magniﬁcam,
2858 883 2912 928 ct
2937 875 3149 928 hortum
3173 889 3376 929 neruo-

1808 967 1984 1012 ratum
2016 959 2070 1013 in
2105 960 2246 1014 Edon
2263 963 2442 1016 animo
2497 975 2812 1033 reputamus
2856 965 3004 1020 ctibi
3054 967 3378 1022 exsistentes

1811 1048 1986 1105 fontes
2007 1061 2060 1105 et
2082 1053 2312 1120 palmas,
2386 1069 2449 1106 ae
2483 1055 2534 1108 in
2598 1057 3007 1112 similitudinem
3062 1060 3381 1114 adducimus

1811 1151 2087 1196 narratum
2120 1146 2186 1198 tle
2216 1154 2455 1216 martyre
2479 1149 2622 1202 etde
2646 1148 2830 1204 Israel.
2851 1150 3086 1217 Populus
3151 1151 3243 1204 Dei
3280 1165 3379 1203 no-

1811 1234 2059 1288 stroshie
2087 1237 2348 1290 turbatim
2374 1247 2593 1292 coactos
2621 1239 2865 1294 videmus
2933 1246 3167 1310 anquain
3203 1242 3254 1296 in
3285 1242 3383 1297 dc-

1811 1325 1952 1380 liciis
1975 1326 2146 1380 sacris
2171 1329 2492 1383 exuberanti
2526 1330 2642 1384 loco
2667 1341 2717 1385 et
2747 1333 2799 1384 in
2833 1333 2976 1386 illius
3008 1348 3164 1388 sacro
3189 1348 3380 1400 rercp-

1815 1417 1997 1472 taculo
2031 1419 2401 1484 consulentes,
2431 1422 2574 1490 quod
2607 1423 2998 1492 plantariorum
3035 1425 3207 1479 instar
3253 1425 3380 1480 inﬁ-

1813 1525 1895 1563 xm
1919 1509 2119 1565 lanceae
2141 1522 2470 1566 ornaverunt
2493 1525 2544 1568 et
2574 1514 2750 1569 fontes
2777 1515 3055 1570 inamnem
3083 1518 3385 1571 scaturien-

1817 1612 1918 1666 tes,
1949 1612 1998 1656 et
2031 1612 2302 1672 unguenta
2335 1614 2388 1658 et
2414 1605 2635 1674 sanguis
2662 1621 2896 1675 quorum
2931 1607 3164 1661 ﬂuvialis
3193 1606 3385 1663 el‘l’nsio

239 2524 332 2586 κγ.
363 2520 551 2572 Ἔστιν
578 2523 730 2591 ἡμῖν,
754 2517 800 2577 ὦ
824 2523 1054 2595 μάρτυς,
1085 2525 1266 2594 λέγειν
1307 2528 1469 2582 ἄλλον
1494 2529 1718 2598 τρόπον,

187 2611 304 2681 ἢπερ
321 2612 367 2664 oi
401 2611 566 2666 πάλαι
594 2613 920 2680 ἁγιοκτόνοι,
951 2635 970 2670 ι
1000 2617 1073 2670 Τὸ
1099 2615 1238 2688 αἷμα
1263 2620 1322 2672 τὸ
1348 2620 1439 2672 σὸν
1463 2621 1548 2688 ἐφ’
1573 2621 1722 2690 ἡμᾶς

187 2703 262 2754 καὶ
287 2703 374 2756 ἐπὶ
393 2705 463 2757 τὰ
487 2705 653 2759 τέκνα
681 2707 857 2777 ἡμῶν.
896 2727 917 2760 ι
949 2709 1071 2763 Τῶν
1103 2711 1162 2763 ὲν
1196 2711 1294 2780 βίῳ
1334 2711 1403 2765 τὰ
1445 2713 1506 2764 ὲν
1533 2713 1720 2783 σαρκὶ,

187 2795 274 2848 τῶν
299 2795 401 2860 ἔξω
431 2797 550 2866 βίου
601 2798 674 2851 τὰ
716 2802 1082 2870 πνευματικά.
1127 2801 1314 2869 Τούτῳ
1359 2804 1465 2872 γὰρ
1507 2805 1601 2856 καὶ
1647 2803 1724 2866 ὡς

187 2882 278 2941 οἷον
307 2890 518 2960 σημείῳ
565 2891 674 2946 τινί
723 2891 786 2944 τὸ
836 2892 982 2945 θεῖον
1032 2893 1226 2962 ἡμεῖς.
1258 2893 1725 2964 παραδηλούμεθα

190 2982 432 3048 ποίμνιον,
483 2983 579 3037 καὶ
627 2983 689 3037 τὸ
741 2984 1008 3053 ζωογόνον
1043 2987 1516 3058 ἀειαῤῥωννύμεθα
1555 2990 1726 3042 πολυ-

192 3071 573 3138 τλασιάζοντεςο
631 3074 661 3129 6
692 3075 755 3146 δὴ
793 3078 887 3130 καὶ
934 3078 1067 3132 ὡσεὶ
1106 3079 1361 3133 κόκκινον
1395 3082 1622 3134 ἐπανθεῖ
1649 3081 1728 3151 τῷ

1837 3087 1950 3126 mur
1981 3071 2354 3140 multiplicati;
2387 3071 2607 3140 sanguis
2659 3078 2787 3125 tuus
2837 3078 3091 3138 tanquam
3151 3067 3405 3122 coccinea

196 3165 258 3234 σῷ
277 3167 442 3238 τούτῳ
471 3167 608 3238 ναῷ,
658 3167 756 3236 οὐχ
787 3162 971 3240 ἧττον,
1019 3170 1052 3240 ἦ
1102 3172 1164 3223 τὸ
1212 3171 1443 3225 παλαιὸν
1473 3175 1539 3242 τῇ
1586 3175 1730 3226 κατὰ

1837 3165 2042 3218 cortina
2074 3163 2217 3218 istud
2244 3174 2394 3216 tuum
2433 3171 2702 3231 purpurat
2751 3160 3008 3230 templum
3064 3174 3170 3214 non
3227 3159 3409 3211 minus

195 3261 335 3329 νόμον
376 3264 575 3332 σκηνῇ.
627 3262 743 3315 Οὐκ
775 3261 891 3315 ἔστι
949 3279 1032 3317 σοι
1085 3262 1146 3316 τὸ
1196 3265 1480 3317 Δαυῖτικὸν
1515 3265 1731 3334 λέγειν·

1840 3257 2086 3324 quamde
2113 3255 2281 3310 veteri
2327 3254 2478 3317 iuxta
2501 3253 2676 3320 legem
2739 3249 3087 3305 tabernaculo
3133 3249 3412 3315 continge-

202 3371 218 3403 ι
242 3354 328 3418 τίς
364 3354 603 3423 ὠφέλεια
629 3355 689 3408 ὲν
716 3355 793 3424 τῷ
822 3354 1016 3425 αἵματί
1049 3373 1175 3425 μου,
1214 3373 1232 3407 ι
1269 3357 1352 3410 ὃτι
1401 3357 1536 3425 μηδὲ
1566 3357 1731 3409 κατά-

1840 3349 1953 3402 bat.
1983 3346 2158 3400 Tuum
2186 3361 2289 3399 non
2317 3354 2400 3399 est
2422 3359 2544 3398 cum
2570 3343 2775 3396 Davitle
2796 3341 2951 3396 elfari
2983 3361 2997 3396 :
3032 3358 3052 3381 ι
3117 3339 3270 3420 Quae.
3299 3339 3401 3389 uti-

201 3445 336 3509 ϐασις
363 3447 588 3514 γέγονεν
615 3448 694 3509 εἰς
723 3447 1051 3519 διαφθοράνς
1084 3450 1195 3510 Πᾶς
1230 3449 1340 3518 γὰρ
1367 3448 1618 3501 ὁστισοῦν
1647 3448 1731 3500 αὑ·

1841 3439 1963 3492 litas
1983 3438 2034 3492 in
2055 3437 2314 3506 sanguine
2332 3450 2474 3498 meo,
2498 3435 2621 3504 quia
2643 3448 2750 3488 non
2771 3431 3022 3487 descendi
3041 3431 3095 3484 iu
3111 3431 3416 3496 corruptio-

203 3535 282 3590 τοῦ
309 3538 624 3608 ἀρυόμενος,
661 3537 762 3590 οὐκ
796 3536 944 3593 ἐστιν
977 3539 1170 3603 εἰπεῖν,
1201 3539 1326 3591 ὅσον
1358 3537 1731 3606 ὠφελούμενος

1843 3531 2046 3584 nem?)
2097 3527 2480 3599 Unusquisque
2532 3528 2678 3582 enim
2719 3540 2861 3581 exeo
2913 3524 3172 3585 hauriat;
3227 3522 3414 3576 dicen-

209 3631 403 3698 βελτίων
428 3633 668 3696 ἄπεισιν,
698 3629 1058 3700 ἁγιαζόμενος
1077 3631 1158 3693 εῖς
1177 3647 1239 3684 τε
1260 3630 1440 3701 σάρκα
1463 3631 1557 3684 καὶ
1579 3626 1731 3698 αἷμα,

1844 3622 1968 3677 dum
2007 3638 2110 3678 non
2142 3629 2225 3678 est
2260 3639 2274 3676 :
2311 3623 2362 3675 in
2385 3633 2494 3690 quo
2547 3619 2838 3674 utilitatem
2881 3617 3190 3688 percipiens
3221 3614 3416 3668 melior

209 3723 592 3796 ἀναζωούμενος
629 3723 799 3795 ζωὴν,
847 3722 1382 3794 προσεπιλαμϐάνων
1426 3723 1559 3786 πᾶν,
1605 3722 1634 3775 6
1688 3738 1731 3774 τι

1843 3711 2048 3776 evadit,
2079 3725 2242 3765 carne
2262 3717 2316 3765 et
2341 3709 2604 3777 sanguine
2631 3707 3023 3771 sanctiﬁcatus,
3058 3705 3169 3759 vita
3225 3702 3417 3757 melio-

209 3817 299 3870 δέοι
321 3792 504 3871 παθεῖν
531 3792 760 3885 ἀγαθὸν,
793 3792 1124 3885 ἐξευρίσκων
1150 3813 1302 3868 αὐτό.
1332 3815 1404 3867 Ἦ
1434 3813 1550 3872 πῶς
1573 3816 1637 3868 ἄν
1663 3831 1731 3878 τις

1846 3810 2018 3863 ratus,
2039 3800 2310 3868 accipiens
2329 3813 2490 3853 omne
2519 3798 2661 3866 quod
2688 3797 2896 3852 sentire
2947 3801 3167 3863 oportet
3213 3792 3416 3846 bonum

211 3913 446 3984 ἀδυναμία
494 3913 578 3967 εἰς
633 3913 796 3982 ἔργον
845 3909 1336 3978 κατακαυχήσηται
1403 3906 1613 3970 τοῦτον,
1669 3905 1731 3967 ὡς

1846 3895 1950 3949 hoc
1975 3894 2216 3949 invento.
2251 3895 2358 3947 Aut
2383 3906 2500 3962 quae
2529 3891 2595 3943 ad
2617 3904 2755 3958 opus
2786 3887 3106 3958 impotentia
3154 3885 3418 3956 gloriare-

212 3980 378 4070 εἰπεῖν,
410 3980 692 4068 ἀλίϐαντα,
722 4005 783 4056 τὸ
823 4001 920 4055 τοῦ
956 4002 1234 4072 μάρτυρος
1263 4000 1471 4070 γήϊνον,
1513 3998 1616 4051 οὐκ
1663 3999 1731 4060 εἰς

1849 3986 2066 4053 tur,illo
2093 3995 2150 4039 ut
2183 3985 2255 4039 ita
2307 3985 2481 4039 dicam
2513 3982 2772 4038 defuncto
2801 3980 2942 4050 quod
2970 3988 3227 4034 terrestre
3249 3986 3332 4031 est
3363 3980 3417 4029 in

213 4098 407 4162 λιϐάδας
447 4101 610 4168 μόνον
651 4096 965 4167 τεραστεας,
1021 4094 1157 4148 ἀλλὰ
1219 4093 1312 4146 καὶ
1369 4093 1449 4152 εἰς
1495 4090 1731 4160 ὲκρύσειι

1851 4089 2109 4150 martyre,
2145 4093 2267 4133 eum
2293 4088 2500 4146 martyr
2527 4090 2630 4130 non
2657 4073 2830 4129 solum
2863 4074 2927 4126 ad
2956 4080 3133 4140 guttas
3162 4073 3421 4124 minimas

216 4163 665 4262 θαυματοέρύτους
699 4163 1044 4252 άνοίξαντοςς

1850 4175 1948 4226 sed
1982 4179 2037 4224 et
2072 4170 2138 4224 ad
2163 4183 2352 4223 omnes
2388 4166 2771 4222 miraculorum
2803 4173 3047 4218 vectores
3079 4163 3301 4231 pateat?

271 4255 359 4338 κδ’.
386 4255 678 4352 Μυστήρια
701 4282 798 4335 καὶ
825 4279 996 4333 ταῦτα
1017 4279 1118 4331 οὐκ
1149 4279 1215 4332 ὲκ
1246 4279 1350 4331 τῶν
1379 4277 1592 4350 πόρῤω,
1613 4275 1731 4331 me

1919 4260 2011 4314 2i.
2035 4258 2290 4328 Mysteria
2319 4272 2422 4312 non
2452 4257 2662 4323 leviter,
2699 4256 2792 4311 sed
2851 4255 3099 4324 explicite
3143 4269 3424 4323 exponun-

215 4375 304 4428 τῶν
343 4375 420 4428 ὅτι
456 4344 693 4443 μάλιστα
730 4374 1018 4440 ἐγγυτάτω
1059 4344 1606 4440 προκαταόἐϐλῆνται
1651 4367 1731 4434 τῆ‹

1852 4359 1943 4404 tur
1975 4351 2041 4404 de
2064 4349 2165 4402 hac
2189 4356 2241 4403 et
2258 4349 2324 4402 de
2346 4357 2544 4403 aeterna
2573 4347 2703 4400 vita.
2728 4344 2906 4408 Unde,
2937 4345 3108 4408 aiunt,
3129 4360 3419 4414 resurgen-

218 4469 368 4520 ἐκεῖσε
396 4439 490 4520 καὶ
508 4439 825 4526 τελευταίας
855 4463 950 4516 καὶ
977 4439 1198 4516 αἰωνίου
1223 4463 1388 4528 ζωῆς.
1419 4461 1588 4514 Πόθεν
1611 4460 1728 4510 ἐκεῖ

1854 4445 1999 4497 tibus
2024 4441 2345 4510 corporibus
2377 4439 2718 4495 coalescendi
2741 4439 2972 4493 facultas
2995 4453 3102 4506 quo
3127 4452 3231 4492 non
3284 4439 3418 4492 abiit.

220 4518 353 4624 φασὶ,
386 4518 499 4620 τοῖς
552 4518 949 4624 ἐγηγερμενοις
1002 4518 1249 4623 σώμασι,
1264 4518 1334 4605 τὸ.
1349 4518 1357 4522 ⁷
1375 4549 1728 4604 συνίστασθαι

1859 4532 2100 4586 alimenti
2133 4528 2400 4585 derivatio
2430 4529 2453 4582 ’ἰ
2480 4526 2867 4596 Solvitmartyr
2889 4524 3274 4578 dilﬁcultatem.
3311 4523 3423 4579 Un-

219 4614 561 4716 όπουαροιρῆς
718 4614 866 4698 ἐστιν
896 4614 1186 4716 ὲπίρῤονιω
1220 4644 1352 4697 Λύει
1383 4646 1410 4695 ό
1456 4642 1666 4712 μάρτυς
1695 4641 1731 4693 τί

1857 4625 1923 4679 de
1941 4623 2092 4689 mihi,
2113 4621 2310 4690 inquit,
2334 4620 2418 4674 hic
2445 4615 2955 4686 viviﬁcafsanguinis
2981 4614 3204 4670 επιιεὶοῚ
3228 4622 3265 4669 Α
3292 4615 3422 4672 Deo.

222 4666 333 4701 οπου
359 4665 561 4720 τροφης
611 4665 686 4715 μη
718 4665 866 4698 εστιν
896 4665 1186 4716 επιρροια;
1220 4665 1352 4697 nou
1383 4665 1410 4695 ο
1456 4665 1665 4712 μαρτυς
1695 4665 1731 4693 τι

222 4735 418 4805 ἄπορον.
441 4736 603 4787 Ὅθεν
640 4732 784 4800 ipsi,
814 4732 1000 4800 φησὶν,
1038 4730 1271 4783 ἐνταῦθα
1299 4731 1330 4799 ἡ
1363 4729 1626 4796 ζωογόνος
1649 4727 1731 4780 τῶε

1861 4715 2064 4770 Exinde
2077 4665 2222 4782 ἐι-εῚο
2243 4665 2448 4766 et,illud
2472 4681 2723 4765 sensatus
2747 4665 3051 4778 rgputabit:
3079 4726 3098 4759 ι
3128 4706 3284 4762 Viros
3302 4724 3428 4764 san-

225 4799 441 4888 εἱμᾶτων
471 4821 761 4892 ἀπόρῤοια.
791 4799 984 4871 Θεόθεν
1033 4818 1212 4872 τοῦτο.
1261 4817 1498 4870 Ἐκεῖθεν
1526 4816 1634 4885 ἄρα
1664 4831 1731 4867 κα

1861 4809 2078 4876 guinum
2119 4805 2459 4859 abominatur
2494 4800 2775 4856 Dominus.
2801 4818 2820 4851 ι
2855 4799 3040 4853 Talem
3073 4807 3426 4869 tyrannorum

227 4913 378 4966 ἐκεῖνο
405 4915 432 4966 ὁ
459 4890 706 4982 ἐχέφρων
740 4912 1035 4979 λογίσεται.
1068 4928 1085 4960 ι
1103 4910 1334 4978 Ἀνδρας
1362 4907 1611 4975 αἱμάτων
1639 4904 1728 4975 βδε

1863 4907 2096 4967 gentem,
2115 4895 2314 4964 injuste
2327 4893 2639 4962 sanguinem
2673 4890 3032 4945 eﬂ‘undentem
3057 4898 3112 4964 et
3129 4890 3427 4956 praesertim

226 4999 450 5057 λύσσεται
476 5004 701 5073 Κύριος.
733 5020 753 5054 ι
786 5000 1037 5054 Τοιοῦτον
1065 5000 1122 5052 δὲ
1153 5002 1246 5052 καὶ
1274 4993 1344 5050 τδ
1363 4998 1627 5067 τύραννον
1657 4995 1730 5064 φῦ

1863 5003 1987 5042 cum
2008 4986 2334 5054 proChristo
2369 4982 2633 5037 funditur.
2656 4981 2797 5050 Ergo
2838 4981 3042 5034 etistos
3083 4980 3430 5033 ahominatur

228 5093 321 5159 λον,
351 5095 536 5157 ἀδίκως
565 5069 756 5164 εκχέον
789 5093 1016 5162 αἵματα,
1043 5093 1137 5144 καὶ
1172 5090 1412 5160 μάλισθ’,
1446 5089 1576 5142 ὅταν
1619 5087 1723 5140 ὑπὲ

1867 5079 2150 5134 Dominus.
2193 5075 2249 5128 Si
2280 5088 2410 5129 vero
2439 5073 2512 5128 ita
2537 5080 2620 5127 est
2650 5109 2666 5134 ,
2702 5070 3016 5138 sanguinem
3049 5083 3260 5140 quoque
3293 5069 3432 5124 eﬂ‘u-

228 5179 438 5248 Χριστοῦ
478 5184 664 5234 ἐκεῖνα
703 5180 959 5250 χέωνται.
992 5179 1204 5233 Οὐκοῦν
1233 5178 1329 5232 καὶ
1371 5177 1614 5241 ἐκείνους
1651 5177 1731 5247 βδε

1868 5185 1984 5225 sum
2011 5167 2265 5225 vindicat.
2315 5174 2368 5218 et
2397 5164 2645 5232 judicans
2680 5177 2829 5217 more
2862 5177 2968 5231 quo
3012 5161 3310 5216 decernens
3359 5163 3431 5213 ita

233 5270 457 5326 λύττεται
491 5273 717 5342 Κύριος.
751 5273 814 5325 Εἰ
845 5271 902 5324 δὲ
951 5270 1126 5330 τοῦτο.
1183 5272 1276 5324 καὶ
1330 5269 1601 5340 ἑπαμύνει
1655 5270 1731 5322 τοι

1868 5274 1931 5318 ut
1961 5273 2106 5316 recte
2135 5261 2448 5329 disponatur
2474 5267 2526 5310 et
2563 5255 2902 5326 providentur
2942 5253 3191 5309 reducem
3233 5260 3434 5322 marty-

1890 2528 1980 2582 2'5.
2005 2527 2261 2583 Nostrum
2293 2538 2398 2594 est,
2424 2544 2456 2585 ο
2483 2538 2706 2600 martyr,
2741 2527 2848 2584 alio
2873 2529 3031 2583 modo
3086 2543 3248 2598 quam
3268 2542 3393 2604 ﬁve-

1823 2725 1920 2781 per
1947 2726 2046 2765 nos
2069 2719 2122 2766 et
2137 2724 2300 2780 super
2324 2711 2460 2766 ﬁlios
2482 2719 2711 2765 nostros.
2743 2729 2761 2759 ι
2793 2708 2892 2776 Qui
2910 2710 3089 2765 saeculi
3111 2718 3258 2774 sunt,
3283 2725 3403 2778 qua:

1825 2802 2007 2856 carnis
2033 2803 2420 2870 suntsapiunt,
2459 2801 2548 2872 qui
2573 2811 2728 2856 extra
2787 2802 3045 2857 saeculum
3096 2812 3225 2856 sunt
3278 2816 3400 2871 quae

1825 2890 2152 2958 spiritualia.
2188 2888 2429 2958 Namque
2481 2889 2584 2944 hoc
2636 2889 2791 2959 quasi
2842 2887 3110 2960 symbolo,
3159 2886 3402 2940 divinum

1824 2628 1966 2676 teres
1989 2629 2298 2675 sanctorum
2325 2621 2596 2676 occisorcs
2610 2620 2788 2675 dicere
2817 2637 2831 2674 :
2865 2620 3131 2689 (Sanguis
3163 2628 3284 2674 tuus
3306 2635 3398 2673 su-
3487 2616 3493 2622 ’

1827 2982 2168 3036 ostendimur
2189 2981 2330 3035 ovile
2370 2995 2470 3035 nos
2495 2993 2616 3035 esse
2651 2989 2706 3036 et
2752 2979 3084 3035 fecunditate
3133 2977 3408 3032 conforta-
3480 3013 3486 3018 ς

237 5363 556 5433 ἐκχεομένοις
588 5364 808 5433 αἵμασι,
832 5364 924 5416 καί
951 5380 1080 5416 ποτε
1107 5362 1248 5416 οὕτω
1277 5363 1490 5433 κρίνας,
1522 5360 1598 5424 ὡς
1630 5357 1770 5414 οἶδεν

232 5451 411 5514 ἐκεῖνος
431 5452 653 5508 διαιτῶν
683 5452 924 5506 εὐθετεῖν
962 5455 1058 5506 καὶ
1085 5453 1390 5522 οἰκονομεῖν
1424 5450 1771 5521 ἀποκαθιστᾷ

231 5542 327 5605 τοῖς
357 5543 714 5610 μαωυρικοῖς
741 5541 959 5612 σώμασι
988 5541 1048 5594 τὸ
1077 5541 1428 5611 ἐκχεόμενον,
1452 5541 1599 5610 καὶῆ
1637 5541 1774 5610 πρὸς

233 5637 400 5701 καιρὸν
426 5634 508 5704 (τὸ
533 5632 766 5702 καινὸν),
888 5633 982 5685 καὶ
1019 5632 1100 5692 εἰς
1129 5629 1347 5682 αἰώνιον
1394 5629 1475 5698 (τὸ
1523 5629 1776 5681 καινότα-

225 5727 346 5794 trra)‘
377 5727 404 5780 6
429 5728 494 5799 δή
530 5727 608 5799 τῷ
643 5727 896 5798 ἡμετέρῳ
935 5728 1170 5796 μάλιστα
1203 5725 1501 5795 ἐπιπρέπει
1531 5724 1774 5794 μάρτυρι

229 5823 764 5894 πεπραγματευμένῳ
821 5822 956 5892 πρὸς
1001 5819 1135 5874 θεοῦ
1188 5819 1277 5872 τοῦ
1331 5817 1776 5888 μαρτυρηθέντος

1872 5353 1948 5408 ris
1977 5349 2188 5418 corpori
2221 5347 2535 5417 sanguinem
2561 5345 2707 5408 facit,
2733 5345 2847 5398 sive
2871 5343 3203 5412 temporibus
3233 5341 3435 5395 nostris

1874 5441 2040 5514 (quod
2070 5440 2309 5504 mirum),
2347 5438 2460 5492 sive
2484 5433 2979 5505 mternis(maxime
3013 5432 3268 5498 mirum);
3294 5427 3438 5498 quod

1876 5544 2120 5591 nostrum
2165 5530 2461 5600 praesertim
2507 5527 2662 5581 decet
2713 5535 3004 5593 martyrem
3052 5521 3142 5590 qui
3175 5521 3308 5572 bene
3337 5532 3438 5586 pro

1877 5627 1986 5682 Deo
2013 5631 2264 5694 operatus
2288 5631 2372 5674 est
2399 5629 2454 5674 et
2488 5617 2849 5672 testimonium
2882 5612 3024 5667 dedit
3055 5613 3124 5664 de
3149 5610 3254 5662 vita
3285 5618 3443 5663 teter-

1878 5735 1966 5774 na.
2000 5715 2210 5772 Etenim
2244 5721 2416 5766 morte
2450 5712 2740 5763 immunem
2789 5720 2894 5761 non
2929 5703 3123 5757 licebat
3157 5715 3277 5754 esse
3317 5714 3440 5754 ent?

1880 5812 1967 5880 qni
1994 5811 2093 5864 sub
2135 5815 2342 5862 natum
2381 5802 2498 5870 lege
2547 5800 2828 5860 manebat,
2871 5808 2988 5863 qua.
3017 5801 3067 5848 ct
3103 5790 3340 5860 colligari
3389 5796 3445 5845 ct
