3864 6546
415 383 520 452 187

1109 380 1531 444 EUSTATHII
1573 377 2322 442 THESSALONICENSIS
2354 370 2916 436 METBOPOLIT£

3536 359 3650 426 188

411 497 544 556 solvi
577 501 632 551 et
651 493 846 550 iterum
885 492 1222 550 insolubilem
1247 492 1642 561 colligationem
1669 500 1984 562 exspectare

2102 491 2148 544 ιδ
2185 491 2278 544 καὶ
2315 490 2550 544 ἐνταῦθα
2584 482 2697 540 οἷον
2724 483 2970 548 ἀείζωον.
3028 481 3118 552 Μὴ
3163 480 3347 535 θανεῖν
3401 481 3502 548 μὲν
3540 479 3660 546 γάρ

410 587 720 658 oportebat.
756 583 1026 638 Mortuum
1072 599 1199 638 vero
1231 585 1427 638 iterum
1460 584 1525 638 ad
1563 585 1725 637 vitam
1777 583 1976 648 redire,

412 679 575 747 idque
613 685 739 732 ante
782 675 1193 730 resurrectionis
1230 685 1462 743 tempus,
1498 689 1604 742 prae
1632 674 1842 728 caeteris
1872 673 1976 726 do-

411 781 598 825 natum
643 781 749 826 est.
800 767 1101 826 Ordinatur
1142 781 1271 836 ergo
1307 776 1407 822 tioc
1457 765 1618 822 modo
1664 764 1983 820 intertnedia

414 876 534 915 sors
565 879 578 915 :
603 861 747 930 jacet
772 875 968 929 corpus
1002 859 1054 914 in
1088 859 1356 928 sepulcro,
1387 872 1453 913 eu
1486 859 1675 912 mortis
1704 874 1717 910 :
1755 857 1984 913 scaturit

413 967 543 1006 vero
579 954 821 1016 salignis,
851 967 979 1007 ecce
1009 953 1133 1007 vitae
1180 950 1510 1023 symbolum.
1551 951 1644 1006 Est
1675 964 1858 1014 casus,
1899 957 1982 1004 est

415 1041 745 1096 resurrectio
770 1057 782 1093 :
806 1058 970 1097 casus
1000 1057 1096 1110 per
1128 1055 1354 1099 mortem
1384 1045 1676 1102 secundum
1710 1057 1982 1112 naturam,

417 1133 741 1186 resurrectio
779 1147 875 1204 per
903 1135 1184 1204 sanguinis
1215 1139 1764 1206 super-abundantiam
1821 1155 1985 1211 supra

416 1231 684 1275 naturam.

487 1481 577 1535 25.
625 1481 853 1551 Sanguis
884 1482 1004 1548 ille,
1039 1491 1375 1553 unguentum
1425 1484 1556 1540 illud
1587 1496 1774 1543 contra
1802 1491 1984 1544 omni-

418 1575 575 1625 moda
614 1574 750 1626 mala
799 1577 1166 1644 maximopere
1207 1575 1426 1644 pollent.
1457 1577 1702 1633 Mordent
1730 1579 1984 1645 dolores;

419 1673 474 1718 et
503 1664 618 1718 bace
647 1665 943 1722 afferuntur
973 1679 1028 1722 et
1078 1686 1332 1726 :crumtne
1367 1672 1644 1728 discedunt
1693 1684 1747 1729 et
1795 1658 1988 1730 metuit

2083 585 2182 638 οὐκ
2216 585 2343 653 ἐξῆν
2367 581 2460 636 τδν
2485 582 2587 634 ὑπὸ
2612 580 2762 651 νόμῳ
2788 579 3023 649 φύσεως,
3047 572 3114 646 ἧς
3140 577 3202 628 τὸ
3231 575 3323 626 καὶ
3347 571 3665 626 συνδεῖσθαι

2084 677 2179 730 καὶ
2205 674 2426 728 λύεσθαι
2458 675 2552 728 καὶ
2575 671 2866 740 ἀναμένειν
2891 668 2990 738 τὴν
3024 665 3268 728 εἰσαῦθις
3299 665 3497 719 ἄλυτον
3525 661 3666 714 σύν-

2084 767 2256 820 δτσιν.
2296 766 2541 820 Θανόντα
2569 765 2625 818 δὲ
2657 765 2738 828 είς
2779 763 2842 817 τὸ
2883 759 2984 831 ζῇν
3022 758 3179 822 αὖθις
3229 753 3668 824 ἔπανακάμψαι,

2085 859 2222 914 ἀλλά
2253 857 2414 912 τοῦτό
2448 875 2510 926 γε
2563 856 2669 926 πρὸ
2712 854 2808 909 τοῦ
2863 856 2961 924 τῆς
2995 850 3348 909 ἀναστάσεως
3381 849 3510 914 ὅρου
3563 843 3673 897 καὶ

2087 953 2486 1024 ὑπερτέθειται.
2529 950 2910 1018 Οἱκονομεῖται
2949 941 3044 999 οὖν
3073 961 3190 1006 πως
3223 944 3283 995 τὸ
3319 942 3512 1010 μέσον.
3547 935 3675 990 Καὶ

2084 1047 2262 1099 κεῖται
2307 1043 2407 1112 μὲν
2440 1043 2501 1096 ab
2555 1043 2714 1112 σῶμα
2770 1042 2829 1093 ὲν
2881 1039 3076 1109 τάφῳο
3113 1035 3272 1088 τοῦτο
3320 1033 3414 1087 τοῦ
3445 1031 3670 1085 θανεῖν.

2086 1135 2278 1200 Βλύξει
2306 1136 2361 1189 δὲ
2390 1131 2551 1202 αἷμαο
2580 1134 2739 1187 τοῦτο
2768 1131 2913 1201 ζωῆς
2943 1129 3231 1198 σύμϐολον.
3262 1127 3374 1180 Καί
3398 1142 3515 1187 πως
3542 1123 3672 1175 ἔστι

2086 1225 2370 1281 καὶτοῦτο
2421 1225 2631 1288 πτῶσίς
2667 1241 2752 1285 τις
2785 1223 2882 1276 καὶ
2934 1220 3250 1277 ἀνάστασιςο
3311 1214 3520 1274 πτῶσις
3574 1210 3675 1264 διὰ

2085 1321 2176 1374 τὸν
2216 1320 2360 1373 κατά
2391 1317 2554 1385 φύσιν
2610 1316 2863 1374 θάνατον.
2909 1311 3209 1372 ἀνάστασις
3251 1307 3340 1360 διὰ
3382 1305 3482 1376 τὴν
3518 1303 3677 1372 ὑπὲρ

2089 1410 2252 1480 φύσιν
2282 1407 2604 1477 περιουσίαν
2625 1406 2722 1459 τοῦ
2757 1405 3015 1473 αἵματος.

2157 1504 2253 1553 κε’.
2283 1498 2456 1552 τοῦτο
2479 1497 2538 1550 τὸ
2569 1493 2730 1566 αἷμα,
2784 1494 2946 1548 τοῦτο
2991 1494 3052 1547 τδ
3095 1491 3265 1563 μύρον
3298 1491 3441 1546 κατὰ
3472 1487 3678 1543 παθῶν

2088 1587 2353 1642 παντοίων
2375 1589 2641 1659 ἀνδρικῶς
2675 1584 3056 1657 κρατύνονται.
3121 1583 3336 1638 Ὀδύναι
3371 1580 3634 1636 κεντοῦσι
3659 1595 3676 1610 ο

2087 1681 2182 1734 καὶ
2202 1679 2344 1733 αὑτά
2367 1680 2792 1749 προσφέρονται,
2828 1677 2924 1730 καὶ
2961 1676 3023 1730 τὸ
3048 1675 3253 1728 λυποῦν
3276 1675 3510 1744 οἴχεται,
3570 1670 3680 1724 καί

420 1755 619 1809 doloris
644 1760 862 1812 aculeus
894 1771 1080 1815 acutas
1110 1761 1324 1818 lanceas
1351 1779 1468 1834 qua
1492 1765 1692 1820 heroici
1731 1769 1986 1838 martyris

2102 1789 2203 1834 me;
2233 1772 2268 1840 ἡ
2296 1773 2393 1841 τῆς
2416 1769 2606 1840 ὀδύνης
2635 1768 2830 1838 ὀξύτης
2857 1767 3187 1820 δυσωπεῖται
3217 1765 3320 1828 τάς
3350 1765 3580 1833 λόγχας,
3615 1759 3680 1813 αῖ

418 1852 633 1920 corpori
669 1852 845 1907 infixae
880 1855 1162 1922 pulchrum
1211 1871 1422 1910 amnem
1454 1868 1799 1927 aperuerunt.
1824 1857 1984 1913 Hiant

2102 1861 2162 1931 τῷ
2207 1839 2298 1913 τοῦ
2350 1839 2638 1912 άθλονίκου
2718 1856 2996 1926 μάρτυρος
3051 1853 3266 1924 σώματι
3324 1853 3675 1922 ἔμπαγεῖσαι

418 1942 640 1996 vulnera
671 1945 864 2012 quibus
897 1947 1136 2014 proxima
1187 1948 1396 2002 accedit
1436 1965 1582 2004 mors
1605 1990 1621 2016 ,
1653 1960 1841 2020 aperto
1869 1965 1983 2004 ore.

421 2034 527 2088 Sed
561 2036 604 2088 si
639 2053 688 2100 ut
714 2047 914 2103 guento
954 2039 1086 2091 illita
1120 2039 1229 2093 sint
1253 2083 1268 2106 ,
1309 2056 1454 2095 mors
1485 2040 1638 2110 fugit,
1663 2043 1803 2097 sicut
1832 2051 1886 2098 et
1919 2043 1988 2098 de
2038 2054 2041 2056 ’

421 2127 767 2191 animalibus,
791 2137 1054 2196 quotquot
1079 2132 1331 2200 unguenti
1347 2132 1512 2186 odore
1536 2132 1734 2188 infecta
1756 2134 1988 2204 fugiunt,

420 2218 617 2272 vulnus
644 2234 822 2273 autem
859 2223 909 2274 in
946 2222 1255 2276 cicatricem
1282 2224 1390 2277 abit
1418 2234 1471 2278 et
1493 2224 1763 2295 integrum
1793 2241 1992 2293 corpus

419 2311 585 2379 viget.
619 2309 684 2365 Et
714 2313 794 2366 sic
823 2315 1074 2384 martyris
1105 2317 1386 2370 vulnerum
1437 2317 1630 2372 humor
1659 2317 1984 2375 offendicula

421 2401 654 2454 buuuana
685 2403 903 2469 abripit,
937 2421 1039 2459 non
1072 2406 1243 2460 solum
1282 2408 1678 2462 incommodum
1727 2410 1992 2475 allevans,

420 2490 514 2544 sed
554 2492 718 2546 etiam
749 2495 893 2563 quod
925 2495 1208 2551 molestum
1241 2507 1349 2563 est,
1376 2498 1429 2552 in
1463 2497 1764 2568 perfectum
1797 2499 1996 2556 immu-

419 2591 564 2638 tans.

491 2855 581 2910 26.
614 2855 898 2914 Cuduntur
930 2861 1043 2916 haec
1070 2860 1123 2915 in
1160 2877 1308 2916 arma
1340 2863 1602 2919 adversus
1651 2863 1742 2918 Dei
1790 2865 1996 2922 hostes.

425 2948 611 3018 Itaque
647 2951 799 3003 tnulti
830 2954 1123 3021 pectoralia
1151 2957 1407 3026 tnartyris
1425 2967 1678 3026 gerentes
1708 2969 1996 3014 exeuntem

426 3039 548 3093 inde
584 3039 648 3094 ad
682 3056 840 3110 opera
881 3044 934 3096 in
988 3043 1114 3100 belli
1157 3047 1244 3100 die
1288 3049 1496 3117 experti
1554 3055 1684 3104 sunt
1723 3049 1999 3104 virtutem.

426 3131 640 3190 Directa
677 3136 728 3190 in
752 3151 846 3191 eos
875 3144 956 3191 cst
993 3145 1114 3191 trux
1148 3139 1340 3208 sagitta
1366 3138 1699 3204 etimmissa,
1726 3151 1780 3195 et
1809 3141 2000 3195 tende-

423 3229 517 3282 bat
562 3229 705 3284 intus
751 3229 899 3298 infigi
928 3237 982 3283 ct
1014 3231 1419 3302 transadigere;
1448 3233 1655 3286 erravit
1685 3246 1815 3287 vero
1854 3241 1910 3287 et
1945 3232 1997 3286 in
2026 3220 2073 3284 (Σ

425 3333 622 3373 vanum
655 3320 836 3375 rediit.
867 3319 982 3376 Non
1015 3323 1158 3376 enim
1189 3321 1270 3376 fas
1291 3331 1409 3377 erat
1438 3323 1663 3378 victoris
1691 3323 1892 3378 donum
1917 3325 1998 3380 vi-

425 3420 514 3465 cto
544 3409 793 3466 cessisse.
817 3411 1050 3482 Clypeus
1093 3412 1312 3480 quidem
1363 3413 1640 3470 multoties
1702 3415 1998 3484 replicatus

426 3511 479 3555 ct
513 3502 862 3556 materiarum
898 3503 1226 3558 adunatione
1257 3504 1489 3569 validus,
1520 3503 1676 3574 quasi
1713 3519 1746 3558 e
1785 3514 1992 3573 septem

425 3591 587 3646 boum
619 3594 803 3656 coriis,
839 3594 942 3648 sub
970 3595 1164 3660 iaculis
1192 3596 1419 3662 defecit,
1466 3597 1694 3665 simplex
1741 3613 1866 3653 vero
1899 3614 1992 3653 ve-

428 3683 529 3739 stis
569 3685 619 3737 in
650 3685 767 3738 sinu
800 3686 1053 3756 martyris
1082 3687 1393 3742 thesaurum
1425 3688 1708 3744 includens
1739 3689 1990 3760 telisgnon

429 3776 734 3832 succubuit.

2088 1951 2280 2016 ὀξεῖαι,
2309 1951 2368 2004 τὸ
2394 1950 2557 2002 καλὸν
2587 1947 2764 2020 ῥεῦμα
2816 1946 3154 2016 προέφηναν.
3195 1942 3680 2013 Ἀναρῤήγνυνται

2088 2043 2418 2114 τραύματα,
2466 2035 2547 2103 οἷς
2595 2039 2825 2108 ἔγγιστα
2882 2035 3108 2100 πελάζει
3164 2033 3414 2096 θάνατος,
3473 2031 3683 2085 κύνεον

2090 2135 2447 2206 ὲπεγχαίνων.
2483 2133 2626 2186 ’Δλλ’
2651 2131 2746 2184 ἐὰν
2771 2127 3115 2199 ὲπιχρισθείη
3144 2124 3240 2179 τοῦ
3268 2123 3466 2194 μύρου,
3499 2122 3683 2174 θάνα⁴

2095 2247 2182 2292 τος
2216 2229 2313 2299 μὲν
2372 2226 2720 2297 δραπετεύει,
2765 2223 2908 2276 καθά
2960 2239 3062 2274 που
3096 2217 3324 2274 καὶτῶν
3357 2214 3536 2280 ζώων,
3568 2213 3684 2266 ὅσα

2094 2320 2231 2389 πρὸς
2259 2319 2432 2389 μύρου
2463 2318 2729 2388 ὄσφρησιν
2767 2313 3139 2385 ὲκμαινὸμενα
3172 2311 3435 2378 φεύγουσι
3459 2320 3476 2336 ο
3523 2305 3586 2358 τὸ
3620 2303 3684 2356 δὲ

2094 2413 2314 2483 τραῦμα
2339 2411 2610 2475 οὐλοῦται,
2641 2412 2733 2464 καὶ⁵
2755 2411 2832 2471 είς
2860 2407 3086 2476 ὀλότητα
3116 2404 3176 2456 τὸ
3203 2403 3363 2470 σῶμα
3402 2399 3686 2453 καθίσται-

2094 2523 2209 2561 ται.
2236 2507 2346 2560 Καὶ
2365 2505 2509 2559 οὕτω
2545 2501 2880 2573 τραυμάτων
2925 2495 3280 2570 μαρτυρικῶν
3311 2495 3550 2565 ὑγρότης
3577 2492 3687 2543 ὲκο

2098 2599 2442 2668 θρώσκουσα,
2489 2594 2937 2667 προσοχθίσματα
2982 2587 3292 2661 παρασύρει
3327 2586 3682 2656 ἀνθρώπινα,

2097 2692 2158 2746 ού
2195 2691 2356 2760 μόνον
2383 2687 2755 2757 ιλαφρύνουσα
2784 2685 2844 2738 τὸ
2865 2681 3156 2753 δυσαχθὶς,
3183 2678 3318 2734 am
3345 2677 3442 2732 καὶ
3487 2675 3687 2728 τέλεον

2100 2781 2492 2847 ὲξαλλάττουσα
2513 2778 2572 2832 τὸ
2597 2777 2892 2838 δυσπαθές.

2171 2879 2287 2938 κς’.
2319 2871 2690 2926 Χαλκεύονται
2751 2868 2923 2922 ταῦτα
2961 2867 3056 2924 καὶ
3109 2867 3188 2929 ὡς
3243 2866 3325 2928 είς
3373 2860 3514 2917 ὅπλα
3569 2860 3689 2919 τοῖς

2101 2966 2313 3037 ἐχθροῖς
2342 2964 2438 3018 τοῦ
2483 2961 2618 3017 Θεοῦ
2668 2961 2962 3031 άντίμάχα.
3000 2958 3191 3014 Πολλοὶ
3217 2957 3350 3026 γοῦν
3371 2953 3683 3007 ἑπικόλπια

2103 3061 2360 3129 φέροντες
2389 3053 2618 3110 τοιαῦτα
2651 3055 2716 3107 ὲκ
2739 3054 2848 3106 τῶν
2879 3051 2973 3107 τοῦ
3010 3051 3307 3122 μάρτυρος,
3335 3048 3436 3115 τὴν
3463 3044 3687 3098 ἐκεῖθεν

2107 3150 2465 3220 ὲξερχομένην
2492 3147 2672 3218 ἔργοις
2701 3147 2882 3208 αὐτοῖς
2935 3147 2992 3198 ιν
3027 3142 3211 3214 ἡμέρᾳ
3269 3140 3508 3208 πολέμου
3561 3139 3689 3189 ἐπι-

2103 3240 2433 3304 σκιάζουσαν
2462 3237 2662 3308 ἔμαθον
2689 3236 2942 3305 δύναμιν.
2981 3233 3286 3300 Ἐπετάοθη
3316 3231 3416 3301 μὲν
3445 3233 3557 3299 γὰρ
3583 3227 3686 3280 ἐπ’

2101 3331 2298 3392 αὐτοὺς
2325 3331 2498 3400 βίαιον
2530 3329 2699 3398 βέλος,
2730 3327 2825 3382 καὶ
2855 3326 3111 3391 ιπέλασε,
3143 3324 3237 3377 καὶ
3269 3320 3429 3393 ἦθελε
3456 3318 3685 3390 ψαῦσαν

2101 3422 2424 3494 παρακύψαι
2455 3423 2549 3476 καὶ
2573 3421 2742 3488 ἔνδον,
2783 3420 2878 3475 καί
2930 3436 3034 3472 που
3065 3416 3160 3472 καὶ
3188 3414 3258 3468 δι’
3289 3414 3482 3483 ἑτέρας
3516 3409 3682 3464 ἐκδῦ-

2099 3532 2211 3583 ναι,
2263 3516 2423 3567 ὁποῖα
2479 3513 2547 3567 τά
2575 3511 2874 3582 διαμπερὲς
2925 3508 3230 3580 βαλλόμενα
3255 3523 3271 3541 ·
3306 3503 3680 3574 ἀπεπλάγχθη

2099 3606 2176 3669 δὲ,
2209 3605 2302 3658 καὶ
2332 3603 2488 3657 κενὸν
2513 3602 2852 3673 ἁνίκαμψεν.
2882 3601 3019 3656 Οὐδὲ
3051 3600 3162 3669 γάρ
3192 3599 3359 3669 ἐχρῆν
3381 3597 3443 3649 τὸ
3470 3594 3568 3648 τοῦ
3599 3611 3686 3647 νι-

2103 3693 2270 3764 κητοῦ
2297 3695 2471 3763 δῶρον
2500 3693 2591 3746 τδν
2621 3694 2824 3762 ἥττονα
2871 3689 3301 3758 ἀπενέγκασθαι.
3336 3688 3447 3741 Καὶ
3481 3683 3684 3754 θυρεὸς

2113 3786 2236 3855 μὲν,
2267 3787 2357 3838 καὶ
2379 3785 2537 3848 αὐτὸς
2563 3785 2703 3838 αὐτὰ
2738 3783 2908 3836 πολλὶ
2931 3782 3293 3850 πολύπτυχος,
3317 3780 3414 3833 καὶ
3442 3778 3524 3844 τῷ
3549 3794 3689 3830 συν-

431 3871 628 3938 osum
682 3871 790 3922 τῶν
843 3870 984 3925 ὑλῶν
1012 3873 1347 3941 στερέμνιος,
1394 3873 1470 3936 ὡς
1495 3875 1549 3928 el
1573 3891 1676 3928 που
1706 3876 1798 3928 καὶ
1830 3876 2176 3943 ὲπταϐόειος,
2245 3878 2418 3931 ἔπαθέ
2445 3895 2495 3931 τι
2537 3878 2657 3940 ταῖς
2715 3875 2932 3945 βολαῖς·
2986 3874 3280 3944 ἱματισμὸς
3322 3874 3381 3927 δὲ
3440 3871 3684 3935 ἀπαλδς⁹

432 3965 640 4032 στέγων
671 3965 774 4017 ὑπὸ
803 3964 989 4034 κόλπῳ
1011 3966 1102 4017 τὸν
1141 3965 1236 4018 τοῦ
1261 3965 1536 4034 μάρτυρος
1568 3965 1864 4035 θησαυρδν,
1897 3969 2350 4029 ἀνεπιϐούλευτος
2379 3969 2493 4030 τοῖς
2523 3968 2813 4037 βάλλουσιν
2843 3966 3051 4036 ἔμεινε.

500 4061 588 4112 9.7.
613 4060 701 4112 Sic
731 4059 910 4113 inultis
935 4060 1244 4115 vulneribus
1297 4069 1516 4129 propter
1545 4061 1822 4116 Christum
1881 4062 1994 4116 sal-

2173 4061 2276 4127 κξ.
2303 4062 2413 4115 Καὶ
2463 4061 2636 4123 οὕτως
2663 4063 2691 4114 ὁ
2737 4061 2830 4113 διά
2861 4059 2952 4112 τὸν
2987 4059 3209 4129 σωτῆρα
3239 4057 3478 4128 Χριστὸν
3509 4056 3682 4110 πολύ-

431 4160 674 4205 vatorem
703 4150 987 4206 confossus
1017 4163 1217 4222 martyr
1253 4153 1384 4205 viris
1416 4152 1712 4208 vulneratis
1757 4167 1866 4208 non
1902 4169 1993 4208 au-

2102 4168 2306 4221 τρωτος
2342 4151 2573 4222 μάρτυς,
2623 4144 2704 4213 οἷς
2733 4148 2991 4215 πέπονθε,
3015 4150 3126 4212 τοῖς
3165 4146 3574 4202 κινδυνεύουσιν
3624 4149 3688 4200 ἐν

432 4243 653 4296 xiliatur
682 4243 876 4304 solum.
912 4243 1008 4298 sed
1040 4252 1093 4298 et
1115 4247 1299 4299 decem
1334 4245 1598 4300 malorum
1629 4245 1865 4302 millibus
1900 4260 1993 4302 eos

2102 4241 2376 4313 τραύμασι
2420 4241 2625 4311 βοηθεῖ,
2675 4241 2770 4295 καὶ
2827 4240 2888 4294 ού
2931 4241 3114 4310 μόνον,
3144 4240 3281 4294 ἀλλά
3331 4239 3428 4293 καὶ
3459 4239 3684 4308 μυρίοις

432 4339 629 4408 premit
664 4342 753 4407 qui
772 4339 905 4394 tales
929 4339 1154 4409 infigunt
1177 4339 1386 4410 plagas,
1417 4351 1470 4396 et
1503 4341 1645 4396 sicut
1675 4350 1860 4408 partus
1888 4339 1991 4394 do-

2102 4334 2368 4403 ὲπιτρίϐει
2400 4336 2589 4398 κακοῖς
2608 4334 2732 4397 τοὺς
2761 4332 2858 4396 τὰς
2883 4333 3142 4394 τοιαύτας
3169 4331 3382 4399 πληγάς
3409 4331 3679 4400 ὲντήκον-

433 4431 596 4497 lorcs,
631 4434 710 4486 sic
733 4432 963 4486 concilia
988 4440 1040 4484 et
1073 4447 1235 4499 opera
1266 4432 1320 4487 in
1384 4432 1596 4488 irritum
1639 4432 1881 4499 adducit,
1932 4446 1993 4488 ac

2102 4444 2197 4490 τας
2218 4444 2232 4459 ο
2265 4429 2360 4479 καὶ
2385 4425 2574 4496 ὥσπερ
2600 4427 2699 4488 τάς
2727 4425 2910 4494 βολάς,
2941 4423 3087 4477 οὕτω
3110 4425 3202 4478 καὶ
3234 4425 3334 4487 τὰς
3357 4422 3556 4488 βουλάς
3578 4423 3683 4476 καὶ

409 4536 527 4592 ,θος
560 4522 650 4590 qui
676 4537 770 4591 pro
801 4520 978 4590 prmda
997 4521 1108 4590 jam
1150 4520 1202 4573 in
1249 4521 1499 4575 manibus
1535 4531 1694 4576 erant
1757 4521 1993 4577 evadere

2103 4516 2172 4569 τά
2226 4516 2363 4587 ἔργα
2410 4516 2465 4569 δὲ
2500 4517 2579 4580 είς
2613 4515 2894 4585 ἄπρακτον
2939 4515 3302 4585 άποκαθιστᾷ,
3329 4516 3422 4568 καὶ
3450 4514 3580 4576 τοὺς
3616 4515 3680 4568 ἐν

390 4597 580 4687 sinit.
611 4612 736 4668 Haec
763 4623 1025 4666 noverunt
1053 4613 1269 4666 barbari
1287 4612 1572 4668 bellatores
1596 4613 1784 4668 etalia:
1823 4614 1993 4669 tribus

2102 4610 2286 4679 χερσὶν
2317 4609 2492 4677 ἄγρας
2516 4606 2902 4672 ὲξολισθαίνειν
2925 4609 3090 4661 ποιεῖ.
3154 4607 3343 4660 Οῐδασι
3369 4606 3544 4659 ταῦτα
3580 4606 3681 4658 καὶ

411 4705 577 4759 sicut
613 4704 784 4758 tribus
810 4705 990 4772 Agar:
1019 4718 1246 4773 corpore
1266 4705 1376 4774 jam
1430 4705 1696 4774 privatum
1723 4716 1999 4777 protecto-

409 4790 550 4852 rezn
584 4789 949 4861 reverentur?
967 4796 1263 4866 propitium
1300 4797 1551 4864 reddunt,
1591 4812 1734 4869 s:epe
1788 4800 2000 4870 suppli-

419 4899 560 4954 ,cant
593 4897 650 4941 et
674 4889 971 4955 placamina
1003 4890 1376 4954 adinveniunt,
1396 4898 1522 4946 vota
1545 4891 1773 4958 faciunt,
1804 4894 2006 4965 depre-

434 4992 652 5044 cantur,
671 4969 970 5046 gratiarum
991 4980 1230 5034 actiones
1256 4978 1490 5034 oll'crunt
1518 4994 1618 5035 suo
1658 4995 1806 5036 more
1862 4982 2003 5035 ima-

436 5072 616 5139 ginem
652 5071 956 5139 pingentes,
979 5071 1160 5126 ouutia
1187 5071 1240 5125 in
1276 5072 1713 5141 pr0pitiationcm
1735 5073 2003 5129 adhiben-

440 5174 539 5218 tcs.
575 5164 638 5217 Et
663 5163 1087 5232 quibusquidem
1111 5171 1317 5234 martyr
1333 5163 1618 5220 tormentis
1649 5174 1822 5218 morte
1849 5165 2003 5220 abla-

441 5263 531 5308 tus
553 5263 630 5307 cst
663 5251 948 5307 attendere
974 5251 1239 5319 dubitant,
1267 5266 1484 5318 passum
1506 5269 1634 5308 vero
1661 5265 1999 5313 reverentur.

439 5345 484 5402 Δ
528 5346 635 5399 Deo
662 5343 863 5399 factum
893 5353 976 5398 est
1002 5344 1166 5410 istud,
1194 5353 1252 5398 ut
1273 5343 1478 5415 gratias
1500 5345 1723 5400 referret
1751 5349 2004 5417 martyri.

436 5440 576 5496 Nam
609 5454 717 5493 non
768 5437 1120 5494 confunditur
1167 5438 1236 5492 de
1289 5437 1374 5493 bis
1427 5437 1516 5507 qui
1577 5437 1820 5508 prodigia
1879 5441 2004 5508 qui-

437 5531 560 5586 dem
593 5530 833 5594 exhibet,
865 5529 1067 5599 majora
1098 5543 1226 5583 vero
1257 5527 1438 5584 facere
1489 5528 1580 5580 dat
1634 5527 1701 5582 iis
1741 5527 1834 5597 qui
1899 5527 2002 5598 ipsi

439 5623 702 5677 serviunt.
727 5621 797 5676 Et
827 5619 944 5676 haec
977 5619 1196 5676 barbari
1219 5627 1483 5690 quotquot
1521 5619 1838 5686 prudentius
1865 5635 2010 5674 mar-

443 5719 614 5780 tyrem
648 5712 960 5768 observant.
991 5711 1097 5778 Qui
1121 5719 1301 5766 autem
1339 5711 1688 5765 audentiores
1718 5709 2004 5766 fortiores-

444 5816 550 5872 que
578 5809 731 5870 sunt,
758 5805 1020 5874 martyris
1047 5805 1299 5861 virtutem
1326 5817 1624 5874 agnoscere
1648 5801 1787 5857 baud
1853 5819 2007 5857 recu-

2102 4702 2151 4755 of
2185 4701 2429 4772 πολέμιοι
2453 4699 2738 4772 βάρϐαροι,
2773 4700 2842 4754 τά
2865 4717 2925 4754 τε
2961 4701 3097 4754 ἄλλα
3129 4699 3290 4768 φῦλα,
3334 4699 3429 4753 καὶ
3459 4697 3522 4753 τὸ
3575 4699 3683 4768 τῆς

2107 4795 2308 4865 Ἅγαρ,
2326 4794 2420 4847 καὶ
2441 4793 2530 4846 τὸν
2550 4792 2843 4863 ἀσώματον
2865 4791 3083 4863 άρωγδν
3107 4792 3296 4846 τοῦτον
3315 4791 3680 4862 δειμαίνουσι,

2103 4894 2199 4942 καὶ
2214 4885 2501 4953 ἱλεοῦνται,
2532 4885 2627 4939 καὶ
2651 4885 2972 4940 ποτνιῶνται
3005 4886 3197 4955 συχνά,
3225 4885 3319 4938 καὶ
3341 4886 3682 4955 μειλίγματα

2104 4977 2530 5048 ἐξευρίσκουσιν,
2599 4975 3032 5046 ἀνακαλούμενοι
3093 4976 3276 5045 λόγοις
3339 4976 3679 5046 εὐκτηρίοις,

2105 5071 2469 5138 λιταζόμενοι,
2491 5068 2719 5140 χάριτας
2741 5067 3111 5132 ἀνατιθέντες,
3139 5068 3332 5130 ὁποίας
3353 5053 3416 5120 οῖ’
3437 5067 3681 5120 τοιοῦτοι

2107 5161 2452 5233 ἑπινοήσαιεν
2487 5161 2574 5226 ἂν,
2605 5160 2695 5212 τὸν
2731 5159 3058 5230 χαρακτῆρα
3087 5158 3372 5221 είκονικῶς
3399 5158 3680 5212 ἐκτυπούο

2111 5269 2281 5319 μενοι,
2315 5252 2492 5307 πάντα
2526 5253 2806 5316 ποιοῦντες
2835 5255 2916 5318 είς
2945 5254 3332 5325 πραγματείαν
3352 5252 3681 5323 ὲξιλασμοῦ.

2107 5346 2218 5401 Καὶ
2243 5344 2384 5416 ὑπὲρ
2402 5337 2464 5397 οῦ
2499 5345 2598 5414 μὲν
2625 5345 2686 5399 τὸ
2730 5345 2924 5399 παθεῖν
2952 5346 2980 5398 ὀ
3016 5344 3230 5416 μάρτυς
3262 5344 3521 5411 ἀνείλετο,
3559 5344 3681 5397 ἀλλ’

2107 5437 2302 5506 ἑκείνῳ
2331 5437 2620 5507 προσέχειν
2652 5437 2894 5502 ὀκνοῦσι,
2944 5436 3036 5489 τὸν
3065 5437 3121 5490 δὲ
3147 5437 3390 5492 παθόντα
3419 5436 3683 5501 σεϐάζον-

2107 5543 2215 5580 ται.
2239 5524 2374 5579 Θεοῦ
2405 5527 2498 5579 καὶ¹
2527 5525 2705 5592 τοῦτο,
2731 5527 3104 5600 χαρισαμένου
3129 5526 3207 5598 τῷ
3242 5527 3502 5598 μάρτυρι.
3539 5528 3684 5582 Οὐδὲ

2108 5618 2218 5689 γάρ
2239 5618 2388 5671 ὀκνεῖ
2420 5616 2539 5670 οὐδὲ
2579 5618 2648 5671 τά
2674 5619 2898 5672 τοιαῦτα
2955 5622 3186 5686 ἐκεῖνος,
3215 5622 3244 5675 ὁ
3273 5621 3533 5692 τεράστια
3571 5620 3679 5690 μὲν

2109 5708 2534 5779 ἐνδεικνύμενος,
2599 5707 2769 5777 μείζω
2824 5711 2880 5764 δὲ
2929 5711 3108 5774 διδοὺς
3163 5713 3337 5766 ποιεῖν
3365 5715 3478 5776 τοῖς
3515 5712 3688 5767 αὐτὸν

2113 5801 2495 5872 θεραπεύουσι.
2529 5801 2636 5856 Καὶ
2672 5801 2890 5855 τοιαῦτα
2932 5803 3032 5872 μὲν
3069 5803 3179 5858 τῶν
3209 5803 3521 5874 βαρϐάρων,
3563 5805 3683 5859 ὅσοι
