3908 6558
167 403 256 468 139

1298 397 1685 458 LAUDATIO
1725 396 1766 456 Β
1826 397 1980 458 DEM
1991 395 2173 458 ETRI
2186 398 2228 459 ῐ.

3286 385 3389 449 190

160 511 476 580 laverit:er
507 513 616 573 τοῖς
673 509 769 564 τοῦ
806 509 1078 580 μάρτυρος
1102 505 1500 562 ἐπιϐάλλουσιν.
1553 505 1614 558 Οί
1669 503 1757 576 es,

1862 506 2330 573 ant;benedirere
2360 518 2488 559 vero
2520 500 2883 564 remittentes,
2944 514 3052 554 non
3101 506 3279 552 tamen
3333 496 3389 548 in

162 605 363 676 θρασεῖς
389 603 488 656 καὶ
515 602 834 673 θερμότεροι
855 599 1108 665 ἀγνοοῦσι
1140 599 1240 669 μὲν
1274 595 1384 650 οὐδ’
1413 594 1570 649 αὐτοὶ
1616 594 1716 663 τὴν

161 696 495 766 μαρτυρικὴν
549 695 701 766 ίσχὸν
729 713 742 728 ·
803 695 1032 764 ἀφέντες
1083 693 1140 748 δὲ
1169 693 1230 746 τὸ
1275 692 1539 758 εὐλογεῖν,
1565 689 1717 756 ὅμως

159 789 264 842 οὐδὲ
291 787 466 851 οὕτως
523 789 599 850 είς
643 787 803 858 ὓϐριν
832 786 1198 848 ικϐαἱνονται,
1229 783 1350 836 οὐδὲ
1381 783 1462 844 είς
1494 779 1721 833 κακολο-

161 880 272 946 γίαν
323 878 574 950 σκληρὰν
617 879 716 932 καὶ
761 876 1228 948 ἁπαρακάλυπτον
1286 873 1718 936 διεκπίπτουσιν,

1822 597 2187 651 contumelias
2221 595 2541 658 efferuntur,
2572 609 2672 648 nec
2702 594 2754 645 in
2775 591 3061 644 maledicta
3109 600 3298 654 aspera
3335 593 3393 639 et

1826 688 2108 743 manifesta
2129 697 2438 758 erumpunt,
2461 703 2562 742 nec
2591 687 2822 742 acerbas
2857 683 3082 752 injurias
3110 691 3388 740 eructant,

1827 793 1924 831 uer.
1957 779 2009 832 in
2045 781 2292 852 graviora
2326 779 2620 845 declinant,
2648 780 2741 832 sed
2775 779 3037 832 urbanius
3086 775 3276 828 obvios
3331 787 3393 827 se

1829 871 2080 924 maerenti
2111 871 2376 940 prmbent.

161 973 270 1026 οὑδι
315 973 566 1043 σκῶμμα
609 974 968 1045 παράμουσον
1024 972 1425 1039 ἑξερεὺγονται,
1461 967 1573 1022 οὐδ’
1629 963 1990 1036 ἐκτρέπονται
2039 968 2176 1036 πρὸς
2229 967 2289 1021 τὸ
2334 967 2770 1040 αὐστηρότερονο
2798 967 2936 1022 ἀλλὰ
2985 967 3064 1037 τῷ
3133 964 3394 1018 λυποῦντι

163 1065 546 1134 προσφέρονται
586 1067 953 1136 ἀστειότερον.

221 1160 320 1232 κη’.
350 1161 573 1233 Βραχὺς
598 1160 732 1229 γοῦν
766 1156 921 1224 οὗτος
965 1159 1177 1231 χρόνος,
1207 1162 1304 1215 καὶ
1333 1148 1423 1212 τδν
1453 1154 1580 1208 ναὸν
1628 1151 1724 1206 τοῦ

167 1258 427 1326 μάρτυρος
455 1255 678 1323 εῐδομεν
693 1253 1058 1323 αίχιιαλώτοις
1079 1251 1453 1317 πυκνούμενον
1472 1280 1540 1289 -
1560 1245 1730 1318 φῦλον

174 1348 457 1418 ’Δταρηνὺν
479 1350 533 1400 0i
551 1347 1052 1416 αἰχμαλωτίσαντες
1068 1361 1084 1376 ⁶
1113 1345 1170 1412 ἐξ
1205 1344 1346 1414 ἑῴας
1365 1343 1464 1411 τῆς
1488 1338 1728 1410 ὕπερθεν

167 1441 545 1508 Παφλαγόνων,
577 1440 648 1510 ἢν
675 1443 704 1494 ὁ
736 1441 982 1506 Εὔξεινος
1011 1439 1297 1503 ζὼννυσιν,
1325 1439 1374 1490 οί
1397 1437 1495 1506 τὴν
1523 1435 1730 1504 αἰχμα-

168 1532 348 1585 λωσίαν
372 1530 643 1592 παθόντες
663 1548 680 1564 ·
711 1533 760 1585 οἳ
793 1532 887 1584 καὶ
917 1529 1182 1592 σωθέντες
1219 1527 1482 1580 ὡσιοῦντο
1534 1526 1722 1596 εὐχὰς,

168 1624 224 1686 ις
252 1624 313 1692 δὴ
333 1624 428 1676 καὶ
461 1624 639 1691 μόνας
663 1616 810 1693 εἶχον
839 1624 918 1684 είς
940 1621 1096 1691 χάριν
1119 1619 1425 1690 ἀντινέμειν
1454 1617 1530 1686 τῷ
1557 1618 1726 1671 λυσα-

171 1714 302 1784 μένῳ
337 1713 604 1783 μάρτυρι.
648 1713 774 1766 Τῶν
811 1713 920 1782 γὰρ
953 1711 1094 1764 κατὰ
1141 1711 1257 1780 βίον
1289 1710 1511 1764 πάντων
1536 1707 1726 1772 ἐξέπε-

172 1825 268 1867 σον.
315 1806 520 1874 μόνους
572 1805 802 1867 ἑαυτοὺς
854 1803 1086 1874 ἔχοντες.
1131 1801 1241 1855 Καὶ
1282 1797 1645 1871 περιηγοῦντο
1679 1798 1727 1850 οἱ

1897 1149 1991 1204 28.
2015 1149 2130 1204 Non
2168 1150 2238 1204 ita
2266 1150 2496 1220 pridem,
2527 1161 2584 1206 et
2619 1152 2871 1220 martyris
2913 1149 3170 1218 templum
3224 1147 3395 1217 capti-

1827 1243 1912 1297 vis
1944 1241 2204 1298 refertum
2229 1242 2925 1312 vidimus—Agarenorum
2946 1242 3122 1298 tribus
3155 1245 3401 1310 captivos
3428 1255 3441 1262 '

1831 1333 2094 1386 duxerant
2126 1334 2231 1394 ;ab
2261 1332 2510 1387 orientali
2541 1332 2835 1400 superioris
2867 1330 3247 1402 Paphlagoniae
3279 1334 3400 1401 pla-

1831 1441 1894 1496 ga
1918 1442 2080 1494 quam
2108 1426 2348 1482 Euxinus
2379 1427 2592 1490 circuit,
2626 1427 2866 1496 captivi;
2901 1427 2992 1497 qui
3025 1428 3218 1482 salvati
3273 1443 3402 1496 prr-

1830 1534 1920 1574 ces
1947 1519 2244 1574 fundebant
2271 1534 2406 1591 quas
2437 1520 2582 1575 solas
2605 1520 2656 1572 in
2681 1519 2910 1588 gratiam
2945 1521 3274 1590 niartyriqui
3308 1535 3403 1572 eos

1830 1609 2393 1666 solveratrel’erendas
2424 1609 2714 1665 habebant.
2779 1609 3018 1680 Namque
3041 1613 3295 1666 omnibus
3334 1613 3402 1666 ad

1830 1701 2354 1772 vitamgtecessariis
2381 1702 2594 1764 nudati.
2623 1702 2772 1758 salva
2802 1713 3010 1757 tantum
3043 1703 3151 1757 vita
3183 1719 3400 1756 reman-

1834 1805 2040 1851 serant.
2077 1793 2144 1848 Et
2171 1794 2464 1848 narrabant
2518 1795 2618 1848 viri
2687 1810 2807 1863 quae
2868 1795 3004 1854 ipsis
3053 1795 3396 1858 acciderant,

171 1898 340 1967 ἄνδρες
373 1897 444 1950 τὰ
478 1897 569 1958 εἰς
621 1897 848 1958 αὐτούς·
881 1897 977 1965 τὴν
1009 1895 1103 1948 τοῦ
1147 1895 1386 1962 πολέμου
1422 1892 1619 1964 ῥοπὴν,
1654 1890 1728 1953 ὡς

1862 1884 1958 1938 ielli
1985 1883 2245 1952 impetum
2275 1883 2551 1952 quomodo
2576 1897 2684 1938 non
2717 1898 2814 1951 pro
2849 1882 2954 1936 illis
2988 1883 3083 1936 sed
3140 1882 3192 1935 in
3215 1881 3410 1935 adver-

173 1993 256 2061 οὓχ
299 1990 442 2057 ὑπὲρ
475 1989 689 2050 αὐτῶν,
720 1987 836 2040 ἀλλ’
866 1988 945 2048 είς
984 1986 1292 2040 τούναντίον
1323 1984 1502 2038 ἔκλινε
1541 1983 1610 2035 τα
1634 1983 1732 2049 τῆς

177 2084 336 2152 μάχης
365 2081 615 2136 τάλαντα
637 2098 650 2112 ·
672 2081 799 2143 τοὺς
826 2063 1058 2146 δεσμούς
1081 2095 1096 2109 ⁶
1145 2077 1242 2144 τὴν
1273 2075 1600 2145 ἀπαγωγὴν,
1639 2074 1735 2127 καὶ

175 2175 358 2244 ταύτην
377 2173 684 2244 ὑπερόριον
706 2179 724 2241 (
745 2172 1005 2226 Βαϐυλὼν
1038 2173 1147 2242 γὰρ
1172 2173 1207 2242 ἠ
1231 2173 1289 2223 ὲν
1315 2170 1552 2239 Πέρσαις
1590 2163 1737 2236 εἶχεν

177 2263 352 2323 αὐτούς
372 2262 414 2331 )·
453 2261 555 2314 τὸν
583 2262 640 2312 ὲν
663 2264 728 2333 τῇ
761 2260 1038 2330 καθείρξει
1066 2260 1303 2328 σφιγμὸν
1325 2276 1339 2289 ο
1373 2259 1469 2322 τὰς
1514 2257 1737 2312 θεοκλυ-

177 2356 361 2424 τήσιις,
397 2354 465 2418 ἃς
499 2355 768 2425 ἀνέφερον
803 2357 885 2419 είς
907 2355 998 2408 τὸν
1031 2357 1283 2425 μάρτυρα
1310 2367 1325 2383 °
1348 2353 1438 2406 τὸν
1467 2353 1648 2421 λιμὸν,
1680 2351 1739 2404 ὃν

181 2443 398 2514 ιτασχον
419 2459 435 2474 °
471 2445 578 2515 τὴν
602 2445 879 2514 νηστείαν,
926 2447 992 2518 ἦν
1019 2444 1301 2499 ἐποιοῦντο
1324 2461 1340 2475 ο
1397 2446 1605 2498 ἐκεῖνον
1641 2444 1741 2512 μὲν

181 2538 282 2592 οὔτι
302 2539 549 2602 ἑκόντες,
574 2539 779 2609 ταύτην
807 2538 863 2592 δὲ
883 2539 1018 2594 ἀλλὰ
1062 2539 1457 2610 συμπείθοντες
1491 2537 1739 2601 ἑαυτούς.

183 2637 237 2687 οι
257 2635 350 2701 μὲν
373 2633 489 2701 γαρ
517 2632 619 2700 τῆς
645 2633 830 2704 ’Δγαρ
861 2633 1318 2695 καταδιαιτῶντες
1371 2629 1513 2704 ἦσαν
1561 2633 1743 2686 αὐτῶν

184 2730 236 2780 τὸ
259 2728 346 2779 τοῦ
378 2727 551 2797 λιμοῦ
583 2729 776 2791 πάθος.
809 2728 900 2780 καὶ
933 2727 1156 2797 μέτριόν
1179 2745 1231 2779 τι
1266 2727 1448 2796 ῥεῦμα
1488 2706 1745 2798 παραψυ-

1835 1991 1952 2030 sum
1979 1977 2142 2030 cessit
2163 1974 2330 2044 praelii
2363 1973 2476 2029 alea
2504 1994 2518 2041 ;
2567 1974 2806 2038 vincula,
2839 1973 3217 2028 abductionem
3247 1988 3408 2025 eam-

1835 2081 1942 2136 que
1991 2066 2336 2138 longinquam
2383 2067 2544 2122 valde
2585 2065 2850 2137 (Babylon
2877 2067 3026 2122 enim
3073 2065 3215 2132 apud
3272 2064 3408 2119 Per-

1836 2175 1926 2215 sas
1946 2159 2279 2216 illismansio
2310 2160 2493 2229 fuit);
2529 2161 2583 2216 in
2644 2175 2866 2216 carcere
2919 2160 3238 2230 angustias;
3292 2159 3411 2227 pias

1838 2253 2242 2324 precesquibus
2265 2263 2557 2325 martyrem
2585 2251 2995 2316 sollicitabant;
3053 2252 3248 2305 famem
3299 2264 3406 2317 qua

1839 2345 2250 2410 eruciabantnr;
2273 2346 2600 2415 jejunia;de
2624 2345 2710 2398 illa
2742 2345 2959 2412 quidem
2983 2343 3164 2409 inviti,
3194 2343 3259 2396 de
3295 2341 3414 2394 istis

1841 2437 2221 2491 veroinvicem
2249 2441 2625 2492 cohortantes.
2658 2434 2792 2490 Nam
2829 2448 2960 2505 gens
2997 2434 3143 2504 Agar
3201 2447 3296 2486 eos
3343 2432 3412 2485 ad

1842 2528 2003 2583 famis
2027 2527 2348 2596 supplicium
2385 2526 2661 2595 adigebat,
2694 2534 2748 2580 et
2783 2525 2918 2595 ipsis
2963 2524 3148 2580 solatii
3211 2522 3413 2576 ostium

1839 2619 2106 2690 jejunium
2139 2619 2521 2689 aperiebat.Ut
2548 2635 2678 2672 vero
2708 2619 2760 2674 in
2817 2621 2924 2674 hoc
2986 2627 3040 2672 et
3091 2617 3226 2672 bene
3283 2615 3417 2684 ipsis

1844 2722 2006 2780 esset,
2032 2728 2140 2768 non
2170 2711 2486 2783 repugnanti
2515 2712 2696 2765 animo
2733 2711 3091 2766 barbarorum
3146 2705 3415 2774 improbi-

188 2821 275 2891 χῆς
294 2823 477 2883 αὐτοῖς
515 2821 832 2890 ὕπήνοιγον.
857 2820 1016 2874 Αὐτοὶ
1045 2819 1125 2886 δὲ,
1147 2819 1234 2873 ἵνα
1268 2821 1370 2874 κᾶν
1396 2818 1569 2889 τούτῳ
1586 2820 1748 2890 χάρις

1862 2815 2011 2858 tatem
2035 2805 2278 2868 vincunt,
2314 2815 2367 2858 et
2390 2817 2577 2870 parum
2598 2801 2921 2871 recipientes
2959 2801 3011 2854 in
3043 2799 3224 2854 cibum
3255 2805 3410 2850 arcte

190 2931 257 2972 τις
273 2913 355 2982 εἴη
379 2914 596 2979 αὐτοῖς,
630 2911 1121 2981 ὑπεραναϐαίνουσι
1167 2910 1247 2980 τῷ
1294 2911 1529 2978 ἑκουσίῳ
1556 2909 1655 2978 τὴν
1685 2910 1749 2961 ὲκ

1862 2895 2223 2957 )onderatnm,
2260 2911 2324 2950 ex
2383 2895 2484 2950 ltoc
2503 2896 2703 2962 aliquid
2726 2894 3102 2955 detrahebant,
3123 2899 3180 2946 et
3226 2889 3305 2944 sic
3349 2886 3418 2942 ad

189 3006 283 3058 τῶν
303 3005 602 3076 βαρϐάρων
623 3005 884 3067 κάκωσιν,
917 3005 1010 3056 καὶ
1047 3003 1218 3072 βραχὺ
1262 3000 1637 3069 λαμϐάνοντες
1668 2999 1750 3062 είς

1862 2988 2076 3044 maciem
2103 3004 2162 3042 se
2197 2988 2342 3056 ipsos
2363 2987 2641 3057 adigentes
2661 2999 2713 3042 et
2751 2997 3005 3055 tanquam
3066 2983 3167 3038 alis
3200 2995 3419 3049 precum

191 3099 494 3170 ἀποτροφὴν
523 3096 1017 3166 ἑπιμετροὺμενον,
1045 3095 1306 3149 ὑπέσπων
1328 3111 1381 3145 τι
1411 3092 1508 3144 καὶ
1538 3092 1704 3145 αὐτοῦ
1730 3107 1746 3122 ·

1862 3076 2141 3137 sublevati,
2160 3075 2224 3128 ad
2254 3075 2419 3128 Deum
2447 3073 2702 3128 volabant
2741 3088 2846 3142 qua
2868 3088 2928 3126 os
2949 3072 3282 3137 abundabat,
3324 3065 3422 3118 ali-

195 3163 1106 3252 utoagm'zgmbyoﬁgggaumk,
1141 3187 1235 3240 καὶ
1255 3185 1444 3255 ὥσπερ
1477 3183 1592 3237 ἄνω
1616 3200 1753 3237 me-
1856 3179 2159 3224 mentorum
2243 3167 2457 3238 quidem
2527 3166 2844 3223 admissioni
2921 3165 3188 3228 clausum,
3263 3163 3422 3219 melle

197 3283 508 3352 ρυσσὸμενοι
565 3283 773 3351 εὐχαῖς,
825 3281 904 3343 είς
951 3280 1085 3333 Θεὸν
1142 3278 1514 3348 ὲκουφίζοντο.
1577 3275 1654 3333 ὢν
1691 3277 1753 3331 τὸ

1862 3278 1984 3319 vero
2031 3262 2266 3331 desuper
2315 3260 2600 3328 repletum.
2670 3257 2795 3313 Haec
2875 3258 3040 3328 igitur
3108 3256 3424 3310 narratione

199 3346 575 3444 στόμα-ἔγεμε,
697 3373 804 3427 τῶν
826 3373 1126 3444 βρωμάτων
1159 3372 1256 3442 μὲν
1279 3346 1492 3442 είσδοχῇ
1516 3369 1757 3440 ὶγκλειὸ-

1862 3353 2196 3420 exponebant
2224 3353 2443 3420 captivi.
2465 3351 2530 3405 Et
2555 3367 2674 3405 cum
2700 3365 2805 3403 nox
2836 3360 2996 3411 esset,
3031 3356 3086 3402 et
3110 3363 3216 3401 non
3261 3346 3419 3399 modo

201 3439 363 3535 μενον,
385 3439 495 3521 τοῦ.
519 3467 577 3520 δὲ
614 3439 837 3520 ἐκεῖθεν-
859 3439 1244 3534 πεπλησμένον
1293 3439 1532 3533 μέλιτος.
1569 3461 1757 3515 Ταῦτά

1862 3458 2011 3503 extra
2032 3460 2302 3502 carcerem
2336 3455 2559 3508 starent,
2587 3443 2678 3497 sed
2705 3451 2759 3498 et
2784 3442 2958 3506 longis
2981 3441 3172 3509 spatiis
3199 3439 3266 3491 ab
3290 3439 3424 3492 urbe

200 3531 249 3612 τε
276 3560 362 3614 οὖν
416 3559 738 3626 ἐξετίθεσαν
788 3557 868 3621 είς
897 3531 1150 3626 διήγησιν
1197 3557 1246 3608 οἱ
1269 3531 1618 3625 δορυὰλωτοι.
1649 3555 1757 3608 Καὶ

1862 3542 2079 3596 abesset
2096 3553 2280 3594 eorum
2310 3537 2470 3591 statio
2500 3535 2765 3606 lapidibus
2786 3536 3162 3602 circumsepta.
3188 3532 3254 3584 ab
3271 3531 3422 3584 omni

201 3649 266 3712 ιὶις
287 3651 378 3715 νύξ
405 3667 546 3703 ποτε
575 3645 664 3718 ἦν,
690 3648 783 3701 καὶ
820 3647 974 3702 αὐτοὶ
994 3646 1056 3698 οὐ
1088 3646 1250 3715 μόνον
1284 3644 1390 3711 ἔξω
1413 3643 1504 3696 τοῦ
1534 3644 1760 3714 καθεῖρ-

205 3743 314 3811 χθαι
360 3739 532 3814 ἦσαν,
587 3739 725 3794 ἀλλὰ
761 3739 855 3792 καὶ
886 3739 1119 3800 σταδίοις
1152 3741 1384 3806 μακροῖς
1444 3736 1634 3806 πόρρω
1660 3736 1760 3804 τῆς

205 3835 392 3898 πόλεως
417 3831 572 3902 εἶχεν
616 3832 814 3889 αὐτοὺς
841 3831 1028 3893 τόπος,
1062 3827 1365 3899 βραχύτητι
1415 3827 1631 3896 πετρῶν
1667 3844 1766 3880 κα-

207 3927 529 3996 τάφρακτος,
552 3924 749 3986 δᾶσους
776 3922 1106 3992 ἐψιλωμένος
1136 3919 1332 3982 παντός
1350 3937 1364 3950 ·
1400 3921 1557 3972 αὐτοὶ
1582 3919 1639 3972 δὲ
1663 3919 1765 3972 οὐκ

209 4019 408 4089 ᾔδεσαν,
468 4017 586 4073 ἀλλ’
641 4018 735 4069 ἐπὶ
787 4015 970 4085 χώρας
1011 4014 1191 4081 μένειν
1251 4011 1523 4080 ἐνόμιζον.
1591 4010 1677 4073 Ὠς
1707 4011 1766 4064 δὲ

212 4112 376 4182 ἡμέρα
402 4111 657 4177 διέκυψε,
689 4109 781 4161 καὶ
809 4107 964 4177 ἡλίου
993 4105 1215 4174 λαμπὰς
1245 4103 1313 4156 τὰ
1355 4104 1537 4156 πάντα
1576 4103 1770 4156 διεδεί-

212 4220 302 4254 κνυ
346 4199 768 4270 παμφαίνουσα,
816 4195 1119 4266 τηνικαῦτα
1170 4193 1429 4246 λελύσθαι
1457 4193 1557 4263 μὲν
1580 4193 1770 4270 ἐγίνω-

214 4313 332 4348 σκον
365 4297 470 4362 τῆς
520 4291 768 4361 εἱρκτῆς,
827 4290 1010 4342 οὐκέτι
1039 4288 1094 4341 δὲ
1141 4287 1433 4356 μανθάνειν
1471 4281 1642 4354 εἶχον,
1676 4266 1773 4339 καὶ

214 4389 289 4440 οἷα
316 4385 617 4453 καταγωγὴ
645 4384 808 4436 τόπου
840 4378 984 4451 εἶχεν
1017 4378 1232 4442 αὐτούς.
1259 4379 1369 4431 Καὶ
1399 4379 1579 4432 τοίνυν
1611 4379 1774 4432 πάλιν

217 4483 366 4550 φόϐος
391 4483 491 4535 καὶ
518 4481 657 4544 δέος,
695 4479 770 4548 μὴ
803 4479 895 4530 καὶ
920 4478 996 4539 είς
1014 4475 1262 4528 δουλείαν
1288 4474 1508 4536 ἁλόντες
1527 4475 1776 4541 ἀνακάμ-

216 4575 361 4642 ψαιέν
383 4593 399 4608 ο
430 4575 526 4627 καὶ
548 4569 887 4640 κατηύχοντο
913 4569 1008 4638 τῆς
1033 4568 1262 4644 λύσεως,
1293 4568 1344 4620 εί
1367 4565 1532 4620 πάλιν
1558 4564 1772 4633 ἀνάγκη

219 4666 452 4719 δεδέσθαι
482 4664 702 4724 αὐτοὺς,
741 4663 836 4714 καὶ
864 4660 1120 4730 βραχείας
1175 4660 1546 4728 γεγευμένους
1575 4657 1778 4727 γλυκύ-

221 4775 365 4824 τητος
397 4756 630 4826 πικρίαν
659 4754 967 4809 σπάσασθαι
995 4752 1238 4807 πλείονα.
1267 4752 1422 4821 ’Ἅμα
1452 4751 1784 4820 ταῦταηκαὶ

225 4849 506 4920 ἀλλόθρους
557 4848 622 4899 ἐκ
681 4846 789 4898 τῶν
836 4843 1068 4898 κατόπιν
1108 4839 1240 4913 ἦχος
1271 4843 1525 4912 ἠκούετο,
1549 4842 1644 4895 καὶ
1686 4841 1783 4911 βοὴ

226 4942 513 5012 βάρϐαρος,
542 4942 640 4993 καὶ
674 4939 858 4992 λαλιαὶ
887 4938 986 4990 οὐκ
1008 4934 1244 5004 εὖσημοι
1267 4951 1282 4966 ·
1335 4934 1434 4987 καὶ
1455 4935 1639 4996 αὐτοῖς
1667 4927 1784 5002 εἶχε

225 5037 314 5097 τὰς
364 5029 464 5102 μὲν
505 5032 690 5103 ψυχὰς
719 5031 780 5084 τὸ
828 5031 968 5093 δέος,
1012 5031 1046 5098 ἡ
1078 5029 1150 5097 γῆ
1170 5027 1228 5079 δὲ
1264 5028 1332 5079 τε
1366 5026 1620 5094 σώματα.
1671 5024 1786 5078 Καὶ

229 5129 493 5196 παρέϐυον
520 5127 744 5178 ἔκαστοι
778 5121 1004 5183 ἑαυτοὺς
1057 5120 1305 5191 ῥωχμαῖς
1339 5117 1526 5181 λίθων,
1563 5118 1671 5185 ὅπη
1702 5117 1788 5169 δό-

232 5216 363 5282 ξειεν
384 5215 527 5271 εἶναι
563 5214 867 5284 σύμφορον,
894 5211 956 5265 οὐ
982 5211 1325 5280 καταμόνας.
1369 5207 1487 5260 ἀλλ’
1521 5207 1573 5260 oi
1607 5205 1790 5259 πλείο-

233 5324 313 5366 νες
332 5308 470 5360 κατὰ
497 5303 756 5366 δεκάδας,
783 5301 876 5354 καὶ
905 5299 986 5351 ἔτι
1032 5295 1347 5364 κατώτερον
1372 5309 1387 5324 ο
1422 5294 1520 5362 οὐχ
1545 5294 1631 5346 ὅτι
1660 5293 1786 5360 βου-

235 5395 470 5466 λομένοις
491 5391 559 5464 ἦν
590 5393 774 5453 αὐτοῖς
799 5386 1096 5450 καὶτοῦτο,
1122 5385 1236 5439 ἀλλ’
1274 5388 1356 5438 ὅτι
1391 5384 1467 5455 μὴ
1498 5383 1624 5451 ἐξῆν
1654 5382 1792 5452 μήτε

236 5488 400 5551 ἄλλως
428 5489 505 5549 είς
533 5481 854 5554 ἀποκρυϐὴν
877 5478 1205 5546 συνάγεσθαι
1240 5478 1358 5548 (εἰς
1392 5472 1650 5544 βραχείας
1682 5472 1792 5541 γάρ

236 5598 376 5640 τινας
428 5580 746 5633 διαστάσεις
779 5573 836 5625 αἱ
872 5572 1070 5639 πέτραι
1108 5566 1474 5638 ὑπέχασκον),
1525 5567 1663 5633 μήτε
1712 5565 1793 5626 είς

237 5669 407 5738 φυγὴν
461 5667 787 5738 μερίζεσθαι
841 5663 909 5732 (ἡ
955 5660 1054 5731 βοὴ
1113 5659 1221 5727 γὰρ
1262 5657 1502 5724 ἐγγίζειν
1539 5654 1644 5724 ήδη
1699 5653 1796 5705 καὶ

238 5761 538 5814 ἐπικεῖσθαι
571 5760 699 5820 τοὺς
734 5755 1028 5823 πολεμίους
1055 5750 1387 5820 ἐσήμαινεν)
1409 5763 1423 5776 ο
1453 5745 1566 5798 οὐδ’
1593 5746 1674 5798 ὃτι
1701 5744 1795 5796 τοῦ

243 5852 500 5917 σώζεσθαι
534 5847 604 5920 ἦν
633 5849 786 5912 ἐλπίς
824 5847 981 5917 (οὔτε
1015 5845 1121 5913 γάρ
1148 5859 1201 5894 τι
1235 5837 1576 5911 σπηλαιῶδες
1601 5838 1796 5890 ὑπενο-

1865 3634 2060 3687 arbore
2097 3630 2437 3700 virgultoque
2469 3635 2652 3696 aperta
2692 3636 2748 3681 et
2799 3635 3026 3694 patens;
3065 3623 3116 3678 bi
3160 3638 3288 3678 vero
3322 3635 3424 3676 ne-

1865 3723 2127 3788 sciebant,
2170 3721 2264 3776 sed
2298 3720 2352 3773 in
2383 3728 2523 3773 terra
2559 3717 2713 3772 ﬁrma
2750 3732 2807 3771 se
2849 3731 2968 3770 esse
2999 3713 3424 3768 arbitrabantur.

1867 3814 1971 3871 Ubi
2004 3815 2236 3883 primum
2275 3806 2506 3878 diluxit,
2537 3818 2592 3864 et
2621 3808 2752 3864 solis
2783 3807 2990 3876 lampas
3030 3806 3211 3861 omnia
3257 3805 3430 3860 collu-

1868 3907 2090 3969 stravit,
2122 3913 2251 3958 tunc
2279 3903 2486 3958 solutos
2531 3915 2559 3954 a
2599 3899 2840 3955 custodia
2889 3913 2950 3954 se
2996 3909 3280 3960 noverunt,
3327 3913 3430 3954 nec

1869 4014 1998 4054 vero
2025 3996 2235 4053 discere
2269 4002 2518 4066 peierarit
2539 4007 2646 4062 quo
2673 3991 2772 4046 loci
2802 3991 3012 4045 abducti
3039 3997 3239 4045 essent.
3265 3989 3438 4043 Mutus

1871 4089 2054 4158 itaque
2085 4101 2296 4142 rursum
2326 4095 2380 4141 et
2403 4084 2690 4153 trepidatio
2720 4097 2786 4137 ne
2815 4081 3063 4137 servituti
3092 4082 3285 4136 iterum
3313 4082 3438 4135 sub-
3507 4127 3511 4130 _

1868 4180 2187 4251 jicerentur,
2221 4186 2276 4233 et
2325 4177 2394 4232 de
2441 4177 2760 4232 liberatione
2788 4176 3153 4240 precabantur
3181 4187 3250 4227 ne
3298 4173 3438 4227 forte

1874 4277 2051 4330 adhuc
2082 4275 2376 4330 necessitas
2409 4281 2552 4328 esset
2584 4270 2735 4340 ligari
2762 4271 2908 4338 ipsos
2929 4280 2982 4325 et
3009 4268 3285 4337 paululum
3316 4282 3437 4320 sua-

1875 4369 2039 4420 vitate
2075 4373 2284 4434 gustata
2321 4361 2690 4417 amaritudine
2739 4360 2930 4429 majori
2972 4359 3192 4426 corripi.
3230 4357 3437 4412 Interea

1878 4459 2203 4512 advenarum
2235 4465 2379 4511 retro
2408 4471 2510 4510 vox
2559 4451 2904 4523 personabat,
2943 4451 3296 4505 barbarorum
3330 4447 3429 4503 cla.

1881 4567 1998 4605 mor
2042 4559 2096 4605 et
2124 4564 2297 4604 .voces
2333 4564 2437 4602 non
2469 4556 2634 4616 graue
2669 4564 2684 4600 :
2717 4545 2957 4613 ipSorum
3007 4541 3218 4595 animas
3252 4541 3441 4604 timor,

1885 4656 2027 4699 terra
2060 4657 2292 4711 corpora
2323 4641 2517 4696 tenuit.
2552 4637 2898 4693 Recondebat
2926 4648 2985 4691 se
3016 4635 3244 4703 quisque
3266 4634 3320 4687 in
3349 4649 3446 4701 po-

1886 4746 2090 4790 trarum
2121 4734 2341 4788 ﬁssuras
2368 4730 2576 4793 obvias,
2632 4744 2736 4783 non
2767 4725 3098 4795 singulatim,
3121 4725 3213 4778 sed
3243 4722 3447 4792 plures,

1887 4827 2006 4896 plus
2047 4825 2288 4878 minusve
2338 4822 2562 4885 decem;
2616 4833 2722 4872 non
2771 4827 2932 4885 prout
2975 4813 3264 4870 consilium
3314 4815 3449 4884 ipsis

1890 4920 2084 4980 iuerat,
2122 4916 2216 4972 sed
2265 4913 2521 4984 quoniam
2555 4911 2710 4964 aliter
2760 4909 2812 4962 in
2859 4907 3041 4963 abdito
3069 4907 3293 4962 adunari
3339 4923 3448 4966 non

1888 5008 2085 5063 licebat
2123 5005 2327 5074 (parvis
2350 5001 2492 5056 enim
2518 4997 2728 5052 tissuris
2750 4995 3004 5066 patebant
3035 4995 3244 5063 petras),
3267 5009 3364 5048 nec
3397 4994 3452 5048 in

1891 5098 2072 5168 fugam
2104 5095 2268 5152 dividi
2298 5093 2522 5164 (clamor
2552 5089 2695 5144 enim
2720 5087 2833 5157 jam
2864 5087 3132 5140 irruentes
3163 5084 3345 5140 hostes
3377 5084 3455 5138 si—

1893 5184 2226 5258 gniﬁcabat),
2269 5197 2374 5236 non
2432 5178 2576 5250 quod
2623 5174 2869 5231 salvandi
2918 5188 3046 5244 spes
3095 5184 3236 5229 esset
3293 5172 3452 5244 (nihil

1891 5279 2034 5334 enim
2065 5285 2217 5330 antro
2244 5273 2418 5330 simile
2445 5270 2826 5332 excavabatur,
2853 5282 2954 5323 nec
2980 5267 3232 5333 utrinque
3265 5279 3456 5320 nemus

1895 5367 2138 5423 umbram
2183 5363 2469 5434 spargebat
2512 5369 2569 5415 et
2615 5360 2788 5414 lucem
2840 5373 2869 5411 a
2895 5357 3252 5412 scrutantium
3283 5354 3456 5410 oculis

1896 5458 2187 5528 abigebat),
2222 5456 2312 5526 qui
2344 5468 2442 5508 nec
2469 5461 2580 5508 toto
2610 5465 2838 5521 corpore
2871 5451 2975 5514 tegi
3033 5447 3319 5512 valebant;
3359 5445 3455 5500 sed

1897 5554 2036 5624 quod
2069 5549 2181 5605 tieri
2205 5557 2412 5618 poterat
2436 5546 2699 5609 fecerunt,
2723 5541 3033 5596 animalium
3063 5552 3209 5592 more
3236 5536 3455 5606 quibus,

1898 5645 2107 5701 fortiori
2142 5648 2502 5712 persequente
2523 5637 2723 5700 bellua,
2750 5633 3081 5690 abscondere
3098 5630 3271 5685 solum
3299 5637 3462 5697 caput

1899 5741 2046 5800 licet,
2077 5737 2232 5807 quasi
2272 5736 2351 5790 sic
2391 5732 2630 5787 membra
2678 5727 2856 5785 omnia
2907 5726 2960 5780 iu
3010 5731 3124 5776 tuto
3157 5719 3286 5775 sint.
3334 5718 3462 5776 tice

1901 5830 2295 5900 llospcrantium
2327 5825 2546 5880 auxilia.
2573 5823 2839 5876 Jaccbaut
2869 5829 2996 5885 ergo
3024 5822 3178 5883 prout
3221 5809 3464 5881 singulos
