3908 6566
429 411 528 477 191

1129 421 1560 482 EUSTATIIII
1604 417 2356 492 THESSALONICENSIS
2397 433 2956 496 METBUPOLITAS

3564 437 3673 502 192

413 545 572 588 casus
605 535 908 600 constituit,
939 545 990 590 et
1021 545 1181 606 prout
1213 538 1374 592 timor
1419 537 1654 609 fugiendi
1689 540 1832 594 vires
1863 543 1981 596 ade-

2118 548 2313 610 ιεύετο,
2347 547 2468 601 οὔτε
2499 549 2818 620 ἀμφιλαφὴς
2850 550 2952 618 ὕλη
2986 550 3231 616 σκιάζειν
3277 550 3412 625 εἶχε,
3447 557 3548 610 καὶ
3573 556 3670 610 τοῦ

415 637 612 694 Inerat;
646 637 758 682 tum
785 629 938 698 quasi
976 630 1028 683 in
1069 633 1332 686 tumulum
1374 631 1692 687 festinanter
1722 633 1979 688 effossum

420 736 628 789 seipsos
657 721 1034 778 abstrudentes
1067 711 1120 778 et
1151 733 1334 793 patere
1363 724 1492 793 ipsis
1519 724 1682 777 etiam
1720 733 1982 778 tartarum

419 815 724 882 cupientes.
768 813 990 869 interim
1039 817 1233 869 adsunt
1283 814 1466 869 alieni.
1497 813 1541 868 Ο
1575 815 1766 868 mirum
1796 815 1982 878 prodi-

421 905 601 974 gium!
634 905 870 960 tenebrzc
898 906 1029 974 ipsis
1067 921 1179 974 pra:
1227 905 1412 962 oculos
1462 906 1898 975 perquirentibus
1932 907 1985 961 in

421 1007 708 1067 niartyretn
743 997 1106 1052 invocantium
1140 997 1408 1062 latebras;
1444 995 1551 1051 imo
1591 1012 1701 1051 non
1729 998 1984 1060 tenebrat,

422 1091 513 1142 sed
554 1091 816 1144 aberrans
858 1091 1137 1146 oculorum
1187 1089 1441 1155 obtutus;
1473 1103 1574 1143 nec
1602 1089 1766 1144 etiam
1814 1090 1944 1145 illud
1972 1133 1988 1157 ,

424 1182 519 1235 scd
551 1189 608 1234 ut
650 1193 778 1250 puto
823 1183 978 1238 nobis
1018 1183 1267 1236 columna
1322 1182 1638 1235 ﬁssurarum
1690 1182 1991 1252 adimpleus

425 1283 734 1338 aperturas,
775 1273 940 1328 latere
967 1283 1168 1328 stratos
1199 1273 1361 1339 fecit,
1399 1283 1454 1330 et
1485 1283 1744 1342 tanquam
1780 1275 1992 1344 lepores

427 1365 554 1434 fuga
607 1366 660 1420 in
704 1375 885 1434 petras
928 1381 985 1419 se
1028 1379 1212 1420 coram
1243 1366 1322 1422 eis
1355 1365 1446 1435 qui
1485 1367 1718 1435 praedam
1753 1367 1993 1437 vestigiis

429 1465 676 1524 preinunt
701 1457 1117 1511 abseondentes.
1135 1457 1492 1512 Transierunt
1515 1459 1662 1512 horas
1688 1458 1868 1512 multa!
1895 1473 1994 1513 nec

426 1563 587 1602 canes
617 1549 848 1616 pratdam
877 1549 1109 1604 assecuti
1141 1559 1288 1604 sunt.
1311 1549 1497 1620 Itaque
1524 1551 1576 1603 itt
1606 1566 1800 1603 vanum
1824 1565 1995 1620 equo-

431 1657 548 1695 rum
571 1641 810 1710 fatigatis
828 1642 1050 1710 pedibus
1072 1642 1454 1697 laboraverunt
1476 1651 1526 1696 et
1551 1652 1872 1712 stupuerunt
1892 1645 1997 1698 huc

432 1730 558 1784 illuc
592 1731 982 1800 prospicientes
1012 1747 1026 1783 :
1054 1740 1107 1785 et
1137 1731 1366 1798 amplius
1406 1731 1644 1784 curaturi
1680 1722 1997 1785 videbantur

430 1823 496 1876 de
536 1838 594 1877 re
627 1823 714 1875 illa
742 1833 1043 1878 scrutantes
1077 1822 1359 1887 scrutinio,
1393 1822 1560 1876 donec
1589 1822 1847 1896 ipsorum.
1869 1823 1992 1876 inu-

2088 638 2197 690 τῶν
2232 637 2608 708 ψηλαφώντων
2638 643 2815 709 φωτὸς
2861 643 3098 709 ἀπάγειν
3150 643 3213 696 τὸ
3263 646 3675 716 παρεισδυόμεο

2089 729 2199 797 νον)
2219 745 2234 757 ’
2260 731 2356 782 καὶ
2384 731 2504 783 οὐδὲ
2527 732 2601 801 τῷ
2633 735 2797 785 παντὶ
2831 733 2924 786 τοῦ
2961 733 3209 804 σώματος
3243 731 3390 806 ετχον
3422 739 3670 807 κρύπτε-

2093 821 2237 875 σθαι.
2311 821 2450 874 Ἀλλ’
2471 824 2610 893 ὅπερ
2649 819 2812 894 εῐχον,
2845 825 3082 890 ἐποίουν,
3113 826 3260 882 καθά
3288 843 3393 880 που
3442 828 3671 883 καὶτῶν

2091 911 2245 978 ζώων
2280 913 2422 978 τινά,
2456 911 2558 976 οἷς,
2620 916 2708 968 ὅτε
2775 915 2880 985 θὴρ
2939 915 3308 987 βριαρὼτερος
3360 917 3669 988 ἐπιτρέχει,

2092 1002 2431 1074 κρύπτεσθαι
2469 1005 2568 1072 τὴν
2600 1005 2835 1075 κεφαλὴν
2867 1007 2964 1060 καὶ
2991 1006 3162 1076 μόνην
3200 1007 3434 1070 ἔπεισιν,
3466 1007 3542 1070 ὡς
3567 1009 3672 1078 ἤδη

2094 1097 2188 1150 καὶ
2215 1095 2272 1147 τὸ
2303 1097 2412 1149 πᾶν
2435 1095 2542 1148 τῶν
2581 1096 2755 1164 μελῶν
2811 1098 3154 1164 ἀφανίζουσι.
3198 1096 3437 1151 Τοιαῦτα
3462 1098 3574 1166 γὰρ
3605 1100 3675 1151 τὰ

2093 1187 2192 1256 τῆς
2226 1187 2528 1257 ἀμηχανίας
2555 1187 2920 1257 βουλεύματα.
2961 1188 3210 1242 Ἔκειντο
3235 1189 3331 1258 μὲν
3359 1185 3454 1242 οὖν
3485 1190 3671 1252 αὐτοὶ,

2094 1279 2344 1350 καθάπερ
2385 1279 2615 1331 ἕκαστον
2673 1281 2707 1348 ἠ
2762 1278 2967 1344 πτῶσις
3021 1279 3380 1350 ἐσχημάτισε,
3412 1280 3507 1333 καὶ
3545 1281 3622 1341 ὡς
3647 1282 3677 1331 ό

2097 1371 2259 1440 φόϐος
2306 1370 2682 1443 παραποδίσας
2722 1371 2937 1442 ἔρριψε,
2984 1371 3124 1442 τάχα
3168 1371 3263 1424 καὶ
3294 1370 3368 1435 ὡς
3391 1373 3472 1434 είς
3498 1370 3679 1424 αὐτο-

2099 1463 2304 1532 σχέδιον
2364 1463 2534 1531 τάφον
2593 1461 3015 1531 καταχώσαντες
3070 1462 3318 1524 ἑαυτοὺς,
3359 1462 3456 1514 καλ⁵
3487 1462 3678 1530 χανεῖν

2097 1555 2296 1616 αὐτοὺς
2353 1553 2638 1623 εὐχόμενοι
2693 1554 2786 1607 καὶ
2825 1553 2916 1606 τὸν
2970 1554 3273 1624 τάρταρον.
3311 1552 3434 1604 Ἐπὶ
3464 1551 3678 1614 τούτοις

2098 1643 2414 1712 ἐφίστανται
2453 1646 2511 1696 τὸ
2533 1643 2850 1712 ἀλλόφυλον.
2876 1645 2988 1698 Καὶ
3014 1643 3058 1696 ῶ
3084 1643 3177 1698 τοῦ
3212 1643 3503 1715 τεραστίου
3537 1641 3677 1694 θαύ-

2105 1754 2271 1808 ματος
2295 1738 2307 1790 l
2347 1737 2539 1800 σκότος
2569 1738 2753 1800 αὐτοῖς
2777 1738 2884 1806 πρὸ
2911 1736 3208 1806 ὀφθαλμῶν
3238 1739 3379 1789 κατὰ
3408 1735 3470 1787 τὸ
3502 1733 3681 1804 ψηλα-

2102 1821 2365 1889 φητὺνείς
2392 1823 2714 1893 ἀποκρυϐὴν
2741 1824 2848 1877 τῶν
2881 1825 3223 1894 δεδεημένων
3251 1823 3346 1877 τοῦ
3373 1822 3678 1892 μάρτυρος

434 1918 555 1971 tiles
583 1933 741 1971 curas
771 1931 986 1971 cessare
1006 1918 1135 1971 fecit
1162 1917 1264 1983 vir,
1291 1918 1342 1970 in
1363 1916 1608 1971 veritatis
1641 1917 1714 1970 rei
1748 1917 1998 1987 abyssum

2118 1913 2303 1980 μᾶλλον
2339 1915 2434 1975 μὲν
2468 1913 2564 1968 οὖν
2585 1917 2645 1968 οὐ
2681 1915 2899 1980 σκότος,
2934 1916 3070 1969 ἀλλά
3105 1916 3414 1986 παρόρασις
3439 1932 3454 1946 ο
3489 1915 3593 1985 ἢδη
3625 1915 3683 1968 δὲ

432 2010 764 2062 descendens
797 2018 848 2062 et
885 2009 1121 2062 divinum
1169 2023 1290 2064 esse
1333 2008 1636 2075 suspicatus
1677 2009 1820 2077 quod
1853 2008 2002 2063 acci-

435 2099 622 2163 derat;
654 2099 741 2165 qui
781 2099 832 2152 in
865 2113 1060 2153 vanum
1102 2097 1236 2151 dixit
1287 2097 1563 2167 defatigari
1624 2107 2006 2166 persequentes

435 2205 532 2246 eos
561 2205 696 2259 quos
721 2189 978 2258 consequi
1013 2203 1116 2242 non
1144 2187 1364 2253 licebat,
1399 2199 1451 2242 et
1477 2189 2003 2258 incomprehensibi-

439 2283 510 2336 lia
545 2283 808 2349 attingere
847 2281 1132 2336 instantes.
1169 2281 1234 2336 Et
1276 2281 1458 2336 dicere
1505 2281 1731 2347 addidit,
1768 2283 2000 2338 miscens

437 2377 881 2448 philosophia...

2103 2007 2224 2061 ούδέ
2262 2007 2424 2078 αὕτη,
2459 2008 2592 2062 ἀλλὰ
2623 2008 2815 2072 στῦλός
2855 2027 2968 2074 ¹τις,
3003 2006 3178 2079 οἶμαι,
3222 2009 3454 2079 νεφέλης
3481 2008 3554 2061 τά
3585 2010 3684 2076 τῆς

2103 2099 2389 2168 φάραγγος
2420 2100 2754 2169 ἀναπληρῶν
2776 2101 3094 2170 κενώματα,
3113 2101 3399 2154 λανθάνειν
3427 2099 3557 2162 τοὺς
3575 2116 3688 2151 κοι-

2104 2191 2438 2260 ταζομένους
2481 2191 2675 2254 ἐποίει,
2728 2191 2820 2244 καὶ
2871 2186 2958 2245 οἷα
2989 2193 3236 2260 λαγωοὺς
3261 2189 3685 2258 καταφυγόντας

2103 2285 2184 2347 είς
2213 2284 2418 2353 πέτρας
2448 2283 2903 2352 ἀποκρύπτεσθαι
2956 2285 3085 2346 τοὺς
3127 2281 3442 2352 ίχνευτικῶς
3479 2282 3690 2350 ἐμφυοο

2109 2375 2302 2447 μένους
2323 2376 2527 2438 αὐτοῖς.
2571 2374 3049 2445 Ἐξεμετρὴθησαν
3089 2371 3228 2475 ῶιραι
3265 2374 3484 2444 συχναὶ.
3516 2373 3615 2426 καὶ
3637 2371 3690 2422 0i

440 2475 601 2536 κύνες
629 2475 726 2527 οὐκ
752 2471 896 2546 εἶχον
925 2477 985 2529 τὸ
1012 2477 1342 2548 ζητούμενον
1373 2475 1620 2546 θήραμα.
1671 2472 1782 2528 Καὶ
1812 2470 1994 2525 τοίνυν
2047 2471 2248 2533 ἱκανῶς
2302 2472 2359 2524 ἐν
2417 2473 2596 2535 κενοῖς
2666 2474 2793 2537 τοὺς
2843 2473 2952 2527 τῶν
3007 2467 3191 2524 ἵππων
3239 2467 3684 2536 κατατρίψαντες

441 2569 943 2638 πόδας,ἀπέκαμον,
968 2571 1061 2625 καὶ
1090 2571 1384 2640 τεθηπότες
1414 2571 1650 2632 ἵσταντο,
1676 2566 2158 2629 διεκπεταννύντες
2187 2565 2464 2639 πανταχοῦ
2495 2571 2594 2638 τῆς
2648 2569 2763 2621 ἐκεῖ
2805 2569 2908 2639 γῆς
2937 2569 3036 2630 τὰς
3090 2565 3267 2635 ὀψεις.
3323 2564 3432 2617 Καὶ
3491 2563 3690 2631 ἐῴκει-

444 2679 544 2716 σαν
581 2662 810 2732 μελετᾷν
841 2665 1095 2717 ἐπιπλέον
1130 2664 1432 2734 πράγματα
1463 2666 1627 2733 σχεῖν,
1672 2659 2064 2729 ἐξερευνῶντες
2089 2659 2493 2730 ἐξερευνήσεις,
2531 2661 2637 2724 ἕως
2679 2661 2866 2725 αὐτοῖς
2918 2662 3048 2723 τοὺς
3089 2658 3392 2730 ἀνηνύτους
3441 2656 3688 2726 μῆχθους

444 2758 684 2812 ἔπαυσεν
715 2760 873 2830 ἀνὴρ,
899 2763 978 2822 είς
1005 2760 1162 2830 βάθος
1191 2759 1283 2812 τοῦ
1313 2761 1408 2828 τῆς
1432 2759 1690 2831 ἀληθείας
1712 2756 1999 2827 προκύψας
2041 2757 2391 2827 πράγματος,
2420 2757 2515 2810 καὶ
2562 2758 2704 2811 θεῖον
2736 2753 2876 2812 εἶναι
2931 2756 3380 2826 συννοησάμενος
3439 2753 3502 2806 τὸ
3560 2754 3691 2806 ἐπι-

445 2851 717 2918 προσθοῦν
743 2867 755 2879 ο
787 2851 847 2913 ὃς
877 2852 972 2905 καὶ
1000 2853 1079 2930 εἰς
1114 2853 1290 2922 μάτην
1321 2853 1533 2916 ἐξεῖπεν
1577 2853 1778 2913 αὐτοὺς
1835 2851 2145 2916 πονεῖσθαι,
2191 2851 2430 2922 ἀκίχητα
2482 2852 2801 2922 διώκοντας,
2855 2853 2951 2907 καὶ
3002 2849 3412 2920 ἀκαταλήπτοις
3449 2845 3689 2902 ἐπιϐἀλο

445 2945 656 3008 λοντας.
694 2946 802 2997 Καὶ
835 2945 1130 3015 προσέθετο
1159 2947 1352 3010 εἰπεῖν,
1377 2947 1728 3018 παραμιγνὺς
1746 2941 1812 3018 τῇ
1850 2946 2139 3018 φιλοσοφία
2161 2949 2257 3017 τῆς
2295 2985 2310 3002 .
2341 2986 2355 3001 .
2387 2984 2403 3002 .
2429 2984 2443 3000 .
2469 2987 2485 3002 .
2509 2987 2526 3003 .

1809 3084 2010 3138 Desunt
2066 3084 2328 3142 multam.

513 3206 675 3260 29....
693 3205 753 3258 in
786 3185 1157 3258 exsistentiam
1183 3203 1420 3258 materia:
1435 3213 1707 3268 expertem
1728 3211 2011 3258 attenuen-

2188 3201 2289 3256 κθ’.
2320 3242 2334 3257 .
2369 3242 2384 3257 .
2441 3242 2456 3256 .
2493 3239 2510 3256 .
2545 3205 2624 3266 si;
2653 3202 2845 3257 ἀῦλίαν
2871 3203 3266 3270 λεπτύνωνται,
3302 3205 3378 3269 ὡς
3410 3207 3484 3276 μὴ
3518 3209 3692 3278 μόνον

457 3307 548 3353 tur
573 3298 642 3351 ita
673 3307 730 3351 ut
759 3311 860 3349 non
889 3304 1091 3348 tantum
1126 3294 1227 3364 ipsi
1251 3294 1388 3364 apud
1416 3295 1654 3348 omnium
1685 3293 2008 3367 altissimum

453 3391 620 3446 Deum
646 3391 775 3454 sint,
798 3390 890 3444 sed
936 3397 987 3442 et
1021 3388 1155 3443 alios
1208 3403 1370 3457 supra
1424 3398 1622 3445 terram
1676 3387 1904 3451 tollant;
1964 3393 2020 3439 et

454 3482 734 3551 hucusque
767 3481 983 3550 quidem
1017 3479 1240 3535 exaltari
1297 3479 1526 3543 faciunt,
1572 3478 1694 3533 dein
1723 3493 1850 3532 vero
1880 3484 1933 3532 et
1958 3476 2013 3529 in

455 3583 598 3628 terra
632 3574 824 3627 iterum
849 3571 1056 3640 absque
1080 3570 1290 3624 delectu
1314 3579 1577 3638 perstare.
1604 3568 1670 3622 Et
1695 3567 1774 3622 sic
1799 3566 2017 3636 quidem

455 3663 548 3735 qui
566 3664 813 3718 tenebras
837 3662 935 3716 lert
955 3662 1326 3733 (σκοτοφόρος)
1347 3670 1400 3716 et
1428 3663 1570 3716 circa
1595 3661 1768 3730 ipsum
1788 3660 2022 3730 prophe-

459 3765 526 3811 tae
542 3767 596 3810 et
614 3755 841 3823 apostoli
863 3762 918 3808 et
937 3754 1344 3822 quibuscunqne
1362 3752 1480 3808 aliis
1500 3753 1666 3806 Deum
1681 3751 2021 3819 omnipoten-

458 3859 567 3904 tem
600 3846 1056 3916 cognoscentibus
1088 3845 1315 3903 exaltari
1342 3845 1572 3901 leviores
1605 3845 1831 3916 contigit
1861 3853 1918 3899 et
1951 3845 2019 3900 ad

457 3942 736 4009 superiora
763 3940 1089 4011 promoveri,
1122 3939 1175 3993 in
1206 3949 1467 4010 quantum
1503 3939 1650 4010 ipsos
1678 3939 1896 3994 sustulit
1927 3937 2018 4008 qui

460 4034 516 4088 in
543 4033 775 4087 sublime
803 4031 996 4096 elevat,
1035 4032 1269 4102 gaudent
1325 4031 1738 4098 multiplicatam
1771 4030 2020 4084 videntes

458 4121 916 4191 pulchritudinem
973 4128 1027 4175 et
1061 4120 1256 4176 ccelum
1294 4121 1606 4179 hominibus
1652 4120 1915 4189 repletum
1942 4120 2017 4174 ita

461 4223 520 4268 ut
544 4213 654 4282 jam
697 4228 804 4268 non
850 4215 1100 4268 desertus
1158 4213 1330 4268 aether
1381 4212 1628 4279 dicatur;
1681 4227 1788 4281 quo
1839 4211 2019 4266 volatu

459 4305 587 4360 elati
619 4316 876 4373 tanquam
911 4304 1169 4360 caelicolae
1202 4305 1337 4359 liunt
1361 4319 1460 4374 per
1489 4319 1614 4358 acra
1639 4305 2017 4372 procedentes.

462 4401 518 4455 Si
549 4413 676 4454 vero
703 4409 960 4468 tanquam
993 4397 1148 4467 equis
1188 4396 1513 4451 salutaribus
1557 4395 1787 4449 sublime
1826 4395 2025 4449 tollun-

462 4499 550 4544 tur
574 4489 665 4560 qui
700 4489 1005 4550 solvuntur,
1040 4487 1201 4542 simul
1219 4487 1445 4542 exaltari
1482 4486 1584 4540 visi
1609 4500 1730 4537 cum
1777 4485 2020 4540 salvante

2124 3293 2276 3346 αὐτοὶ
2340 3293 2474 3363 πρὸς
2520 3293 2596 3362 τῷ
2649 3293 2912 3348 ἀνωτάτω
2943 3297 3166 3350 πάντων
3200 3296 3320 3367 Θεῷ
3351 3293 3513 3362 εἶναι,
3549 3299 3694 3352 ἀλλά

2127 3386 2218 3438 καὶ
2262 3385 2483 3454 ἐτέρους
2548 3385 2686 3455 ὑπὲρ
2733 3387 2836 3454 γῆς
2894 3387 3215 3456 κουφίζειν·
3275 3391 3369 3444 καὶ
3417 3391 3558 3450 τέως
3589 3393 3693 3460 μὲν

2123 3473 2294 3536 οὓτως
2355 3475 2747 3544 ἀνωφορεῖσθαι
2803 3479 2998 3544 ποιεῖν,
3061 3474 3180 3532 εἶτα
3217 3478 3274 3532 δὲ
3333 3483 3426 3534 καὶ
3458 3489 3554 3550 τῆς
3587 3484 3693 3552 γῆς

2124 3564 2278 3627 αὖθις
2305 3564 2553 3625 ἀϐλαϐῶς
2581 3565 2847 3632 γίνεσθαι.
2871 3567 2981 3622 Καὶ
3007 3568 3149 3622 οὕτω
3181 3571 3281 3640 μὲν
3298 3570 3326 3623 ό
3355 3574 3691 3643 σκοτοφόρος

2125 3657 2221 3710 καὶ
2243 3657 2291 3708 0i
2317 3657 2453 3725 ἀμφ’
2478 3659 2641 3712 αὐτὸν
2675 3658 2945 3728 προφῆται
2975 3661 3068 3714 καὶ
3089 3659 3396 3723 ἀπόστολοι,
3431 3663 3526 3716 καὶ
3540 3663 3694 3726 ὅσοις

2126 3749 2308 3812 ἀλλοις
2362 3750 2469 3802 τῶν
2524 3750 2741 3804 εἰδότων
2769 3751 2858 3804 τὸν
2897 3751 2989 3804 ἐπὶ⁵
3016 3751 3234 3804 πάντων
3282 3753 3413 3806 Θεὸν
3448 3755 3693 3824 ἀρθῆναι

2128 3841 2349 3911 κούφοις
2403 3841 2705 3911 ἐξεγένετο,
2773 3843 2866 3896 καὶ
2921 3844 3379 3916 μετεωρισθῆναι,
3423 3849 3503 3910 είς
3566 3849 3697 3900 ὅσον

2127 3934 2323 3999 αὐτοὺς
2359 3935 2617 3988 ἀνέλαϐεν
2670 3938 2696 3988 ό
2732 3935 2902 4004 ὑψῶν,
2959 3939 3231 4006 χαίρουσι,
3279 3937 3694 4008 πληθυνόμενον

2129 4026 2413 4096 βλέποντες
2448 4027 2507 4081 τὸ
2535 4027 2717 4094 καλὸν,
2755 4032 2849 4082 καὶ
2872 4027 2963 4080 τὸν
2991 4029 3220 4100 οὐρανὸν
3254 4030 3560 4102 ἀνθρώπων
3595 4033 3694 4100 γέ-

2132 4119 2318 4190 μοντα,
2364 4119 2438 4182 ὡς
2475 4121 2675 4189 μηκέτι
2731 4121 2943 4191 ἐρήμην
2981 4121 3174 4190 αἰθέρα
3221 4121 3513 4188 λέγεσθαι’
3551 4122 3693 4175 ὅπου

2129 4213 2485 4280 ἀνιπτάμενοι
2526 4211 2654 4266 ὡσεὶ
2691 4213 2786 4265 καὶ
2828 4211 3415 4282 ούρανοπολῖταίτινες
3447 4212 3695 4281 γίνονται

2130 4303 2607 4373 αἰθεροϐατοῦντες
2631 4302 2928 4371 ἄνθρωποι.
2972 4305 3032 4356 Ei
3063 4305 3119 4358 δὲ
3153 4307 3246 4358 καὶ
3279 4306 3354 4367 ῶς
3388 4306 3480 4358 ἐπὶ
3507 4322 3696 4376 σωτη-

2133 4395 2248 4464 ρίου
2281 4394 2544 4455 ἱππασίας
2575 4394 2991 4462 μεταρσιοῦνται
3025 4397 3072 4448 oi
3097 4395 3370 4464 λυόμενοι,
3406 4398 3696 4467 συνέποχοι

2131 4483 2411 4546 δοκοῦντες
2471 4480 2610 4536 εἶναι
2670 4482 2748 4552 τῷ
2809 4483 3056 4552 (δυομένῳ
3111 4485 3372 4555 μάρτυρι,
3429 4484 3560 4538 ἄλλο
3600 4487 3698 4540 καὶ

464 4590 724 4651 martyre,
759 4589 812 4633 et
841 4579 944 4632 hoc
978 4575 1227 4631 mirabile
1255 4576 1397 4629 aliud
1428 4583 1510 4629 est
1545 4575 1597 4627 in
1631 4573 2011 4641 cogitationum

2126 4571 2286 4625 τοῦτο
2319 4571 2644 4641 θαυμάσιον,
2677 4573 2755 4633 είς
2779 4572 3178 4637 φαντασιώσεις
3215 4574 3557 4643 ἀναγόμενον
3582 4594 3698 4628 νοε-

465 4673 617 4740 quasi
641 4670 994 4725 deliramenta
1021 4667 1462 4732 inducens,sicut
1484 4664 1649 4719 multa
1677 4679 1732 4719 et
1757 4662 2024 4733 profunda

469 4763 644 4818 beatis
679 4759 976 4828 antiquitus
1001 4759 1395 4813 inclaruerunt.

537 4851 627 4906 50.
691 4849 890 4903 llormn
923 4847 1161 4901 omnium
1187 4861 1308 4915 qua:
1339 4845 1700 4899 narrationem
1735 4844 2025 4913 jucundam

474 4943 792 5006 elleccrunt,
821 4941 864 4994 si
895 4941 1201 4994 auditorum
1223 4939 1343 5006 quis
1366 4937 1608 5004 exempla
1633 4939 1807 5005 prisca
1840 4938 1889 4990 in
1927 4952 2027 4991 no-

474 5037 558 5091 bis
582 5033 878 5104 quaesierit,
898 5030 1148 5101 equidem
1172 5045 1274 5083 non
1300 5029 1628 5099 repugnabo.
1651 5027 1822 5100 Longi
1850 5037 2028 5081 autem

468 5129 615 5192 libri,
644 5128 833 5198 quales
857 5127 924 5182 de
956 5127 1074 5180 istis
1099 5143 1129 5180 a
1153 5124 1484 5194 sapientibus
1510 5135 1746 5189 exstant,
1764 5138 1899 5193 Opus
1921 5138 2029 5178 non

472 5228 745 5277 amarent.
777 5220 890 5274 Non
951 5221 1094 5273 enim
1150 5227 1363 5286 opcrtet
1418 5218 1642 5286 pulchre
1698 5217 2032 5272 elaboratum

474 5313 699 5383 revolvi.
739 5313 943 5380 Dejam
974 5311 1134 5366 dictis
1158 5322 1335 5364 autem
1369 5309 1414 5363 si
1455 5311 1654 5364 mentis
1682 5316 1878 5364 nostra:
1902 5308 2036 5361 liber

475 5405 714 5473 repletur
759 5413 814 5458 et
843 5403 1282 5457 enarrationibus
1339 5402 1700 5470 angustiatur,
1748 5399 2034 5469 longitudi-

463 5510 601 5550 -neui
629 5505 806 5549 tamen
837 5494 1164 5548 remittimus
1196 5502 1414 5546 cantum
1469 5492 1821 5546 novissimum
1855 5491 1920 5542 ad
1944 5489 2032 5557 ju-

473 5585 806 5639 cunditatem
843 5583 1047 5638 auditui
1075 5583 1442 5638 elaborantes.
1466 5582 1577 5638 Cur
1627 5581 1770 5636 cnim
1803 5581 2034 5635 aliorum

473 5670 718 5739 vestigiis
783 5671 1206 5742 ingrederemur,
1234 5673 1451 5742 quando
1510 5671 1778 5728 sermonis
1842 5670 2034 5725 semita

475 5775 586 5815 non
638 5769 788 5816 arcta
838 5765 1193 5836 angustiatur,
1253 5765 1346 5822 sed
1385 5763 1450 5821 ‘iu
1492 5763 1658 5820 maris
1697 5762 2031 5818 latitudinem

477 5850 823 5924 extenditur?

2132 4662 2250 4732 ρας,
2277 4664 2458 4716 ὁποῖαι
2492 4662 2582 4714 καὶ
2611 4661 2803 4714 πολλαὶ
2847 4663 2940 4716 καὶ
2978 4664 3192 4732 βαθεῖαι
3239 4667 3356 4728 τοῖς
3391 4666 3560 4719 πάλαι
3592 4685 3696 4738 μα-

2129 4755 2343 4821 καρίοις
2369 4755 2632 4824 ἀνδράσιν
2660 4754 2986 4826 ἐνὲλαμψαν.

2199 4849 2264 4901 λ’.
2305 4846 2521 4900 Τούτων
2549 4848 2825 4913 ἁπάντων,
2861 4849 2895 4903 ἃ
2925 4851 2988 4919 δὴ
3015 4857 3110 4906 καὶ
3143 4855 3302 4923 φύσει
3334 4857 3453 4920 ταῖς
3477 4857 3698 4927 ἀφηγή-

2133 4955 2248 4991 σεσι
2280 4939 2701 5006 παρυφαὶνεται,
2739 4941 2788 4992 εί
2819 4941 3010 5010 ζητοίη
3059 4961 3144 5008 τις
3168 4945 3276 4997 τῶν
3326 4947 3697 5016 ἀκροωμένων

2132 5031 2224 5083 καὶ
2250 5030 2622 5099 ὑποδείγματα
2654 5032 2722 5084 τά
2749 5033 2957 5087 παλαιά
2983 5037 3038 5087 ἐν
3064 5038 3217 5106 ἡμῖν,
3249 5037 3358 5106 ἐγὼ
3383 5039 3484 5108 μὲν
3509 5041 3608 5092 οὐκ
3631 5041 3698 5094 ἂν

2132 5121 2273 5190 τάχα
2324 5121 2574 5192 όκνοίην’
2623 5124 2678 5176 al
2726 5124 2784 5177 δὲ
2839 5127 3046 5196 μακραὶ
3088 5127 3280 5197 βίϐλοι,
3322 5131 3442 5184 ὅσαι
3476 5134 3702 5200 περὶτὰ

2134 5212 2359 5266 τοιαῦτα
2399 5217 2511 5276 τοῖς
2565 5217 2751 5284 σοφοῖς
2780 5216 3219 5288 ἐκπεφώνηνται,
3253 5223 3352 5273 οὐκ
3397 5221 3462 5274 ἂν
3495 5224 3702 5292 φιλοῖεν

2135 5303 2197 5355 τὸ
2228 5303 2410 5374 ἔργον.
2438 5307 2514 5357 υύ
2543 5306 2649 5373 γάρ
2675 5307 2776 5376 χρὴ
2802 5307 2862 5360 τὸ
2891 5308 3070 5373 καλῶς
3101 5312 3546 5382 ἐκπεπονημένον
3573 5317 3704 5367 ἀνα.

2137 5396 2340 5448 πολεῖν.
2365 5395 2484 5447 Τῶν
2507 5395 2560 5447 δέ
2603 5413 2664 5463 γε
2701 5399 3033 5467 προσφάτων
3066 5403 3113 5453 εἰ
3146 5403 3240 5454 καὶ
3280 5404 3340 5456 τὸ
3386 5405 3488 5472 τῆς
3521 5405 3704 5477 ψυχῆς

2140 5487 2342 5556 βιϐλίον
2368 5489 2496 5556 ἡμῖν
2527 5487 2797 5558 πέπληθε,
2838 5491 2930 5542 καὶ
2964 5493 3076 5555 τοῖς
3104 5491 3439 5562 διηγήμασιν
3486 5497 3704 5552 ἐστενο-

2137 5576 2408 5646 χώρηται,
2469 5575 2603 5628 ἀλλὰ
2653 5578 2714 5630 τὸ
2766 5579 2941 5647 μῆκος
2999 5581 3460 5654 ὐποστελλόμεθα,
3517 5587 3705 5654 ἀοιδὴν

2138 5667 2462 5737 καινοτάτην
2497 5668 2574 5730 εἰς
2599 5668 2795 5738 τέρψιν
2826 5671 3012 5732 ἀκοαῖς
3059 5677 3600 5743 πραγματευόμενοι.
3637 5681 3705 5731 Τί

2140 5758 2246 5827 γὰρ
2274 5759 2383 5820 τιίς
2430 5757 2633 5826 ἐτέρων
2693 5758 3086 5827 ἀκολουθητέον
3125 5763 3344 5831 ἴχνεσιν,
3379 5765 3566 5834 ένθαὴ
3604 5768 3701 5819 τοῦ

2142 5849 2298 5917 λόγου
2325 5850 2488 5920 τριϐὴ
2547 5852 2644 5903 οὐκ
2701 5852 3130 5924 ὲστεκοχώρηται
3160 5855 3233 5918 ὡς
3294 5858 3372 5919 είς
3403 5857 3704 5921 ἀτραπιτὸν

2155 5945 2362 6014 τρίξου,
2393 5945 2507 6000 ἀλλ’
2541 5945 2608 6008 ὡς
2635 5947 2711 6010 είς
2743 5947 2972 6016 πέλαγος
3013 5948 3274 6008 πεδιάδων
3308 5949 3615 6020 εὐρύνεται.
