3908 6556
482 343 586 408 195

479 466 736 521 dentibus
782 471 1090 537 proximum
1121 463 1329 524 laniare
1373 473 1786 543 dubitaverunt;
1849 477 2047 530 laureis
2080 480 2121 534 Α

479 570 660 614 autem
684 561 858 614 acutis
882 576 1196 616 mucronem
1228 564 1621 620 dubitationem
1640 567 1797 620 istam
1825 547 2049 620 sanave-

477 657 622 702 runt.
650 648 714 704 Et
744 653 998 719 martyris
1022 666 1220 720 corpus
1256 653 1338 708 sic
1369 649 1605 709 morsum
1626 657 1694 710 ab
1743 655 2050 720 integritate

478 738 821 796 formationis
869 742 1212 808 solvebatur,
1255 754 1310 798 et
1355 746 1664 800 lancearum
1719 746 2047 802 multitudini

479 831 782 897 expositum
823 831 1059 900 iacebat.
1113 833 1494 905 Unusquisque
1522 835 1770 893 lanceam
1806 837 1882 892 illi
1931 838 2049 892 inll-

479 933 606 983 gere
638 919 889 986 cupiebat
923 931 1231 994 pergratam
1257 927 1490 994 praedam
1523 936 1772 999 tyranno.
1809 929 1926 982 Non
1959 944 2050 983 so-

480 1009 590 1063 lum
641 1013 820 1066 omnia
878 1015 932 1068 in
987 1015 1247 1073 lateribus
1307 1019 1747 1088 perquisivernnt
1792 1022 2052 1096 martyris

480 1119 630 1164 ossa,
653 1107 746 1159 sed
776 1117 832 1161 et
865 1107 1161 1179 fregerunt,
1193 1117 1477 1182 sanguinis
1517 1131 1685 1171 venas
1715 1116 2049 1182 inciderunt,

481 1209 582 1250 nec
600 1197 849 1253 foderunt
878 1199 929 1254 in
963 1203 1179 1258 modum
1221 1211 1366 1274 putei
1397 1209 1490 1264 sed
1534 1208 1774 1264 ﬂuminis
1804 1209 1858 1264 in
1901 1224 2052 1264 more

483 1300 829 1356 aperuerunt.
884 1291 940 1347 Si
1008 1295 1168 1350 aliter
1216 1299 1529 1354 thesaurum
1587 1300 1858 1365 foderunt,
1890 1317 2050 1373 quem

483 1377 584 1444 ipsi
614 1378 766 1449 juxta
798 1387 1144 1450 proverbium
1196 1392 1464 1446 carbones
1488 1404 1827 1462 repererunt,
1864 1393 2051 1448 lldeles

481 1485 611 1523 vero
633 1471 826 1527 salutis
842 1475 1082 1544 divitias,
1106 1480 1200 1534 sed
1236 1482 1336 1534 ltoc
1367 1485 1580 1550 quidem
1607 1484 1710 1538 sub
1734 1485 1929 1538 factum
1959 1501 2054 1540 ve-

484 1559 582 1621 nit,
610 1561 738 1615 illud
766 1579 894 1619 vero
936 1581 1194 1632 perverse
1226 1579 1444 1636 agentes
1479 1572 1750 1626 foderunt.
1778 1573 1919 1640 Quid
1945 1573 2048 1642 ipsi

482 1651 605 1705 vita
630 1657 910 1721 praesentis
928 1658 1140 1714 dolores
1163 1661 1229 1715 ad
1251 1663 1524 1731 sequentia
1549 1666 1826 1733 prodigia?
1854 1665 2058 1720 Vulne-

383 1775 387 1780 ι
484 1738 635 1795 ribus
654 1757 803 1808 caro,
829 1746 1076 1804 cantibus
1101 1749 1165 1802 ad
1195 1749 1358 1804 Deum
1383 1767 1444 1805 os
1470 1753 1799 1825 abundabat.
1829 1753 2054 1810 Fluebat

482 1834 729 1903 sanguis,
754 1837 843 1890 ille
872 1855 998 1894 vero
1021 1840 1331 1898 in'basilica‘
1355 1844 1641 1899 tincturam
1667 1862 1962 1914 purpuram
1990 1849 2053 1902 il-
2084 1842 2126 1897 Β

482 1923 590 1978 lam
603 1927 930 1998 aestimabat,
947 1927 1116 1986 elluso
1134 1934 1385 2004 tingentis
1403 1937 1626 2006 liquoris
1651 1938 1783 1995 flore
1801 1951 2053 2010 tanquam

483 2018 532 2070 ei
560 2033 796 2088 purpura
830 2023 977 2090 pisce
1004 2039 1033 2079 e
1062 2029 1315 2098 martyris
1339 2043 1564 2100 corpore
1593 2039 1648 2085 et
1689 2041 1748 2086 ut
1794 2034 2053 2102 purpurei

486 2111 795 2165 vestimenti
822 2127 1160 2182 permaneret
1194 2119 1542 2186 pulchritudo
1565 2123 1780 2186 orabat,
1828 2136 1928 2180 nec
1959 2125 2056 2180 de-

485 2201 673 2256 ficeret
696 2220 954 2273 unquam.
989 2207 1054 2262 Et
1077 2210 1517 2267 ascenditoratio
1549 2224 1604 2269 et
1629 2217 1817 2270 annuit
1843 2215 1981 2271 Deus
2003 2227 2056 2271 et

487 2294 770 2359 pulchrum
796 2297 924 2352 illud
963 2299 1076 2353 fieri
1135 2302 1393 2358 decrevit.
1431 2303 1567 2360 Ecce
1613 2319 1894 2376 permanet
1921 2322 2057 2361 eun-

486 2393 714 2440 stanter.
747 2387 1043 2446 lmmersus
1065 2403 1148 2446 est
1173 2395 1224 2448 in
1258 2398 1504 2466 martyrii
1527 2398 1820 2454 sudoribus
1841 2407 1897 2452 et
1921 2412 2056 2453 san-

485 2479 667 2545 guine,
689 2480 889 2547 quibus
913 2483 1120 2539 levatus
1135 2485 1335 2540 cadens
1362 2503 1557 2543 somno
1606 2489 1768 2544 beato
1795 2490 2054 2560 consopi—

486 2579 573 2622 tus
607 2580 710 2634 est,
735 2572 890 2640 cujus
912 2577 1317 2645 cxpergefactio
1372 2579 1424 2633 in
1481 2590 1753 2650 perpetuat
1794 2581 1916 2634 vitae
1961 2593 2055 2633 vo-

486 2661 746 2728 luptatem
771 2675 854 2719 est
885 2668 1179 2738 evigilatio.
1215 2670 1556 2740 thnantum
1587 2672 1782 2728 ﬂuebat
1807 2675 2053 2743 sanguis,

491 2762 698 2806 tantum
729 2755 844 2823 ipse
875 2771 1068 2826 preces
1105 2761 1169 2812 ad
1213 2759 1383 2816 Deum
1435 2761 1720 2828 fundebat,
1777 2780 1844 2820 ne
1895 2766 2046 2821 hunc

488 2846 640 2911 parvi
689 2845 970 2913 penderet.
1033 2848 1369 2906 Verecundia
1418 2855 1654 2910 sulfusus
1710 2857 2043 2925 postulatum

489 2935 800 3004 porrigebat
824 2949 876 2992 et
900 2953 928 2992 a
954 2939 1129 3006 primo
1155 2942 1341 2996 auditu
1368 2945 1596 3012 petitum
1655 2947 1864 3013 habuit,
1921 2949 2050 3019 quia

490 3040 600 3079 non
631 3037 717 3083 est
742 3031 887 3098 quod
911 3045 1080 3086 vacua
1135 3035 1297 3088 cadat
1339 3035 1476 3105 justi
1509 3038 1706 3092 oratio.
1743 3037 2051 3108 Tyrannice

491 3127 734 3186 agentes.
763 3133 790 3171 a
822 3133 1052 3190 corpore
1081 3122 1241 3178 citius
1280 3127 1538 3196 martyris
1578 3129 1812 3182 animam
1871 3130 2056 3198 expel-

488 3205 602 3262 lere
627 3212 987 3278 conabantur;
1009 3214 1096 3268 ille
1114 3226 1291 3270 autem
1325 3228 1382 3271 ut
1403 3228 1747 3285 permaneret
1792 3221 2040 3289 rogabat,

490 3312 592 3352 nec
629 3301 931 3358 solveretur
981 3315 1040 3360 ut
1097 3305 1334 3364 ferocius
1374 3309 1427 3365 in
1471 3307 1639 3366 Deum
1702 3312 2054 3384 insurgentes

492 3391 678 3448 hostes
702 3409 763 3448 se
794 3395 939 3464 ipsus
976 3397 1255 3454 laederent.

1221 353 1640 418 susum"
1675 307 3024 419 THESSALONICENStsMamercum
3057 430 3062 436 υ

2155 477 2409 548 σώματος
2439 477 2717 546 τρήσεσιν.
2767 473 2829 526 Oi
2869 472 2977 543 γὰρ
3008 471 3329 542 τυραννικώ⁵
3355 471 3554 544 ἄνδρες
3577 474 3728 527 ἐκεῖ-

2155 590 2257 630 νοι,
2284 571 2377 624 καὶ
2411 568 2632 640 σαρκῶν
2662 567 2841 620 αὐτῶν
2869 560 3023 634 οἶμαι
3052 564 3147 619 τοῦ
3184 567 3468 636 μάρτυρος
3501 564 3728 632 ἐφιέμεο

2154 680 2233 715 νοι
2261 659 2610 728 κορέσασθαι.
2660 657 2876 721 ὀδόντας
2908 657 3006 725 μὲν
3037 657 3298 727 ὲμπεῖραι
3331 658 3409 718 είς
3441 657 3732 724 ἀνθρωπο-

2156 753 2361 824 φαγίαν
2383 753 2636 822 ὤκνησαν
2659 769 2671 782 ·
2703 749 2876 813 ἄλλως
2910 749 2966 802 δὲ
2996 748 3221 818 λόγχαις
3249 750 3328 810 εἰς
3355 745 3537 809 ὀξεῖαν
3563 747 3730 812 ἐσφυ-

2158 846 2566 918 ρη).ατημέναις
2600 843 2890 912 στόμωσιν,
2917 843 3008 894 τὸν
3040 841 3198 894 ὄκνον
3229 840 3436 893 ἐκεῖνον
3465 836 3726 907 ἐξεθεράο

2157 956 2386 994 πευσαν.
2410 940 2517 992 Καὶ
2535 939 2594 990 to
2619 938 2778 1006 σῶμα
2799 935 2891 988 τοῦ
2919 933 3193 1004 μάρτυρος
3213 930 3354 986 οὕτω
3372 930 3729 1000 δακνόμενον,

2153 1033 2255 1104 τῆς
2285 1030 2574 1102 ὁλομελοῦς
2602 1027 2902 1101 παρελύετο
2933 1027 3202 1088 πλάσεως,
3262 1027 3356 1078 καὶ
3385 1016 3475 1077 οἶά
3497 1040 3580 1084 τις
3608 1021 3730 1074 δου-

2159 1127 2351 1198 ροδόκη
2383 1127 2502 1186 ταῖς
2535 1124 2755 1193 μυρίαις
2783 1121 3010 1190 λόγχαις
3038 1119 3295 1183 ἐξέκειτο.
3328 1116 3440 1173 Πᾶς
3473 1131 3560 1177 τις
3609 1113 3729 1181 ὲφι-

2154 1220 2427 1287 λοτιμεῖτο
2461 1217 2688 1287 βάπτειν
2741 1215 2840 1283 τὴν
2887 1213 3088 1284 λόγχην
3119 1212 3199 1275 είς
3228 1203 3411 1271 ἀῦτδν,
3463 1209 3732 1276 γλυκεῖαν

2155 1311 2359 1379 ταύτην
2409 1311 2586 1379 άγραν
2637 1307 2715 1376 τῷ
2767 1305 3013 1374 τυράννῳ
3072 1301 3414 1374 θηρώμενος.
3453 1301 3526 1352 Οὐ
3566 1300 3732 1370 μόνον

2154 1403 2522 1474 ὲξηρεύνησαν
2555 1401 2731 1454 πάντα
2755 1399 2825 1453 τά
2852 1399 2992 1452 κατὰ
3023 1396 3263 1465 πλευρὰν
3293 1394 3428 1447 ὀστᾶ
3465 1393 3560 1448 τοῦ
3593 1393 3735 1462 μάρο

2155 1513 2339 1565 τυρος,
2371 1494 2506 1548 ἀλλὰ
2539 1495 2631 1548 καὶ
2665 1491 3014 1562 συνέτριψαν.
3050 1489 3290 1560 Ὠρυξαν
3333 1489 3565 1557 αἵματος
3601 1485 3734 1553 φλέο

2157 1584 2258 1647 ϐας
2281 1600 2294 1612 ⁸
2328 1584 2419 1637 καὶ
2469 1584 2566 1654 οὐχ
2603 1583 3000 1652 ὑπενόμενσαν,
3032 1581 3108 1642 ὡς
3153 1581 3233 1635 είς
3267 1579 3469 1648 φρέαρ,
3506 1577 3624 1631 ἀλλ’
3659 1577 3738 1639 ὡς

2159 1675 2238 1735 είς
2269 1675 2511 1740 ποταμὸν
2535 1673 2946 1743 ἁνεστόμωσαν.
3000 1673 3063 1725 El
3097 1672 3154 1724 δὲ
3183 1671 3388 1740 τρόπον
3409 1670 3602 1739 ἕτερον
3635 1667 3738 1734 θη-

2161 1764 2358 1832 σαυρδν
2387 1760 2622 1832 ὤρυξαν,
2659 1763 2718 1814 ὃν
2751 1761 2907 1814 αὐτοὶ
2943 1761 3046 1830 μὲν
3098 1759 3483 1830 παροιμιωδῶς
3533 1757 3739 1825 ἄνθρα-

2157 1870 2259 1914 κας
2313 1847 2492 1917 εὖρον,
2550 1853 2600 1904 οἱ
2651 1851 2708 1904 δὲ
2743 1852 2924 1904 πιστοὶ
2976 1848 3210 1903 πλοῦτον
3262 1849 3552 1917 σωτήριον,
3597 1844 3739 1896 ἀλλὰ

2157 1942 2316 1998 τοῦτο
2346 1945 2444 2013 μὲν
2469 1941 2954 2013 παρηκολούθηκεν
2975 1959 2988 1972 ·
3043 1943 3246 1994 ἐκεῖνοι
3296 1941 3352 1992 δὲ
3387 1939 3523 1992 ἀλλὰ
3561 1955 3739 1990 κακοο

2159 2035 2438 2097 ποιοῦντες
2478 2033 2800 2104 ἔξιῦρυττον.
2830 2033 2896 2086 Τί
2922 2033 2980 2086 δὲ
3013 2032 3162 2099 αὐτῷ
3211 2032 3280 2085 τὰ
3317 2030 3528 2084 ἐκεῖθεν
3562 2030 3740 2096 ἀλγή-

2160 2143 2305 2196 ματα
2331 2126 2465 2196 πρὸς
2482 2126 2547 2179 τά
2578 2124 2806 2194 ὕστερον
2835 2122 3123 2191 θαύματα;
3152 2123 3390 2190 Ἔγεμεν
3417 2123 3449 2189 ἡ
3477 2121 3578 2188 μὲν
3600 2119 3744 2189 sine:

2155 2219 2508 2287 τραυμάτων,
2546 2216 2607 2269 τὺ
2666 2214 2840 2284 στόμα
2893 2215 2949 2268 δὲ
2983 2213 3244 2286 ᾀσμάτων
3291 2214 3400 2266 τῶν
3451 2215 3532 2275 είς
3573 2213 3735 2266 Θειέν.

2159 2303 2468 2381 Κατέρῤεον
2516 2309 2722 2376 αἵματα
2748 2323 2763 2339 ο
2805 2309 2833 2359 ό
2861 2306 2918 2360 δὲ
2966 2306 3044 2368 ὡς
3091 2307 3172 2368 είς
3209 2305 3404 2376 βάμμα
3441 2304 3741 2373 πορφύρας

2156 2403 2358 2463 ταύτας
2386 2400 2668 2471 βασιλικῆς
2697 2398 2990 2466 nomen,
3016 2398 3276 2467 χεομένου
3303 2395 3396 2449 τοῦ
3418 2396 3518 2460 τῆς
3549 2395 3742 2464 βαφῆς

2156 2494 2349 2555 ἄνθους
2377 2493 2453 2555 ὡς
2492 2491 2598 2545 ἀπο
2627 2489 2903 2560 κογχῦλης
2940 2489 3089 2552 τινὸς
3120 2489 3216 2542 τοῦ
3255 2485 3601 2556 μαρτυρικοῦ
3628 2487 3743 2538 σώ-

2161 2601 2350 2653 ματος.
2380 2584 2477 2638 καὶ
2502 2581 2700 2652 ηὔχετο
2731 2583 3066 2650 παραμεῖναι
3091 2580 3154 2632 τὸ
3175 2579 3373 2641 κάλλος
3405 2579 3506 2647 τῆς
3532 2581 3744 2648 ἁλουρ-

2156 2677 2304 2744 γίδος
2333 2675 2562 2745 ταύτης,
2598 2675 2694 2729 καὶ
2729 2673 2999 2742 μηδέποτε
3050 2672 3360 2726 διεκπεσεῖν
3391 2670 3487 2724 τοῦ
3546 2669 3746 2724 καλοῦ.

2159 2769 2266 2822 Καὶ
2297 2769 2329 2836 ἡ
2361 2767 2494 2836 εὐχὴ
2526 2766 2796 2827 ἀνέϐαινε,
2831 2766 2925 2817 καὶ
2947 2765 2976 2816 ὁ
3009 2765 3140 2828 Θεὸς
3167 2763 3447 2829 κατένευε,
3481 2763 3583 2816 καὶ
3615 2764 3751 2816 ἑπε-

2155 2857 2404 2929 ψτιφίσθη
2437 2859 2496 2910 τὸ
2529 2856 2714 2912 καλόν.
2767 2857 2877 2910 Καὶ
2939 2855 3048 2908 ίδοῦ
3115 2854 3423 2922 παραμένει
3484 2854 3749 2922 μόνιμον.

2167 2948 2540 3018 Ἐνεκολύμϐα
2584 2951 2698 3012 τοῖς
2733 2949 3090 3017 μαρτυρικοῖς
3131 2945 3318 3016 ἱδρῶσι
3352 2945 3448 2997 καὶ
3484 2945 3748 3012 αῖμασιν,

2155 3032 2236 3101 οἷς
2264 3038 2595 3109 λουσάμενος
2625 3037 2917 3089 ἀναπεσὼν
2950 3034 3203 3089 ὕπνωσεν
3234 3033 3401 3086 ῦπνον
3436 3033 3747 3102 μακάριον,

2159 3124 2331 3200 οὗπερ
2367 3131 2396 3198 ἡ
2445 3129 2723 3199 ὲξέγερσις
2749 3129 2828 3190 εἰς
2853 3127 3260 3196 ἀπολαυστικὴν
3291 3125 3556 3189 ἀειζωῖαν
3594 3124 3751 3176 ἐστὶν

2162 3223 2510 3292 ἐγρήγορσις.
2546 3220 2654 3273 Καὶ
2687 3221 2810 3272 ὅσον
2841 3219 2979 3272 αὐτὸ.
3006 3219 3247 3290 ἐξέῥρεε,
3277 3217 3538 3271 τοσοῦτον
3581 3215 3752 3278 αὐτὸς

2161 3291 2342 3382 ἐξέχεε
2365 3312 2462 3382 τὴν
2491 3291 2678 3379 δέησιν
2707 3310 2787 3373 είς
2810 3310 2965 3374 Θεὸν,
3002 3311 3096 3362 καὶ
3133 3309 3207 3379 μὴ
3239 3307 3504 3380 περιιδεῖν
3543 3307 3748 3362 ταῦτα.

2162 3403 2453 3458 Δυσωπίαν
2483 3401 2791 3472 προσέφερε
2814 3415 2829 3430 ⁶
2857 3401 2953 3454 καὶ
2975 3402 3055 3463 είς
3089 3398 3260 3469 ἀκοὴν
3291 3399 3455 3454 ὠτίου
3487 3399 3750 3452 ὑπακουο

490 3485 640 3550 σθεὶς
685 3488 799 3559 ἔχει
841 3489 902 3544 τὸ
938 3492 1181 3562 αἰτηθὲν,
1239 3495 1322 3546 ὅτι
1379 3495 1512 3566 μηδὲ
1577 3495 1693 3550 ἐστι
1739 3499 2051 3552 διεκπεσεῖν
2078 3497 2362 3571 ἄπρακτον
2387 3495 2596 3550 δικαίου
2645 3494 2835 3563 εὐχήν.
2883 3495 2946 3547 Oi
2989 3491 3382 3564 τυραννοῦντες
3429 3493 3756 3564 ἀπανιστᾷν

485 3583 584 3636 τοῦ
613 3585 843 3655 σκήνους
885 3587 1073 3657 τάχιον
1115 3589 1216 3656 τὴν
1265 3589 1360 3642 τοῦ
1395 3591 1675 3661 μάρτυρος
1701 3593 1880 3664 ψυχὴν
1910 3594 2223 3659 ἐϐιάζοντο·
2258 3593 2288 3646 6
2314 3591 2373 3645 δὲ
2409 3589 2750 3663 παραμένειν
2775 3587 2947 3659 αὐτὴν
3009 3585 3231 3658 ηὔχετο,
3286 3585 3382 3641 καὶ
3467 3585 3552 3657 μὴ
3613 3588 3760 3642 ἀπο-

487 3678 737 3745 λυθῆναι.
787 3679 864 3741 ὡς
889 3678 956 3732 ἂν
987 3681 1433 3754 θυμομαχοῦντες
1459 3685 1510 3737 oi
1557 3683 1652 3736 τοῦ
1695 3685 1832 3739 Θεοῦ
1869 3685 2056 3756 ἐχθροὶ
2079 3685 2314 3748 ἑαυτοὺς
2344 3683 2662 3752 βλάπτοιεν.

561 3769 654 3823 35.
701 3771 902 3826 Deinde
932 3773 1270 3829 machinator
1304 3776 1512 3830 daemon
1549 3793 1655 3832 non
1681 3792 1747 3832 eo
1767 3793 1940 3848 usque
1964 3793 2058 3832 ar-

493 3865 778 3933 guebatur,
809 3864 899 3933 qui
925 3867 1197 3922 nesciebat
1239 3867 1285 3923 si
1317 3875 1430 3924 tam
1483 3870 1672 3933 nobili,
1707 3869 1974 3939 intrepido
2005 3879 2061 3926 et

494 3955 792 4009 fortissimo
865 3967 1134 4014 tremores
1208 3960 1470 4029 quosdam
1541 3961 1948 4016 maeliinaretur
2023 3977 2054 4016 ιι

493 4053 786 4117 pugnando
818 4045 1156 4104 deterrentes
1204 4060 1257 4105 et
1292 4051 1669 4120 trepidationis
1695 4052 1859 4106 telum
1901 4068 2056 4107 scor-

493 4142 709 4210 pionem
751 4142 1128 4210 praetenderet,
1154 4140 1404 4212 frangere
1438 4142 1624 4196 volens
1670 4159 1699 4196 a
1759 4158 1920 4198 cursu
1970 4159 2060 4199 se.

493 4233 730 4288 eundum
757 4234 922 4288 Deum
962 4233 1109 4288 illum
1143 4233 1232 4302 qui
1260 4244 1368 4288 tam
1396 4233 1610 4288 fortiter
1635 4243 1691 4288 et
1710 4235 1968 4290 alacriter
2001 4236 2056 4289 in

491 4340 670 4398 pugna
701 4328 953 4382 currebat
983 4338 1038 4380 et
1079 4327 1253 4383 hostis
1308 4327 1532 4397 laqueos
1557 4341 1770 4395 capreae
1807 4326 2057 4395 agilitate

486 4418 757 4474 eludebat.
815 4418 925 4472 Cur
985 4418 1099 4472 haec
1154 4417 1453 4485 meditaris,
1499 4418 1722 4473 malitiae
1767 4417 2060 4472 inventori

2231 3777 2328 3834 λε’.
2365 3771 2499 3830 Εἶτα
2535 3776 2599 3845 δὴ
2631 3775 2659 3827 ὁ
2705 3771 3091 3843 κακομήχανος
3141 3771 3352 3842 δαίμων
3387 3772 3491 3824 οὐκ
3547 3770 3620 3824 ἃν
3656 3779 3759 3831 καὶ

2160 3867 2413 3925 ἐντεῦθεν
2446 3867 2740 3938 ἐλέγχοιτο,
2774 3865 2945 3936 μηδὲν
3003 3864 3185 3929 εἰδὼῖ,
3232 3866 3282 3918 εί
3335 3863 3411 3933 τῷ
3437 3863 3591 3916 οῦτω
3619 3880 3754 3931 γεν-

2163 3962 2297 4030 ναίῳ
2326 3961 2421 4016 καὶ
2452 3958 2764 4029 ἀδειμάντῳ
2797 3959 2892 4010 καὶ
2932 3956 3330 4026 καρτερόφρονι
3357 3955 3602 4023 δείματά
3627 3972 3758 4007 τινα

2161 4050 2463 4120 ἰσοφίζετυ,
2499 4046 2594 4101 τοῦ
2647 4045 2831 4101 ἀθλεῖν
2865 4043 3222 4114 άπείρξοντα,
3273 4043 3369 4098 καὶ
3399 4042 3579 4112 φόϐου
3609 4044 3755 4112 πρό-

2166 4139 2353 4209 ϐλημα
2375 4139 2464 4192 τὸν
2502 4133 2762 4206 σκορπίον
2801 4135 3115 4205 προΐσχετο,
3165 4132 3398 4202 ὲγκόψαι
3429 4132 3610 4186 θέλων
3656 4131 3757 4185 τοῦ

2167 4231 2306 4283 κατὰ
2355 4231 2488 4283 Θεὸν
2517 4229 2718 4299 δρόμου
2779 4227 2870 4281 τὸν
2922 4226 3094 4290 οὕτως
3122 4225 3347 4297 ἐντρεχῆ
3406 4225 3504 4278 καὶ
3540 4224 3760 4292 κοῦφον

2163 4319 2390 4390 δραμεῖν
2422 4321 2502 4382 είς
2545 4319 2792 4388 ἄθλησιν,
2829 4317 2924 4372 καὶ
2963 4317 3062 4378 τὰς
3117 4317 3212 4371 τοῦ
3265 4312 3465 4385 ἐχθροῦ
3504 4315 3762 4384 παγίδας

2163 4410 2421 4481 δορκάδος
2449 4410 2606 4480 δίκην
2653 4411 3116 4480 ὑπεραλλόμενον.
3172 4409 3238 4462 Τί
3291 4407 3456 4461 τοῦτο
3495 4408 3675 4472 νοεῖς,
3710 4401 3759 4460 ὦ

489 4511 600 4564 Cur
631 4510 932 4564 fortissimo
954 4510 1094 4563 inter
1111 4509 1346 4577 optimos
1373 4509 1603 4578 puerilia
1629 4508 1840 4562 moliris
1893 4507 2055 4563 terri-

2171 4505 2399 4572 σοφιστά
2433 4503 2533 4571 τῆς
2563 4502 2800 4566 κακίας;
2829 4502 2894 4553 Τί
2920 4501 2996 4572 τῷ
3034 4501 3128 4555 ἐπὶ
3163 4499 3450 4570 μεγίστοις
3483 4498 3760 4569 ἀνδριζο-

489 4602 655 4657 cula?
701 4601 812 4656 Cur
832 4600 1169 4655 fortitudinis
1197 4609 1418 4654 vastum
1449 4598 1630 4665 ignem
1660 4599 1875 4654 timoris
1911 4609 2063 4670 gutta

493 4694 660 4763 refrig
679 4694 866 4748 ‘rautis
893 4693 1244 4759 exstinguere
1281 4689 1606 4745 contendis?
1635 4687 1750 4744 Non
1775 4690 1855 4744 sic
1896 4704 2062 4744 vene-

494 4785 653 4836 ficum
685 4798 927 4852 puugens
951 4781 1166 4849 scorpio
1199 4780 1384 4848 deligit
1414 4778 1709 4850 liquorem,
1747 4787 1806 4832 ut
1835 4778 2056 4834 ferven-

493 4875 686 4928 Ιίεθίιιιί
714 4873 817 4927 (ide
851 4870 1086 4926 infuscet
1111 4871 1212 4926 zo-li
1246 4885 1371 4938 erga
1407 4871 1572 4925 Deum
1603 4871 1774 4941 ignes.
1836 4870 2062 4926 Lancea:

493 4963 651 5017 valde
683 4961 861 5016 multae
890 4961 1206 5030 cuspidibus
1241 4962 1295 5016 iu
1329 4969 1618 5031 martyrem
1649 4961 1830 5014 inlisa:
1862 4975 1970 5015 non
1998 4961 2066 5014 il-

493 5054 604 5109 lum
635 5067 665 5108 a
695 5053 818 5106 furti
848 5053 1030 5107 animo
1054 5052 1342 5114 solverent,
1377 5060 1433 5105 et
1463 5051 1768 5120 scorpionis
1808 5048 2063 5105 stimulus

493 5145 715 5210 indigna
746 5147 985 5215 cogitare
1018 5153 1178 5213 coget
1214 5140 1796 5214 magnanimutuYMihi
1828 5141 2062 5202 videtur.

493 5255 526 5291 ο
555 5237 797 5292 divinum
829 5248 883 5291 et
920 5236 1134 5305 sapiens
1159 5237 1515 5306 auditorium,
1575 5233 1771 5303 majori
1806 5231 2060 5288 stituulus

495 5341 891 5385 tormentorum
937 5330 1335 5400 excogitatione
1369 5327 1653 5400 tyranuice
1678 5335 1932 5398 agentem
1967 5337 2062 5378 ex-

495 5424 795 5493 cogitatum
827 5421 1012 5488 fuisse,
1047 5438 1212 5493 quam
1273 5421 1559 5494 pravitatis
1593 5418 1916 5486 magistrum
1955 5413 2064 5481 dx-

497 5530 733 5578 monem,
761 5529 789 5567 a
819 5527 927 5583 quo
956 5515 1190 5568 animum
1214 5509 1927 5582 assumpseratdominator
1947 5505 2058 5558 ille.

495 5605 596 5670 Qui
623 5604 840 5672 quidem
874 5605 1157 5676 tyrannice
1222 5604 1431 5674 agendo
1481 5599 1782 5671 discipulus
1823 5594 2062 5650 nobilius

499 5699 555 5752 in
590 5697 711 5751 vitze
742 5697 1064 5752 solutionem
1124 5696 1348 5768 martyri
1407 5694 1629 5749 lanceas
1683 5687 1900 5754 infixit;
1967 5685 2059 5755 qni

503 5803 632 5844 vero
670 5788 969 5859 scorpionis
1008 5790 1252 5844 aculeum
1291 5787 1436 5843 acuit
1466 5787 1521 5842 in
1569 5784 1746 5848 illum,
1783 5793 1884 5836 nec
1935 5792 2059 5849 per-

2169 4593 2314 4664 μένῳ
2359 4593 2539 4661 φαῦλα
2590 4591 2822 4662 τεχνάζῃ
2857 4591 3146 4662 φόϐητρα;
3185 4592 3255 4645 Τί
3289 4593 3585 4662 πυρκαϊὰν,
3610 4592 3760 4664 θάρ·

2166 4699 2291 4742 σους
2320 4684 2538 4751 σταγόνι
2569 4683 2734 4752 φόϐου
2793 4683 3056 4754 ψύχοντος
3109 4684 3445 4738 κατασϐέσαι
3501 4685 3758 4753 φιλονει-

2166 4774 2323 4835 κεῖς;
2363 4771 2474 4839 Οὐχ
2507 4769 2648 4824 οὕτω
2675 4771 2882 4843 ψυχρὸν
2913 4763 3082 4842 ὑγρόν
3132 4773 3401 4844 σκορπίος
3433 4771 3760 4846 κεντρίζων

2166 4860 2468 4930 ιναφίησιν,
2499 4861 2574 4924 ὡς
2607 4864 2702 4918 καὶ
2737 4865 2976 4933 μαρᾶναι
3029 4864 3098 4917 ἂν
3153 4865 3233 4930 τῷ
3265 4865 3597 4937 θερμοτάτῳ
3646 4866 3762 4938 τὴν

2166 4954 2368 5021 πίστιν,
2389 4955 2514 5017 τοὺς
2538 4957 2636 5026 τῆς
2662 4957 2808 5012 κατὰ
2821 4957 2954 5012 Θεὸν
2975 4957 3174 5023 ζέσεως
3197 4960 3501 5031 ἄνθρακας.
3533 4961 3761 5032 Λόγχαι

2171 5047 2316 5116 μάλα
2342 5047 2532 5102 πολλαὶ
2559 5049 2655 5110 τὰς
2684 5049 2902 5112 ἀκωκὰς
2940 5050 3017 5121 τῷ
3069 5053 3309 5122 μάρτυρι
3365 5053 3762 5124 ἐνερείσασαι,

2165 5139 2265 5192 οὐκ
2300 5139 2366 5194 ἂν
2388 5139 2547 5193 αὑτὸν
2573 5139 2668 5192 τοῦ
2703 5143 2983 5212 εὐθαρσῶς
3015 5145 3159 5214 ἔχειν
3192 5145 3560 5216 παραλῦσωσι
3589 5164 3605 5179 ’
3652 5151 3761 5204 καὶ

2169 5231 2432 5302 σκορπίου
2465 5232 2692 5302 κέντρον
2723 5232 2888 5303 ἀρθὲν
2917 5235 3140 5305 ἀγεννές
3173 5254 3227 5290 τι
3251 5239 3475 5307 φρονεῖν
3500 5239 3763 5309 ἀναγκά-

2169 5339 2249 5376 σει
2282 5323 2373 5376 τὸν
2394 5324 2828 5395 γενναιόφρονας
2875 5326 3033 5396 Ἐμοὶ
3059 5326 3229 5390 δοκεῖ,
3259 5322 3306 5382 ὦ
3339 5329 3489 5383 θεῖον
3517 5333 3622 5386 καὶ
3663 5351 3762 5388 σο-

2167 5414 2267 5484 φὸν
2295 5413 2676 5484 ἀκροατήριον,
2705 5415 3232 5487 μεγαλο-ρυόστερον,
3258 5421 3326 5486 τῇ
3351 5420 3465 5474 τῶν
3489 5420 3763 5492 βασάνων

2166 5502 2378 5570 ἐπινοίᾳ
2419 5502 2512 5554 τὸν
2554 5503 2917 5571 τυραννοῦντα
2968 5507 3271 5574 ἐπιϐαλεῖν,
3313 5511 3463 5581 ἢπερ
3490 5513 3590 5565 τὸν
3650 5517 3766 5586 τῆς

2166 5595 2364 5653 κακίας
2383 5593 2704 5648 διδάσκαλον
2731 5595 2979 5666 δαίμονα,
3010 5589 3164 5668 ᾧπερ
3198 5600 3362 5663 αὐτὸς
3401 5603 3764 5674 ὑπεφήτευε.

2181 5687 2240 5739 ’0
2277 5687 2373 5754 μὲν
2406 5685 2515 5755 γάρ
2547 5687 2826 5756 τυραννεῖν
2863 5689 3201 5760 μεμαθηκὼς
3238 5693 3640 5763 γενναιότερον
3672 5697 3763 5759 είς

2169 5775 2487 5846 ἀπαλλαγὴν
2515 5775 2658 5847 ζωῆς
2695 5776 2774 5847 τῷ
2801 5779 3040 5849 μάρτυρι
3094 5781 3192 5846 τὰς
3228 5782 3432 5853 λόγχας
3473 5786 3761 5856 ἀντέστηο
