3908 6558
206 395 295 457 ίθτ

1356 398 1445 457 LA
1459 395 1747 459 UDATIO
1787 395 1844 457 S.
1878 395 2279 457 DEMETRII.

3331 382 3437 456 ne

200 523 312 562 στν*
345 510 374 559 ὁ
414 506 472 560 δὲ
525 506 793 575 σκορπίου
826 506 1051 576 κέντρον
1109 507 1470 575 ἐπεξαγαγὼν
1502 505 1651 573 αύτῷ
1683 505 1767 573 εἴη

1881 506 2120 561 niciosus
2147 506 2371 560 omnino
2408 505 2533 569 fuit,
2573 518 2677 560 nec
2723 502 2897 573 perite
2931 500 3275 556 adversarius
3322 501 3437 553 fru-

198 601 257 655 ἆν
285 599 407 653 οὔτε
442 599 737 669 βλαπτικδς
766 599 927 661 πάνυ,
955 601 1051 653 καὶ
1078 600 1199 653 οὐδὲ
1229 600 1371 653 κατὰ
1399 601 1592 668 τέχνην
1622 598 1769 652 ἀντί-

197 693 379 753 πιλος,
441 692 617 760 μάτην
668 693 833 755 αὐτὸς
866 692 962 746 καὶ
1013 692 1110 745 νῦν
1140 693 1593 763 βουλευσάμενος,
1654 691 1766 744 εἴτε

198 786 325 854 πρδς
358 784 521 852 φόϐον
549 785 610 837 τὸ
639 784 884 839 τοιοῦτον
912 787 1229 856 ἐμηχανᾶτο
1261 785 1456 847 κακὸν,
1487 783 1597 837 εἴτε
1630 782 1767 851 πρὸς

198 878 441 928 θάνατον.
472 874 612 929 Οὔτε
643 878 756 947 γὰρ
794 878 1089 949 ἐξεφόϐησε
1145 878 1240 932 τὸν
1267 878 1507 949 ἀθλητὴν
1536 878 1564 930 ὁ
1597 887 1763 946 σκορ⁸

197 965 329 1029 πίος,
355 965 416 1019 τὸ
440 966 533 1018 τοῦ
566 968 816 1021 διαϐόλου
847 968 957 1022 εἴτε
996 969 1243 1040 κέντρον.
1279 971 1390 1024 εἴτε
1426 968 1598 1039 βέλος.
1630 966 1768 1020 ἀλλά

199 1062 285 1112 καὶ
315 1059 509 1125 νεκρὸς
541 1058 745 1114 ἐκειτο.
783 1061 951 1114 Ἔνθα
986 1062 1082 1116 καὶ
1140 1062 1309 1129 γελᾷν
1365 1063 1477 1124 τοῖς
1508 1059 1768 1132 θερμοτέ-

200 1166 302 1219 ροις
350 1149 587 1215 ἔπεισιν,
642 1152 729 1221 ἐφ’
779 1147 861 1214 οἷς
889 1155 917 1207 ὁ
963 1153 1270 1223 πανοῦργος
1298 1154 1392 1206 καὶ
1424 1152 1522 1220 τὴν
1567 1152 1767 1204 κακίαν

199 1240 504 1308 σοψὼτατος
562 1244 848 1311 ἐνηπίαζε.
882 1246 1105 1307 Πάντως
1152 1247 1260 1318 γὰρ
1306 1244 1519 1313 ἀγνοῶν
1548 1244 1768 1314 ἐτεχνὰο

198 1334 332 1396 ζετο,
362 1334 461 1386 καὶ
516 1334 580 1387 rb
619 1337 834 1401 ἀγνοεῖν
862 1337 950 1389 ἐπ’
1006 1337 1315 1406 ἀμφότερα,
1369 1336 1479 1388 εἴτε
1515 1336 1686 1390 κακόν
1715 1352 1766 1387 τι

196 1426 439 1492 διάθηται
469 1426 499 1478 ὁ
531 1427 793 1495 σκορπίος
819 1427 912 1478 τὸν
947 1427 1124 1494 ἆγιον,
1159 1428 1253 1480 καὶ
1280 1429 1328 1480 εί
1369 1426 1531 1494 φόϐον
1560 1428 1587 1479 ὁ
1622 1426 1767 1495 μάρ-

195 1532 280 1576 tu;
310 1515 474 1567 πάθοι
504 1519 628 1569 τινὰ
663 1520 797 1583 πρὸς
841 1517 904 1569 τὸ
960 1519 1260 1587 τέχνασμα.
1323 1518 1435 1570 Καὶ
1469 1517 1631 1579 αὐτὸς
1669 1516 1768 1586 μὲν

195 1609 416 1673 δύναμιν
446 1607 516 1659 ἂν
550 1608 745 1661 ἑαυτοῦ
783 1610 1022 1679 μεγάλην
1071 1610 1163 1662 τὸν
1193 1610 1456 1678 σκορπίον
1489 1609 1764 1678 ὠνόμασε,

196 1700 249 1749 τὺ
275 1697 421 1753 θεῖον
448 1700 619 1767 eum
642 1700 952 1767 ἱεροσυλῶν,
984 1700 1125 1770 τάχα
1159 1718 1262 1753 που
1298 1700 1392 1753 καὶ
1425 1701 1504 1764 είς
1536 1700 1767 1771 μέγεθος

199 1790 322 1888 πολὺ
372 1790 755 1888 ὀγκούμενονς
790 1792 974 1888 ὁποῖον
1008 1793 1101 1845 καὶ
1149 1793 1196 1844 οί
1234 1792 1458 1845 παλαιοὶ⁹
1503 1791 1768 1861 λογογρα-
1794 1825 1843 1888 Β

199 1878 348 1944 φοῦσι
376 1879 475 1931 τὸν
502 1879 597 1931 τοῦ
633 1879 903 1949 Ὠρίωνος,
935 1880 967 1950 ἢ
995 1882 1090 1934 καὶ
1120 1881 1281 1934 ἄλλον
1309 1884 1451 1946 τινὰ,
1480 1881 1538 1933 ὃν
1564 1882 1657 1935 καὶ
1686 1883 1764 1945 είς

200 1969 419 2038 ούρανδν
449 1970 505 2023 oi
553 1970 732 2023 πάντα
785 1969 1092 2037 τολμῶντες
1150 1971 1426 2039 ἀνήγαγον
1452 1988 1466 2002 ο
1509 1973 1633 2025 ὅθεν
1675 1973 1769 2025 καὶ

203 2061 402 2130 πλήξας
454 2060 657 2114 ἑαυτοῦ
710 2061 803 2114 τὸν
855 2060 1020 2129 θῆρα,
1064 2061 1122 2115 τδ
1153 2065 1376 2130 κέντρον
1425 2080 1483 2116 τε
1515 2065 1767 2134 ήγρίανε,

202 2152 286 2204 καὶ
312 2151 795 2221 δραστηριώτερον
824 2152 915 2204 τδν
940 2152 1019 2206 ίδν
1052 2152 1431 2222 ἐνειργάσατο,
1464 2156 1557 2208 καὶ
1578 2155 1658 2216 εἰς
1688 2157 1773 2207 κί-

201 2247 345 2312 νησιν
382 2243 748 2313 διεθέρμανεν
778 2243 1013 2308 ἔντονον,
1068 2243 1408 2311 θαλπόμενος
1431 2244 1662 2310 ἐλπίσιν,
1696 2248 1771 2309 ὡς

204 2334 349 2404 ἄρκῆ
374 2334 677 2405 ἐκφοϐήσει
703 2335 794 2388 τὸν
818 2334 1076 2405 ἀθλητὴν,
1107 2336 1205 2388 καὶ
1236 2337 1462 2405 ἀγεννές
1492 2354 1546 2390 τι
1591 2339 1770 2390 πείσει

204 2427 495 2494 φρονῆσαι,
541 2428 571 2479 ὅ
623 2427 844 2490 πάντως
894 2427 993 2480 οὐκ
1021 2423 1089 2497 ἦν
1124 2427 1274 2492 ἀξιον
1303 2427 1397 2481 τοῦ
1450 2429 1772 2492 πεποιθότος

206 2520 289 2570 ἐπὶ
307 2518 443 2572 Θεόν
461 2535 481 2553 ο
512 2519 546 2587 ἧ
573 2518 709 2572 ἀλλά
731 2519 1042 2588 κεντρίσας,
1080 2519 1452 2586 ἀγεννέστατα
1483 2519 1648 2591 ῥίψει,
1677 2521 1772 2571 καὶ

207 2611 572 2679 ἀποστερήσει
625 2610 727 2680 τῆς
778 2610 1082 2681 ἀθλήσεως,
1144 2611 1238 2664 καλ⁵
1298 2611 1649 2680 ἐλαττονήσει
1678 2610 1769 2663 τοῦ

208 2701 475 2773 Νέστορος
499 2721 515 2736 σ
544 2705 705 2775 εῐπερ
736 2706 897 2769 αὐτὸς
952 2707 1049 2774 μὲν
1080 2705 1283 2760 Λυαῖον
1311 2707 1403 2761 τὸν
1433 2707 1577 2760 οὕτω
1601 2706 1777 2776 μέγαν

207 2795 533 2861 κατήνεγκε,
569 2795 879 2864 Δημήτριος
907 2797 965 2849 δὲ
1018 2794 1158 2860 ζώου
1200 2797 1393 2851 τούτου
1426 2796 1587 2867 ἔργον
1618 2798 1777 2865 γένη-

210 2898 308 2937 ται.
342 2885 654 2952 Περιέπεσε
682 2886 737 2939 δὲ
762 2886 872 2954 ἄρα
899 2886 1010 2948 τοῖς
1047 2887 1242 2939 ἑαυτοῦ
1270 2886 1596 2948 διαϐουλίοις
1623 2887 1652 2939 ὀ
1681 2886 1777 2939 καὶ

210 2976 298 3043 τὴν
326 2978 511 3047 ἀρχὴν
542 2978 1040 3047 ἀφρονευσάμενος,
1090 2983 1184 3035 καὶ
1246 2981 1404 3050 μέχρι
1441 2980 1500 3033 δέ
1537 2981 1777 3048 πέρατος

211 3067 444 3132 τοιοῦτος
486 3068 563 3122 ὢν
593 3072 708 3131 τοῖς
752 3071 889 3141 ὀρθά
920 3073 1179 3143 φρονοῦσι
1211 3074 1303 3126 καὶ
1338 3074 1479 3127 κατά
1510 3072 1664 3126 Θεόν.
1696 3070 1775 3127 Ού

1867 608 1981 653 stra
2049 599 2281 654 consilia
2336 598 2455 653 sive
2481 599 2546 651 ad
2581 597 2853 659 timorem,
2892 597 3008 650 sive
3075 593 3142 646 ad
3206 600 3435 645 mortem

1868 691 2004 745 mala
2042 691 2154 745 haec
2188 689 2600 758 excogitaverit.
2621 687 2730 741 Nec
2762 687 2906 740 enim
2936 683 3226 753 perterruit
3256 682 3436 735 athle-

1869 792 1980 836 tam
2018 781 2256 851 scorpio,
2289 781 2407 835 sive
2467 781 2665 836 diaboli
2706 780 2951 844 aculeus,
3004 777 3117 831 sive
3171 774 3436 841 iaculum,

1869 872 1963 929 sed
1990 884 2229 929 mortuus
2254 871 2493 942 iacebat.
2532 872 2664 926 Inde
2698 869 3103 927 artlentioribns
3138 868 3326 920 videre
3372 866 3439 918 lio

1868 976 1958 1023 cet
1993 968 2192 1036 quibus
2236 964 2576 1023 machinator
2623 971 2676 1019 et
2735 962 2938 1017 malitia
2989 959 3429 1030 sapientissimus

1821 1087 1824 1090 ’
1869 1060 2153 1131 pueriliter
2180 1060 2255 1113 uti
2296 1055 2659 1129 praesumpsit.
2686 1054 2920 1110 Omnino
2980 1051 3123 1106 enim
3180 1049 3439 1117 ignorans

1869 1152 2297 1214 machinabatur,
2324 1149 2619 1221 ignorantia
2664 1146 2860 1217 duplici
2895 1153 3005 1198 tum
3039 1143 3081 1197 si
3107 1141 3172 1195 ad
3202 1140 3340 1193 mala
3380 1140 3435 1191 in

1868 1228 2050 1316 aliquo
2080 1244 2408 1314 disposuerit
2434 1242 2649 1310 scorpio
2689 1250 2959 1300 sanctum,
2987 1247 3096 1290 tum
3139 1235 3184 1289 si
3219 1241 3432 1301 martyr

1870 1337 1935 1391 de
1965 1334 2368 1390 machinatione
2405 1332 2701 1400 quidquam
2762 1338 2935 1382 metus
3000 1338 3194 1393 passus
3248 1322 3438 1375 fuerit.

1869 1423 2028 1479 Vires
2054 1438 2182 1477 suas
2226 1434 2452 1488 magnas
2482 1418 2829 1485 scorpionem
2889 1410 3213 1470 nominavit,
3252 1407 3434 1460 divina

1867 1528 2003 1568 voce
2034 1512 2259 1581 profane
2292 1517 2470 1572 utens,
2504 1508 2685 1560 forsan
2709 1514 2918 1558 tumore
2938 1514 3134 1570 magno
3163 1498 3433 1559 inﬂatum;

1870 1606 2013 1662 sicut
2041 1613 2094 1660 et
2125 1611 2340 1658 veteres
2371 1599 2710 1668 scripserunt
2739 1595 2805 1648 de
2827 1593 3050 1654 Orione,
3088 1598 3179 1643 aut
3206 1590 3271 1641 de
3299 1600 3437 1654 quo-

1870 1698 2015 1767 piam
2050 1695 2176 1759 alio,
2202 1708 2363 1764 quem
2414 1690 2508 1761 qui
2565 1688 2747 1743 omnia
2779 1686 2979 1739 audent
3038 1682 3091 1736 in
3129 1681 3322 1735 cmlum
3354 1679 3441 1730 in-

1870 1790 2161 1849 doxerunt,
2193 1784 2335 1839 unde
2356 1792 2408 1835 et
2441 1796 2598 1835 suam
2629 1779 2944 1848 percutiens
2993 1773 3253 1835 belluam,
3306 1785 3440 1824 at-u-

1872 1882 2013 1935 leum
2060 1874 2386 1934 stimulavit.
2428 1870 2704 1926 efficacius
2749 1882 3015 1923 venenum
3047 1864 3247 1928 effecit,
3280 1872 3334 1917 et
3385 1862 3440 1913 in

1871 1966 2276 2035 contorqttendo
2307 1964 2477 2033 magis
2497 1961 2875 2023 inflammavit,
2906 1974 3000 2027 spe
3019 1957 3252 2017 fervens,
3281 1952 3443 2023 quasi

1871 2061 1960 2130 qui
1989 2059 2248 2113 athletam
2309 2055 2697 2125 perterritttrus
2747 2060 2913 2111 esset,
2964 2059 3127 2117 atque
3188 2047 3439 2114 ignavum

1871 2152 2001 2222 quid
2030 2149 2272 2219 cogitare
2303 2146 2588 2210 suaderet;
2622 2144 2765 2212 quod
2795 2153 3134 2209 nequaquam
3174 2138 3240 2191 de
3266 2133 3442 2203 eoqui

1873 2243 1924 2296 itt
1949 2242 2113 2296 Deum
2149 2237 2461 2294 conﬁdebat
2489 2232 2856 2299 sperandum;
2895 2238 2988 2283 aut
3034 2226 3196 2281 aliter
3250 2224 3443 2279 aculeo

1872 2331 2178 2393 stimulans,
2205 2328 2471 2398 ignaviter
2504 2331 2875 2394 prostraturus
2915 2329 3061 2375 esset
3100 2325 3154 2371 et
3214 2315 3441 2369 victoria

1872 2423 2207 2494 privaturus,
2248 2428 2300 2473 et
2330 2416 2643 2471 inferiorem
2687 2413 3029 2483 praestitttrns
3063 2407 3276 2463 Nestori
3310 2421 3324 2457 :
3352 2404 3441 2468 qni

1874 2515 2091 2586 quidem
2122 2512 2339 2582 Lyatnm
2373 2508 2509 2562 adeo
2543 2521 2796 2573 magnum
2862 2501 3083 2561 devicit,
3140 2495 3443 2550 l)entelritts

1875 2584 2004 2658 vero
2041 2598 2295 2656 animalis
2330 2596 2487 2650 istius
2516 2610 2653 2663 opus
2680 2592 2856 2646 factus
2885 2591 3095 2643 fuisset.
3118 2584 3284 2640 Periit
3311 2598 3441 2649 ergo

1878 2697 1930 2751 itt
1956 2692 2166 2750 insanis
2195 2688 2439 2745 consiliis
2473 2686 2587 2741 suis
2638 2685 2728 2754 qui
2782 2686 2852 2737 ab
2907 2681 3061 2734 initio
3096 2678 3260 2733 stulte
3318 2675 3447 2727 ferit

1877 2799 2048 2854 usque
2086 2782 2152 2836 ad
2191 2780 2350 2835 ﬁnem
2386 2778 2511 2833 talis
2541 2777 2596 2829 in
2648 2784 2792 2828 recte
2848 2780 2903 2826 et
2933 2769 3227 2824 secundum
3264 2765 3432 2816 Deum

1877 2877 2175 2936 sentientes
2202 2878 2529 2942 perseverat.
2558 2866 2674 2921 Non
2699 2864 2842 2919 enim
2866 2872 3198 2926 cognoscere
3219 2853 3447 2908 debebat

1880 2978 1939 3024 ut
1983 2968 2166 3022 leones
2211 2963 2264 3017 in
2312 2961 2411 3015 Dei
2468 2967 2687 3013 sanctos
2740 2960 3022 3009 sexcentos
3077 2945 3444 3002 immitteret.

1880 3074 2073 3129 segnes
2107 3057 2172 3111 ad
2200 3052 2502 3109 nocendum
2532 3063 2631 3104 nec
2669 3061 2824 3103 ursos
2845 3047 3073 3098 horrore
3101 3038 3322 3093 indutos
3350 3035 3445 3103 qni

214 3160 312 3228 γὰρ
340 3161 473 3231 ἔσχε
508 3127 828 3225 λογίσασθαι
862 3127 1085 3226 λέοντας
1116 3164 1515 3235 ἐπαφιεμὲνους
1553 3163 1651 3234 μὲν
1683 3182 1780 3234 μυ-

1886 3127 2138 3209 ferociter
2156 3145 2370 3216 quidem
2399 3144 2684 3203 irruentes,
2705 3137 2860 3208 quasi
2893 3135 2945 3189 in
2981 3141 3202 3186 ventum
3232 3127 3446 3183 inhiant

216 3258 397 3327 ριαχοῦ
439 3260 559 3320 τοῖς
591 3261 684 3312 τοῦ
728 3259 863 3313 Θεοῦ
895 3260 1094 3328 ἁγίοις,
1134 3262 1339 3332 ἀργοὺς
1369 3262 1424 3316 δέ
1454 3263 1535 3325 είς
1564 3265 1624 3315 τὸ
1653 3261 1778 3331 βλά-

218 3366 360 3402 πτειν
391 3351 666 3420 μένοντας
688 3367 703 3383 ·
737 3351 858 3405 οὐδέ
904 3353 1141 3425 άρκτους
1166 3354 1372 3425 φρίκην
1402 3354 1778 3422 ἐνδεδυμένας,

166 3468 175 3477 ι
215 3438 392 3506 χανδὸν
445 3438 553 3507 μὲν
581 3438 976 3509 ἐπιφυομέναῗ,
1029 3442 1324 3512 χαινούσας
1351 3443 1407 3496 δέ
1445 3442 1522 3505 ὡς
1548 3443 1628 3505 είς
1654 3443 1780 3496 ἀνε-

221 3546 340 3599 μονο
378 3533 483 3585 καὶ
522 3532 732 3603 ἑτέροις
784 3532 839 3586 δέ
878 3533 1093 3603 θηρίοις
1144 3534 1415 3603 ἐμϐλέψαι
1442 3572 1459 3597 ,
1511 3535 1625 3596 τοῖς
1685 3533 1782 3603 μὲν

217 3622 594 3693 ἀπρακτοῦσιν
642 3625 721 3687 είς
748 3625 810 3677 τδ
858 3626 953 3677 καὶ
988 3623 1185 3693 βλάϐος
1216 3626 1445 3693 ἐπάγειν
1472 3626 1587 3689 τοῖς
1621 3625 1784 3689 θερα-

218 3715 439 3775 πευταῖς
490 3711 584 3765 τοῦ
614 3712 772 3777 Θεοῦ,
823 3716 935 3776 τοῖς
965 3713 1021 3766 δὲ
1074 3712 1168 3767 καὶ
1202 3714 1477 3784 κειμένοις
1530 3715 1781 3782 νεκροῖςο

217 3801 418 3872 ἑτέροις
454 3801 516 3854 δὲ
566 3802 665 3854 καὶ
713 3803 792 3864 εἰς
822 3800 1070 3854 δουλείαν
1102 3801 1472 3870 ὑπαγομένοις
1499 3800 1789 3871 ἀχθοφορι-

217 3892 332 3961 κήν,
360 3894 395 3962 ἢ
428 3891 532 3947 καὶ
567 3892 745 3955 άλλως
780 3892 1216 3963 ἀμϐλυνομένοις
1273 3892 1373 3963 τὴν
1425 3893 1526 3961 τῆς
1581 3890 1786 3960 θηριω-

216 3984 326 4048 δίας
351 3983 568 4055 ἀκμὴν,
603 3983 700 4036 καὶ
751 3982 1245 4053 μαλθακιζομένοις
1272 3982 1353 4046 είς
1386 3981 1448 4035 τὺ
1476 3980 1785 4053 χειρόηθες.

218 4075 425 4130 Ἐπαθε
456 4074 557 4128 καὶ
583 4073 793 4138 Παῦλος
827 4073 887 4139 ἐξ
914 4073 1126 4145 ἐχίδνης
1154 4073 1393 4143 δαγμόν’
1425 4072 1541 4126 ἀλλ’
1573 4074 1791 4125 ἐκτινα-

219 4166 447 4235 ξάμενος
478 4165 708 4234 ταύτην,
734 4164 1023 4236 ἐπίκλησιν
1047 4164 1199 4219 θείαν
1224 4164 1464 4219 ἐπετίθει
1496 4164 1791 4234 άλεξιφάρ·

220 4276 414 4327 μακον,
457 4259 555 4311 καὶ
586 4258 645 4311 τὸ
668 4255 893 4325 τραῦμα
920 4255 1309 4328 ἐθεραπεύετο.
1348 4255 1560 4310 Οὐκοῦν
1590 4257 1686 4311 καὶ
1713 4256 1791 4325 τῷ

219 4346 517 4419 Δημητρίῳ
543 4342 611 4417 ἦν
649 4347 746 4417 μὲν
773 4344 1166 4415 ἀμφοτέρωθεν
1209 4344 1271 4398 ού
1302 4343 1465 4412 φόϐος
1497 4343 1747 4397 κινδύνου
1772 4358 1789 4375 ⁸

1881 3253 1936 3300 et
1962 3254 2019 3297 ut
2037 3253 2149 3296 tum
2179 3238 2315 3294 alias
2339 3233 2542 3289 belluas
2564 3229 2906 3298 conspiceret
2929 3240 2960 3280 e
3001 3223 3201 3293 quibus
3232 3219 3352 3274 alia
3387 3220 3441 3270 in

1882 3341 2265 3392 noettmentum
2307 3325 2402 3380 Dei
2447 3323 2619 3381 servis
2670 3319 2942 3375 θεῖοι-οηύο
2991 3316 3195 3369 inertes
3240 3316 3448 3369 essent.

1882 3429 2001 3483 alite
2033 3436 2259 3480 mortuae
2289 3419 2574 3487 iacerent;
2630 3422 2740 3465 tum
2806 3409 2941 3463 alias
2992 3402 3331 3471 conspiceret
3383 3398 3449 3452 ad

1883 3527 2046 3569 onera
2078 3507 2342 3579 portanda
2375 3512 2551 3566 natas,
2587 3498 2672 3555 vel
2729 3511 2850 3566 quae
2913 3495 3072 3549 aliter
3124 3492 3236 3546 fera
3272 3488 3452 3544 indole

1884 3613 2057 3661 exutae
2101 3608 2436 3656 curarentur.
2465 3594 2700 3649 Morsutn
2742 3589 2937 3657 viperze
2982 3598 3171 3655 passus
3197 3591 3279 3636 est
3308 3580 3451 3633 Pau-

1886 3699 1992 3756 lus.
2014 3708 2121 3764 qua
2146 3692 2368 3759 reiecta,
2400 3684 2792 3743 invocationem
2841 3679 2934 3733 Dei
2995 3675 3453 3731 medicamentum

1887 3786 2137 3843 adhibuit
2163 3793 2221 3839 et
2242 3780 2436 3835 vulnus
2458 3775 2693 3831 sanavit.
2728 3771 2892 3842 igimr
2914 3767 3191 3824 Demetrio
3211 3779 3314 3817 non
3338 3769 3458 3817 erat

1886 3877 2110 3948 periculi
2147 3874 2308 3928 timor
2343 3887 2359 3925 :
2397 3868 2588 3923 aculeo
2621 3865 2766 3920 enim
2794 3862 3082 3917 vulnerato
3109 3855 3336 3922 contigit
3372 3853 3462 3907 itt-

1889 3972 2158 4026 columem
2188 3965 2461 4026 evadere;
2495 3957 2720 4028 contigit
2746 3963 2800 4010 et
2828 3952 3024 4007 vulnus
3070 3946 3294 4003 omnino
3324 3941 3460 3997 etfu-

1889 4077 2036 4134 gere.
2073 4059 2259 4129 Majori
2293 4058 2481 4125 itaque
2510 4049 2777 4107 miraculo
2811 4061 2944 4101 usus
2983 4052 3126 4098 erat.
3155 4039 3288 4094 Nam
3315 4036 3458 4107 quod

1890 4154 2169 4212 sauciatus
2199 4158 2362 4215 esset,
2427 4143 2663 4200 daemoni
2718 4138 3092 4207 diaboliceque
3147 4147 3207 4189 se
3255 4128 3462 4202 gerenti

1893 4257 2123 4315 tyranno
2140 4240 2392 4312 gaudium
2411 4235 2696 4297 aﬂ‘erebat,
2719 4230 2862 4302 quod
2884 4243 3012 4284 vero
3028 4226 3171 4294 tangi
3189 4239 3291 4279 non
3314 4222 3463 4276 sine.

1891 4334 2279 4405 returna—quod
2303 4329 2476 4397 majus
2505 4327 2808 4398 prodigium
2822 4320 3306 4379 erat—maximum
3329 4329 3462 4371 vero

218 4409 783 4511 uvrptoesk'se‘ydp
810 4409 923 4509 εἴγε
947 4409 1254 4490 διεκπεσεῖν
1280 4409 1523 4506 ἀϐλαϐής
1543 4450 1560 4467 ⁸
1593 4431 1708 4511 εἶχε
1735 4435 1780 4488 δι

1894 4430 2038 4502 quod
2057 4434 2339 4483 necaretur
2355 4421 2612 4478 daemonis
2626 4419 2898 4475 alumnus.
2922 4414 3132 4469 Etenim
3156 4410 3297 4481 quod
3316 4409 3464 4463 vive-

219 4537 309 4587 καὶ
340 4499 436 4586 τὸν
491 4499 821 4601 κεντρισμδν
862 4499 1062 4600 ’πάντη
1114 4529 1450 4597 διεκφυγεῐν.
1480 4499 1700 4581 Εἵλετο.
1727 4527 1780 4579 δῦ

1897 4499 1978 4578 ret
2003 4519 2219 4590 quidem
2232 4514 2298 4571 ad
2320 4522 2613 4583 martyrem
2647 4524 2755 4565 non
2790 4506 3227 4577 appropinquans
3260 4499 3464 4561 bestia,

218 4628 273 4678 τὸ
308 4622 782 4694 θαυμασιώτερον.
841 4622 1124 4691 ωηγῆναι
1176 4618 1275 4691 μὲν
1308 4620 1416 4688 γὰρ
1471 4618 1636 4672 αὑτὸν
1677 4620 1794 4671 ἐνε-

222 4718 360 4770 ποίει
394 4734 452 4768 τι
470 4714 665 4785 χάρμα
692 4712 772 4781 τῷ
827 4729 884 4766 τε
927 4711 1139 4780 δαίμονι
1190 4712 1285 4763 καὶ
1335 4710 1414 4780 τῷ
1464 4708 1793 4778 δαιμονῶντι

219 4808 471 4876 τυράννῳ
496 4821 510 4834 ·
544 4804 619 4875 μή
643 4802 873 4872 ἐαθῆναι
900 4802 958 4856 δὲ
986 4800 1383 4872 ψαῦσαι-ἀλλ’
1416 4796 1486 4873 ἦν
1513 4800 1675 4853 τοῦτο
1708 4815 1796 4851 τε-

226 4899 628 4966 ρατωδέστερον
647 4912 664 4928 ·
695 4896 889 4949 τούτου
923 4893 982 4948 δέ
1023 4894 1185 4948 πλέον
1211 4893 1272 4947 τὸ
1321 4893 1419 4947 καὶ
1446 4889 1793 4961 νεκρωθῆναι

222 4989 311 5040 τὸν
328 4987 431 5042 τοῦ
482 4987 735 5057 δαίμονος
762 4986 1050 5057 τρόφιμον.
1100 4987 1211 5055 Ζῇν
1245 4988 1345 5054 μὲν
1375 4985 1483 5054 γὰρ
1517 4984 1576 5037 τὸ
1609 4982 1796 5055 θηρίον

228 5080 301 5150 μὴ
327 5080 577 5133 πελάσαν
603 5079 681 5149 τῷ
711 5079 951 5149 μάρτυρι
989 5077 1091 5131 οὐκ
1113 5072 1228 5147 εἶχε
1251 5076 1437 5146 θαῦμα
1472 5073 1606 5129 πολύ
1630 5090 1645 5108 ⁸
1679 5076 1797 5128 κεῖ-

227 5172 349 5227 σθαι
369 5173 428 5227 δὲ
456 5171 651 5240 νεκρὸν
680 5171 741 5224 τδ
777 5169 948 5239 γέμον
982 5168 1443 5239 δαίμονος-ἀλλά
1472 5166 1632 5221 τοῦτο
1659 5165 1798 5235 πλῆ-

229 5281 319 5335 ρες
372 5260 444 5335 ἦν
470 5262 719 5333 τέρατος,
774 5262 911 5314 πολὺ
964 5260 1020 5314 δέ
1068 5260 1229 5314 πλέον
1286 5261 1383 5313 καὶ
1413 5258 1667 5328 ὀτρόπος
1700 5258 1795 5311 τοῦ

227 5356 525 5423 θαύματος.
558 5352 631 5405 Ού
664 5351 772 5419 γάρ
824 5366 930 5404 τινι
958 5348 1067 5403 τῶν
1120 5349 1473 5418 σωματικῶν,
1516 5348 1798 5418 ἀσωμάτῳ

227 5446 284 5499 δέ
304 5447 549 5518 ’ὀργάνῳ,
582 5442 662 5512 τῷ
679 5442 768 5496 διά
796 5440 1076 5495 δακτύλων
1106 5440 1261 5509 τύπῳ
1280 5439 1375 5493 τοῦ
1412 5436 1669 5509 σταυροῦ,
1699 5440 1799 5493 ὅσα

232 5538 323 5590 καὶ
356 5538 511 5606 βέλος
562 5532 818 5589 ἐκλεκτὸν
852 5531 1225 5601 ἐπαφιεμένῳ,
1281 5532 1341 5583 τὸ
1393 5529 1489 5583 τοῦ
1543 5530 1800 5599 δαίμονος

236 5628 407 5697 ἀργὸν
446 5626 626 5696 ἀφῆκε
690 5623 901 5682 κεῖσθαι
954 5624 1222 5694 ϐργανοψ
1256 5624 1350 5675 καὶ
1380 5620 1574 5691 μικρὸν
1613 5621 1801 5674 τοῦτον

235 5719 397 5787 ῥίψας
422 5715 808 5786 ὑπεδρηστῆρα
835 5712 926 5766 τοῦ
975 5710 1149 5765 δεινοῦ
1188 5708 1513 5771 παλαιστοῦ.
1554 5708 1651 5762 καὶ
1708 5708 1800 5760 τὸν

240 5810 410 5875 μέγαν
444 5811 648 5861 ἐκεῖνον
671 5805 934 5872 ἀλείπτην
963 5804 1022 5854 ὲν
1052 5800 1229 5870 ταυτῷ
1263 5800 1651 5853 κατεπάλαισε.
1688 5797 1802 5851 Καὶ

1895 4625 2147 4682 magnum
2187 4623 2294 4663 non
2323 4614 2444 4662 erat
2480 4599 2836 4672 prodigium;
2895 4595 3040 4666 quod
3070 4607 3198 4648 vero
3243 4600 3459 4645 mortua

1889 4703 2093 4775 iaceret
2122 4698 2380 4756 datmonis
2401 4696 2584 4767 plena,
2611 4693 2717 4747 hoc
2735 4702 2868 4745 sane
2887 4702 2974 4743 res
3000 4694 3120 4742 erat
3145 4689 3459 4754 portentosa

1895 4772 2172 4862 multoque
2198 4789 2449 4859 amplius.
2497 4785 2617 4841 Non
2656 4782 2801 4837 enim
2843 4779 3025 4847 aliquo
3086 4790 3119 4832 e
3156 4772 3456 4843 corporeis.

1897 4890 2223 4955 incorporeo
2250 4888 2577 4951 procurante
2609 4887 2841 4945 organo,
2901 4868 3081 4926 crucis
3136 4881 3233 4936 per
3266 4863 3465 4931 digitos

1897 4954 2070 5048 signo,
2088 4976 2178 5031 teli
2203 4973 2358 5029 electi
2386 4974 2558 5026 instar
2600 4967 2846 5021 immisso
2874 4960 3054 5018 etfecit
3083 4968 3142 5011 ut
3167 4968 3329 5027 segne
3353 4954 3467 5008 da:-

1896 5047 2073 5127 monis
2092 5068 2296 5139 iaceret
2319 5075 2579 5132 organum
2604 5074 2620 5125 ;
2651 5067 2707 5113 et
2729 5068 2955 5127 parvum
2972 5048 3230 5108 terribilis
3260 5047 3451 5100 adver-

1897 5162 2025 5219 sarii
2050 5135 2261 5214 servum
2303 5151 2595 5226 prostravit
2620 5160 2677 5205 et
2711 5159 2965 5217 magnum
2998 5144 3054 5198 in
3083 5142 3273 5196 eodem
3305 5135 3463 5193 devi-

1898 5255 1973 5312 cit
2006 5250 2401 5307 institotorem.
2427 5244 2529 5311 Qui
2555 5241 2771 5312 quidem
2830 5235 3188 5292 insidiabatur
3209 5229 3470 5298 reptantis

1900 5343 2149 5402 animalis
2175 5342 2410 5405 impetu,
2438 5337 2575 5390 adeo
2606 5334 2886 5390 ctelcstem
2917 5328 3161 5383 animum
3215 5323 3469 5379 subactu-

1900 5447 1994 5487 rus
2025 5447 2042 5495 ς
2069 5426 2298 5485 insidias
2350 5439 2483 5481 vero
2524 5420 2787 5476 irridebat
2818 5419 2932 5479 ille,
2984 5415 3182 5489 quippe
3210 5412 3301 5480 qui
3344 5424 3466 5463 cum

1904 5530 2089 5577 tantus
2115 5519 2411 5574 restituetur
2437 5514 2539 5570 sub
2568 5508 2881 5567 animalculi
2910 5508 3083 5561 forma
3126 5510 3384 5571 appareat
3408 5508 3465 5551 et

1901 5611 2153 5670 ostendat
2183 5625 2243 5665 se
2284 5607 2533 5678 reptilem
2562 5618 2631 5659 ex
2663 5600 2771 5656 alto
2804 5597 3091 5657 decidisse,
3124 5602 3180 5647 et
3214 5589 3470 5663 potentiae

1904 5704 2165 5759 vilitatem
2191 5700 2270 5755 sic
2294 5698 2658 5759 demonstret,
2701 5703 2755 5747 et
2781 5688 2924 5757 quod
2983 5684 3126 5739 unde
3168 5680 3342 5735 servis
3377 5678 3469 5732 llei

1905 5802 2092 5851 noceat
2117 5800 2301 5862 aperte
2328 5797 2403 5853 et,
2430 5787 2678 5848 utalunt,
2713 5781 2765 5834 itt
2789 5778 2979 5832 faciem
3005 5787 3111 5827 non
3144 5770 3306 5825 habet
3334 5784 3471 5833 quos
