3864 6582
401 378 507 445 199

1148 379 1498 438 EUb’l‘ATII
1513 379 1567 438 ll
1609 376 2058 438 THESSALON
2071 377 2364 439 [CENSIS
2385 380 2432 444 M
2445 380 2538 439 ET
2551 379 2649 438 Ri)
2660 380 2795 441 POL
2809 381 2954 440 lT/E

3526 381 3639 445 200

397 500 604 544 tantum
633 505 857 545 aversos
883 489 1105 544 viriliter
1133 487 1465 558 aggreditur.
1495 487 1949 552 Quemadmodum

2061 490 2087 541 ό
2123 493 2218 557 μὲν
2250 492 2580 560 ἐμηχανᾶτο,
2615 492 2671 542 ἐν
2695 493 2975 560 χαμερττεῖ
3002 489 3124 554 {ira
3171 490 3513 560 καταρῤίψαι
3542 494 3643 543 τὸν

395 584 537 635 enim
565 582 793 651 quisquc
819 597 923 637 non
959 582 1194 636 alienum
1218 594 1248 636 ει
1286 588 1479 634 natura
1520 577 1646 630 illud
1683 576 1954 638 observat,

396 673 478 728 sic
508 675 776 743 parvitate
808 689 1038 728 snacum
1058 673 1176 742 ipso
1202 671 1518 726 consocium
1543 667 1742 720 animal
1776 668 1954 720 bellua

395 780 586 836 magna
621 765 722 820 sibi
747 765 1010 821 devinxit.
1042 763 1263 816 Nullum
1315 761 1458 815 enim
1516 758 1732 825 scorpio
1766 772 1831 810 ex
1871 760 1950 809 ta-

393 858 478 912 cie
498 866 555 911 et
580 871 674 911 ore
707 865 1094 911 nocumentum
1115 854 1298 914 mittit.
1321 853 1412 906 sed
1433 859 1671 904 extrema
1693 850 1749 903 in
1783 851 1952 904 cauda

393 947 684 1016 sepositum
716 956 890 1016 gestat
930 958 1214 1001 venenum.
1268 942 1331 996 Et
1358 941 1569 996 daemon
1613 949 1794 1009 aperta
1835 941 1956 1008 qni-

2061 581 2233 644 οὔτως
2264 583 2512 650 οὐράνιον
2534 597 2546 611 ·
2601 585 2628 634 ό
2673 583 2730 634 δὲ
2765 582 3034 648 κατεγέλα
3081 581 3179 649 τῆς
3223 583 3495 650 μηχανῆς,
3527 586 3577 635 εἰ
3608 584 3642 634 ὁ

2060 672 2306 734 τοσοῦτος
2357 669 2495 730 εἶναι
2527 672 2698 724 δοκῶν
2747 672 2890 724 οὕτω
2927 674 3222 742 μικροφυεῖ
3268 671 3395 737 ζώῳ
3426 675 3646 741 ἐμφαν-

2057 764 2302 828 τάξεται,
2335 767 2426 816 καὶ
2460 765 2520 816 τὸ
2562 765 2622 830 ἐξ
2654 763 2821 832 ὕψους
2857 766 3185 816 καταπεσεῖν
3210 764 3266 814 ἐν
3305 763 3379 832 τῷ
3407 763 3642 833 ἕρποντι

2057 856 2408 922 διαδείκνυσι,
2441 857 2535 910 καὶ
2568 857 2629 909 τὸ
2665 856 2966 925 μικροφυές
2993 856 3050 907 δὲ
3079 854 3225 906 οὕτω
3259 856 3642 925 παρεμφαίνει

2054 947 2152 1015 τῆς
2200 947 2505 1015 δυνάμεως,
2565 950 2662 1001 καὶ
2696 947 2757 1000 τὸ
2787 949 2862 1017 μὴ
2915 946 3059 1017 ἔχειν
3093 948 3352 1016 βλάπτειν
3384 947 3508 1010 τοὺς
3537 944 3640 1000 τοῦ

393 1041 516 1095 dem
545 1040 892 1094 consiliorum
929 1047 977 1091 et
1010 1045 1066 1088 ut
1107 1036 1177 1089 ita
1209 1033 1383 1088 dicam
1407 1043 1532 1086 ante
1553 1031 1741 1086 oculos
1765 1040 1816 1084 et
1844 1046 1949 1098 pro-

2057 1036 2194 1090 Θεοῦ
2223 1039 2302 1100 εἰς
2330 1039 2569 1108 ἐμφανὲς
2600 1041 2693 1091 καὶ
2723 1039 2750 1090 ὅ
2789 1057 2918 1106 φασι
2948 1039 3090 1091 κατά
3120 1038 3319 1106 στόμα,
3362 1036 3500 1090 ἀλλὰ
3521 1039 3642 1098 τοῖς

390 1131 564 1198 palam
598 1130 896 1196 ejaculatur
915 1128 1111 1180 malum
1136 1125 1282 1179 nullo
1309 1123 1465 1178 modo
1483 1137 1592 1192 prae
1614 1137 1672 1177 se
1704 1123 1956 1182 ferentia.

392 1222 505 1276 haec
540 1221 827 1289 voluptatis
853 1234 955 1289 qua
979 1218 1391 1288 permulceatur
1410 1215 1657 1285 plerique
1682 1227 1956 1282 unguento

391 1311 620 1373 Iiniens;
652 1321 798 1365 retro
829 1325 954 1363 vero
979 1314 1115 1367 etab
1150 1309 1342 1364 ultimo
1383 1307 1678 1377 perniciem
1732 1305 1831 1358 fert
1899 1306 1952 1358 in

390 1402 585 1455 inferni
603 1402 848 1468 decipulo
868 1401 1247 1462 involventem,
1281 1397 1664 1464 simpliciorem
1688 1409 1954 1464 quemque

391 1508 420 1546 a
451 1493 721 1559 principio
752 1493 1030 1558 inducens,
1080 1491 1437 1558 timoremque
1479 1489 1684 1548 celans,
1734 1489 1784 1539 in
1835 1487 1940 1540 (ine

390 1599 519 1637 vero
547 1585 669 1636 dolo
692 1583 885 1637 bellico
908 1584 1082 1637 victor
1111 1583 1177 1636 ad
1210 1581 1617 1642 mactationem,
1645 1593 1750 1632 non
1771 1577 1949 1630 lucta-

393 1672 632 1726 tionibus
687 1673 918 1727 obversa
981 1673 1180 1736 fronte,
1243 1670 1338 1724 sed
1390 1679 1448 1723 ut
1499 1669 1700 1722 dixerit
1752 1667 1949 1736 aliquis

389 1765 577 1820 cauda:
602 1781 790 1836 opera.

2057 1129 2282 1182 ὄπισθεν
2330 1130 2736 1199 ἁνδριζόμενον.
2780 1130 2868 1194 Ὧς
2913 1135 3021 1199 γάρ
3054 1132 3118 1184 ἄν
3147 1149 3235 1192 τις
3256 1132 3369 1185 ὀὐκ
3395 1130 3501 1194 ἔξω
3534 1128 3640 1182 τοῦ

2059 1221 2372 1290 προσφυοῦς
2406 1223 2499 1274 καὶ
2534 1223 2692 1276 τοῦτο
2723 1224 3163 1292 κατασκέψηται,
3203 1224 3299 1277 καὶ
3333 1224 3408 1288 ὡς
3440 1222 3640 1292 ὁμοιό-

2056 1309 2195 1377 τητά
2224 1328 2344 1362 τινα
2375 1311 2546 1372 σῶζον
2577 1312 2714 1382 πρὸς
2742 1315 2905 1366 αὑτὸν
2945 1317 2972 1367 ὁ
3006 1316 3182 1383 μέγας
3207 1315 3312 1384 θὴρ
3345 1315 3406 1367 τὸ
3431 1330 3644 1382 συγγε-

2055 1399 2148 1462 νὲς
2188 1400 2345 1452 τοῦτο
2393 1400 2581 1470 θηρίον
2613 1403 2950 1456 ὠκειώσατο.
3010 1404 3282 1473 Σκορπίος
3341 1420 3401 1456 τε
3425 1405 3538 1472 γάρ
3569 1404 3642 1456 ἐκ

2053 1489 2160 1542 τῶν
2188 1490 2305 1544 κατ’
2329 1491 2452 1562 ὄψιν
2484 1494 2578 1546 καὶ
2608 1495 2746 1546 κατὰ
2772 1495 2945 1561 στόμα
2975 1495 3168 1564 βλάϐος
3190 1495 3342 1548 οὐδὲν
3370 1496 3643 1564 προΐσχε-

2052 1598 2164 1647 ται,
2221 1582 2338 1635 ἀλλ’
2375 1583 2532 1652 ἄκρῳ
2592 1585 2671 1654 τῷ
2712 1587 2920 1656 οὐραίῳ
2958 1587 3330 1654 ἐγκαθήμενον
3382 1585 3541 1654 φέρει
3572 1583 3640 1636 ea

2057 1672 2376 1740 θανάσιμον.
2411 1675 2519 1728 Καὶ
2545 1677 2573 1726 ό
2596 1676 2806 1744 δαίμων
2839 1681 2907 1730 τά
2938 1678 3035 1745 μὲν
3061 1677 3370 1748 προάγοντα
3393 1676 3502 1728 τῶν
3529 1676 3640 1728 αὐ-

2055 1761 2148 1814 τοῦ
2180 1764 2564 1834 βουλευμάτων
2595 1768 2689 1819 καὶ
2732 1767 2807 1829 ὡς
2846 1771 3020 1821 εἰπεῖν
3053 1769 3159 1837 πρὸ
3188 1766 3492 1835 ὀφθαλμῶν
3531 1770 3635 1824 καὶ

391 1859 625 1928 πρόσθια
654 1860 1042 1930 προϐέϐληται,
1073 1861 1241 1914 κακὸν
1279 1858 1432 1912 οὐδέν
1478 1876 1530 1912 τι
1561 1857 1956 1926 προφαίνοντα,
1978 1854 2144 1924 χρίων
2194 1858 2334 1911 αὐτὰ
2363 1859 2439 1928 τῷ
2469 1858 2747 1929 φαρμάκῳ
2803 1860 2900 1927 τῆς
2951 1859 3168 1929 ἡδονῆς,
3220 1859 3310 1924 ὑφ’
3345 1852 3414 1928 ἦς
3461 1857 3639 1912 κολα-

388 1954 663 2022 κευόμεθα
692 1957 741 2007 οἱ
771 1956 955 2009 πολλοί
981 1974 995 1988 ’
1030 1957 1098 2010 τὰ
1128 1955 1181 2007 δὲ
1220 1956 1446 2008 κατόπιν
1486 1955 1577 2006 καὶ
1610 1953 1814 2023 ἔσχατα
1839 1951 2057 2020 ὀλέθρια
2081 1951 2260 2028 φέρει,
2304 1953 2400 2005 καὶ
2455 1954 2533 2016 εἰς
2591 1955 2868 2021 πέταυρον
2915 1952 3042 2024 ᾆδον
3104 1955 3440 2020 κατάγοντα,
3490 1954 3640 2005 ὕπα-

390 2046 620 2116 γόμενος
659 2049 756 2118 μὲν
785 2049 842 2100 ἐν
867 2051 1115 2118 καταρχῇ
1148 2049 1238 2100 τὸν
1268 2046 1658 2116 ἁπλούστερον,
1715 2044 1808 2096 καὶ
1863 2043 2220 2110 ἐπικρύπτων
2270 2046 2361 2099 τὸν
2414 2046 2601 2114 φόϐον,
2659 2045 2736 2114 τῷ
2793 2047 2850 2100 δὲ
2899 2047 3230 2101 τελευτῶντι

3309 2050 3404 2102 καὶ
3453 2064 3638 2102 κατα-

392 2139 716 2210 στρατηγῶν
750 2143 830 2203 si;
856 2141 1035 2209 φόνον,
1089 2140 1152 2193 οὐ
1176 2142 1297 2201 ταῖς
1350 2140 1659 2209 προμάχοις
1692 2136 2090 2208 ρᾳδιουργίαις,
2124 2138 2262 2202 ἀλλ’,
2288 2141 2362 2202 ὡς
2398 2140 2464 2193 ἄν
2491 2158 2575 2202 τις
2605 2141 2755 2212 εἴπῃ,
2786 2139 2864 2208 τῷ
2901 2140 3275 2211 οὐραγήματι.

461 2234 550 2287 56.
608 2234 730 2288 llaec
771 2234 998 2290 sumciat
1022 2235 1242 2290 dixisse.
1275 2235 1457 2289 Dolosi
1487 2247 1611 2288 vero
1639 2227 1947 2288 errorisar-

2120 2233 2229 2298 λς’.
2263 2236 2372 2289 Καὶ
2401 2235 2560 2290 τοῦτο
2589 2239 2687 2307 μὲν
2715 2237 2859 2290 οὕτω
2887 2235 3208 2306 πεπορίσθαι
3240 2238 3396 2307 ἡμῖν.
3426 2237 3538 2291 Τοῦ
3565 2239 3633 2294 ὃδ

390 2323 550 2378 tiflcis
565 2324 786 2381 esti-llud
799 2327 1070 2394 sophisma
1085 2327 1239 2380 vanis
1257 2325 1580 2391 imaginibus
1593 2322 1954 2384 dissimulare,

391 2414 706 2469 insidiarum
735 2431 863 2470 vero
890 2419 1154 2472 actionem
1185 2417 1496 2485 persuasive
1523 2424 1760 2475 struere,
1791 2422 1845 2467 et
1864 2427 1927 2466 ve
1945 2447 1957 2455 -

389 2510 568 2564 ritatis
596 2511 834 2580 speciem
857 2519 1154 2565 ostentare.
1180 2509 1314 2564 Nam
1347 2522 1486 2562 vano
1523 2521 1712 2562 errore
1745 2514 1948 2560 metum

389 2603 554 2664 ciere,
613 2616 714 2653 non
754 2611 935 2655 autem
981 2599 1254 2654 inﬁrmum
1313 2599 1554 2652 animum
1615 2595 1955 2664 stupefacere

390 2691 551 2744 valet.
587 2688 800 2745 Iudicat
831 2692 973 2746 enim
1007 2706 1160 2746 mens
1192 2706 1298 2746 non
1329 2690 1475 2744 inani
1540 2683 1774 2742 ludibrio
1807 2689 1948 2740 veri-

392 2790 559 2835 tatem
591 2784 902 2836 convenire.
944 2783 1096 2849 Quod
1121 2796 1248 2836 vero
1277 2781 1432 2850 juxta
1467 2779 1750 2835 veritatem
1792 2777 1953 2832 terri-

389 2873 518 2938 bile,
551 2873 674 2928 licet
709 2876 760 2927 in
797 2889 958 2942 parva
997 2888 1052 2929 re
1078 2873 1366 2937 oﬂeratur,
1399 2871 1660 2940 majorem
1693 2871 1948 2924 timorem

390 2975 650 3034 provocat
709 2965 849 3034 apud
903 2980 1147 3020 veraces.
1199 2964 1326 3018 Ideo
1357 2964 1649 3018 draconem
1685 2972 1951 3030 apparere

393 3070 500 3108 non
539 3054 666 3110 fecit
696 3055 1006 3108 illusionum
1033 3063 1246 3119 auctor,
1269 3053 1450 3124 qualia
1509 3054 1675 3106 multa
1719 3050 1774 3104 in
1817 3050 1952 3102 alios

391 3145 651 3200 incitarit.
684 3145 797 3199 Non
825 3146 967 3199 enim
1005 3147 1202 3198 malum
1227 3144 1601 3206 vernaculum,
1626 3156 1803 3210 eoque
1832 3141 1950 3208 ipso

389 3237 562 3292 oculis
586 3237 902 3307 phantasma
927 3237 1215 3292 videretur.
1247 3235 1356 3291 Nec
1387 3237 1594 3290 leonem
1631 3245 1724 3289 aut
1757 3233 1936 3288 simile

390 3329 588 3384 animal
621 3331 671 3381 in
705 3329 944 3397 praelium
977 3329 1125 3382 misit
1150 3328 1260 3396 (ubi
1285 3327 1425 3382 enim
1457 3326 1607 3396 sylva
1677 3339 1797 3394 qua:
1852 3326 1949 3378 be-

389 3423 520 3477 stias
541 3431 775 3492 tegatac
801 3421 1017 3487 detegat
1073 3419 1139 3490 ?);
1168 3419 1511 3490 scorpionem
1558 3433 1686 3473 vero
1744 3418 1948 3472 animal

391 3515 587 3568 talibus
612 3512 816 3567 locisut
832 3513 1122 3582 plurimum
1149 3513 1378 3573 sopitum
1406 3520 1458 3565 et
1491 3510 1775 3574 nutritum,
1806 3510 1949 3563 unde

389 3620 494 3660 non
553 3604 661 3658 falli
711 3619 771 3658 se
825 3605 1088 3667 credidit,
1137 3603 1229 3656 sed
1293 3601 1438 3670 juxta
1500 3601 1782 3655 veritatem
1839 3613 1951 3654 ma-

389 3697 498 3751 lum
531 3695 807 3750 inducere.
837 3696 900 3748 At
931 3696 974 3749 si
1006 3693 1198 3747 animal
1221 3709 1326 3748 non
1375 3701 1458 3747 est
1500 3707 1774 3761 magnum,
1830 3704 1931 3746 nec

391 3783 490 3854 pro
523 3802 618 3840 sua
643 3796 828 3838 natura
850 3785 1141 3848 terrefacit,
1165 3783 1260 3837 sed
1315 3783 1470 3836 nobis
1503 3796 1821 3850 persuasum
1854 3795 1943 3834 es-

391 3887 475 3932 set
491 3887 674 3931 contra
694 3885 938 3929 naturam
963 3876 1091 3928 illud
1105 3874 1156 3927 in
1175 3883 1434 3927 tumorem
1451 3873 1804 3942 degenerare,
1830 3879 1951 3924 tau-

391 3983 551 4035 quam
577 3966 853 4020 itnmundo
885 3965 1097 4033 plenum
1121 3963 1335 4032 spiritu,
1368 3972 1424 4018 et
1463 3976 1718 4014 manuum
1765 3961 1936 4013 instar

392 4060 671 4126 longarum
701 4058 1010 4121 intorquere
1038 4053 1292 4122 forcipes,
1315 4051 1457 4120 quod
1483 4051 1676 4119 aliquis
1701 4051 1769 4104 de
1804 4050 1946 4103 alius

392 4147 764 4202 similitudinis
819 4143 1040 4198 animaii
1083 4146 1446 4212 echgitaret,
1528 4140 1754 4208 pedibus
1814 4155 1943 4194 vero

391 4241 644 4308 utrinque
676 4252 836 4308 supra
872 4250 1179 4290 mensuram
1233 4244 1503 4289 arrectum
1553 4243 1608 4288 et
1645 4245 1789 4300 saepe
1836 4247 1952 4297 atu-

394 4331 585 4385 bulans
609 4337 664 4385 et
693 4342 959 4396 pugnans,
991 4327 1238 4380 aculeum
1263 4340 1393 4380 vero
1431 4325 1653 4378 vibrans
1681 4323 1819 4376 ultra
1838 4337 1953 4378 mo-

391 4425 518 4476 dum
548 4420 760 4490 longum
779 4417 1018 4486 jaculnm
1053 4418 1121 4470 ad
1177 4415 1659 4471 tremefaciendum
1726 4423 1945 4468 contor-

389 4531 588 4584 quens.
625 4516 690 4568 Et
723 4513 853 4567 illud
923 4511 1349 4582 promptuarium
1390 4519 1511 4566 erat
1568 4511 1764 4566 veneni
1805 4509 1952 4578 quod

392 4603 781 4659 thesaurizavit
844 4601 896 4654 in
924 4601 1056 4656 lethi
1108 4600 1331 4654 divitias
1371 4599 1568 4662 bellua,
1599 4607 1654 4652 et
1684 4608 1950 4668 quantum

391 4696 602 4750 daemon
634 4692 950 4762 prepalavit,
985 4694 1185 4745 malum
1224 4692 1365 4744 malo
1435 4691 1741 4745 cumulans.
1805 4689 1950 4744 Con-

393 4787 572 4841 festim
604 4795 658 4840 et
691 4784 856 4840 colori
889 4785 1219 4838 horrendum
1251 4781 1527 4851 quoddam
1560 4781 1852 4835 immiscuit
1879 4778 1952 4833 ci-

2050 2325 2147 2392 τῆς
2177 2325 2380 2396 πλάνης
2404 2327 2578 2382 δολίου
2614 2327 2836 2395 εὑρετοῦ
2873 2327 3091 2380 κάκεῖνο
3115 2331 3454 2395 σοφιστικὸν,
3492 2333 3628 2382 ἐπι-

2051 2417 2311 2486 κρύπτειν
2341 2420 2440 2487 μέν
2466 2420 2526 2474 τὺ
2569 2420 2748 2474 δοκεῖν
2791 2420 3258 2490 φαντασιοκοπετν
3278 2462 3293 2481 ,
3327 2420 3536 2472 ἐθέλειν
3567 2421 3636 2474 δὲ

2051 2509 2292 2572 πιθανῶς
2320 2510 2463 2580 ἔχειν
2489 2511 2587 2580 τὴν
2619 2513 2826 2582 σκηνὴν
2855 2515 2955 2581 τῆς
3001 2511 3320 2580 ἐπιϐουλῆς,
3356 2513 3452 2564 καὶ
3475 2531 3633 2582 παρ-

2050 2601 2312 2668 αυγάξειν
2357 2603 2418 2654 τὸ
2460 2603 2683 2673 ἀληθές.
2716 2604 2994 2657 Φαντάσαι
3033 2604 3132 2672 μὲν
3164 2605 3278 2672 γὰρ
3307 2605 3400 2656 τὸν
3429 2605 3630 2670 φόϐον,

2050 2689 2099 2742 εί
2124 2691 2218 2742 καὶ
2245 2690 2416 2760 μέγας
2447 2692 2671 2756 ἐκεῖνος,
2692 2693 2752 2746 οὐ
2786 2693 2923 2746 πάνυ
2947 2709 2998 2745 τι
3029 2693 3142 2763 ἔχει
3170 2693 3441 2761 ἔκπληξιν
3468 2696 3632 2762 παρά.

2049 2798 2112 2848 γε
2149 2781 2226 2849 τῷ
2251 2782 2534 2850 φρονοῦντι
2588 2783 2804 2850 στερεά.
2863 2784 3053 2854 Κρίνει
3097 2783 3206 2852 γάρ
3253 2785 3284 2851 ὴ
3337 2785 3508 2854 ψυχὴ,
3549 2786 3634 2855 μὴ

2051 2873 2366 2942 συμϐαίνειν
2391 2874 2488 2941 τὴν
2511 2875 2772 2945 ἀλήθειαν
2806 2874 2884 2944 τῷ
2917 2875 3284 2943 φαντάσματι.
3308 2875 3380 2927 Τὸ
3399 2875 3456 2927 δὲ
3491 2877 3637 2944 πρὸς

2050 2965 2308 3036 ἀλήθειαν
2349 2966 2616 3038 φοϐερὸν,
2667 2971 2714 3021 si
2750 2968 2846 3021 καὶ
2898 2969 2980 3030 είς
3017 2968 3214 3038 μικρόν
3235 2984 3289 3021 τι
3319 2967 3628 3038 ἐξαίρεται,

2049 3056 2186 3110 ἀλλὰ
2209 3056 2397 3126 μεῖζον
2434 3058 2496 3110 τὸ
2533 3059 2694 3128 δεῖμα
2733 3058 3121 3128 προϐάλλεται,
3157 3053 3239 3121 οἷς
3273 3057 3335 3112 τὸ
3370 3054 3512 3113 εἶναι
3548 3061 3636 3129 μὴ

2050 3148 2226 3218 πάντη
2251 3148 2523 3218 ψεύδεται.
2569 3150 2661 3202 Διὸ
2683 3150 2953 3221 δράκοντα
3009 3151 3109 3220 μὲν
3139 3152 3199 3204 οὖ
3234 3153 3554 3222 παρέφηνεν
3592 3154 3627 3206 ὁ

2047 3241 2156 3294 τῶν
2190 3242 2502 3310 φαντασιῶν
2550 3243 2821 3313 τεχνίτης,
2852 3244 3013 3298 όποῖα
3047 3245 3142 3298 καὶ
3177 3243 3417 3308 ,τοιαῦτα
3447 3245 3632 3298 πολλά

2051 3335 2108 3386 ἐν
2127 3333 2306 3396 ἄλλοις
2352 3335 2706 3404 ἐχορήγησεν.
2729 3334 2802 3388 Οὔ
2835 3336 2943 3406 γὰρ
2976 3335 3042 3390 ἂν
3072 3336 3220 3401 ἔδοξε
3248 3335 3310 3390 τὺ
3340 3337 3509 3391 κακὸν
3537 3336 3632 3388 ἓν-

2048 3441 2234 3487 τοπον,
2265 3425 2378 3478 ἀλλ’
2413 3425 2637 3479 αὐτόθεν
2684 3413 3054 3494 (paveaqu
3101 3426 3365 3498 ἠλέγχετο
3416 3429 3477 3480 τὸ
3522 3429 3636 3496 τῆς·

2052 3514 2246 3584 ὅψεως.
2297 3517 2430 3570 Οὑδέ
2471 3517 2576 3589 μὴν
2621 3518 2834 3582 λέοντα,
2865 3519 2899 3588 ἦ
2941 3535 2994 3571 τι
3028 3519 3290 3583 τοιοῦτον,
3337 3519 3631 3589 ἐπαφῆκεν

2051 3607 2129 3668 εἰς
2150 3606 2381 3674 πόλεμον
2407 3608 2530 3675 (ποῦ
2559 3607 2666 3676 γὰρ
2697 3609 2810 3660 ἐκεῖ
2833 3608 3031 3679 λόχμη,
3058 3608 3127 3660 τά
3151 3608 3332 3661 τοιάδε
3358 3609 3454 3662 καὶ
3477 3609 3629 3678 κρύο

2049 3714 2257 3752 πτουσα
2287 3699 2377 3750 καὶ
2427 3699 2754 3767 ἐκφαίνουσα
2779 3701 2818 3767 ;)
2865 3700 3127 3770 σκορπίον
3155 3701 3233 3762 δὲ,
3270 3701 3441 3754 κακὸν
3462 3701 3630 3754 αὖθι-

2048 3791 2221 3857 γενὲς,
2251 3791 2343 3843 καὶ
2367 3791 2629 3851 τοιούτοις
2655 3793 2729 3855 ὡς
2761 3793 2830 3844 τὰ
2866 3793 3037 3846 πολλὰ
3063 3795 3249 3856 τόποις
3281 3794 3632 3864 ἐγκαταδαρ-

2049 3881 2207 3934 θάνον
2235 3881 2329 3934 καὶ
2355 3883 2776 3951 ἐκτρεφόμενον,
2811 3883 2932 3936 ὅθεν
2954 3884 3077 3936 οὐδέ
3108 3885 3409 3953 φαντάζειν
3435 3885 3624 3937 δοκεῖν

2049 3973 2319 4041 ἐνόμισεν,
2347 3971 2460 4026 ἀλλ’
2490 3972 2838 4039 ἐξεπεξάγειν
2869 3974 2929 4026 τὸ
2955 3976 3128 4028 κακὸν
3156 3975 3294 4045 πρὸς
3324 3975 3616 4044 ἀλήθειαν.

2049 4063 2112 4115 Εἰ
2138 4063 2194 4116 δὲ
2227 4062 2384 4129 φύσει
2405 4063 2463 4115 τὸ
2493 4062 2631 4127 ζῶον
2667 4063 2728 4116 οὐ
2761 4063 3124 4134 μεγαλοφυές,
3159 4058 3282 4118 ούδέ
3315 4060 3429 4118 οἷον
3474 4065 3631 4136 ἔχειν

2051 4154 2297 4222 ἐκφοϐεῖν
2319 4153 2410 4206 τὸν
2451 4155 2508 4211 ἐν
2537 4154 2840 4207 καθεστῶτι
2870 4155 3124 4223 μένοντα,
3152 4154 3268 4209 ἀλλ’
3299 4154 3449 4209 ἐστιν
3485 4157 3632 4225 ἡμῖν

2051 4245 2426 4312 φαντάσασθαι
2478 4244 2628 4314 παρὰ
2682 4244 2844 4313 φύσιν
2887 4247 3096 4299 ἐκεῖνον
3147 4245 3478 4313 διεστηκότα
3537 4247 3633 4308 είς

2048 4335 2298 4406 ὅγκωμα,
2343 4331 2433 4388 οἷα
2461 4337 2552 4388 καί⁵
2605 4336 2898 4407 ἀκαθάρτῳ
2948 4337 3272 4407 φυσώμενον
3320 4337 3628 4406 πνεύματι,

2049 4427 2143 4480 καὶ
2169 4427 2357 4496 χεῖρας
2408 4426 2506 4495 μὲν
2539 4427 2729 4496 ὥσπερ
2765 4427 2987 4497 μακρὰς
3020 4428 3468 4497 προϐεϐλημένον
3520 4430 3631 4492 τάς

2049 4519 2242 4589 χηλὰς.
2266 4519 2294 4570 ὃ
2337 4519 2399 4589 δή
2423 4534 2507 4580 τις
2537 4520 2630 4571 καὶ
2660 4520 2752 4571 ἐπὶ
2777 4519 2971 4589 ἐτέρας
3000 4520 3321 4589 ὁμοιότητος
3370 4519 3513 4582 ζῶον
3548 4523 3630 4573 εί-

2059 4613 2175 4665 πεῖν
2206 4611 2514 4678 ἐσοφίσατο,
2545 4612 2658 4672 τοῖς
2683 4611 2740 4664 δὲ
2774 4611 3110 4680 ἑκατέρωθεν
3133 4614 3292 4663 ποσὶν
3321 4609 3633 4679 ἐξηρμένον

2054 4700 2196 4772 πέρα
2220 4701 2314 4755 τοῦ
2356 4701 2605 4770 μετρίου.
2653 4702 2747 4754 καὶ
2779 4703 2957 4754 πυκνὰ
2991 4701 3266 4769 βαίνοντα,
3291 4702 3384 4754 καὶ
3413 4700 3635 4767 ἐναγώ-

2053 4807 2163 4844 νιον
2195 4790 2404 4854 θέοντα,
2443 4791 2652 4858 ἡρκότα
2673 4790 2729 4842 δὲ
2761 4792 2855 4843 καὶ
2887 4793 2946 4844 τὸ
2975 4791 3200 4860 κέντρον
3231 4791 3374 4860 ὑπὲρ
3399 4791 3428 4844 δ
3459 4792 3633 4859 φύσις

393 4892 589 4932 nereus
623 4878 882 4946 nigerque
913 4875 1084 4938 color,
1105 4872 1299 4942 quibus
1321 4873 1447 4926 talia
1478 4871 1731 4932 animalia
1758 4869 1949 4926 distin-

2056 4876 2188 4945 οἶδε,
2215 4880 2310 4934 καὶ
2334 4880 2409 4944 ὡς
2433 4875 2522 4934 οἷά
2547 4898 2666 4934 τινα
2694 4882 2955 4948 αἰγανέαν
2984 4883 3118 4952 πρὸς
3149 4882 3453 4952 ἐκφόϐησιν
3483 4882 3631 4936 ἀνα-

391 4979 643 5038 guuntur,
667 4981 724 5024 et
763 4969 815 5022 in
863 4969 1000 5024 alios
1033 4965 1446 5033 variegabatur;
1501 4973 1561 5020 ut
1607 4972 1664 5020 et
1719 4963 1949 5018 chama-

2055 4971 2292 5024 σείοντα.
2325 4971 2432 5025 Καὶ
2469 4966 2536 5041 ἦν
2564 4972 2737 5025 ἐκεῖνο
2779 4973 3004 5041 ταμιεῖον
3055 4973 3374 5042 φαρμάκου,
3405 4974 3534 5027 ὅσον
3563 4991 3633 5028 τε

392 5065 590 5118 leontis
619 5062 793 5117 inStar
823 5059 1002 5130 ignavi
1033 5071 1274 5127 praeceps
1322 5064 1527 5120 rueret,
1576 5069 1699 5111 cum
1759 5065 1949 5110 astan-

391 5157 528 5210 tium
568 5163 809 5222 stupore.
845 5153 918 5204 Ita
942 5165 1001 5205 se
1030 5164 1116 5204 res
1139 5147 1388 5211 habebat,
1421 5162 1540 5202 cum
1586 5146 1803 5201 athleta:
1835 5160 1952 5199 ma-

393 5263 496 5302 nus
530 5245 894 5299 venerandum
930 5241 1190 5295 contorsit
1226 5239 1388 5293 telum
1442 5247 1498 5294 et
1546 5238 1779 5306 amplius
1843 5253 1948 5292 non

391 5345 581 5398 erant;
615 5349 738 5388 nam
763 5334 852 5401 qui
898 5330 1172 5386 amaverat
1197 5329 1422 5399 aufugit,
1460 5329 1604 5397 quod
1632 5343 1758 5383 vero
1791 5328 1944 5382 afﬂa-

399 5439 508 5482 tum
537 5427 712 5482 fuerat
742 5426 990 5478 cxanime
1016 5422 1250 5488 iacebat.
1279 5421 1344 5476 Et
1373 5421 1675 5476 communis
1727 5421 1945 5489 quidem

397 5521 652 5575 inimicus
678 5532 857 5571 coram
887 5531 945 5570 se
977 5516 1068 5568 teli
1103 5517 1222 5568 loco
1255 5514 1484 5568 bestiam
1526 5517 1797 5568 iuventam
1828 5513 1958 5568 insi-

399 5615 614 5682 pienter
647 5607 900 5676 sumpsit,
939 5606 1445 5674 fortitudinemque,
1478 5613 1538 5658 ut
1563 5605 1736 5668 aiunt,
1799 5618 1956 5659 suam

399 5702 634 5758 vibrabit
663 5697 1000 5752 deﬁcientem
1023 5701 1074 5752 in
1108 5696 1480 5753 adversarium
1512 5706 1824 5766 martyrem.
1855 5696 1955 5762 Qui

404 5801 585 5850 autem
613 5789 738 5844 hinc
783 5797 834 5841 et
894 5790 1016 5843 inde
1049 5787 1244 5841 iterum
1278 5796 1441 5856 atque
1499 5786 1690 5843 iterum
1750 5799 1955 5854 organo

2052 5064 2081 5116 ό
2112 5062 2216 5132 θὴρ
2239 5061 2592 5133 ὲθησαύριζεν
2616 5063 2694 5125 εἰς
2713 5062 2935 5132 ὀλέθρου
2970 5061 3128 5116 ὄλϐον
3157 5065 3221 5117 ἐκ
3252 5064 3489 5132 φύσεως,
3520 5069 3632 5120 καὶ
3686 5076 3692 5081 “

2051 5156 2176 5208 ὅσον
2223 5155 2252 5206 ό
2287 5153 2495 5223 δαίμων
2526 5156 2832 5224 ἐπωχέτευε
2857 5195 2874 5220 ,
2913 5156 3083 5208 κακὸν
3108 5156 3264 5229 κακῷ
3295 5173 3635 5228 προσεπιτι-

2055 5246 2188 5308 θείς.
2213 5246 2367 5316 Τάχα
2389 5246 2445 5298 δὲ
2473 5247 2566 5299 καὶ
2597 5248 2673 5312 τῷ
2706 5246 2954 5316 χρώματι
2989 5247 3220 5317 φοϐερόν
3239 5264 3293 5300 τι
3326 5248 3635 5317 ἑπέφριττε

2056 5340 2149 5390 καὶ
2171 5339 2204 5405 ἠ
2231 5338 2324 5391 τοῦ
2351 5336 2551 5406 τεφροῦ
2582 5339 2674 5389 καὶ
2707 5337 2936 5406 μέλανος
2967 5339 3124 5406 χρόα.
3148 5337 3215 5390 δι’
3243 5332 3317 5391 ὧν
3341 5339 3413 5390 τά
3443 5338 3636 5390 τοιαῦ-

2057 5441 2126 5477 τα
2146 5422 2261 5485 ζῶα
2286 5425 2550 5494 χρώζεται
2575 5443 2588 5456 ο
2617 5427 2711 5478 καὶ
2739 5427 2815 5487 εἰς
2847 5427 3038 5493 ἐτέρας
3059 5427 3441 5495 φαντασιωὸῶς
3471 5427 3637 5494 ἐξηλ-

2057 5515 2304 5579 λάττετο,
2333 5515 2419 5568 ἵνα
2443 5518 2536 5567 καὶ
2581 5515 2653 5577 ὼς
2687 5518 2766 5577 εἰς
2813 5517 3258 5586 χαμαιλεόντειον
3287 5518 3513 5583 ἀγεννὲς
3547 5519 3638 5587 ῥί-

2060 5623 2265 5670 πτοιτο,
2291 5601 2371 5668 οἷς
2397 5605 2572 5659 ἐδόκει
2608 5608 2748 5675 μέγα
2780 5625 2830 5659 τι
2864 5609 3054 5661 ποιεῖν.
3084 5605 3264 5661 Ἦσαν
3293 5606 3488 5670 ταῦτα,
3521 5608 3636 5671 ἕως

2061 5699 2096 5766 ἡ
2122 5695 2387 5766 ἀθλητικὴ
2418 5698 2538 5766 χεὶρ
2567 5699 2815 5767 ἐπαφῆκε
2843 5699 2905 5751 τὸ
2944 5698 3272 5770 τιμιώτατον
3303 5699 3455 5769 βέλος
3475 5715 3490 5728 ⁸
3531 5700 3636 5752 καὶ

2064 5789 2128 5844 τὸ
2177 5788 2363 5846 λοιπὸν
2391 5789 2568 5845 οὐκέτ’
2591 5785 2752 5860 ἦσαν.
2794 5791 2934 5846 Ἀλλ’
2973 5794 3001 5844 ὁ
3034 5792 3132 5858 μὲν
3161 5791 3344 5860 φυσῶν
3397 5789 3632 5858 ἔφευγε,
