3908 6566
453 394 566 458 ειη

1180 392 1603 452 EUSTATIlll
1643 392 2390 453 'l'llESSALGLVlCENSiS
2433 393 2995 455 MBTROPOLITAE

3607 403 3712 464 ΞΜ

453 502 599 558 enim
613 499 792 571 qualis
823 498 1060 555 futuram
1089 500 1240 571 juxta
1271 504 1478 556 tirmam
1513 515 1662 569 spem
1709 515 2022 554 remunera-

2134 517 2216 568 χαι
2240 500 2330 552 τὸν
2354 499 2613 570 ἀθλητὴν,
2657 501 2750 554 τοῦ
2781 504 3124 574 μαρτυρικοῦ
3174 508 3709 580 καταναιδευόμεναι

455 597 654 652 tionem
685 592 1062 648 metiebantur.
1092 593 1195 660 Qui
1225 601 1414 649 contra
1441 594 1786 662 incorporeas
1803 593 2024 661 spiritus

455 685 649 740 t‘ortem
677 699 738 740 se
768 685 942 755 gessit
973 693 1027 739 et
1065 699 1164 754 pro
1192 685 1648 740 immaterialibus
1684 700 1743 739 se
1773 699 2026 740 exercue-

454 786 559 843 rat,
585 777 736 833 carni
769 787 822 832 et
845 777 1100 847 sanguini
1129 793 1352 846 parcere
1383 777 1638 833 nescivit.
1676 777 1852 832 Voluit
1885 792 2025 830 mar-

453 877 538 939 tyr
572 877 745 922 totum
777 867 912 923 adeo
939 865 1143 923 lanceis
1167 867 1371 923 firmari
1401 883 1620 938 corpus,
1654 877 1713 922 ut
1735 883 1828 938 per
1849 877 2023 922 totum

452 958 932 1029 Christistigmata
970 959 1401 1028 portaret;qnia
1462 973 1588 1014 vero
1641 974 1746 1014 non
1806 959 2023 1026 accidit,

456 1057 681 1119 propter
720 1050 1058 1114 Dominicam
1095 1050 1457 1106 imitationem
1489 1052 1556 1106 de
1619 1053 1857 1106 laterum
1883 1067 2025 1121 pun-

453 1143 731 1197 ctionibus
768 1142 1058 1213 gaudebat,
1099 1151 1436 1213 gratumque
1453 1144 1691 1199 ducebat
1712 1145 1756 1199 si
1789 1145 2027 1214 discipu-

461 1235 546 1289 lus
571 1235 866 1289 secundum
901 1236 1247 1305 magistrum,
1307 1244 1362 1290 et
1404 1238 1700 1292 secundum
1738 1237 2026 1294 Dominum

455 1339 656 1380 servus
690 1325 863 1379 ﬁeret.
907 1323 1152 1380 Gratiam
1173 1339 1231 1380 se
1259 1325 1460 1380 debere
1484 1325 1758 1380 fatebatur
1783 1329 2025 1384 mouenti

453 1415 674 1474 Nestori
715 1427 768 1473 et
807 1419 1144 1488 tyrannicam
1193 1417 1329 1472 iram
1386 1417 1557 1489 magis
1603 1421 1916 1476 incendenti
1972 1429 2028 1475 et

459 1511 687 1564 reditum
722 1505 790 1561 ad
827 1506 989 1561 Deum
1025 1507 1375 1562 acceleranti.
1397 1507 1434 1558 A
1460 1522 1571 1575 quo
1593 1508 1882 1580 magisterii
1901 1524 2030 1579 pre-

456 1605 589 1657 tium
607 1609 763 1672 grato
779 1604 959 1657 animo
974 1600 1174 1656 lanceis
1190 1598 1513 1654 metiebatur
1531 1601 1732 1669 gratias
1762 1601 2032 1672 :discipli-

454 1673 536 1747 nte
565 1696 1051 1750 remunerationem
1083 1693 1358 1762 plagarum
1393 1705 1619 1745 numero
1637 1699 1914 1760 acceptam
1941 1706 2029 1746 re-

454 1783 596 1838 tulit.
655 1785 712 1840 Si
768 1800 904 1841 vero
946 1786 1321 1848 moriebatur,
1367 1784 1596 1838 ﬁrmiter
1652 1797 2027 1852 perseverans,

2124 591 2378 658 αἵματος.
2423 593 2772 663 Ἀντεμέτρει
2803 595 2912 664 γὰρ
2949 597 3072 659 ταῖς
3095 597 3308 662 ὀδύναις
3344 601 3444 671 τὴν
3482 603 3544 655 ἐν
3575 619 3707 655 σταρ

2124 679 2548 757 θεραῖςὲλπὶσιν
2578 683 2894 736 ἀπόλαυσιν.
2927 682 2988 738 '0
3009 687 3146 739 κατὰ
3176 689 3502 756 πνευμάτων
3533 692 3708 758 ἀσάρο

2127 787 2240 825 κων
2279 773 2696 842 άνδρισάμενος,
2740 776 2832 827 καὶ
2858 774 2933 837 ὡς
2963 776 3045 839 εἰς
3089 777 3286 830 ἀῠλιαν
3317 782 3706 850 ὲκπονησάμε-

2125 879 2214 926 νος
2249 863 2464 928 ἑαυτὸν,
2496 865 2595 918 οὐκ
2619 860 2732 934 εἶχε
2761 865 2964 936 σαρκὸς
2999 866 3096 920 καὶ
3117 868 3348 938 αἵματος
3393 871 3706 938 φείδεσθαι.

2129 954 2358 1009 Ἦθελεν
2405 957 2435 1010 6
2484 956 2694 1027 μάρτυς
2752 961 2844 1012 καὶ
2885 961 2944 1013 τὸ
2995 962 3104 1014 πᾶν
3140 961 3298 1031 σῶμα
3352 965 3711 1033 πυκασθῆναι

2125 1045 2348 1116 λόγχαις
2382 1047 2678 1114 τοιαύταις,
2725 1052 2800 1113 ὡς
2828 1051 2893 1104 ἂν
2917 1052 3094 1106 διόλου
3127 1057 3285 1124 φέροι
3324 1056 3391 1108 τά
3442 1057 3540 1109 τοῦ
3569 1060 3714 1127 Χρι-

2127 1137 2251 1192 στοῦ
2285 1139 2589 1207 στίγματαο
2639 1141 2721 1193 ὅτι
2773 1142 2830 1194 δὲ
2870 1141 2971 1196 οὐκ
3000 1143 3232 1212 ἐγίνετο,
3279 1147 3464 1217 ἔχαιρε
3499 1149 3581 1220 τῷ
3609 1150 3701 1203 διο

2128 1230 2367 1301 σποτικῷ
2393 1233 2672 1302 μιμήματι
2724 1237 2834 1296 τοῖς
2873 1237 3013 1290 κατά
3042 1237 3280 1308 πλευρᾶς
3306 1240 3574 1308 νύγμασι,
3602 1245 3702 1296 καὶ

2126 1321 2416 1392 ἀγαπητὸν
2450 1324 2657 1392 ἔλεγεν,
2687 1326 2735 1377 εἰ
2766 1327 2795 1378 6
2814 1327 3067 1398 μαθητὴς
3085 1332 3227 1383 κατὰ
3245 1332 3335 1383 τὸν
3361 1332 3708 1400 διδάσκαλον,

2128 1415 2223 1468 καὶ
2275 1416 2304 1468 6
2331 1417 2548 1488 οἰκέτης
2580 1418 2723 1470 κατὰ
2777 1419 2866 1472 τόν
2910 1422 3177 1488 δεσπότην
3223 1424 3472 1494 γένηται.
3525 1427 3708 1497 Χάριν

2128 1506 2398 1575 ὡμολόγει
2425 1508 2502 1578 τῷ
2553 1512 3040 1581 καταμεμηνυκότι
3070 1513 3335 1586 Νέστορι,
3351 1519 3444 1568 καὶ
3481 1517 3575 1570 τὸν
3609 1535 3711 1570 τυ·-

2131 1597 2383 1666 ραννικὸν
2434 1598 2514 1660 εἰς
2574 1596 2736 1651 πλέον
2767 1597 2939 1668 θυμὸν
2991 1602 3360 1672 ὑπανάψαντι,
3409 1608 3505 1660 καὶ
3532 1609 3712 1678 ταχῦ-

2128 1705 2278 1742 ναντι
2324 1687 2420 1756 τὴν
2453 1688 2540 1752 εἰς
2575 1689 2708 1743 Θεὸν
2731 1690 3010 1748 ἀνάλυσιν.
3068 1692 3175 1746 Καὶ
3221 1694 3480 1766 δίδακτρα
3530 1697 3714 1751 ταῦτα

2133 1781 2271 1851 πρὸς
2317 1780 2526 1835 ἑκείνου
2582 1780 2769 1836 λαϐεῖν
2831 1783 3267 1854 ἀνθωμολογεῖτο
3315 1787 3517 1842 πολλοῦ
3555 1768 3709 1853 ἀξια.

453 1879 644 1932 eratei
680 1878 946 1933 bonorum
997 1885 1180 1946 caput.
1250 1877 1487 1931 Omnino
1527 1877 1755 1946 optabat
1807 1889 2024 1929 servum

2141 1869 2395 1942 Ἐμέτρει
2415 1875 2537 1935 ταῖς
2564 1873 2788 1944 λόγχαις
2815 1875 2917 1939 τάς
2941 1876 3174 1946 χάριτας
3194 1895 3209 1908 ο
3239 1878 3466 1949 ἠρίθμει
3488 1880 3585 1944 τάς
3610 1884 3711 1952 τῆς

456 1964 692 2038 Lupum,
734 1969 946 2024 nonde
977 1969 1204 2024 servitio
1269 1970 1322 2022 in
1379 1969 1488 2022 vita
1538 1967 1884 2033 erubescere,
1925 1965 2020 2021 sed

457 2061 654 2116 anima:
685 2060 946 2118 salutaria
971 2073 1302 2114 conservare
1331 2057 1576 2112 consilia.
1600 2056 1664 2110 Et
1694 2055 2022 2110 desiderium

455 2152 684 2222 adeptus
707 2161 811 2216 est,
831 2160 888 2208 et
915 2159 1142 2207 secutus
1169 2158 1253 2205 est
1283 2149 1429 2204 sicut
1456 2155 1512 2203 et
1570 2147 1661 2202 ille
1693 2145 2022 2202 iuitiatorern

454 2245 760 2312 Nestorem,
795 2256 855 2301 ut
882 2243 1160 2301 dominum
1195 2257 1408 2306 servus,
1443 2241 1516 2296 ita
1557 2247 1618 2295 ut
1651 2254 1758 2294 non
1793 2241 2026 2295 morien-

455 2347 558 2403 tes,
587 2337 681 2392 sed
709 2337 889 2405 potius
922 2335 974 2390 in
1005 2349 1199 2390 novam
1225 2343 1281 2388 et
1305 2333 1693 2402 sempiternam
1725 2332 1891 2385 vitam
1940 2331 2023 2385 vi.

456 2441 566 2484 tam
598 2427 858 2491 ordinati,
881 2425 1116 2481 invicem
1146 2423 1536 2493 relinquerent,
1567 2427 1662 2480 sed
1693 2424 1746 2477 in
1776 2423 2026 2492 paradiso

459 2535 564 2573 una
591 2519 898 2573 habitantes
924 2516 1204 2586 pulchram
1233 2515 1598 2571 conditionem
1652 2531 1756 2570 non
1807 2529 2029 2584 respue-

464 2622 582 2665 rent
612 2611 757 2672 .inter
783 2608 1111 2679 discipulum
1167 2616 1224 2664 et
1254 2608 1594 2674 magistrum,
1648 2609 1791 2660 inter
1844 2606 2017 2661 servi-

459 2702 592 2758 tium
613 2709 667 2756 et
692 2701 1192 2756 dominantem'non
1209 2700 1614 2763 erubescerent;
1638 2700 1744 2752 imo
1777 2706 1836 2750 ut
1854 2697 2030 2750 disce-

457 2791 678 2860 reutqui
699 2798 930 2844 mentem
945 2789 1013 2844 ad
1031 2786 1212 2842 divina
1227 2788 1519 2857 applicant,
1535 2791 1832 2857 sapientem
1855 2788 2029 2842 virum

457 2900 563 2950 pou
600 2882 778 2936 socios
813 2880 921 2937 sibi
955 2879 1250 2950 adiungere
1283 2879 1573 2946 dissimiles
1603 2887 1692 2932 aut
1727 2879 1882 2934 aliter
1914 2880 2032 2934 illos

456 2977 524 3031 ad
559 2974 858 3030 amicitiam
881 2971 1124 3028 allicere.
1151 2971 1428 3026 Demetrio.
1446 2985 1576 3038 ergo
1620 2971 1679 3024 in
1703 2971 1809 3024 Deo
1862 2972 2026 3026 amici

457 3076 614 3122 erant
643 3075 696 3120 et
718 3065 914 3122 Nestor
957 3073 1014 3118 et
1048 3076 1240 3118 servus
1284 3059 1487 3126 Lupus,
1538 3063 1719 3130 itaque
1768 3061 1907 3116 idem
1967 3063 2034 3118 ad

2125 1959 2424 2031 μαθήσεως
2465 1963 2705 2034 ἀμοιϐἀς
2757 1966 2878 2028 ταῖς
2919 1966 3176 2036 πληγαῖς.
3208 1969 3270 2022 El
3313 1969 3371 2022 δὲ
3400 1972 3497 2024 καὶ
3526 1972 3710 2039 θάνοι,

2136 2053 2535 2124 καρτερώτατα
2587 2055 2909 2126 ἐπιμείνας,
2961 2058 3098 2112 ἀλλὰ
3126 2059 3272 2113 τοῦτ⁹
3297 2057 3366 2133 ἦν
3415 2064 3567 2134 αὑτῷ
3600 2066 3714 2118 τῶν

2126 2144 2351 2212 ἀγαθῶν
2381 2145 2443 2198 τὸ
2468 2147 2788 2216 κεφάλαιον.
2817 2147 3035 2214 Ηῦξατο
3063 2151 3302 2217 πάντως,
3329 2158 3425 2207 καὶ
3451 2155 3546 2209 τδν
3585 2155 3712 2209 δοῦ-

2123 2236 2220 2290 λον
2249 2237 2466 2292 Λοῦπον
2509 2239 2585 2310 μὴ
2613 2241 2979 2312 καταισχῦναι
3014 2243 3080 2296 τά
3113 2245 3172 2296 ἐν
3199 2245 3302 2314 βιῳ
3336 2247 3710 2317 δουλεύματα,

2124 2327 2261 2382 ἀλλά
2291 2329 2535 2384 σωστικά
2559 2330 2742 2402 ψυχῆς
2791 2332 3157 2388 ἀναλαϐέσθαι
3192 2335 3557 2408 βουλεύματα.
3594 2342 3715 2395 Καὶ

2129 2422 2507 2492 συνεπεράνθη
2556 2425 2654 2478 καὶ
2683 2423 2921 2479 ἐνταῦθα
2941 2427 3011 2481 τά
3056 2427 3158 2498 τῆς
3199 2430 3390 2500 εὐχῆς.
3429 2434 3526 2487 καὶ
3574 2435 3713 2501 ﬁxo-

2125 2512 2414 2585 λούθηκεν,
2455 2513 2648 2586 ὥσπερ
2675 2517 2840 2580 αὐτὸς
2895 2519 2973 2589 τῷ
3028 2520 3208 2592 μύστῃ
3259 2523 3520 2592 Νέστορι,
3562 2525 3719 2579 οὕτω

2128 2605 2228 2656 καὶ
2271 2607 2479 2669 ἐκεῖνος
2505 2605 2588 2676 τῷ
2639 2607 2992 2672 δεσπόζοντι’
3045 2612 3122 2674 ὡς
3149 2613 3216 2666 ἂν
3262 2613 3398 2684 μηδὲ
3431 2614 3709 2678 θανόντες,

2134 2695 2334 2764 μᾶλλον
2374 2698 2474 2766 μὲν
2499 2694 2599 2751 οὖν
2629 2700 2708 2763 εἰς
2739 2703 3063 2772 καινοτέραν
3095 2706 3528 2774 μεταταξάμενοι
3564 2708 3719 2777 ζωὴν

2133 2786 2229 2838 καὶ
2271 2787 2605 2859 ἀπέραντον,
2656 2791 2902 2863 ἀλλήλων
2949 2792 3244 2860 λειποιντο,
3284 2798 3402 2850 ἀλλ’
3439 2801 3500 2852 ὲν
3531 2817 3716 2870 «sapo-

2133 2875 2311 2931 δείσου
2345 2881 2830 2952 συσκηνωσάμενοι
2858 2881 3010 2954 τόπῳ
3059 2886 3159 2954 τὴν
3197 2886 3370 2954 καλὴν
3403 2887 3596 2958 σχέσιν
3634 2891 3714 2960 μὴ

2134 2970 2588 3041 καταισχύναιεν,
2635 2974 2736 3047 τὴν
2759 2975 2862 3044 τῆς
2898 2977 3200 3046 μαθητειας
3238 2981 3266 3032 6
3295 2979 3716 3050 διδασκόμενος,

2133 3062 2234 3130 τὴν
2256 3061 2357 3132 τῆς
2375 3062 2620 3127 δουλείας
2649 3067 2678 3118 6
2724 3065 3149 3138 δεσποζόμενος’
3207 3071 3302 3122 καὶ
3337 3072 3566 3140 μάθοιεν
3617 3076 3714 3126 καὶ

457 3158 627 3214 Deum
682 3156 1015 3212 curriculum
1063 3160 1443 3224 percurrentes
1488 3152 1732 3208 stadium
1793 3153 2028 3208 victores

2136 3153 2388 3208 ἰντεῦθεν
2434 3155 2483 3208 oi
2519 3156 2610 3209 τὸν
2637 3155 2765 3210 νοῦν
2821 3160 2958 3230 πρὸς
2985 3163 3098 3225 τοῖς
3136 3161 3303 3225 θείοις
3349 3163 3590 3233 ἔχοντες,
3625 3166 3712 3230 ὅτι

457 3251 828 3318 absolverunt,
860 3247 1013 3318 cujus
1064 3221 1198 3301 linis
1232 3245 1341 3299 vita
1422 3243 1480 3298 in
1530 3244 1781 3314 paradiso
1837 3258 2028 3301 conso-

2135 3244 2420 3309 σπουδαῖος
2449 3246 2586 3316 ἀνὴρ
2616 3247 2718 3308 οὐκ
2757 3248 2825 3302 ἂν
2861 3221 2988 3315 τοῦς
3019 3221 3308 3322 ἀνομοίους
3358 3221 3717 3326 τζροσεταιρίη

455 3342 623 3396 clata.

2129 3333 2298 3402 ζοιτο,
2339 3337 2372 3406 ἢ
2420 3337 2593 3403 άλλως
2622 3337 2746 3408 ἄγοι
2798 3339 2866 3394 ἂν
2905 3343 3042 3412 πρὸς
3082 3343 3375 3398 οἱκείωσιν.
3405 3347 3713 3417 Δημητρίῳ

453 3435 584 3518 γοῦν
615 3435 880 3506 θεοφιλεῖς
929 3429 1070 3504 ἦσαν
1116 3430 1212 3485 καὶ
1239 3430 1267 3483 6
1327 3430 1548 3500 ἑταῖρος
1596 3428 1826 3500 Νέστωρ
1873 3429 1970 3482 καὶ
1998 3429 2026 3482 6
2053 3429 2242 3496 δοῦλος
2295 3431 2638 3498 Λοῦπος,δώ
2696 3437 2792 3489 καὶ
2843 3437 3042 3492 ταυτὸν
3095 3440 3268 3508 πέρας
3314 3440 3495 3506 αὐτοῖς
3543 3442 3710 3513 ἐξέϐη

453 3530 550 3602 τοῦ
577 3530 724 3585 κατὰ.
788 3529 921 3584 Θεὸν
982 3527 1210 3598 δρόμου,
1273 3523 1335 3578 τὸ
1389 3524 1607 3578 στάδιον
1660 3525 1956 3594 νικητικῶς
2007 3522 2352 3596 ἑξανύσασιν,
2407 3521 2468 3582 οῦ
2516 3529 2839 3602 κατάντημα
2899 3534 2938 3603 ἠ
2987 3535 3045 3587 ὲν
3101 3536 3412 3605 παραδείσῳ
3462 3538 3710 3607 συμϐιω-

456 3639 568 3685 σις.

523 3717 629 3772 40..
648 3715 704 3772 Si
735 3729 864 3771 vero
892 3712 1154 3785 prodigiis
1178 3712 1504 3784 discipulum
1533 3722 1589 3767 et
1621 3727 1842 3768 servum
1882 3725 2032 3782 pra:-

455 3808 636 3864 stabat
659 3805 889 3870 athleta,
912 3805 1245 3859 abundantia
1268 3806 1320 3858 in
1343 3804 1449 3858 vita
1472 3802 1714 3856 omnium
1745 3801 2033 3868 bonorum,

455 3903 535 3957 sic
565 3907 618 3956 et
650 3908 771 3970 post
804 3897 1127 3968 martyrium
1179 3896 1559 3951 miraculorum
1611 3908 1738 3948 caro
1771 3893 2033 3948 honorata

455 3974 539 4051 est
566 4004 622 4050 et
649 3993 871 4063 sanguis
896 3991 986 4048 cui
1019 3991 1416 4045 incrementum
1448 3998 1570 4059 post
1601 3997 1823 4040 externa
1860 3987 2033 4054 nutrie

459 4097 638 4141 menta
672 4085 884 4138 abunde
911 4084 1095 4137 datum
1131 4087 1238 4144 est,
1270 4094 1494 4149 regnum
1532 4076 1624 4132 Dei
1660 4091 1770 4132 non
1801 4075 2030 4130 haeredi-

460 4181 671 4239 labnnt.
697 4177 836 4235 Caro
866 4185 1044 4230 autem
1075 4174 1336 4243 martyrio
1360 4173 1559 4227 laniata
1587 4182 1806 4242 propter
1833 4171 2026 4236 Deum,

457 4281 509 4326 et
532 4271 752 4341 sanguis
785 4283 940 4337 aqua:
972 4267 1145 4322 bistar
1179 4266 1311 4335 ipsis
1367 4280 1431 4321 ex
1474 4265 1691 4320 ossibus
1726 4263 1946 4327 ellusus;
1974 4273 2031 4316 ut

457 4379 577 4417 cum
612 4363 903 4417 Psalmista
926 4361 1118 4424 dicam,
1155 4361 1273 4428 ipsa
1297 4369 1351 4412 et
1395 4360 1558 4412 beata
1595 4357 1908 4412 haereditate
1931 4370 2031 4424 po-

459 4451 757 4516 tiebantur,
793 4459 846 4505 et
885 4450 1060 4514 nobis,
1095 4449 1247 4518 juxta
1299 4447 1459 4501 Iidem
1492 4448 1635 4510 dico,
1673 4453 1935 4512 quotquot
1978 4447 2030 4498 in

2210 3718 2290 3781 μ’.
2325 3712 2388 3764 Εἰ
2415 3710 2476 3764 δὲ
2503 3711 2824 3766 πλεονεκτεῖ
2857 3713 2948 3766 τόν
2977 3730 3034 3766 τε
3069 3714 3317 3786 μαθητὴν
3349 3717 3440 3769 τόν
3472 3735 3532 3772 τε
3565 3724 3713 3776 uixe—

2135 3820 2236 3872 την
2263 3805 2374 3867 τοῖς
2405 3803 2713 3872 τεραστὲοις
2745 3804 2774 3855 ὅ
2808 3803 3071 3874 ἀθλητὴς.
3109 3805 3300 3873 φθάνοϐ
3353 3809 3412 3862 έν
3446 3810 3560 3882 ζωῇ
3595 3815 3718 3868 τῶν

2135 3895 2271 3948 ὅλων
2307 3893 2532 3961 ἀγαθῶν
2557 3934 2573 3960 ,
2605 3894 2749 3946 οὓτω
2803 3896 2895 3947 καὶ
2923 3897 3031 3947 τῶν
3065 3899 3204 3965 μετὰ
3236 3901 3544 3969 μαρτυρίαν
3577 3901 3712 3958 θαυ-

2136 3987 2321 4056 μάτων
2345 3986 2580 4055 ιχοντος.
2615 3985 2759 4056 sape
2795 3986 3176 4058 τημελουμένη
3207 3992 3301 4042 καὶ
3332 3986 3474 4057 αἷμα
3499 3995 3712 4064 πληθυ-

2132 4083 2357 4148 νόμενον
2413 4079 2534 4141 ταῖς
2588 4075 2786 4142 ἔξωθεν
2818 4077 3126 4147 διατροφῶν
3174 4082 3458 4152 ἐπιρροαῖς
3507 4087 3610 4139 οὐκ
3636 4087 3710 4141 ἂν

2133 4172 2586 4242 κληρονομήσωσι
2620 4171 2894 4240 βασιλείαν
2922 4171 3079 4226 Θεοῦ.
3134 4173 3278 4244 Σάρε
3299 4176 3355 4228 δὲ
3382 4175 3524 4248 αὕτη
3558 4198 3707 4251 μαρ-

2133 4263 2332 4332 τυρικὴ
2361 4263 2735 4333 σπαραχθεῖσα
2769 4262 2858 4316 διά
2889 4262 3044 4326 Θεὸν,
3087 4264 3184 4317 καὶ
3220 4260 3364 4336 αἷμα
3392 4269 3550 4322 τοῦτο
3574 4271 3716 4326 ὡσεὶ

2135 4353 2280 4425 ὕδωρ
2313 4356 2495 4417 αὐτοῖς
2551 4354 2730 4418 ὀστοῖς
2785 4354 3092 4424 διεκχυθὲν,
3153 4355 3446 4426 ψαλμικῶς
3505 4363 3710 4429 εἰπεῖν,

2136 4444 2276 4498 αὑτά
2315 4461 2375 4495 τε
2406 4444 2504 4512 τῆς
2537 4445 2878 4514 μακαριστῆς
2938 4445 3301 4516 κληρονομίας
3356 4447 3570 4518 ἔτυχον,
3610 4455 3714 4506 καὶ

459 4551 576 4595 acta
609 4545 864 4611 martyris
901 4538 1486 4600 auimoincumbitnus,
1521 4535 1699 4590 simile
1743 4545 2028 4604 procreant

2134 4537 2282 4606 ἡμῖν,
2316 4522 2656 4599 πεποιθότως
2685 4535 2851 4604 λέγω,
2893 4538 3007 4600 τοῖς
3049 4537 3166 4589 ὅσοι
3202 4537 3269 4590 τὰ
3298 4539 3391 4611 τοῦ
3425 4539 3711 4611 μάρτυρος

459 4635 683 4688 bonum.
709 4633 992 4700 Quomodo
1021 4642 1202 4685 autem
1231 4647 1333 4685 non
1364 4630 1592 4682 tardavit
1625 4629 1880 4696 martyris
1908 4641 2028 4680 care

2136 4626 2608 4696 ἀμφιπονούμεθα,
2634 4625 2696 4678 τὸ
2721 4627 2907 4696 ὅμοιον
2955 4631 3435 4698 καταπράττονται
3475 4632 3714 4699 ἀγαθόν.

463 4735 523 4779 ut
555 4735 699 4778 terra
726 4721 926 4777 fertilis
959 4733 1014 4775 et
1041 4721 1212 4775 electa
1253 4735 1370 4788 qua:
1400 4719 1526 4771 boni
1557 4717 1818 4786 germinis
1848 4731 2028 4769 semen

2138 4721 2260 4782 ῖιῶς
2303 4722 2357 4773 δὲ
2401 4720 2502 4772 οὐκ
2551 4718 2773 4789 ἔμελλεν
2811 4721 2846 4789 ἡ
2878 4720 3192 4790 μαρτυρικὴ
3222 4721 3360 4790 σὰρξ
3397 4719 3485 4777 οἷά
3516 4741 3600 4788 τις
3633 4727 3709 4795 γῆ

464 4815 692 4884 accepit,
729 4814 972 4869 sulcante
997 4813 1412 4883 apostolicarum
1433 4811 1873 4864 documentorum
1909 4824 2028 4861 ara-

2137 4813 2273 4864 πίων
2305 4813 2398 4863 καὶ
2430 4810 2684 4880 ὲκλεκτὴ,
2721 4807 2817 4880 τὴν
2850 4811 2949 4879 μὲν
2983 4809 3077 4862 τοῦ
3129 4811 3339 4878 ἀγαθοῦ
3389 4813 3711 4884 σπέρματος

466 4919 572 4972 lro,
614 4907 957 4960 abundanter
994 4919 1122 4959 vero
1177 4912 1428 4956 n‘tattante
1473 4915 1542 4954 cx
1584 4901 1695 4967 ipsa
1739 4906 1935 4954 sudore
1982 4909 2028 4952 cl

2134 4904 2235 4972 ἤδη
2291 4902 2597 4972 καταϐολὴν
2643 4902 2966 4971 δεδεγμένη,
3015 4903 3251 4972 ἀρότρου
3309 4903 3712 4975 ἀνασχίσαντος

465 4999 728 5067 sanguine
754 4998 999 5068 irrigata,
1024 5005 1080 5050 et
1109 4994 1194 5049 bis
1223 4993 1485 5046 ambobus
1511 5001 1728 5060 propter
1762 4989 1952 5051 Deum,
1983 4999 2028 5042 et

2134 4994 2228 5045 τοῦ
2292 4993 2401 5045 τῶν
2437 4993 2810 5047 ἀποστολικῶν
2852 4993 3229 5058 διδασκαλιῶν,
3282 4994 3607 5064 ἀρδευθεῖσα
3655 4998 3714 5050 δὲ

465 5091 829 5161 frequentium
857 5089 1162 5142 Iaucearum
1193 5085 1544 5138 inlisionibus
1567 5083 1734 5147 culta,
1779 5092 2028 5150 tanquam

2135 5087 2391 5156 πλησμίῳ
2418 5086 2496 5155 τῷ
2525 5087 2584 5151 ἐξ
2611 5086 2779 5156 αὐτῆς
2802 5085 2985 5155 ἱδρῶτι
3030 5086 3124 5136 καὶ
3145 5085 3359 5152 αἵματι,
3391 5090 3484 5138 καὶ
3507 5089 3714 5156 ἀμφοῖν

464 5192 688 5253 vegetus
733 5190 789 5236 et
838 5178 1236 5234 luxuriantibus
1293 5177 1533 5244 undique
1571 5173 1841 5243 segetibus
1884 5186 2031 5240 ager,

465 5275 738 5344 quomodo
773 5288 881 5329 non
927 5271 1180 5337 tardavit,
1224 5271 1462 5338 inquam,
1494 5269 1726 5322 fructum
1765 5267 1918 5322 nobis
1950 5283 2034 5320 sa—

463 5366 632 5420 lutem
666 5376 873 5418 metere
920 5362 1224 5416 voleutibus
1250 5361 1464 5427 aii'crre,
1499 5361 1760 5430 siquidem
1801 5370 1854 5413 et
1886 5359 2037 5413 chla-

465 5473 586 5528 mys
611 5471 777 5526 super
799 5467 1048 5511 sanctum
1086 5469 1286 5524 corpus
1317 5453 1446 5508 illud
1478 5468 1740 5523 expansa,
1770 5461 1823 5507 et
1849 5452 2037 5522 gratim

465 5565 586 5620 qtta:
611 5553 680 5605 ab
715 5564 780 5605 eo
809 5547 994 5604 deﬂuit
1031 5547 1327 5618 particeps,
1363 5547 1764 5618 possidentibus
1795 5545 2035 5602 Sanctiﬁ-

467 5641 608 5698 catio
638 5641 729 5696 ﬁt?

535 5820 627 5876 41.
683 5821 926 5875 Annulus
981 5823 1193 5877 athletae
1254 5837 1469 5877 manum
1524 5838 1744 5888 ornans,
1793 5821 2030 5890 cjusdrtn

2136 5180 2274 5250 ὑπὲρ
2300 5179 2460 5242 Θεοῦ,
2488 5181 2552 5248 τῇ
2587 5178 2644 5230 δὲ
2669 5177 2780 5230 τῶν
2819 5177 3027 5247 συχνῶν
3058 5177 3301 5245 δοράτων
3327 5176 3566 5248 ἐμπήξει
3588 5195 3715 5248 exq-

2139 5271 2470 5342 ματισθεῖσα
2495 5269 2570 5332 ὼς
2603 5270 2682 5331 εἰς
2708 5268 2840 5322 δασὺ
2866 5268 2962 5320 καὶ
2988 5268 3216 5337 φρίσσον
3253 5269 3441 5336 ἁδραῖς
3481 5271 3714 5338 ἀναδρο-

2139 5364 2266 5432 μαῖς
2296 5357 2585 5428 ἀσταχύων
2609 5357 2783 5427 λήϊον,
2839 5360 3212 5427 καρποφορεῖν
3262 5360 3396 5426 ἡμῖν
3444 5362 3715 5428 σωτήριον

2143 5453 2523 5522 συγκομισμὺν
2547 5453 2661 5515 τοῖς
2687 5451 2978 5520 δρέπεσθαι
3005 5449 3274 5515 θέλουσιν,
3303 5453 3436 5506 ὅπου
3466 5453 3564 5506 καὶ
3587 5453 3718 5522 χλαο

2143 5552 2247 5616 μῦς
2301 5544 2396 5597 τοῦ
2443 5543 2599 5611 ἀγιου
2646 5543 2853 5596 ἐκείνου
2908 5543 3388 5597 καταπετασθεῖσα
3440 5543 3724 5612 σώματος,

2142 5637 2360 5706 καὶτῆς
2403 5635 2610 5688 ἐκεῖθεν
2662 5634 3003 5704 μετασχοῦσα
3037 5636 3280 5706 χάριτος,
3315 5640 3426 5699 τοῖς
3474 5655 3714 5708 προσερ-

2145 5728 2390 5796 γομένοις
2425 5726 2672 5794 ἁγίασμα
2711 5725 2956 5790 γξνιεταις

2215 5818 2324 5888 μα’.
2361 5820 2466 5871 Καὶ
2490 5816 2771 5879 δακτύλιος
2803 5817 2878 5882 δὲ,
2911 5818 2937 5868 6
2972 5820 3068 5887 τὴν
3099 5818 3400 5888 ἀθλητικὴν
3434 5821 3720 5889 κοσμήσας
