3908 6576
242 448 354 510 eos

1411 443 1797 513 LAUDATIO
1835 451 1889 510 S.
1929 442 2332 508 DEMETRII.

3341 431 3495 508 .206

250 567 438 632 χεῖρα,
470 562 574 630 τῆς
608 564 782 632 αὐτῆς
831 564 1141 636 ηύμοίρηκε
1195 566 1440 638 χάριτος,
1487 566 1545 627 ὃς
1585 565 1695 634 ἔχει
1733 566 1827 617 καὶ

1945 562 2201 630 )articeps
2233 563 2334 616 l'uit
2364 563 2569 630 gratim,
2602 573 2651 616 et
2688 563 2804 629 ipse
2830 560 3128 616 auditorem
3178 561 3229 614 in
3281 562 3365 615 sui
3399 561 3497 614 ad-

248 658 418 717 αὐτὸς
470 659 551 720 είς
609 656 798 725 θαῦμα
851 659 944 711 τὸν
1001 661 1276 729 ἀκροατὴν
1330 661 1596 730 ἐφιστᾷν,
1658 658 1824 712 πολλὰ

251 753 818 818 παρισημαινύμενον
865 753 920 803 ἐν
958 751 1137 820 αὐτῷ·
1171 752 1227 804 ἓν
1261 753 1378 822 μὲν,
1430 754 1513 805 ὅτι
1559 751 1824 821 σύμϐολον

246 859 320 910 ην
350 841 448 892 τοῦ
485 842 702 910 χαίρειν
751 842 840 895 τὸν
867 843 1128 914 ἀθλητὴν,
1170 843 1258 911 ἐφ’
1285 841 1366 907 οἷς
1394 844 1621 912 πάσχων
1672 831 1826 895 συνει-

256 931 534 1001 μαρτύρει
566 933 647 1002 τῷ
693 935 790 986 καὶ
822 935 1064 1006 μεγίστῳ
1110 939 1202 988 καὶ
1245 936 1538 1007 πρωτίστῳ
1567 934 1668 1001 τῆς
1694 934 1826 1004 ἁλη-

251 1026 412 1084 (ista;
454 1025 717 1093 μάρτυρι.
765 1025 984 1093 Ἀμέλει
1012 1027 1132 1080 οὐδὲ
1174 1028 1233 1079 ὲν
1271 1028 1455 1086 αὐτοῖς
1491 1027 1601 1088 τοῖς
1646 1023 1830 1084 ἄθλοις

253 1118 351 1166 τὸν
381 1116 484 1180 τῆς
508 1119 692 1184 χειρὸς
719 1117 924 1184 κόσμον
948 1116 1112 1185 ῥίψας
1135 1115 1388 1176 ἀπέθετο,
1420 1115 1552 1168 ἀλλὰ
1579 1118 1642 1184 τῇ
1676 1114 1831 1176 ἐκτὸς

251 1209 508 1274 χιρμονῇ
546 1205 647 1275 τὴν
698 1206 848 1265 ἐντὸς
895 1208 1215 1274 προέφαινε.
1274 1207 1384 1258 Καὶ
1437 1206 1606 1275 ὲχρῆν
1657 1203 1831 1266 οὕτως

251 1298 455 1350 ἑαυτὸν
469 1298 752 1352 διαθέσθαι
776 1299 865 1351 τὸν
888 1298 973 1365 ἐφ’
1000 1293 1080 1361 οἷς
1104 1300 1152 1350 οἱ
1181 1296 1366 1350 πολλοὶ
1397 1297 1830 1366 μεταπίπτουσιν

250 1390 852 1443 αὑτὸνὰκατὰσειστον
887 1391 1138 1460 μένοντα.
1194 1390 1256 1442 Et
1304 1390 1414 1458 γὰρ
1464 1389 1683 1451 πολλοῖς
1721 1389 1832 1440 τῶν

254 1482 551 1546 σνέκαθεν,
589 1483 994 1551 γενναιοψύχων
1043 1482 1165 1552 μὲν,
1201 1481 1305 1548 ἔξω
1336 1482 1391 1535 δὲ
1422 1482 1831 1552 θυραυλοῦντων

253 1576 355 1640 τῆς
387 1573 513 1625 καθ’
542 1576 692 1641 ἡμᾶς
725 1576 876 1644 ίερᾶς
907 1573 1096 1644 αὐλῆς,
1123 1575 1325 1644 ἦρεσκε
1357 1576 1666 1641 γενομένοις
1697 1573 1833 1641 πρὸς

256 1665 451 1725 αὐτοῖς
482 1667 592 1725 τοῖς
627 1665 975 1728 δεινοτάτοις,
999 1667 1087 1718 ὅτε
1113 1666 1243 1718 ποτὲ
1274 1667 1369 1717 καὶ
1401 1665 1722 1726 συνέπεσον,
1758 1665 1834 1733 μὴ

248 1758 340 1808 ὅτι
369 1774 436 1824 γε
475 1757 716 1824 δάκρυον
754 1760 1128 1824 κατενεγκεῖν,
1177 1756 1209 1826 ἢ
1257 1757 1492 1826 παρειὰν
1537 1758 1765 1826 ἁμύξαι,
1798 1757 1830 1826 ἢ

258 1851 442 1917 στόμα
475 1850 612 1918 πρὸς
641 1850 834 1919 γοερὶν
860 1849 1018 1916 λόγον
1053 1849 1282 1915 ἀνοῖξαι,
1312 1849 1345 1920 ἢ
1373 1850 1432 1900 τὸ
1467 1849 1653 1917 ἱλαρὸν
1677 1851 1834 1916 ἀμεῖ-

251 1941 359 2008 ψαι
389 1941 485 2007 τῆς
516 1939 713 2007 ὅψεως,
735 1939 869 1992 ἀλλὰ
903 1940 1265 2008 κοσμηθῆναι,
1303 1940 1553 2010 καθάπερ
1580 1942 1672 1994 ἐπὶ
1698 1958 1834 2009 νυμ-
1863 1921 1904 1976 Β

254 2030 464 2095 φώνος,
505 2033 599 2081 καὶ
643 2030 984 2097 καταστῆσαι
1025 2030 1125 2099 τὴν
1156 2029 1333 2099 ψυχὴν
1378 2033 1477 2099 μὲν
1528 2032 1607 2092 είς
1637 2046 1835 2099 καρτε-

259 2123 413 2187 ρίαν,
441 2122 506 2172 τὸ
543 2120 700 2189 σῶμα
727 2120 783 2173 δὲ
824 2122 902 2183 είς
937 2121 1293 2188 εὐπρέπειαν,
1331 2125 1425 2176 καὶ
1460 2121 1609 2174 οῦτω
1649 2137 1831 2193 παρα-

248 2211 531 2282 ϐληθῆναι
561 2217 671 2274 τοῖς
703 2212 961 2281 φοϐεροῖς
981 2228 998 2244 ο
1047 2212 1127 2276 τῷ
1158 2213 1321 2264 παντὶ
1365 2213 1528 2265 πλέον
1564 2213 1672 2266 ἔδει
1711 2215 1833 2282 χαί-

259 2317 430 2372 ροντα
461 2302 834 2354 καθυποδῦναι
863 2305 931 2354 τὰ
964 2303 1096 2372 παρ’
1125 2302 1436 2373 ἀνθρώποις
1490 2303 1639 2356 δεινὰ
1694 2303 1835 2372 ὑπὲρ

253 2394 404 2446 Θιοῦ
426 2395 519 2445 τὸν
535 2397 614 2455 είς
637 2393 696 2446 τὺ
711 2393 811 2463 τῆς
826 2394 1036 2463 τρυφῆς
1054 2394 1251 2463 χωρίον
1272 2394 1526 2465 ἀπαίρειν
1549 2393 1834 2464 μέλλοντα.

267 2487 371 2540 Ἐν
410 2487 510 2555 μὲν
541 2486 604 2555 δὴ
631 2486 792 2538 τοῦτο
820 2485 915 2538 τοῦ
943 2486 1228 2539 δακτυλίου
1257 2489 1480 2555 σεμνὸν,
1511 2487 1572 2538 ού
1614 2487 1754 2539 κατὰ
1775 2489 1836 2538 τὸ

262 2582 526 2646 παίγνιον
559 2577 654 2631 τοῦ
687 2580 778 2631 τὸν
800 2579 980 2646 Γύγην
1014 2578 1353 2648 κρύπτοντος
1375 2577 1449 2643 ὠς
1476 2581 1533 2631 ὲν
1565 2580 1714 2650 σκιᾷ,
1743 2579 1838 2632 καὶ

258 2668 707 2735 ἑξαφανίζοντος,
764 2669 858 2721 καῖ⁵
892 2667 1050 2732 αὖθις
1087 2670 1454 2738 ὲκφαίνοντος,
1501 2669 1617 2721 ἀλλ’
1648 2668 1838 2736 ὥσπερ

258 2761 329 2812 ἂν
361 2760 652 2821 δακτύλιος
679 2759 926 2822 τοιοῦτος
977 2759 1142 2823 αὑτός
1173 2776 1232 2812 τε
1268 2759 1563 2830 ἐκλάμποι,
1607 2763 1699 2813 καὶ
1732 2762 1840 2830 μά·

258 2854 429 2904 λιστα
461 2847 542 2913 οἷς
568 2851 756 2904 θεόθεν
775 2851 1163 2921 τερατουργεῖν
1193 2847 1588 2920 δεδυνάμωται,
1624 2854 1720 2907 καὶ
1748 2853 1840 2906 τὸν

267 2940 552 3013 φοροῦντα
585 2944 640 2994 δὲ
672 2943 1032 3013 προεκφαίνοι
1061 2946 1128 3013 τῇ
1157 2945 1294 3014 αὐτῇ
1322 2948 1528 3016 χάριτι.

344 3034 465 3107 μβ⁹.
498 3035 854 3102 Συνανεφάνη
903 3034 950 3087 δ’
999 3034 1252 3087 ἐντεῦθεν
1289 3036 1383 3088 καὶ
1430 3035 1618 3106 ἕτερον
1655 3034 1841 3106 ὅμοιον

269 3127 567 3196 σέμνωμα.
595 3124 758 3195 Ψυχὴ
781 3127 890 3195 γὰρ
911 3128 1297 3194 νυμφευομένη
1325 3121 1463 3196 Θεῷ,
1496 3128 1592 3180 καὶ
1614 3129 1711 3200 ἥδη
1746 3131 1843 3200 ἀρα

1932 655 2272 710 mirationem
2305 655 2490 720 trahit,
2517 657 2702 709 multis
2732 656 2783 708 in
2818 657 2932 723 ipso
2953 654 3177 723 signatis
3202 670 3216 707 :
3243 657 3494 723 primum,

1929 747 2228 816 symbolum
2269 757 2386 800 erat
2410 788 2424 812 ,
2464 747 2712 801 indicans
2735 788 2751 813 ,
2786 749 2926 814 quod
2967 748 3224 816 gauderet
3255 746 3452 800 athleta
3479 783 3498 808 ,

1929 838 1981 891 in
2011 839 2208 905 quibus
2243 853 2552 907 perpessus,
2593 839 2838 910 martyrii
2864 853 2988 893 cum
3026 841 3263 893 maximo
3298 839 3498 908 primo.

1931 945 2036 999 que
2085 931 2332 985 veritatis
2373 940 2510 987 teste
2542 931 2817 999 particeps
2847 941 2986 984 erat.
3031 929 3175 985 Sane
3225 933 3278 984 in
3317 931 3499 999 przrlio

1930 1037 2126 1075 manus
2151 1031 2532 1077 ornamentum
2567 1021 2866 1090 rejiciebat,
2898 1023 2992 1076 sed
3019 1024 3271 1077 esteriori
3311 1021 3498 1079 izt'liiitl

1931 1106 2177 1166 intimam
2219 1113 2560 1168 ostendebat.
2605 1109 2697 1166 Sic
2727 1112 2906 1182 ipsum
2937 1113 3148 1182 disponi
3178 1117 3499 1183 oportebat,

1927 1207 1987 1262 in
2039 1206 2240 1269 QUIbllS
2289 1205 2531 1274 plerique
2575 1205 2958 1268 succumbunt,
2990 1207 3390 1262 inconcussum.
3444 1207 3500 1261 Si

1928 1295 2076 1354 enim
2109 1299 2295 1352 multis
2334 1298 2476 1351 inter
2507 1297 2628 1352 illos
2666 1298 2757 1367 qui
2803 1299 3032 1366 desuper
3066 1298 3336 1368 egregium
3382 1300 3504 1353 ani-

1928 1399 2080 1445 "mum
2133 1391 2310 1445 sortiti
2366 1402 2528 1454 sunt,
2589 1389 2716 1444 licet
2745 1400 2896 1442 extra
2927 1403 3169 1445 sanctam
3204 1389 3500 1444 Ecclesiam

1931 1492 2174 1539 nostram
2225 1484 2447 1548 virant,
2501 1482 2682 1538 multis
2741 1483 2941 1551 placuit
2994 1485 3046 1537 in
3107 1484 3504 1540 terribilissima

1935 1577 2148 1642 quando
2185 1575 2322 1629 forte
2356 1575 2554 1642 delapsi
2587 1583 2734 1637 sunt,
2771 1589 2838 1628 ne
2866 1574 3156 1644 Iacrymam
3190 1592 3353 1629 unam
3383 1575 3533 1646 Tum

1937 1668 2088 1732 dere,
2131 1677 2224 1720 aut
2277 1681 2468 1734 genam
2522 1664 2752 1719 alterare
2778 1708 2793 1729 ,
2837 1676 2928 1718 aut
2975 1681 3037 1720 os
3070 1667 3306 1735 gementi
3343 1666 3506 1721 verbo

1939 1760 2170 1825 aperire,
2197 1768 2288 1811 attt
2318 1755 2474 1811 l‘ariei
2513 1759 2749 1811 laetitiam
2785 1759 3091 1821 immutare,
3127 1759 3220 1814 sed
3252 1761 3505 1814 exornari

1941 1859 2198 1916 tauquam
2239 1847 2303 1902 ad
2346 1849 2686 1910 thalamum.
2740 1855 2795 1903 et
2847 1848 3086 1904 animam
3140 1850 3194 1904 in
3248 1853 3504 1921 patientia

1934 1941 2234 2003 obiirmari,
2258 1955 2458 2009 corpus
2490 1955 2616 1993 vero
2645 1939 2697 1993 iu
2729 1941 2946 1996 habitus
2976 1941 3264 2012 vultusque
3290 1945 3504 2006 decore,

1934 2045 1982 2089 et
2026 2035 2104 2087 sic
2137 2031 2507 2088 formidulosis
2539 2031 2877 2100 comparari,
2909 2050 2935 2086 a
2974 2033 3185 2089 fortiori
3223 2035 3509 2104 oportebat

1936 2125 2260 2193 gaudentem
2307 2137 2406 2190 pro
2436 2123 2546 2178 Deo
2588 2124 2638 2176 in
2675 2122 2940 2177 terribilia
2976 2126 3042 2177 ab
3072 2122 3382 2178 hominibus
3411 2127 3511 2179 iut-

1937 2219 2076 2270 niitti
2115 2225 2384 2270 tormenta
2433 2232 2556 2268 eum
2595 2216 2684 2284 qui
2714 2210 2771 2268 in
2809 2215 3124 2270 ilelit-iarum
3161 2213 3345 2272 locum
3373 2216 3512 2284 jam-

1931 2307 2043 2378 jam
2073 2323 2130 2362 se
2159 2307 2340 2362 exmlli
2377 2307 2651 2375 sperabat.
2687 2305 2843 2359 Alittd
2882 2307 3102 2375 quidem
3139 2307 3323 2362 annuli
3355 2322 3513 2362 vene-

1939 2403 2166 2453 randum
2209 2400 2443 2463 signum,
2505 2413 2611 2450 nou
2664 2397 2818 2468 juxta
2867 2398 3287 2452 deliramentum
3325 2398 3507 2454 annuli

1937 2491 2138 2563 Gygen)
2186 2500 2438 2560 tanquam
2467 2491 2519 2544 in
2551 2492 2739 2544 umbra
2773 2486 3100 2545 occultautis
3143 2497 3198 2544 et
3239 2506 3304 2546 ex
3335 2493 3509 2548 oculis

1939 2584 2309 2645 subducentis,
2345 2593 2400 2636 et
2430 2583 2624 2636 iterum
2656 2582 2722 2634 ad
2755 2580 2931 2636 lucem
2967 2579 3262 2649 reddentis,
3287 2584 3381 2638 sed
3413 2599 3510 2637 an-

1939 2677 2099 2730 nulus
2135 2677 2256 2729 talis
2296 2673 2568 2736 illustrat,
2616 2672 2915 2742 praesertim
2967 2687 3062 2728 eos
3097 2673 3290 2741 quibus
3335 2689 3363 2727 a
3402 2670 3512 2729 Deo

1941 2768 2185 2837 prodigia
2229 2765 2461 2821 faciendi
2506 2767 2629 2819 data
2688 2775 2772 2820 est
2823 2773 3062 2833 potestas
3111 2771 3166 2819 et
3211 2775 3512 2836 gestantem

1939 2859 2126 2913 eadem
2157 2858 2328 2928 gratia
2361 2859 2514 2911 ditat.

2011 3058 2103 3112 42.
2136 3057 2346 3112 Exinde
2388 3058 2740 3113 memorabile
2769 3060 2910 3115 aliud
2941 3029 3213 3130 apparuit.
3247 3058 3514 3130 Sponsata

1945 3152 2088 3205 enim
2121 3150 2234 3205 Deo
2261 3150 2464 3213 anima,
2497 3149 2610 3219 jam
2638 3166 2761 3205 cum
2805 3152 2922 3219 ipso
2955 3162 3117 3206 uncta
3144 3163 3199 3207 et
3230 3153 3518 3207 indissolu-

273 3217 784 3303 poetotsévqatleqi,
815 3219 907 3269 καὶ
937 3217 1035 3286 τῆς
1063 3218 1244 3269 ἐκεῖσε
1275 3217 1534 3291 γινομένη
1573 3222 1840 3284 παστάδος

1948 3243 2068 3298 bilis
2104 3243 2193 3297 hic
2225 3241 2445 3296 thalami
2479 3256 2704 3298 consors
2751 3241 2945 3297 eﬂ‘ecta
2979 3258 3142 3312 quem
3187 3243 3516 3314 purissimus

263 3309 371 3377 τῆς
412 3296 780 3372 ἀκαταλύτου,
810 3307 878 3378 ἣν
899 3309 927 3359 ὀ
955 3308 1343 3378 καθαρώτατος
1383 3311 1484 3379 μὲν
1523 3311 1629 3364 τῶν
1654 3312 1841 3380 ψυχῶν

265 3398 513 3468 νυμφίος
573 3398 874 3463 ἐπέταξεν,
937 3398 1157 3467 ἄγγελοι
1235 3397 1292 3453 δὲ
1364 3403 1842 3466 καταπετάσαντες

268 3491 634 3560 κοσμιώτατα
669 3493 1096 3561 συνεκρότησαν,
1131 3492 1314 3555 καλῶς
1361 3494 1426 3547 ἂν
1457 3493 1534 3556 είς
1573 3493 1842 3564 σύμϐολον
1872 3526 1879 3532 -

269 3582 600 3654 ἁρῲὸῶνος
636 3583 729 3635 τοῦ
769 3584 911 3635 κατὰ
950 3583 1169 3654 πνεῦμα
1214 3585 1274 3637 τὸ
1302 3585 1544 3638 τοιοῦτον
1590 3586 1743 3655 φέροι
1777 3588 1842 3639 ἂν

267 3674 720 3743 περιτεθειμένον
745 3673 1046 3727 δακτύλιον.
1081 3676 1143 3727 Εἰ
1192 3675 1247 3728 δὲ
1292 3676 1369 3745 τῷ
1415 3680 1705 3746 περιφερεῖ
1749 3678 1842 3730 καὶ

270 3767 638 3835 περιηγμὲνῳ
666 3762 761 3816 τοῦ
792 3766 1068 3833 σχήματος
1097 3766 1192 3818 καὶ
1221 3766 1389 3827 τύπος
1422 3783 1502 3828 τις
1535 3761 1602 3837 ἧν
1645 3769 1842 3834 arcipi-

270 3875 366 3910 νου
405 3856 770 3924 μαρτυρικοῦ,
827 3859 928 3910 οὐκ
979 3857 1045 3909 ἂν
1085 3858 1171 3926 εἴη
1215 3858 1337 3910 οὐδὲ
1374 3859 1530 3911 τοῦτο
1563 3861 1642 3921 είς
1681 3860 1840 3926 λόγου

270 3952 439 4021 χάριν
474 3950 800 4019 ἀξύμϐολον,
857 3949 931 4012 ὡς
981 3949 1130 4012 ἄξιον
1167 3948 1227 4001 ὃν
1275 3948 1354 4020 τῷ
1400 3951 1566 4003 παντὶ
1610 3951 1860 4018 ὲστεφα-.

268 4043 480 4094 νὼσθαι
534 4042 630 4093 τὸν
682 4043 956 4110 μάρτυρα,
1010 4057 1072 4116 ου
1120 4041 1286 4102 τύπος
1337 4043 1398 4092 τὸ
1433 4041 1525 4093 τοῦ
1557 4039 1840 4094 δακτυλίου

269 4134 677 4202 στεφανοειδές,
716 4133 876 4186 Εἴποι
904 4135 950 4186 δ’
980 4134 1044 4186 ἄν
1070 4149 1174 4198 τις,
1206 4135 1287 4186 ὅτι
1318 4134 1411 4184 καὶ
1433 4137 1657 4204 σημεῖον
1680 4136 1842 4198 αὐτος

269 4227 562 4295 ὑπέγραφε
594 4225 692 4292 τῆς
723 4227 780 4277 ὲν
813 4227 1030 4294 φρουρᾷ
1057 4225 1385 4295 περιστολῆς
1425 4243 1485 4300 τε
1536 4227 1630 4278 τοῦ
1679 4227 1840 4280 ἀθλο-

273 4316 449 4384 φόροι)
477 4313 577 4365 καὶ
631 4315 1062 4382 κατασφίγξεως.
1115 4315 1310 4384 Τίμιον
1355 4317 1412 4369 δὲ
1457 4315 1551 4369 τοῦ
1597 4321 1840 4370 τοιούτου

273 4407 699 4462 δακτυλίουλκαὶ
744 4411 778 4478 η
833 4408 909 4470 ὡς
951 4409 1098 4470 εἰκὸς
1154 4410 1570 4480 ἐγγεγλυμμένη
1606 4415 1842 4481 σφραγὶς

273 4502 370 4555 καὶ
394 4505 455 4554 τδ
473 4502 649 4564 ἄλλως
667 4503 1037 4571 ἀξιωματικὸν
1065 4501 1158 4553 τοῦ
1185 4504 1324 4571 φορή
1333 4519 1523 4570 ματος.
1541 4504 1604 4554 ’Υ
1614 4505 1840 4574 πεδήλου

1942 3335 2248 3388 animarum
2280 3347 2512 3402 sponsus
2537 3333 2829 3394 ordinavit,
2862 3334 3038 3404 angeli
3067 3349 3198 3389 vero
3222 3336 3508 3390 ornatissi-

1943 3440 2029 3478 me
2057 3423 2464 3493 dispOSuerunt.
2515 3423 2718 3492 optime
2767 3422 2820 3475 in
2869 3423 3154 3477 arrharum
3211 3421 3542 3494 symbolum

1942 3515 2244 3571 secundum
2291 3515 2546 3584 spiritum
2597 3513 2688 3567 tali
2734 3514 2962 3582 digitum
3014 3513 3264 3568 indutum
3316 3512 3519 3566 annulo

1943 3608 2132 3662 habet.
2160 3605 2318 3672 Quod
2350 3605 2647 3659 orbiculata
2686 3604 2855 3658 forma
2905 3614 2960 3658 et
3003 3619 3217 3659 coronae
3265 3604 3521 3668 martyris

1951 3695 2183 3766 ﬁguram
2215 3695 2530 3758 exhibebat,
2559 3710 2662 3748 non
2707 3693 2888 3747 forsan
2927 3694 3133 3763 absque
3169 3694 3430 3760 dignitate
3465 3691 3518 3744 iu

1945 3798 2195 3838 sermone
2230 3784 2358 3846 erit,
2391 3799 2486 3852 per
2518 3799 2738 3838 corona:
2768 3783 3007 3852 speciem
3045 3784 3230 3836 annuli
3275 3784 3363 3836 imi
3389 3798 3521 3836 cans

1941 3891 2105 3946 quam
2157 3877 2374 3946 dignum
2422 3875 2497 3930 sit
2541 3876 2854 3930 omnimode
2899 3877 3152 3930 coronari
3201 3887 3517 3944 martyrem.

1947 3968 2153 4022 Dixerit
2200 3968 2396 4036 aliquis
2442 3977 2496 4020 et
2539 3966 2631 4020 illo
2664 3967 2876 4037 signum
2911 3965 3277 4035 angustiarum
3311 3965 3362 4017 in
3399 3979 3524 4018 car-

1944 4079 2072 4118 cere
2099 4074 2155 4118 et
2187 4063 2632 4127 strangulationis
2664 4062 2908 4117 inscribi.
2939 4063 3226 4130 Egregium
3257 4077 3388 4115 vero
3429 4075 3524 4112 an-

1943 4157 2054 4210 nuli
2091 4155 2212 4210 talis
2267 4164 2321 4210 et
2359 4165 2416 4208 ut
2451 4155 2764 4210 verosimile
2805 4164 2889 4209 est
2923 4154 3250 4224 insculptum
3284 4153 3522 4222 sigillum

1944 4258 2000 4302 et
2025 4248 2160 4300 alias
2188 4247 2494 4314 geSIatione
2519 4249 2762 4315 dignum.
2789 4246 2990 4313 Aperte
3015 4244 3392 4312 signiﬁcabant
3419 4242 3522 4295 ista

1947 4339 2206 4409 martyris
2233 4337 2548 4406 dignitatem
2580 4347 2633 4393 et
2661 4338 2858 4391 divinae
2897 4336 3086 4404 gratia:
3118 4335 3414 4403 genuinum
3439 4335 3520 4386 si-

1946 4430 2130 4498 gillum
2151 4469 2166 4492 ,
2197 4428 2267 4482 de
2307 4444 2414 4496 quo
2446 4443 2718 4497 nunquam
2764 4427 3032 4497 gloriatur
3063 4427 3154 4493 qui
3202 4424 3452 4478 animaru
3480 4441 3509 4472 ιι

1949 4522 2262 4574 thesaurum
2298 4521 2457 4589 rapit.
2503 4519 2632 4573 lude
2665 4529 2920 4586 tanquam
2954 4517 3047 4570 Dei
3083 4517 3275 4585 digito,
3314 4514 3394 4567 sic
3424 4531 3515 4565 au-

275 4597 382 4663 γὰρ
416 4596 516 4646 καὶ
547 4593 690 4645 αὐτὰ
728 4593 788 4644 τὸ
830 4594 1170 4664 μαρτυρικόν
1201 4611 1259 4647 τε
1291 4595 1508 4664 ἀξίωμα
1535 4597 1628 4648 καὶ
1658 4598 1718 4648 τὸ
1750 4597 1840 4665 τῆς

1958 4610 2086 4663 nulo
2117 4610 2220 4664 isto
2249 4611 2560 4665 daunonica:
2604 4621 2835 4665 caterva:
2855 4608 3172 4678 ejiciuntur,
3199 4607 3368 4676 digito
3396 4621 3530 4660 sane

276 4687 432 4748 θείας
486 4685 740 4738 ἐντεῦθεν
794 4685 1016 4754 χάριτος
1071 4683 1526 4737 ἀνεπιϐούλευτον
1580 4687 1850 4758 ὲπισφρὰ·

1965 4700 2066 4754 hoc
2090 4701 2292 4759 divino.
2324 4717 2516 4771 nempe
2547 4703 2598 4755 in
2628 4702 2862 4769 Spiritus
2890 4699 3058 4754 divini
3095 4701 3315 4753 virtute.

281 4800 481 4852 γισμα,
512 4777 581 4854 ἧς
628 4782 728 4834 οὐκ
764 4784 882 4835 ἔστι
917 4784 1454 4852 κατακαυχήσαοθαι
1521 4786 1612 4837 τὸν
1660 4787 2080 4859 συλαγωγοῦντα
2097 4796 2220 4856 τοὺς
2243 4795 2352 4846 τῶν
2394 4794 2582 4863 ψυχῶν
2627 4792 2960 4862 θησαυρούς.
3020 4789 3300 4844 Ἐντεῦθεν
3342 4785 3532 4857 ὥσπερ

279 4877 418 4928 Θεοῦ
444 4876 720 4946 δακτύλῳ,
745 4875 887 4928 οὕτω
917 4875 980 4941 δὴ
1013 4878 1108 4929 καὶ
1138 4877 1215 4944 τῷ
1236 4876 1504 4949 δακτυλίῳ
1555 4879 1729 4950 τούτῳ
1760 4883 1901 4950 φῦλα
1950 4886 2202 4956 δαιμόνια
2250 4887 2647 4952 ἐξελαύνονται,
2702 4885 2954 4954 δακτύλῳ
3014 4885 3196 4953 μέντοι
3250 4881 3380 4950 θείῳ
3437 4883 3533 4934 καὶ

283 4973 444 5038 αὐτὰ,
463 4971 693 5035 δυνάμει
718 4969 955 5038 δηλονότι
989 4968 1135 5020 θείου
1171 4970 1504 5039 Πνεύματος.

357 5069 468 5133 μγθ,
506 5063 596 5125 Ὠς
629 5061 688 5112 δὲ
719 5061 930 5124 σκεῦος,
951 5051 1118 5128 οὗπερ
1151 5061 1300 5122 ἐντὸς
1335 5061 1541 5126 ἀγαθόν
1573 5080 1625 5115 τι
1660 5064 1853 5130 στέγε-

281 5171 395 5215 ut,
431 5153 528 5205 οὐκ
556 5152 622 5204 ἂν
643 5153 728 5222 εῐη
763 5151 836 5220 μὴ
869 5151 1091 5219 μέτοχον
1137 5146 1277 5204 εἶναι
1328 5153 1425 5220 τῆς
1475 5154 1582 5204 εἴτε
1629 5155 1852 5218 εὐωδίας

287 5245 516 5307 ἐκείνου,
545 5245 654 5295 εἴτε
708 5243 801 5294 καὶ
845 5240 1008 5309 ἄλλης
1051 5241 1368 5308 ἡστινοσοῦν
1410 5242 1641 5309 αρετῆς,
1681 5243 1854 5306 οὕτως

281 5337 404 5386 0:30“:
429 5335 739 5405 περίῶ.ημα
769 5332 931 5395 θεῖον,
959 5333 1079 5384 ὁποι
1115 5332 1247 5383 ποτὲ
1299 5332 1498 5402 μέρους
1542 5332 1721 5402 τεθείη
1750 5336 1855 5386 σώ-

285 5446 476 5497 ματος,
510 5430 587 5490 είς
618 5427 646 5477 δ
694 5425 825 5488 Θεὸς
870 5423 1164 5494 ὲνῴάησεν,
1216 5424 1327 5492 ἔχοι
1374 5427 1439 5496 ἂν
1485 5425 1562 5494 μὴ
1608 5427 1707 5494 τῆς
1757 5428 1850 5478 τοῦ

271 5521 615 5587 γστεγομένου
646 5517 894 5588 μετέχειν
915 5518 1157 5585 χάριτος.
1183 5516 1339 5568 Οῦτω
1367 5516 1432 5568 τὰ
1469 5517 1591 5585 ἱερὰ
1617 5519 1857 5587 σιμικίν-

286 5614 384 5664 θια
413 5614 624 5681 χάριτος
651 5610 926 5678 θειοτέρας
966 5607 1276 5677 πέπλησται
1299 5623 1313 5636 ⁸
1349 5606 1521 5669 οὕτως
1566 5610 1738 5677 ἁγίων
1765 5612 1859 5662 πέ-

285 5703 411 5754 διλα
445 5705 566 5764 τοὺς
593 5701 699 5764 ἔξω
722 5703 930 5767 ὑγιείας
988 5699 1400 5768 πλανωμένους,
1459 5702 1553 5752 καὶ
1600 5701 1856 5770 τριϐομέ-

287 5811 414 5852 νου,
440 5795 561 5862 περὶ
587 5793 931 5868 τραχυτέραν
967 5791 1082 5860 βίου
1115 5792 1251 5855 ὁδὸν,
1293 5795 1371 5853 εἰς
1398 5794 1458 5844 τὸ
1507 5796 1647 5845 κατὰ
1697 5793 1858 5858 φύσιν

289 5887 435 5938 λεῖον
474 5886 566 5938 καὶ
612 5885 742 5937 εὐθὺ
799 5885 1158 5952 ἐπανάγουσι·
1201 5885 1292 5935 καὶ
1326 5883 1614 5953 βακτηρίαι
1647 5885 1854 5953 ἀνδρῶν

2031 5064 2120 5116 45.
2151 5063 2221 5117 Ut
2265 5076 2360 5116 vas
2401 5062 2454 5115 in
2488 5077 2598 5131 quo
2642 5063 2841 5114 bonum
2893 5058 3021 5127 quid
3057 5055 3397 5121 reconditur,
3426 5070 3530 5109 non

1961 5165 2142 5227 petest
2171 5155 2302 5224 quin
2333 5163 2445 5206 tum
2476 5152 2662 5206 suavis
2703 5152 2824 5220 ejus
2854 5149 3070 5215 odoris,
3107 5161 3223 5202 tum
3273 5149 3412 5201 alius
3440 5161 3534 5198 cu-

1955 5247 2177 5318 jnslibet
2213 5247 2426 5299 virtutis
2456 5246 2725 5313 particeps
2756 5244 2858 5307 sit,
2890 5245 2972 5299 sic
3003 5257 3104 5295 nec
3149 5251 3328 5308 potest
3369 5239 3535 5292 indu-

1963 5351 2202 5394 mentum
2231 5337 2495 5399 diiinum,
2551 5352 2713 5404 super
2756 5350 3136 5404 quamcunque
3184 5330 3428 5399 corporis
3483 5329 3534 5379 iu

1963 5450 2070 5504 quo
2099 5433 2237 5486 Deus
2265 5431 2590 5484 iubabitavit
2615 5439 2822 5497 partem
2860 5429 3166 5496 appositum
3197 5423 3382 5486 fuerit,
3401 5420 3534 5489 quin

1964 5526 2150 5595 gratia:
2185 5522 2453 5592 particeps
2475 5521 2546 5575 sit
2566 5521 2810 5588 corporis
2836 5520 2974 5586 quod
3009 5518 3240 5587 tegebat.
3263 5513 3354 5568 Sic
3379 5527 3534 5568 sacra

1965 5616 2302 5670 semicinctia
2333 5613 2601 5666 diviniore
2648 5613 2817 5682 gratia
2856 5610 3059 5679 repleta
3094 5617 3256 5668 sunt;
3301 5607 3379 5660 sic
3409 5619 3538 5658 sau-

1963 5719 2174 5762 ctorum
2201 5707 2587 5766 calceamenta,
2616 5720 2711 5758 cos
2741 5705 2828 5772 qui
2865 5704 3021 5770 longe
3045 5716 3073 5751 a
3097 5699 3328 5754 sanitate
3351 5707 3538 5749 errant

1963 5811 2017 5854 ct
2047 5814 2144 5867 per
2172 5798 2502 5865 asperiorem
2557 5797 2679 5848 vitaz
2723 5798 2861 5848 viam
2891 5792 3241 5854 trilutlautur,
3285 5790 3336 5842 in
3381 5790 3539 5856 plana

1964 5890 2264 5946 secundum
2295 5899 2539 5942 naturam
2573 5897 2628 5941 et
2679 5899 2820 5941 recta
2857 5885 3164 5939 reducunt:
3209 5891 3264 5937 et
3297 5883 3536 5936 virorum
