  <div class='ocr_page' id='page_1' title='image "/cluster/home/n/w/nwhite01/storage/ocr_20150623/136/hvd.32044019208305/111.png"; bbox 0 0 3864 6550; ppageno 0'>
   <div class='ocr_carea' id='block_1_1' title="bbox 381 392 485 455">
    <p class='ocr_par' dir='ltr' id='par_1_1' title="bbox 381 392 485 455">
     <span class='ocr_line' id='line_1_1' title="bbox 381 392 485 455; baseline 0.01 -2"><span class='ocrx_word' id='word_1_1' title='bbox 381 392 485 455; x_wconf 67' lang='grc' dir='ltr'>ἓίΠ</span> 
     </span>
    </p>
   </div>
   <div class='ocr_carea' id='block_1_2' title="bbox 1103 359 2908 456">
    <p class='ocr_par' dir='ltr' id='par_1_2' title="bbox 1103 359 2908 456">
     <span class='ocr_line' id='line_1_2' title="bbox 1103 359 2908 456; baseline 0.002 -4"><span class='ocrx_word' id='word_1_2' title='bbox 1103 393 1518 456; x_wconf 80' lang='lat' dir='ltr'><strong>EUSTATIIII</strong></span> <span class='ocrx_word' id='word_1_3' title='bbox 1560 359 2309 456; x_wconf 57' lang='lat' dir='ltr'><strong>THESSALONICENSlS</strong></span> <span class='ocrx_word' id='word_1_4' title='bbox 2353 394 2908 456; x_wconf 65' lang='lat' dir='ltr'><strong>METRC‘POLITE</strong></span> 
     </span>
    </p>
   </div>
   <div class='ocr_carea' id='block_1_3' title="bbox 3515 400 3634 466">
    <p class='ocr_par' dir='ltr' id='par_1_3' title="bbox 3515 400 3634 466">
     <span class='ocr_line' id='line_1_3' title="bbox 3515 400 3634 466; baseline 0 0"><span class='ocrx_word' id='word_1_5' title='bbox 3515 400 3634 466; x_wconf 64' lang='lat'><strong>208</strong></span> 
     </span>
    </p>
   </div>
   <div class='ocr_carea' id='block_1_4' title="bbox 383 505 1966 583">
    <p class='ocr_par' dir='ltr' id='par_1_4' title="bbox 383 505 1962 580">
     <span class='ocr_line' id='line_1_4' title="bbox 383 505 1962 580; baseline -0.001 -20"><span class='ocrx_word' id='word_1_6' title='bbox 383 508 496 562; x_wconf 80' lang='lat' dir='ltr'><strong>Deo</strong></span> <span class='ocrx_word' id='word_1_7' title='bbox 523 506 979 565; x_wconf 78' lang='lat' dir='ltr'><strong>sanctificatorqu</strong></span> <span class='ocrx_word' id='word_1_8' title='bbox 1013 507 1172 580; x_wconf 69' lang='lat' dir='ltr'><strong>virga:</strong></span> <span class='ocrx_word' id='word_1_9' title='bbox 1197 549 1211 572; x_wconf 86' lang='lat'><strong>,</strong></span> <span class='ocrx_word' id='word_1_10' title='bbox 1240 509 1453 565; x_wconf 80' lang='lat' dir='ltr'><strong>virtutis</strong></span> <span class='ocrx_word' id='word_1_11' title='bbox 1480 511 1643 578; x_wconf 69' lang='lat' dir='ltr'><strong>virgas</strong></span> <span class='ocrx_word' id='word_1_12' title='bbox 1679 507 1834 561; x_wconf 82' lang='lat' dir='ltr'><strong>ﬁunt.</strong></span> <span class='ocrx_word' id='word_1_13' title='bbox 1859 505 1962 560; x_wconf 88' lang='lat' dir='ltr'><strong>Ca-</strong></span> 
     </span>
    </p>
   </div>
   <div class='ocr_carea' id='block_1_5' title="bbox 2074 505 3628 583">
    <p class='ocr_par' dir='ltr' id='par_1_5' title="bbox 2074 507 3628 583">
     <span class='ocr_line' id='line_1_5' title="bbox 2074 507 3628 583; baseline 0.008 -25"><span class='ocrx_word' id='word_1_14' title='bbox 2074 507 2388 575; x_wconf 68' lang='grc' dir='ltr'>Ῐυσιωμένων</span> <span class='ocrx_word' id='word_1_15' title='bbox 2432 509 2549 578; x_wconf 80' lang='grc' dir='ltr'><strong>Θεῷ</strong></span> <span class='ocrx_word' id='word_1_16' title='bbox 2596 510 2738 561; x_wconf 80' lang='grc' dir='ltr'>οὕτω</span> <span class='ocrx_word' id='word_1_17' title='bbox 2789 512 3068 580; x_wconf 81' lang='grc' dir='ltr'>δυνάμεως</span> <span class='ocrx_word' id='word_1_18' title='bbox 3121 513 3306 583; x_wconf 73' lang='grc' dir='ltr'>ῥάϐδοι</span> <span class='ocrx_word' id='word_1_19' title='bbox 3363 528 3628 583; x_wconf 73' lang='grc' dir='ltr'>γίνονται.</span> 
     </span>
    </p>
   </div>
   <div class='ocr_carea' id='block_1_6' title="bbox 385 597 1959 669">
    <p class='ocr_par' dir='ltr' id='par_1_6' title="bbox 385 597 1959 669">
     <span class='ocr_line' id='line_1_6' title="bbox 385 597 1959 669; baseline 0.003 -22"><span class='ocrx_word' id='word_1_20' title='bbox 385 597 481 666; x_wconf 84' lang='lat' dir='ltr'><strong>pili</strong></span> <span class='ocrx_word' id='word_1_21' title='bbox 514 607 706 652; x_wconf 81' lang='lat' dir='ltr'><strong>Sancto</strong></span> <span class='ocrx_word' id='word_1_22' title='bbox 739 597 834 655; x_wconf 91' lang='lat' dir='ltr'><strong>fuit</strong></span> <span class='ocrx_word' id='word_1_23' title='bbox 867 599 1204 668; x_wconf 82' lang='lat' dir='ltr'><strong>Opertorium</strong></span> <span class='ocrx_word' id='word_1_24' title='bbox 1244 615 1256 650; x_wconf 89' lang='lat'>:</span> <span class='ocrx_word' id='word_1_25' title='bbox 1287 600 1429 667; x_wconf 86' lang='lat' dir='ltr'><strong>quod</strong></span> <span class='ocrx_word' id='word_1_26' title='bbox 1476 598 1692 669; x_wconf 81' lang='lat' dir='ltr'><strong>quidem</strong></span> <span class='ocrx_word' id='word_1_27' title='bbox 1722 613 1842 668; x_wconf 72' lang='lat' dir='ltr'><strong>qua:</strong></span> <span class='ocrx_word' id='word_1_28' title='bbox 1871 611 1959 653; x_wconf 87' lang='lat' dir='ltr'><strong>se-</strong></span> 
     </span>
    </p>
   </div>
   <div class='ocr_carea' id='block_1_7' title="bbox 385 686 1959 760">
    <p class='ocr_par' dir='ltr' id='par_1_7' title="bbox 385 686 1959 760">
     <span class='ocr_line' id='line_1_7' title="bbox 385 686 1959 760; baseline 0.003 -20"><span class='ocrx_word' id='word_1_29' title='bbox 385 687 621 741; x_wconf 89' lang='lat' dir='ltr'><strong>cundum</strong></span> <span class='ocrx_word' id='word_1_30' title='bbox 655 686 899 744; x_wconf 79' lang='lat' dir='ltr'><strong>homines</strong></span> <span class='ocrx_word' id='word_1_31' title='bbox 924 699 1048 743; x_wconf 92' lang='lat' dir='ltr'><strong>sunt</strong></span> <span class='ocrx_word' id='word_1_32' title='bbox 1087 690 1350 757; x_wconf 77' lang='lat' dir='ltr'><strong>perdidit;</strong></span> <span class='ocrx_word' id='word_1_33' title='bbox 1388 691 1532 760; x_wconf 86' lang='lat' dir='ltr'><strong>quod</strong></span> <span class='ocrx_word' id='word_1_34' title='bbox 1582 703 1711 746; x_wconf 69' lang='lat' dir='ltr'><strong>vero</strong></span> <span class='ocrx_word' id='word_1_35' title='bbox 1760 689 1959 744; x_wconf 90' lang='lat' dir='ltr'><strong>mansit</strong></span> 
     </span>
    </p>
   </div>
   <div class='ocr_carea' id='block_1_8' title="bbox 389 779 1956 850">
    <p class='ocr_par' dir='ltr' id='par_1_8' title="bbox 389 779 1956 850">
     <span class='ocr_line' id='line_1_8' title="bbox 389 779 1956 850; baseline 0.004 -18"><span class='ocrx_word' id='word_1_36' title='bbox 389 780 632 850; x_wconf 78' lang='lat' dir='ltr'><strong>prodigia</strong></span> <span class='ocrx_word' id='word_1_37' title='bbox 671 779 902 838; x_wconf 65' lang='lat' dir='ltr'><strong>faciendi</strong></span> <span class='ocrx_word' id='word_1_38' title='bbox 942 781 1329 834; x_wconf 80' lang='lat' dir='ltr'><strong>abumlantiam</strong></span> <span class='ocrx_word' id='word_1_39' title='bbox 1381 781 1615 850; x_wconf 75' lang='lat' dir='ltr'><strong>protegit</strong></span> <span class='ocrx_word' id='word_1_40' title='bbox 1654 791 1708 837; x_wconf 90' lang='lat' dir='ltr'><strong>et</strong></span> <span class='ocrx_word' id='word_1_41' title='bbox 1752 790 1956 850; x_wconf 86' lang='lat' dir='ltr'><strong>servat.</strong></span> 
     </span>
    </p>
   </div>
   <div class='ocr_carea' id='block_1_9' title="bbox 389 847 1958 942">
    <p class='ocr_par' dir='ltr' id='par_1_9' title="bbox 389 847 1958 942">
     <span class='ocr_line' id='line_1_9' title="bbox 389 847 1958 942; baseline 0.001 -16"><span class='ocrx_word' id='word_1_42' title='bbox 389 847 644 926; x_wconf 74' lang='lat' dir='ltr'><strong>Sanctum</strong></span> <span class='ocrx_word' id='word_1_43' title='bbox 678 886 877 942; x_wconf 88' lang='lat' dir='ltr'><strong>corpus</strong></span> <span class='ocrx_word' id='word_1_44' title='bbox 926 871 1099 924; x_wconf 88' lang='lat' dir='ltr'><strong>induit</strong></span> <span class='ocrx_word' id='word_1_45' title='bbox 1153 871 1378 934; x_wconf 79' lang='lat' dir='ltr'><strong>iuelota;</strong></span> <span class='ocrx_word' id='word_1_46' title='bbox 1415 880 1468 924; x_wconf 89' lang='lat' dir='ltr'><strong>et</strong></span> <span class='ocrx_word' id='word_1_47' title='bbox 1515 847 1642 924; x_wconf 69' lang='lat' dir='ltr'><strong>dum</strong></span> <span class='ocrx_word' id='word_1_48' title='bbox 1693 872 1760 924; x_wconf 88' lang='lat' dir='ltr'><strong>ad</strong></span> <span class='ocrx_word' id='word_1_49' title='bbox 1792 847 1958 928; x_wconf 76' lang='lat' dir='ltr'><strong>Deum</strong></span> 
     </span>
    </p>
   </div>
   <div class='ocr_carea' id='block_1_10' title="bbox 391 959 1958 1035">
    <p class='ocr_par' dir='ltr' id='par_1_10' title="bbox 391 959 1958 1035">
     <span class='ocr_line' id='line_1_10' title="bbox 391 959 1958 1035; baseline -0.001 -19"><span class='ocrx_word' id='word_1_50' title='bbox 391 960 636 1016; x_wconf 75' lang='lat' dir='ltr'><strong>ascendit</strong></span> <span class='ocrx_word' id='word_1_51' title='bbox 675 963 794 1021; x_wconf 86' lang='lat' dir='ltr'><strong>iste.</strong></span> <span class='ocrx_word' id='word_1_52' title='bbox 828 963 941 1035; x_wconf 87' lang='lat' dir='ltr'><strong>ipsa</strong></span> <span class='ocrx_word' id='word_1_53' title='bbox 969 969 1281 1023; x_wconf 86' lang='lat' dir='ltr'><strong>renovatur,</strong></span> <span class='ocrx_word' id='word_1_54' title='bbox 1321 959 1470 1026; x_wconf 81' lang='lat' dir='ltr'><strong>plura</strong></span> <span class='ocrx_word' id='word_1_55' title='bbox 1503 974 1664 1030; x_wconf 84' lang='lat' dir='ltr'><strong>quam</strong></span> <span class='ocrx_word' id='word_1_56' title='bbox 1691 960 1958 1016; x_wconf 84' lang='lat' dir='ltr'><strong>viventem</strong></span> 
     </span>
    </p>
   </div>
   <div class='ocr_carea' id='block_1_11' title="bbox 388 1047 1961 1128">
    <p class='ocr_par' dir='ltr' id='par_1_11' title="bbox 388 1047 1961 1128">
     <span class='ocr_line' id='line_1_11' title="bbox 388 1047 1961 1128; baseline 0.001 -20"><span class='ocrx_word' id='word_1_57' title='bbox 388 1047 648 1112; x_wconf 85' lang='lat' dir='ltr'><strong>miracula</strong></span> <span class='ocrx_word' id='word_1_58' title='bbox 690 1052 880 1112; x_wconf 82' lang='lat' dir='ltr'><strong>edens.</strong></span> <span class='ocrx_word' id='word_1_59' title='bbox 913 1067 978 1106; x_wconf 92' lang='lat' dir='ltr'><strong>eo</strong></span> <span class='ocrx_word' id='word_1_60' title='bbox 1007 1053 1150 1120; x_wconf 88' lang='lat' dir='ltr'><strong>quod</strong></span> <span class='ocrx_word' id='word_1_61' title='bbox 1182 1050 1458 1119; x_wconf 86' lang='lat' dir='ltr'><strong>pulchrum</strong></span> <span class='ocrx_word' id='word_1_62' title='bbox 1492 1066 1838 1128; x_wconf 80' lang='lat' dir='ltr'><strong>nequaquam</strong></span> <span class='ocrx_word' id='word_1_63' title='bbox 1865 1051 1961 1110; x_wconf 85' lang='lat' dir='ltr'><strong>de-</strong></span> 
     </span>
    </p>
   </div>
   <div class='ocr_carea' id='block_1_12' title="bbox 387 1141 1961 1215">
    <p class='ocr_par' dir='ltr' id='par_1_12' title="bbox 387 1141 1961 1215">
     <span class='ocr_line' id='line_1_12' title="bbox 387 1141 1961 1215; baseline 0.001 -17"><span class='ocrx_word' id='word_1_64' title='bbox 387 1143 547 1200; x_wconf 80' lang='lat' dir='ltr'><strong>discit</strong></span> <span class='ocrx_word' id='word_1_65' title='bbox 584 1145 724 1214; x_wconf 84' lang='lat' dir='ltr'><strong>quod</strong></span> <span class='ocrx_word' id='word_1_66' title='bbox 756 1143 924 1199; x_wconf 85' lang='lat' dir='ltr'><strong>semel</strong></span> <span class='ocrx_word' id='word_1_67' title='bbox 958 1143 1168 1196; x_wconf 84' lang='lat' dir='ltr'><strong>didicit.</strong></span> <span class='ocrx_word' id='word_1_68' title='bbox 1195 1141 1442 1215; x_wconf 81' lang='lat' dir='ltr'><strong>Martyris</strong></span> <span class='ocrx_word' id='word_1_69' title='bbox 1469 1142 1727 1197; x_wconf 89' lang='lat' dir='ltr'><strong>auuulutn</strong></span> <span class='ocrx_word' id='word_1_70' title='bbox 1765 1143 1961 1199; x_wconf 85' lang='lat' dir='ltr'><strong>tollens</strong></span> 
     </span>
    </p>
   </div>
   <div class='ocr_carea' id='block_1_13' title="bbox 392 1232 1962 1302">
    <p class='ocr_par' dir='ltr' id='par_1_13' title="bbox 392 1232 1962 1302">
     <span class='ocr_line' id='line_1_13' title="bbox 392 1232 1962 1302; baseline 0.001 -14"><span class='ocrx_word' id='word_1_71' title='bbox 392 1236 511 1291; x_wconf 91' lang='lat' dir='ltr'><strong>talis</strong></span> <span class='ocrx_word' id='word_1_72' title='bbox 539 1250 718 1290; x_wconf 85' lang='lat' dir='ltr'><strong>sermo</strong></span> <span class='ocrx_word' id='word_1_73' title='bbox 746 1250 810 1290; x_wconf 76' lang='lat' dir='ltr'><strong>ex</strong></span> <span class='ocrx_word' id='word_1_74' title='bbox 841 1233 1061 1298; x_wconf 69' lang='lat' dir='ltr'><strong>athletae</strong></span> <span class='ocrx_word' id='word_1_75' title='bbox 1095 1247 1341 1302; x_wconf 85' lang='lat' dir='ltr'><strong>corpore,</strong></span> <span class='ocrx_word' id='word_1_76' title='bbox 1374 1233 1651 1294; x_wconf 80' lang='lat' dir='ltr'><strong>miraculis</strong></span> <span class='ocrx_word' id='word_1_77' title='bbox 1679 1232 1962 1290; x_wconf 84' lang='lat' dir='ltr'><strong>abundare</strong></span> 
     </span>
    </p>
   </div>
   <div class='ocr_carea' id='block_1_14' title="bbox 390 1327 1961 1397">
    <p class='ocr_par' dir='ltr' id='par_1_14' title="bbox 390 1327 1961 1397">
     <span class='ocr_line' id='line_1_14' title="bbox 390 1327 1961 1397; baseline -0.001 -13"><span class='ocrx_word' id='word_1_78' title='bbox 390 1329 552 1396; x_wconf 74' lang='lat' dir='ltr'><strong>facit;</strong></span> <span class='ocrx_word' id='word_1_79' title='bbox 586 1340 644 1382; x_wconf 94' lang='lat' dir='ltr'><strong>ut</strong></span> <span class='ocrx_word' id='word_1_80' title='bbox 675 1328 814 1389; x_wconf 86' lang='lat' dir='ltr'><strong>sicut</strong></span> <span class='ocrx_word' id='word_1_81' title='bbox 847 1328 1048 1397; x_wconf 76' lang='lat' dir='ltr'><strong>digitus</strong></span> <span class='ocrx_word' id='word_1_82' title='bbox 1080 1327 1468 1390; x_wconf 73' lang='lat' dir='ltr'><strong>circumdatus,</strong></span> <span class='ocrx_word' id='word_1_83' title='bbox 1502 1327 1582 1380; x_wconf 85' lang='lat' dir='ltr'><strong>sic</strong></span> <span class='ocrx_word' id='word_1_84' title='bbox 1628 1336 1681 1387; x_wconf 83' lang='lat' dir='ltr'><strong>ct</strong></span> <span class='ocrx_word' id='word_1_85' title='bbox 1727 1327 1961 1384; x_wconf 87' lang='lat' dir='ltr'><strong>annulus</strong></span> 
     </span>
    </p>
   </div>
   <div class='ocr_carea' id='block_1_15' title="bbox 389 1414 1963 1488">
    <p class='ocr_par' dir='ltr' id='par_1_15' title="bbox 389 1414 1963 1488">
     <span class='ocr_line' id='line_1_15' title="bbox 389 1414 1963 1488; baseline -0.003 -13"><span class='ocrx_word' id='word_1_86' title='bbox 389 1422 735 1476; x_wconf 86' lang='lat' dir='ltr'><strong>circumdaus</strong></span> <span class='ocrx_word' id='word_1_87' title='bbox 778 1417 1268 1474; x_wconf 79' lang='lat' dir='ltr'><strong>communicatione</strong></span> <span class='ocrx_word' id='word_1_88' title='bbox 1301 1416 1541 1488; x_wconf 77' lang='lat' dir='ltr'><strong>prodigia</strong></span> <span class='ocrx_word' id='word_1_89' title='bbox 1572 1426 1848 1487; x_wconf 78' lang='lat' dir='ltr'><strong>Operetur.</strong></span> <span class='ocrx_word' id='word_1_90' title='bbox 1894 1414 1963 1486; x_wconf 84' lang='lat' dir='ltr'><strong>Et</strong></span> 
     </span>
    </p>
   </div>
   <div class='ocr_carea' id='block_1_16' title="bbox 391 1505 1960 1583">
    <p class='ocr_par' dir='ltr' id='par_1_16' title="bbox 391 1505 1960 1583">
     <span class='ocr_line' id='line_1_16' title="bbox 391 1505 1960 1583; baseline -0.004 -18"><span class='ocrx_word' id='word_1_91' title='bbox 391 1514 678 1583; x_wconf 68' lang='lat' dir='ltr'><strong>cliLiIuyJa</strong></span> <span class='ocrx_word' id='word_1_92' title='bbox 709 1527 804 1581; x_wconf 89' lang='lat' dir='ltr'><strong>per</strong></span> <span class='ocrx_word' id='word_1_93' title='bbox 829 1510 1015 1574; x_wconf 85' lang='lat' dir='ltr'><strong>eadem</strong></span> <span class='ocrx_word' id='word_1_94' title='bbox 1052 1507 1276 1578; x_wconf 80' lang='lat' dir='ltr'><strong>pulchra</strong></span> <span class='ocrx_word' id='word_1_95' title='bbox 1315 1508 1487 1573; x_wconf 83' lang='lat' dir='ltr'><strong>ducit,</strong></span> <span class='ocrx_word' id='word_1_96' title='bbox 1523 1507 1629 1564; x_wconf 89' lang='lat' dir='ltr'><strong>Deo</strong></span> <span class='ocrx_word' id='word_1_97' title='bbox 1660 1522 1758 1577; x_wconf 90' lang='lat' dir='ltr'><strong>per</strong></span> <span class='ocrx_word' id='word_1_98' title='bbox 1781 1505 1960 1560; x_wconf 83' lang='lat' dir='ltr'><strong>omnia</strong></span> 
     </span>
    </p>
   </div>
   <div class='ocr_carea' id='block_1_17' title="bbox 392 1598 1960 1667">
    <p class='ocr_par' dir='ltr' id='par_1_17' title="bbox 392 1598 1960 1667">
     <span class='ocr_line' id='line_1_17' title="bbox 392 1598 1960 1667; baseline -0.004 -10"><span class='ocrx_word' id='word_1_99' title='bbox 392 1603 521 1658; x_wconf 68' lang='lat' dir='ltr'><strong>talia</strong></span> <span class='ocrx_word' id='word_1_100' title='bbox 563 1603 696 1656; x_wconf 88' lang='lat' dir='ltr'><strong>mira</strong></span> <span class='ocrx_word' id='word_1_101' title='bbox 731 1602 910 1655; x_wconf 84' lang='lat' dir='ltr'><strong>facere</strong></span> <span class='ocrx_word' id='word_1_102' title='bbox 938 1601 1118 1664; x_wconf 75' lang='lat' dir='ltr'><strong>dante,</strong></span> <span class='ocrx_word' id='word_1_103' title='bbox 1149 1607 1333 1667; x_wconf 79' lang='lat' dir='ltr'><strong>utpote</strong></span> <span class='ocrx_word' id='word_1_104' title='bbox 1365 1599 1454 1666; x_wconf 91' lang='lat' dir='ltr'><strong>qui</strong></span> <span class='ocrx_word' id='word_1_105' title='bbox 1493 1598 1546 1651; x_wconf 94' lang='lat' dir='ltr'><strong>iu</strong></span> <span class='ocrx_word' id='word_1_106' title='bbox 1595 1599 1800 1652; x_wconf 84' lang='lat' dir='ltr'><strong>sanctis</strong></span> <span class='ocrx_word' id='word_1_107' title='bbox 1843 1599 1960 1652; x_wconf 83' lang='lat' dir='ltr'><strong>suis</strong></span> 
     </span>
    </p>
   </div>
   <div class='ocr_carea' id='block_1_18' title="bbox 399 1686 1964 1760">
    <p class='ocr_par' dir='ltr' id='par_1_18' title="bbox 399 1686 1964 1760">
     <span class='ocr_line' id='line_1_18' title="bbox 399 1686 1964 1760; baseline -0.004 -14"><span class='ocrx_word' id='word_1_108' title='bbox 399 1691 665 1746; x_wconf 80' lang='lat' dir='ltr'><strong>mirabilis</strong></span> <span class='ocrx_word' id='word_1_109' title='bbox 696 1690 935 1760; x_wconf 77' lang='lat' dir='ltr'><strong>prodigia</strong></span> <span class='ocrx_word' id='word_1_110' title='bbox 971 1690 1100 1743; x_wconf 88' lang='lat' dir='ltr'><strong>facit</strong></span> <span class='ocrx_word' id='word_1_111' title='bbox 1146 1697 1200 1741; x_wconf 89' lang='lat' dir='ltr'><strong>ct</strong></span> <span class='ocrx_word' id='word_1_112' title='bbox 1230 1687 1458 1740; x_wconf 81' lang='lat' dir='ltr'><strong>virtutes</strong></span> <span class='ocrx_word' id='word_1_113' title='bbox 1489 1686 1827 1756; x_wconf 84' lang='lat' dir='ltr'><strong>multiplicat.</strong></span> <span class='ocrx_word' id='word_1_114' title='bbox 1857 1686 1964 1739; x_wconf 89' lang='lat' dir='ltr'><strong>Aut</strong></span> 
     </span>
    </p>
   </div>
   <div class='ocr_carea' id='block_1_19' title="bbox 392 1764 1959 1853">
    <p class='ocr_par' dir='ltr' id='par_1_19' title="bbox 392 1764 1959 1853">
     <span class='ocr_line' id='line_1_19' title="bbox 392 1764 1959 1853; baseline -0.005 -16"><span class='ocrx_word' id='word_1_115' title='bbox 392 1783 661 1853; x_wconf 81' lang='lat' dir='ltr'><strong>quomodo</strong></span> <span class='ocrx_word' id='word_1_116' title='bbox 719 1781 876 1851; x_wconf 84' lang='lat' dir='ltr'><strong>aliter</strong></span> <span class='ocrx_word' id='word_1_117' title='bbox 919 1779 1160 1851; x_wconf 69' lang='lat' dir='ltr'><strong>chlamys</strong></span> <span class='ocrx_word' id='word_1_118' title='bbox 1215 1779 1392 1832; x_wconf 90' lang='lat' dir='ltr'><strong>anima</strong></span> <span class='ocrx_word' id='word_1_119' title='bbox 1446 1792 1640 1833; x_wconf 83' lang='lat' dir='ltr'><strong>carens</strong></span> <span class='ocrx_word' id='word_1_120' title='bbox 1685 1764 1959 1848; x_wconf 71' lang='lat' dir='ltr'><strong>euergiam</strong></span> 
     </span>
    </p>
   </div>
   <div class='ocr_carea' id='block_1_20' title="bbox 2060 598 3630 680">
    <p class='ocr_par' dir='ltr' id='par_1_20' title="bbox 2060 598 3630 680">
     <span class='ocr_line' id='line_1_20' title="bbox 2060 598 3630 680; baseline 0.008 -29"><span class='ocrx_word' id='word_1_121' title='bbox 2060 598 2318 668; x_wconf 75' lang='grc' dir='ltr'><strong>Κεφαλήν</strong></span> <span class='ocrx_word' id='word_1_122' title='bbox 2352 600 2504 653; x_wconf 86' lang='grc' dir='ltr'>όσίαν</span> <span class='ocrx_word' id='word_1_123' title='bbox 2553 601 2789 672; x_wconf 75' lang='grc' dir='ltr'><strong>ἐκάλυψε</strong></span> <span class='ocrx_word' id='word_1_124' title='bbox 2828 603 3286 672; x_wconf 77' lang='grc' dir='ltr'>σκέπασμαο.καὶ</span> <span class='ocrx_word' id='word_1_125' title='bbox 3333 608 3475 676; x_wconf 63' lang='lat' dir='ltr'><strong>uini)</strong></span> <span class='ocrx_word' id='word_1_126' title='bbox 3529 608 3630 680; x_wconf 80' lang='grc' dir='ltr'>μὲν</span> 
     </span>
    </p>
   </div>
   <div class='ocr_carea' id='block_1_21' title="bbox 2059 690 3630 769">
    <p class='ocr_par' dir='ltr' id='par_1_21' title="bbox 2059 690 3630 769">
     <span class='ocr_line' id='line_1_21' title="bbox 2059 690 3630 769; baseline 0.006 -27"><span class='ocrx_word' id='word_1_127' title='bbox 2059 690 2239 758; x_wconf 77' lang='grc' dir='ltr'>ἀφῆκε</span> <span class='ocrx_word' id='word_1_128' title='bbox 2268 693 2336 744; x_wconf 78' lang='grc' dir='ltr'><strong>τά</strong></span> <span class='ocrx_word' id='word_1_129' title='bbox 2369 693 2488 746; x_wconf 81' lang='grc' dir='ltr'>κατ’</span> <span class='ocrx_word' id='word_1_130' title='bbox 2517 693 2855 760; x_wconf 79' lang='grc' dir='ltr'><strong>ἀνθρώπους,</strong></span> <span class='ocrx_word' id='word_1_131' title='bbox 2886 695 2944 748; x_wconf 75' lang='grc' dir='ltr'>τὸ</span> <span class='ocrx_word' id='word_1_132' title='bbox 2974 694 3030 748; x_wconf 76' lang='grc' dir='ltr'>δὲ</span> <span class='ocrx_word' id='word_1_133' title='bbox 3061 697 3192 767; x_wconf 86' lang='grc' dir='ltr'>παρ’</span> <span class='ocrx_word' id='word_1_134' title='bbox 3230 698 3412 762; x_wconf 78' lang='grc' dir='ltr'>αὐτοῖς</span> <span class='ocrx_word' id='word_1_135' title='bbox 3438 702 3630 769; x_wconf 76' lang='grc' dir='ltr'>μεῖναν</span> 
     </span>
    </p>
   </div>
   <div class='ocr_carea' id='block_1_22' title="bbox 2061 780 3634 862">
    <p class='ocr_par' dir='ltr' id='par_1_22' title="bbox 2061 780 3634 862">
     <span class='ocr_line' id='line_1_22' title="bbox 2061 780 3634 862; baseline 0.008 -30"><span class='ocrx_word' id='word_1_136' title='bbox 2061 780 2157 848; x_wconf 84' lang='grc' dir='ltr'>τὴν</span> <span class='ocrx_word' id='word_1_137' title='bbox 2185 782 2283 849; x_wconf 80' lang='grc' dir='ltr'>τῆς</span> <span class='ocrx_word' id='word_1_138' title='bbox 2312 781 2755 853; x_wconf 84' lang='grc' dir='ltr'>θαυματουργίας</span> <span class='ocrx_word' id='word_1_139' title='bbox 2785 786 3058 856; x_wconf 68' lang='grc' dir='ltr'>ἀπορροὴν</span> <span class='ocrx_word' id='word_1_140' title='bbox 3091 788 3269 854; x_wconf 79' lang='grc' dir='ltr'><strong>στέγει</strong></span> <span class='ocrx_word' id='word_1_141' title='bbox 3299 789 3395 844; x_wconf 74' lang='grc' dir='ltr'><strong>καὶ</strong></span> <span class='ocrx_word' id='word_1_142' title='bbox 3434 805 3634 862; x_wconf 81' lang='grc' dir='ltr'>συντη-</span> 
     </span>
    </p>
   </div>
   <div class='ocr_carea' id='block_1_23' title="bbox 2061 872 3632 951">
    <p class='ocr_par' dir='ltr' id='par_1_23' title="bbox 2061 872 3632 951">
     <span class='ocr_line' id='line_1_23' title="bbox 2061 872 3632 951; baseline 0.007 -27"><span class='ocrx_word' id='word_1_143' title='bbox 2061 875 2166 941; x_wconf 83' lang='grc' dir='ltr'>ρεῖ.</span> <span class='ocrx_word' id='word_1_144' title='bbox 2206 872 2468 944; x_wconf 82' lang='grc' dir='ltr'>Ἀμπέχει</span> <span class='ocrx_word' id='word_1_145' title='bbox 2492 875 2648 945; x_wconf 81' lang='grc' dir='ltr'>σῶμα</span> <span class='ocrx_word' id='word_1_146' title='bbox 2681 875 2824 928; x_wconf 80' lang='grc' dir='ltr'>ὅσιον</span> <span class='ocrx_word' id='word_1_147' title='bbox 2862 878 3083 946; x_wconf 81' lang='grc' dir='ltr'>μηλωτή</span> <span class='ocrx_word' id='word_1_148' title='bbox 3119 894 3133 907; x_wconf 75' lang='grc' dir='ltr'><strong>ο</strong></span> <span class='ocrx_word' id='word_1_149' title='bbox 3180 878 3276 932; x_wconf 73' lang='grc' dir='ltr'>καὶ</span> <span class='ocrx_word' id='word_1_150' title='bbox 3313 880 3505 951; x_wconf 70' lang='grc' dir='ltr'>ἐπειδὴ</span> <span class='ocrx_word' id='word_1_151' title='bbox 3550 884 3632 946; x_wconf 75' lang='grc' dir='ltr'><strong>εις</strong></span> 
     </span>
    </p>
   </div>
   <div class='ocr_carea' id='block_1_24' title="bbox 2060 961 3632 1035">
    <p class='ocr_par' dir='ltr' id='par_1_24' title="bbox 2060 961 3632 1035">
     <span class='ocr_line' id='line_1_24' title="bbox 2060 961 3632 1035; baseline 0.005 -21"><span class='ocrx_word' id='word_1_152' title='bbox 2060 961 2192 1015; x_wconf 72' lang='grc' dir='ltr'>Θεδν</span> <span class='ocrx_word' id='word_1_153' title='bbox 2217 965 2418 1025; x_wconf 80' lang='grc' dir='ltr'>ἐκεῖνος</span> <span class='ocrx_word' id='word_1_154' title='bbox 2447 964 2677 1030; x_wconf 81' lang='grc' dir='ltr'>ἅνέλθοι,</span> <span class='ocrx_word' id='word_1_155' title='bbox 2725 963 2864 1035; x_wconf 81' lang='grc' dir='ltr'>αὑτὴ</span> <span class='ocrx_word' id='word_1_156' title='bbox 2919 966 3275 1032; x_wconf 80' lang='grc' dir='ltr'>νεανιεύεται,</span> <span class='ocrx_word' id='word_1_157' title='bbox 3323 969 3493 1024; x_wconf 81' lang='grc' dir='ltr'>πλείω</span> <span class='ocrx_word' id='word_1_158' title='bbox 3537 970 3632 1023; x_wconf 76' lang='grc' dir='ltr'>τοῦ</span> 
     </span>
    </p>
   </div>
   <div class='ocr_carea' id='block_1_25' title="bbox 2062 1053 3632 1126">
    <p class='ocr_par' dir='ltr' id='par_1_25' title="bbox 2062 1053 3632 1126">
     <span class='ocr_line' id='line_1_25' title="bbox 2062 1053 3632 1126; baseline 0.004 -19"><span class='ocrx_word' id='word_1_159' title='bbox 2062 1053 2258 1118; x_wconf 78' lang='grc' dir='ltr'>ζῶντος</span> <span class='ocrx_word' id='word_1_160' title='bbox 2287 1057 2460 1107; x_wconf 79' lang='grc' dir='ltr'>ποιεῖν</span> <span class='ocrx_word' id='word_1_161' title='bbox 2509 1055 2809 1125; x_wconf 85' lang='grc' dir='ltr'>θαυμάσια,</span> <span class='ocrx_word' id='word_1_162' title='bbox 2851 1056 3088 1126; x_wconf 82' lang='grc' dir='ltr'>ὡσείπερ</span> <span class='ocrx_word' id='word_1_163' title='bbox 3134 1058 3196 1112; x_wconf 70' lang='grc' dir='ltr'>τὸ</span> <span class='ocrx_word' id='word_1_164' title='bbox 3227 1059 3394 1112; x_wconf 75' lang='grc' dir='ltr'>καλὸν</span> <span class='ocrx_word' id='word_1_165' title='bbox 3444 1061 3632 1114; x_wconf 74' lang='grc' dir='ltr'>οὐκέτι</span> 
     </span>
    </p>
   </div>
   <div class='ocr_carea' id='block_1_26' title="bbox 2060 1144 3634 1218">
    <p class='ocr_par' dir='ltr' id='par_1_26' title="bbox 2060 1144 3634 1218">
     <span class='ocr_line' id='line_1_26' title="bbox 2060 1144 3634 1218; baseline 0.002 -19"><span class='ocrx_word' id='word_1_166' title='bbox 2060 1144 2366 1215; x_wconf 85' lang='grc' dir='ltr'>ἀπέμαθεν,</span> <span class='ocrx_word' id='word_1_167' title='bbox 2396 1145 2519 1198; x_wconf 79' lang='grc' dir='ltr'>ἐπεὶ</span> <span class='ocrx_word' id='word_1_168' title='bbox 2541 1145 2764 1214; x_wconf 76' lang='grc' dir='ltr'>ἔμαθεν.</span> <span class='ocrx_word' id='word_1_169' title='bbox 2805 1146 2862 1200; x_wconf 87' lang='grc' dir='ltr'>Ὀ</span> <span class='ocrx_word' id='word_1_170' title='bbox 2912 1146 3149 1211; x_wconf 77' lang='grc' dir='ltr'>τοιοῦτος</span> <span class='ocrx_word' id='word_1_171' title='bbox 3192 1148 3346 1218; x_wconf 82' lang='grc' dir='ltr'>λόγος</span> <span class='ocrx_word' id='word_1_172' title='bbox 3400 1151 3496 1204; x_wconf 74' lang='grc' dir='ltr'>καὶ</span> <span class='ocrx_word' id='word_1_173' title='bbox 3540 1153 3634 1203; x_wconf 77' lang='grc' dir='ltr'><strong>τὸν</strong></span> 
     </span>
    </p>
   </div>
   <div class='ocr_carea' id='block_1_27' title="bbox 2060 1235 3635 1312">
    <p class='ocr_par' dir='ltr' id='par_1_27' title="bbox 2060 1235 3635 1312">
     <span class='ocr_line' id='line_1_27' title="bbox 2060 1235 3635 1312; baseline 0.003 -22"><span class='ocrx_word' id='word_1_174' title='bbox 2060 1235 2151 1290; x_wconf 83' lang='grc' dir='ltr'>τοῦ</span> <span class='ocrx_word' id='word_1_175' title='bbox 2184 1237 2460 1306; x_wconf 86' lang='grc' dir='ltr'>μάρτυρος</span> <span class='ocrx_word' id='word_1_176' title='bbox 2503 1235 2785 1288; x_wconf 88' lang='grc' dir='ltr'>δακτύλιον</span> <span class='ocrx_word' id='word_1_177' title='bbox 2831 1237 3136 1306; x_wconf 78' lang='grc' dir='ltr'>ἀπαγαγὼν</span> <span class='ocrx_word' id='word_1_178' title='bbox 3184 1239 3278 1292; x_wconf 81' lang='grc' dir='ltr'><strong>τοῦ</strong></span> <span class='ocrx_word' id='word_1_179' title='bbox 3330 1239 3635 1312; x_wconf 79' lang='grc' dir='ltr'><strong>ἀθλητικοῦ</strong></span> 
     </span>
    </p>
   </div>
   <div class='ocr_carea' id='block_1_28' title="bbox 2063 1325 3633 1399">
    <p class='ocr_par' dir='ltr' id='par_1_28' title="bbox 2063 1325 3633 1399">
     <span class='ocr_line' id='line_1_28' title="bbox 2063 1325 3633 1399; baseline 0.003 -19"><span class='ocrx_word' id='word_1_180' title='bbox 2063 1325 2341 1398; x_wconf 84' lang='grc' dir='ltr'>σώματος,</span> <span class='ocrx_word' id='word_1_181' title='bbox 2366 1328 2681 1391; x_wconf 77' lang='grc' dir='ltr'>πλεονάζειν</span> <span class='ocrx_word' id='word_1_182' title='bbox 2723 1330 2864 1380; x_wconf 84' lang='grc' dir='ltr'>ποιεῖ</span> <span class='ocrx_word' id='word_1_183' title='bbox 2907 1330 2964 1382; x_wconf 89' lang='grc' dir='ltr'><strong>ἐν</strong></span> <span class='ocrx_word' id='word_1_184' title='bbox 3003 1331 3114 1392; x_wconf 73' lang='grc' dir='ltr'>τοῖς</span> <span class='ocrx_word' id='word_1_185' title='bbox 3147 1328 3417 1399; x_wconf 81' lang='grc' dir='ltr'>θαύμασιν</span> <span class='ocrx_word' id='word_1_186' title='bbox 3449 1347 3466 1362; x_wconf 89' lang='grc'><strong>·</strong></span> <span class='ocrx_word' id='word_1_187' title='bbox 3520 1332 3633 1396; x_wconf 60' lang='lat' dir='ltr'><strong>tua,</strong></span> 
     </span>
    </p>
   </div>
   <div class='ocr_carea' id='block_1_29' title="bbox 2062 1416 3638 1488">
    <p class='ocr_par' dir='ltr' id='par_1_29' title="bbox 2062 1416 3638 1488">
     <span class='ocr_line' id='line_1_29' title="bbox 2062 1416 3638 1488; baseline 0.003 -17"><span class='ocrx_word' id='word_1_188' title='bbox 2062 1416 2253 1487; x_wconf 82' lang='grc' dir='ltr'>ὥσπερ</span> <span class='ocrx_word' id='word_1_189' title='bbox 2283 1416 2540 1482; x_wconf 86' lang='grc' dir='ltr'>δάκτυλος</span> <span class='ocrx_word' id='word_1_190' title='bbox 2567 1418 2596 1470; x_wconf 90' lang='grc' dir='ltr'><strong>ό</strong></span> <span class='ocrx_word' id='word_1_191' title='bbox 2626 1417 3025 1488; x_wconf 84' lang='grc' dir='ltr'>περικείμενος,</span> <span class='ocrx_word' id='word_1_192' title='bbox 3064 1417 3205 1473; x_wconf 82' lang='grc' dir='ltr'>οὓτω</span> <span class='ocrx_word' id='word_1_193' title='bbox 3227 1427 3320 1474; x_wconf 79' lang='grc' dir='ltr'>καὶ</span> <span class='ocrx_word' id='word_1_194' title='bbox 3351 1421 3638 1484; x_wconf 78' lang='grc' dir='ltr'>δακτύλιος</span> 
     </span>
    </p>
   </div>
   <div class='ocr_carea' id='block_1_30' title="bbox 2062 1509 3638 1582">
    <p class='ocr_par' dir='ltr' id='par_1_30' title="bbox 2062 1509 3638 1582">
     <span class='ocr_line' id='line_1_30' title="bbox 2062 1509 3638 1582; baseline 0.002 -19"><span class='ocrx_word' id='word_1_195' title='bbox 2062 1511 2089 1563; x_wconf 97' lang='lat'><strong>6</strong></span> <span class='ocrx_word' id='word_1_196' title='bbox 2116 1510 2244 1578; x_wconf 75' lang='grc' dir='ltr'>περὶ</span> <span class='ocrx_word' id='word_1_197' title='bbox 2274 1509 2435 1562; x_wconf 81' lang='grc' dir='ltr'>αὐτὸν</span> <span class='ocrx_word' id='word_1_198' title='bbox 2476 1509 2551 1569; x_wconf 83' lang='grc' dir='ltr'>ὡς</span> <span class='ocrx_word' id='word_1_199' title='bbox 2593 1510 2650 1564; x_wconf 81' lang='grc' dir='ltr'>ὲν</span> <span class='ocrx_word' id='word_1_200' title='bbox 2697 1509 2979 1579; x_wconf 71' lang='grc' dir='ltr'><strong>μεταδόσει</strong></span> <span class='ocrx_word' id='word_1_201' title='bbox 3040 1512 3290 1581; x_wconf 89' lang='grc' dir='ltr'>ἐνεργοίη</span> <span class='ocrx_word' id='word_1_202' title='bbox 3349 1512 3638 1582; x_wconf 81' lang='grc' dir='ltr'>τεράστια.</span> 
     </span>
    </p>
   </div>
   <div class='ocr_carea' id='block_1_31' title="bbox 2064 1597 3637 1667">
    <p class='ocr_par' dir='ltr' id='par_1_31' title="bbox 2064 1597 3637 1667">
     <span class='ocr_line' id='line_1_31' title="bbox 2064 1597 3637 1667; baseline 0 -17"><span class='ocrx_word' id='word_1_203' title='bbox 2064 1598 2172 1650; x_wconf 77' lang='grc' dir='ltr'>Καὶ</span> <span class='ocrx_word' id='word_1_204' title='bbox 2198 1597 2296 1667; x_wconf 75' lang='grc' dir='ltr'>τὴν</span> <span class='ocrx_word' id='word_1_205' title='bbox 2329 1598 2572 1667; x_wconf 82' lang='grc' dir='ltr'>χλαμύδα</span> <span class='ocrx_word' id='word_1_206' title='bbox 2604 1598 2659 1650; x_wconf 82' lang='grc' dir='ltr'>δὲ</span> <span class='ocrx_word' id='word_1_207' title='bbox 2688 1597 2772 1652; x_wconf 73' lang='grc' dir='ltr'>διὰ</span> <span class='ocrx_word' id='word_1_208' title='bbox 2824 1597 2914 1649; x_wconf 83' lang='grc' dir='ltr'>τοῦ</span> <span class='ocrx_word' id='word_1_209' title='bbox 2939 1598 3102 1650; x_wconf 76' lang='grc' dir='ltr'>αὑτοῦ</span> <span class='ocrx_word' id='word_1_210' title='bbox 3127 1597 3251 1666; x_wconf 81' lang='grc' dir='ltr'>ἄγει</span> <span class='ocrx_word' id='word_1_211' title='bbox 3277 1598 3465 1663; x_wconf 77' lang='grc' dir='ltr'>καλοῦ,</span> <span class='ocrx_word' id='word_1_212' title='bbox 3497 1599 3637 1652; x_wconf 73' lang='grc' dir='ltr'>Θεοῦ</span> 
     </span>
    </p>
   </div>
   <div class='ocr_carea' id='block_1_32' title="bbox 2065 1688 3640 1760">
    <p class='ocr_par' dir='ltr' id='par_1_32' title="bbox 2065 1688 3640 1760">
     <span class='ocr_line' id='line_1_32' title="bbox 2065 1688 3640 1760; baseline 0 -20"><span class='ocrx_word' id='word_1_213' title='bbox 2065 1690 2278 1750; x_wconf 85' lang='grc' dir='ltr'>πάντως</span> <span class='ocrx_word' id='word_1_214' title='bbox 2321 1691 2415 1742; x_wconf 79' lang='grc' dir='ltr'>καὶ</span> <span class='ocrx_word' id='word_1_215' title='bbox 2464 1691 2528 1742; x_wconf 77' lang='grc' dir='ltr'><strong>τά</strong></span> <span class='ocrx_word' id='word_1_216' title='bbox 2569 1688 2790 1744; x_wconf 77' lang='grc' dir='ltr'>τοιαῦτα</span> <span class='ocrx_word' id='word_1_217' title='bbox 2847 1690 3324 1760; x_wconf 84' lang='grc' dir='ltr'>τερατουργεϊσθαι</span> <span class='ocrx_word' id='word_1_218' title='bbox 3381 1691 3640 1754; x_wconf 68' lang='grc' dir='ltr'>διδόντος,</span> 
     </span>
    </p>
   </div>
   <div class='ocr_carea' id='block_1_33' title="bbox 2064 1779 3637 1848">
    <p class='ocr_par' dir='ltr' id='par_1_33' title="bbox 2064 1779 3637 1848">
     <span class='ocr_line' id='line_1_33' title="bbox 2064 1779 3637 1848; baseline 0.001 -17"><span class='ocrx_word' id='word_1_219' title='bbox 2064 1779 2157 1832; x_wconf 69' lang='grc' dir='ltr'><strong>τοῦ</strong></span> <span class='ocrx_word' id='word_1_220' title='bbox 2187 1780 2602 1848; x_wconf 72' lang='grc' dir='ltr'>ἐνδοξαζομένου</span> <span class='ocrx_word' id='word_1_221' title='bbox 2641 1782 2749 1842; x_wconf 82' lang='grc' dir='ltr'>τοῖς</span> <span class='ocrx_word' id='word_1_222' title='bbox 2776 1781 2952 1843; x_wconf 85' lang='grc' dir='ltr'>ἁγίοις</span> <span class='ocrx_word' id='word_1_223' title='bbox 2989 1779 3177 1845; x_wconf 80' lang='grc' dir='ltr'>αὑτοῦ,</span> <span class='ocrx_word' id='word_1_224' title='bbox 3215 1781 3311 1834; x_wconf 71' lang='grc' dir='ltr'>καὶ</span> <span class='ocrx_word' id='word_1_225' title='bbox 3353 1780 3637 1840; x_wconf 79' lang='grc' dir='ltr'>ποιοῦντος</span> 
     </span>
    </p>
   </div>
   <div class='ocr_carea' id='block_1_34' title="bbox 395 1863 1966 1942">
    <p class='ocr_par' dir='ltr' id='par_1_34' title="bbox 395 1867 1959 1937">
     <span class='ocr_line' id='line_1_34' title="bbox 395 1867 1959 1937; baseline -0.004 -11"><span class='ocrx_word' id='word_1_226' title='bbox 395 1881 585 1926; x_wconf 79' lang='lat' dir='ltr'><strong>contra</strong></span> <span class='ocrx_word' id='word_1_227' title='bbox 622 1869 846 1926; x_wconf 81' lang='lat' dir='ltr'><strong>morbos</strong></span> <span class='ocrx_word' id='word_1_228' title='bbox 867 1869 1169 1937; x_wconf 80' lang='lat' dir='ltr'><strong>possideret</strong></span> <span class='ocrx_word' id='word_1_229' title='bbox 1196 1879 1285 1921; x_wconf 89' lang='lat' dir='ltr'><strong>aut</strong></span> <span class='ocrx_word' id='word_1_230' title='bbox 1318 1867 1422 1920; x_wconf 83' lang='lat' dir='ltr'><strong>alia</strong></span> <span class='ocrx_word' id='word_1_231' title='bbox 1453 1879 1772 1936; x_wconf 78' lang='lat' dir='ltr'><strong>operaretur</strong></span> <span class='ocrx_word' id='word_1_232' title='bbox 1804 1867 1959 1934; x_wconf 86' lang='lat' dir='ltr'><strong>mira;</strong></span> 
     </span>
    </p>
   </div>
   <div class='ocr_carea' id='block_1_35' title="bbox 2074 1863 3640 1942">
    <p class='ocr_par' dir='ltr' id='par_1_35' title="bbox 2074 1870 3640 1942">
     <span class='ocr_line' id='line_1_35' title="bbox 2074 1870 3640 1942; baseline 0.001 -19"><span class='ocrx_word' id='word_1_233' title='bbox 2074 1873 2290 1942; x_wconf 81' lang='grc' dir='ltr'>τέρατα,</span> <span class='ocrx_word' id='word_1_234' title='bbox 2321 1875 2414 1922; x_wconf 73' lang='grc' dir='ltr'>καὶ</span> <span class='ocrx_word' id='word_1_235' title='bbox 2453 1872 2709 1940; x_wconf 68' lang='grc' dir='ltr'>δυνάμεις</span> <span class='ocrx_word' id='word_1_236' title='bbox 2752 1870 3130 1939; x_wconf 81' lang='grc' dir='ltr'>πληθύνοντος.</span> <span class='ocrx_word' id='word_1_237' title='bbox 3165 1873 3234 1925; x_wconf 84' lang='grc' dir='ltr'><strong>Ἦ</strong></span> <span class='ocrx_word' id='word_1_238' title='bbox 3289 1872 3404 1935; x_wconf 61' lang='grc' dir='ltr'>πῶς</span> <span class='ocrx_word' id='word_1_239' title='bbox 3464 1873 3640 1934; x_wconf 68' lang='grc' dir='ltr'>ἄλλως</span> 
     </span>
    </p>
   </div>
   <div class='ocr_carea' id='block_1_36' title="bbox 391 1957 1965 2028">
    <p class='ocr_par' dir='ltr' id='par_1_36' title="bbox 391 1957 1965 2028">
     <span class='ocr_line' id='line_1_36' title="bbox 391 1957 1965 2028; baseline -0.003 -14"><span class='ocrx_word' id='word_1_240' title='bbox 391 1963 535 2016; x_wconf 82' lang='lat' dir='ltr'><strong>inter</strong></span> <span class='ocrx_word' id='word_1_241' title='bbox 562 1963 664 2016; x_wconf 85' lang='lat' dir='ltr'><strong>alia</strong></span> <span class='ocrx_word' id='word_1_242' title='bbox 707 1975 924 2016; x_wconf 90' lang='lat' dir='ltr'><strong>amnem</strong></span> <span class='ocrx_word' id='word_1_243' title='bbox 954 1974 1114 2028; x_wconf 77' lang='lat' dir='ltr'><strong>quem</strong></span> <span class='ocrx_word' id='word_1_244' title='bbox 1165 1959 1428 2012; x_wconf 89' lang='lat' dir='ltr'><strong>furentem</strong></span> <span class='ocrx_word' id='word_1_245' title='bbox 1482 1957 1713 2012; x_wconf 89' lang='lat' dir='ltr'><strong>reddidit</strong></span> <span class='ocrx_word' id='word_1_246' title='bbox 1759 1969 1965 2024; x_wconf 87' lang='lat' dir='ltr'><strong>tempe-</strong></span> 
     </span>
    </p>
   </div>
   <div class='ocr_carea' id='block_1_37' title="bbox 392 2048 1962 2116">
    <p class='ocr_par' dir='ltr' id='par_1_37' title="bbox 392 2048 1962 2116">
     <span class='ocr_line' id='line_1_37' title="bbox 392 2048 1962 2116; baseline -0.003 -12"><span class='ocrx_word' id='word_1_247' title='bbox 392 2062 524 2116; x_wconf 82' lang='lat' dir='ltr'><strong>stas,</strong></span> <span class='ocrx_word' id='word_1_248' title='bbox 554 2062 604 2106; x_wconf 92' lang='lat' dir='ltr'><strong>et</strong></span> <span class='ocrx_word' id='word_1_249' title='bbox 632 2050 831 2104; x_wconf 89' lang='lat' dir='ltr'><strong>fluctus</strong></span> <span class='ocrx_word' id='word_1_250' title='bbox 866 2049 987 2103; x_wconf 79' lang='lat' dir='ltr'><strong>ulla:</strong></span> <span class='ocrx_word' id='word_1_251' title='bbox 1015 2048 1352 2103; x_wconf 79' lang='lat' dir='ltr'><strong>exundantes</strong></span> <span class='ocrx_word' id='word_1_252' title='bbox 1375 2051 1594 2104; x_wconf 88' lang='lat' dir='ltr'><strong>sedatos</strong></span> <span class='ocrx_word' id='word_1_253' title='bbox 1625 2048 1883 2116; x_wconf 85' lang='lat' dir='ltr'><strong>placaret,</strong></span> <span class='ocrx_word' id='word_1_254' title='bbox 1909 2054 1962 2100; x_wconf 87' lang='lat' dir='ltr'><strong>et</strong></span> 
     </span>
    </p>
   </div>
   <div class='ocr_carea' id='block_1_38' title="bbox 394 2137 1960 2198">
    <p class='ocr_par' dir='ltr' id='par_1_38' title="bbox 394 2137 1960 2198">
     <span class='ocr_line' id='line_1_38' title="bbox 394 2137 1960 2198; baseline -0.001 -6"><span class='ocrx_word' id='word_1_255' title='bbox 394 2143 656 2198; x_wconf 85' lang='lat' dir='ltr'><strong>divisione</strong></span> <span class='ocrx_word' id='word_1_256' title='bbox 690 2141 968 2196; x_wconf 86' lang='lat' dir='ltr'><strong>scinderet</strong></span> <span class='ocrx_word' id='word_1_257' title='bbox 1007 2140 1079 2195; x_wconf 88' lang='lat' dir='ltr'><strong>ita</strong></span> <span class='ocrx_word' id='word_1_258' title='bbox 1131 2148 1192 2195; x_wconf 86' lang='lat' dir='ltr'><strong>ut</strong></span> <span class='ocrx_word' id='word_1_259' title='bbox 1247 2139 1457 2195; x_wconf 81' lang='lat' dir='ltr'><strong>facilem</strong></span> <span class='ocrx_word' id='word_1_260' title='bbox 1506 2137 1776 2193; x_wconf 86' lang='lat' dir='ltr'><strong>inveniret</strong></span> <span class='ocrx_word' id='word_1_261' title='bbox 1819 2137 1960 2190; x_wconf 90' lang='lat' dir='ltr'><strong>viam</strong></span> 
     </span>
    </p>
   </div>
   <div class='ocr_carea' id='block_1_39' title="bbox 392 2229 1967 2303">
    <p class='ocr_par' dir='ltr' id='par_1_39' title="bbox 392 2229 1967 2303">
     <span class='ocr_line' id='line_1_39' title="bbox 392 2229 1967 2303; baseline -0.001 -17"><span class='ocrx_word' id='word_1_262' title='bbox 392 2235 491 2303; x_wconf 77' lang='lat' dir='ltr'><strong>qui</strong></span> <span class='ocrx_word' id='word_1_263' title='bbox 519 2235 658 2290; x_wconf 84' lang='lat' dir='ltr'><strong>hanc</strong></span> <span class='ocrx_word' id='word_1_264' title='bbox 685 2233 737 2287; x_wconf 91' lang='lat' dir='ltr'><strong>iu</strong></span> <span class='ocrx_word' id='word_1_265' title='bbox 767 2235 865 2287; x_wconf 80' lang='lat' dir='ltr'><strong>via:</strong></span> <span class='ocrx_word' id='word_1_266' title='bbox 896 2242 1133 2288; x_wconf 76' lang='lat' dir='ltr'><strong>tutamen</strong></span> <span class='ocrx_word' id='word_1_267' title='bbox 1163 2231 1338 2299; x_wconf 72' lang='lat' dir='ltr'><strong>duxit,</strong></span> <span class='ocrx_word' id='word_1_268' title='bbox 1393 2231 1555 2286; x_wconf 81' lang='lat' dir='ltr'><strong>siccis</strong></span> <span class='ocrx_word' id='word_1_269' title='bbox 1587 2229 1967 2286; x_wconf 80' lang='lat' dir='ltr'><strong>calceamentis</strong></span> 
     </span>
    </p>
   </div>
   <div class='ocr_carea' id='block_1_40' title="bbox 395 2324 865 2391">
    <p class='ocr_par' dir='ltr' id='par_1_40' title="bbox 395 2324 865 2391">
     <span class='ocr_line' id='line_1_40' title="bbox 395 2324 865 2391; baseline -0.002 -13"><span class='ocrx_word' id='word_1_270' title='bbox 395 2330 532 2380; x_wconf 84' lang='lat' dir='ltr'><strong>nitra</strong></span> <span class='ocrx_word' id='word_1_271' title='bbox 562 2324 819 2391; x_wconf 85' lang='lat' dir='ltr'><strong>trajectus</strong></span> <span class='ocrx_word' id='word_1_272' title='bbox 837 2325 865 2377; x_wconf 70' lang='grc' dir='ltr'><em>ἲ</em></span> 
     </span>
    </p>
   </div>
   <div class='ocr_carea' id='block_1_41' title="bbox 2072 1962 3648 2034">
    <p class='ocr_par' dir='ltr' id='par_1_41' title="bbox 2072 1962 3648 2034">
     <span class='ocr_line' id='line_1_41' title="bbox 2072 1962 3648 2034; baseline -0.001 -18"><span class='ocrx_word' id='word_1_273' title='bbox 2072 1962 2286 2032; x_wconf 78' lang='grc' dir='ltr'><strong>χλαμὺς</strong></span> <span class='ocrx_word' id='word_1_274' title='bbox 2322 1963 2530 2032; x_wconf 73' lang='grc' dir='ltr'>ἄψυχος</span> <span class='ocrx_word' id='word_1_275' title='bbox 2555 1964 2626 2014; x_wconf 71' lang='grc' dir='ltr'><strong>’τὸ</strong></span> <span class='ocrx_word' id='word_1_276' title='bbox 2655 1962 2878 2032; x_wconf 79' lang='grc' dir='ltr'>ἐνεργὸν</span> <span class='ocrx_word' id='word_1_277' title='bbox 2926 1962 3068 2015; x_wconf 85' lang='grc' dir='ltr'>κατὰ.</span> <span class='ocrx_word' id='word_1_278' title='bbox 3102 1964 3290 2016; x_wconf 83' lang='grc' dir='ltr'>παθῶν</span> <span class='ocrx_word' id='word_1_279' title='bbox 3326 1964 3542 2034; x_wconf 70' lang='grc' dir='ltr'>φέροιτο</span> <span class='ocrx_word' id='word_1_280' title='bbox 3572 1965 3648 2017; x_wconf 81' lang='grc' dir='ltr'>ἂν</span> 
     </span>
    </p>
   </div>
   <div class='ocr_carea' id='block_1_42' title="bbox 2071 2051 3641 2124">
    <p class='ocr_par' dir='ltr' id='par_1_42' title="bbox 2071 2051 3641 2124">
     <span class='ocr_line' id='line_1_42' title="bbox 2071 2051 3641 2124; baseline 0.001 -20"><span class='ocrx_word' id='word_1_281' title='bbox 2071 2053 2106 2123; x_wconf 80' lang='grc' dir='ltr'>ἢ</span> <span class='ocrx_word' id='word_1_282' title='bbox 2139 2054 2232 2106; x_wconf 80' lang='grc' dir='ltr'>καὶ</span> <span class='ocrx_word' id='word_1_283' title='bbox 2280 2053 2480 2122; x_wconf 79' lang='grc' dir='ltr'><strong>ἑτέρως</strong></span> <span class='ocrx_word' id='word_1_284' title='bbox 2532 2051 2816 2121; x_wconf 75' lang='grc' dir='ltr'>ἐργάζοιτο</span> <span class='ocrx_word' id='word_1_285' title='bbox 2860 2053 3082 2124; x_wconf 86' lang='grc' dir='ltr'>τέρατα,</span> <span class='ocrx_word' id='word_1_286' title='bbox 3125 2053 3196 2106; x_wconf 84' lang='grc' dir='ltr'><strong>τά</strong></span> <span class='ocrx_word' id='word_1_287' title='bbox 3236 2071 3295 2106; x_wconf 89' lang='grc' dir='ltr'><strong>τε</strong></span> <span class='ocrx_word' id='word_1_288' title='bbox 3337 2054 3492 2113; x_wconf 75' lang='grc' dir='ltr'>ἄλλα,</span> <span class='ocrx_word' id='word_1_289' title='bbox 3545 2058 3641 2108; x_wconf 76' lang='grc' dir='ltr'>καὶ</span> 
     </span>
    </p>
   </div>
   <div class='ocr_carea' id='block_1_43' title="bbox 2069 2136 3640 2214">
    <p class='ocr_par' dir='ltr' id='par_1_43' title="bbox 2069 2136 3640 2214">
     <span class='ocr_line' id='line_1_43' title="bbox 2069 2136 3640 2214; baseline 0.001 -19"><span class='ocrx_word' id='word_1_290' title='bbox 2069 2144 2312 2213; x_wconf 77' lang='grc' dir='ltr'>ποταμὸν</span> <span class='ocrx_word' id='word_1_291' title='bbox 2339 2142 2394 2195; x_wconf 79' lang='grc' dir='ltr'>δὲ</span> <span class='ocrx_word' id='word_1_292' title='bbox 2427 2143 2708 2212; x_wconf 76' lang='grc' dir='ltr'>ὑϐριστὴν,</span> <span class='ocrx_word' id='word_1_293' title='bbox 2742 2136 2822 2206; x_wconf 73' lang='grc' dir='ltr'>οἷς</span> <span class='ocrx_word' id='word_1_294' title='bbox 2846 2144 2874 2196; x_wconf 93' lang='lat'><strong>6</strong></span> <span class='ocrx_word' id='word_1_295' title='bbox 2897 2141 3103 2214; x_wconf 85' lang='grc' dir='ltr'>χειμὼν</span> <span class='ocrx_word' id='word_1_296' title='bbox 3125 2144 3312 2204; x_wconf 68' lang='grc' dir='ltr'>,αὐτὸν</span> <span class='ocrx_word' id='word_1_297' title='bbox 3360 2145 3640 2214; x_wconf 68' lang='grc' dir='ltr'>ἐξέμαινοε,</span> 
     </span>
    </p>
   </div>
   <div class='ocr_carea' id='block_1_44' title="bbox 2071 2231 3647 2304">
    <p class='ocr_par' dir='ltr' id='par_1_44' title="bbox 2071 2231 3647 2304">
     <span class='ocr_line' id='line_1_44' title="bbox 2071 2231 3647 2304; baseline 0.003 -21"><span class='ocrx_word' id='word_1_298' title='bbox 2071 2232 2166 2284; x_wconf 73' lang='grc' dir='ltr'>καὶ</span> <span class='ocrx_word' id='word_1_299' title='bbox 2189 2233 2423 2300; x_wconf 87' lang='grc' dir='ltr'>πελάγια</span> <span class='ocrx_word' id='word_1_300' title='bbox 2448 2231 2504 2284; x_wconf 86' lang='grc' dir='ltr'><strong>δέ</strong></span> <span class='ocrx_word' id='word_1_301' title='bbox 2536 2232 2911 2298; x_wconf 80' lang='grc' dir='ltr'>πλατυνόμενα</span> <span class='ocrx_word' id='word_1_302' title='bbox 2943 2233 3118 2304; x_wconf 86' lang='grc' dir='ltr'>πολλῷ</span> <span class='ocrx_word' id='word_1_303' title='bbox 3140 2233 3216 2302; x_wconf 79' lang='grc' dir='ltr'>τῷ</span> <span class='ocrx_word' id='word_1_304' title='bbox 3265 2236 3500 2304; x_wconf 77' lang='grc' dir='ltr'>ῥεύματι</span> <span class='ocrx_word' id='word_1_305' title='bbox 3531 2253 3647 2288; x_wconf 78' lang='grc' dir='ltr'>σωο</span> 
     </span>
    </p>
   </div>
   <div class='ocr_carea' id='block_1_45' title="bbox 2069 2319 3644 2393">
    <p class='ocr_par' dir='ltr' id='par_1_45' title="bbox 2069 2319 3644 2393">
     <span class='ocr_line' id='line_1_45' title="bbox 2069 2319 3644 2393; baseline 0.004 -21"><span class='ocrx_word' id='word_1_306' title='bbox 2069 2319 2415 2393; x_wconf 75' lang='grc' dir='ltr'>φρονίζουσα,</span> <span class='ocrx_word' id='word_1_307' title='bbox 2447 2323 2540 2372; x_wconf 80' lang='grc' dir='ltr'>καὶ</span> <span class='ocrx_word' id='word_1_308' title='bbox 2579 2319 2937 2390; x_wconf 83' lang='grc' dir='ltr'>διχοτομοῦσα</span> <span class='ocrx_word' id='word_1_309' title='bbox 2978 2323 3054 2385; x_wconf 86' lang='grc' dir='ltr'><strong>είς</strong></span> <span class='ocrx_word' id='word_1_310' title='bbox 3093 2323 3406 2388; x_wconf 61' lang='grc' dir='ltr'>διάστασιν,</span> <span class='ocrx_word' id='word_1_311' title='bbox 3447 2324 3523 2389; x_wconf 83' lang='grc' dir='ltr'><strong>ὡς</strong></span> <span class='ocrx_word' id='word_1_312' title='bbox 3571 2323 3644 2378; x_wconf 64' lang='grc' dir='ltr'>ἂν</span> 
     </span>
    </p>
   </div>
   <div class='ocr_carea' id='block_1_46' title="bbox 395 2407 3643 2488">
    <p class='ocr_par' dir='ltr' id='par_1_46' title="bbox 395 2407 3643 2488">
     <span class='ocr_line' id='line_1_46' title="bbox 395 2407 3643 2488; baseline 0.002 -24"><span class='ocrx_word' id='word_1_313' title='bbox 395 2413 585 2484; x_wconf 71' lang='grc' dir='ltr'>ῥᾳδίαν</span> <span class='ocrx_word' id='word_1_314' title='bbox 634 2414 784 2488; x_wconf 65' lang='grc' dir='ltr'>εὖροι</span> <span class='ocrx_word' id='word_1_315' title='bbox 824 2412 1070 2468; x_wconf 78' lang='grc' dir='ltr'>διάϐασιν</span> <span class='ocrx_word' id='word_1_316' title='bbox 1112 2413 1140 2465; x_wconf 91' lang='lat'><strong>6</strong></span> <span class='ocrx_word' id='word_1_317' title='bbox 1198 2410 1402 2481; x_wconf 80' lang='grc' dir='ltr'>ταύτην</span> <span class='ocrx_word' id='word_1_318' title='bbox 1441 2409 1521 2472; x_wconf 70' lang='grc' dir='ltr'><strong>είς</strong></span> <span class='ocrx_word' id='word_1_319' title='bbox 1589 2408 1962 2486; x_wconf 72' lang='grc' dir='ltr'>φυλακτήριον</span> <span class='ocrx_word' id='word_1_320' title='bbox 1979 2407 2186 2476; x_wconf 82' lang='grc' dir='ltr'>ἐφόδιον</span> <span class='ocrx_word' id='word_1_321' title='bbox 2207 2411 2408 2480; x_wconf 87' lang='grc' dir='ltr'>φέρων,</span> <span class='ocrx_word' id='word_1_322' title='bbox 2435 2411 2712 2477; x_wconf 83' lang='grc' dir='ltr'>στεγανοίς</span> <span class='ocrx_word' id='word_1_323' title='bbox 2768 2409 3004 2474; x_wconf 80' lang='grc' dir='ltr'>πεδίλοις</span> <span class='ocrx_word' id='word_1_324' title='bbox 3060 2411 3159 2482; x_wconf 80' lang='grc' dir='ltr'>τῆς</span> <span class='ocrx_word' id='word_1_325' title='bbox 3203 2413 3500 2485; x_wconf 70' lang='grc' dir='ltr'>ἀντιπέραν</span> <span class='ocrx_word' id='word_1_326' title='bbox 3557 2432 3643 2486; x_wconf 75' lang='grc' dir='ltr'>γι-</span> 
     </span>
    </p>
   </div>
   <div class='ocr_carea' id='block_1_47' title="bbox 390 2504 641 2575">
    <p class='ocr_par' dir='ltr' id='par_1_47' title="bbox 390 2504 641 2575">
     <span class='ocr_line' id='line_1_47' title="bbox 390 2504 641 2575; baseline 0.004 -18"><span class='ocrx_word' id='word_1_327' title='bbox 390 2504 607 2575; x_wconf 77' lang='grc' dir='ltr'>νόμενος</span> <span class='ocrx_word' id='word_1_328' title='bbox 623 2523 641 2570; x_wconf 84' lang='lat'><strong>;</strong></span> 
     </span>
    </p>
   </div>
   <div class='ocr_carea' id='block_1_48' title="bbox 389 2591 1963 2665">
    <p class='ocr_par' dir='ltr' id='par_1_48' title="bbox 389 2591 1963 2665">
     <span class='ocr_line' id='line_1_48' title="bbox 389 2591 1963 2665; baseline -0.008 -10"><span class='ocrx_word' id='word_1_329' title='bbox 389 2595 392 2598; x_wconf 71' lang='grc'><strong>’</strong></span> <span class='ocrx_word' id='word_1_330' title='bbox 462 2598 554 2662; x_wconf 72' lang='grc' dir='ltr'>ιι.</span> <span class='ocrx_word' id='word_1_331' title='bbox 598 2597 845 2651; x_wconf 80' lang='lat' dir='ltr'><strong>Annulus</strong></span> <span class='ocrx_word' id='word_1_332' title='bbox 877 2595 1003 2658; x_wconf 88' lang='lat' dir='ltr'><strong>iste,</strong></span> <span class='ocrx_word' id='word_1_333' title='bbox 1048 2592 1302 2665; x_wconf 66' lang='lat' dir='ltr'><strong>pretiosa:</strong></span> <span class='ocrx_word' id='word_1_334' title='bbox 1347 2600 1502 2647; x_wconf 87' lang='lat' dir='ltr'><strong>certe</strong></span> <span class='ocrx_word' id='word_1_335' title='bbox 1549 2591 1814 2656; x_wconf 80' lang='lat' dir='ltr'><strong>materiae,</strong></span> <span class='ocrx_word' id='word_1_336' title='bbox 1866 2605 1963 2661; x_wconf 86' lang='lat' dir='ltr'><strong>per</strong></span> 
     </span>
    </p>
   </div>
   <div class='ocr_carea' id='block_1_49' title="bbox 394 2678 1964 2763">
    <p class='ocr_par' dir='ltr' id='par_1_49' title="bbox 394 2678 1964 2763">
     <span class='ocr_line' id='line_1_49' title="bbox 394 2678 1964 2763; baseline -0.009 -18"><span class='ocrx_word' id='word_1_337' title='bbox 394 2707 558 2763; x_wconf 86' lang='lat' dir='ltr'><strong>quam</strong></span> <span class='ocrx_word' id='word_1_338' title='bbox 592 2689 674 2743; x_wconf 80' lang='lat' dir='ltr'><strong>lex</strong></span> <span class='ocrx_word' id='word_1_339' title='bbox 710 2688 896 2757; x_wconf 81' lang='lat' dir='ltr'><strong>figuris</strong></span> <span class='ocrx_word' id='word_1_340' title='bbox 927 2686 1210 2739; x_wconf 88' lang='lat' dir='ltr'><strong>abundans</strong></span> <span class='ocrx_word' id='word_1_341' title='bbox 1248 2684 1410 2737; x_wconf 89' lang='lat' dir='ltr'><strong>Deum</strong></span> <span class='ocrx_word' id='word_1_342' title='bbox 1440 2691 1493 2734; x_wconf 87' lang='lat' dir='ltr'><strong>et</strong></span> <span class='ocrx_word' id='word_1_343' title='bbox 1533 2682 1711 2734; x_wconf 76' lang='lat' dir='ltr'><strong>divina</strong></span> <span class='ocrx_word' id='word_1_344' title='bbox 1755 2678 1964 2750; x_wconf 79' lang='lat' dir='ltr'><strong>signiti-</strong></span> 
     </span>
    </p>
   </div>
   <div class='ocr_carea' id='block_1_50' title="bbox 393 2770 1965 2848">
    <p class='ocr_par' dir='ltr' id='par_1_50' title="bbox 393 2770 1965 2848">
     <span class='ocr_line' id='line_1_50' title="bbox 393 2770 1965 2848; baseline -0.009 -11"><span class='ocrx_word' id='word_1_345' title='bbox 393 2794 586 2837; x_wconf 81' lang='lat' dir='ltr'><strong>canter</strong></span> <span class='ocrx_word' id='word_1_346' title='bbox 618 2779 918 2848; x_wconf 77' lang='lat' dir='ltr'><strong>exprimit,</strong></span> <span class='ocrx_word' id='word_1_347' title='bbox 955 2792 1015 2829; x_wconf 88' lang='lat' dir='ltr'><strong>ea</strong></span> <span class='ocrx_word' id='word_1_348' title='bbox 1046 2785 1097 2829; x_wconf 85' lang='lat' dir='ltr'><strong>et</strong></span> <span class='ocrx_word' id='word_1_349' title='bbox 1146 2773 1436 2829; x_wconf 74' lang='lat' dir='ltr'><strong>orliiculuri</strong></span> <span class='ocrx_word' id='word_1_350' title='bbox 1485 2770 1656 2825; x_wconf 89' lang='lat' dir='ltr'><strong>forma</strong></span> <span class='ocrx_word' id='word_1_351' title='bbox 1691 2771 1965 2826; x_wconf 46' lang='lat' dir='ltr'><strong>divinissi‘</strong></span> 
     </span>
    </p>
   </div>
   <div class='ocr_carea' id='block_1_51' title="bbox 394 2861 1970 2930">
    <p class='ocr_par' dir='ltr' id='par_1_51' title="bbox 394 2861 1970 2930">
     <span class='ocr_line' id='line_1_51' title="bbox 394 2861 1970 2930; baseline -0.008 -5"><span class='ocrx_word' id='word_1_352' title='bbox 394 2885 602 2926; x_wconf 83' lang='lat' dir='ltr'><strong>marum</strong></span> <span class='ocrx_word' id='word_1_353' title='bbox 636 2869 895 2922; x_wconf 84' lang='lat' dir='ltr'><strong>virtutum</strong></span> <span class='ocrx_word' id='word_1_354' title='bbox 939 2865 1140 2918; x_wconf 85' lang='lat' dir='ltr'><strong>indicat</strong></span> <span class='ocrx_word' id='word_1_355' title='bbox 1172 2878 1428 2916; x_wconf 82' lang='lat' dir='ltr'><strong>coronam</strong></span> <span class='ocrx_word' id='word_1_356' title='bbox 1455 2877 1570 2930; x_wconf 64' lang='lat' dir='ltr'><strong>quae</strong></span> <span class='ocrx_word' id='word_1_357' title='bbox 1599 2861 1852 2914; x_wconf 85' lang='lat' dir='ltr'><strong>athletam</strong></span> <span class='ocrx_word' id='word_1_358' title='bbox 1885 2876 1970 2913; x_wconf 85' lang='lat' dir='ltr'><strong>re-</strong></span> 
     </span>
    </p>
   </div>
   <div class='ocr_carea' id='block_1_52' title="bbox 395 2951 1972 3028">
    <p class='ocr_par' dir='ltr' id='par_1_52' title="bbox 395 2951 1972 3028">
     <span class='ocr_line' id='line_1_52' title="bbox 395 2951 1972 3028; baseline -0.006 -16"><span class='ocrx_word' id='word_1_359' title='bbox 395 2960 550 3014; x_wconf 90' lang='lat' dir='ltr'><strong>dimit</strong></span> <span class='ocrx_word' id='word_1_360' title='bbox 581 2957 736 3028; x_wconf 90' lang='lat' dir='ltr'><strong>quasi</strong></span> <span class='ocrx_word' id='word_1_361' title='bbox 768 2969 1058 3017; x_wconf 89' lang='lat' dir='ltr'><strong>coronans,</strong></span> <span class='ocrx_word' id='word_1_362' title='bbox 1100 2962 1153 3006; x_wconf 91' lang='lat' dir='ltr'><strong>et</strong></span> <span class='ocrx_word' id='word_1_363' title='bbox 1181 2951 1612 3005; x_wconf 80' lang='lat' dir='ltr'><strong>contractionem</strong></span> <span class='ocrx_word' id='word_1_364' title='bbox 1665 2952 1972 3019; x_wconf 76' lang='lat' dir='ltr'><strong>angustias-</strong></span> 
     </span>
    </p>
   </div>
   <div class='ocr_carea' id='block_1_53' title="bbox 393 3043 1967 3121">
    <p class='ocr_par' dir='ltr' id='par_1_53' title="bbox 393 3043 1967 3121">
     <span class='ocr_line' id='line_1_53' title="bbox 393 3043 1967 3121; baseline -0.006 -17"><span class='ocrx_word' id='word_1_365' title='bbox 393 3067 499 3121; x_wconf 84' lang='lat' dir='ltr'><strong>que</strong></span> <span class='ocrx_word' id='word_1_366' title='bbox 531 3049 842 3104; x_wconf 76' lang='lat' dir='ltr'><strong>manifestat</strong></span> <span class='ocrx_word' id='word_1_367' title='bbox 875 3061 1009 3116; x_wconf 86' lang='lat' dir='ltr'><strong>quas</strong></span> <span class='ocrx_word' id='word_1_368' title='bbox 1060 3045 1110 3098; x_wconf 92' lang='lat' dir='ltr'><strong>iu</strong></span> <span class='ocrx_word' id='word_1_369' title='bbox 1167 3044 1278 3097; x_wconf 83' lang='lat' dir='ltr'><strong>vita</strong></span> <span class='ocrx_word' id='word_1_370' title='bbox 1327 3043 1605 3107; x_wconf 88' lang='lat' dir='ltr'><strong>sustinuit,</strong></span> <span class='ocrx_word' id='word_1_371' title='bbox 1661 3055 1767 3095; x_wconf 87' lang='lat' dir='ltr'><strong>non</strong></span> <span class='ocrx_word' id='word_1_372' title='bbox 1810 3050 1967 3094; x_wconf 78' lang='lat' dir='ltr'><strong>extra</strong></span> 
     </span>
    </p>
   </div>
   <div class='ocr_carea' id='block_1_54' title="bbox 397 3135 1968 3202">
    <p class='ocr_par' dir='ltr' id='par_1_54' title="bbox 397 3135 1968 3202">
     <span class='ocr_line' id='line_1_54' title="bbox 397 3135 1968 3202; baseline -0.004 -7"><span class='ocrx_word' id='word_1_373' title='bbox 397 3143 658 3196; x_wconf 87' lang='lat' dir='ltr'><strong>rationem</strong></span> <span class='ocrx_word' id='word_1_374' title='bbox 682 3154 876 3194; x_wconf 89' lang='lat' dir='ltr'><strong>errans</strong></span> <span class='ocrx_word' id='word_1_375' title='bbox 914 3151 1012 3191; x_wconf 81' lang='lat' dir='ltr'><strong>nec</strong></span> <span class='ocrx_word' id='word_1_376' title='bbox 1044 3136 1343 3190; x_wconf 85' lang='lat' dir='ltr'><strong>dissolutus</strong></span> <span class='ocrx_word' id='word_1_377' title='bbox 1376 3145 1431 3188; x_wconf 89' lang='lat' dir='ltr'><strong>et</strong></span> <span class='ocrx_word' id='word_1_378' title='bbox 1466 3135 1826 3202; x_wconf 82' lang='lat' dir='ltr'><strong>intemperate</strong></span> <span class='ocrx_word' id='word_1_379' title='bbox 1871 3148 1968 3188; x_wconf 90' lang='lat' dir='ltr'><strong>vo-</strong></span> 
     </span>
    </p>
   </div>
   <div class='ocr_carea' id='block_1_55' title="bbox 2152 2577 3653 2657">
    <p class='ocr_par' dir='ltr' id='par_1_55' title="bbox 2152 2577 3653 2657">
     <span class='ocr_line' id='line_1_55' title="bbox 2152 2577 3653 2657; baseline -0.005 -19"><span class='ocrx_word' id='word_1_380' title='bbox 2152 2583 2255 2654; x_wconf 68' lang='grc' dir='ltr'><strong>μᾶ.</strong></span> <span class='ocrx_word' id='word_1_381' title='bbox 2295 2583 2352 2636; x_wconf 87' lang='grc' dir='ltr'>Ὀ</span> <span class='ocrx_word' id='word_1_382' title='bbox 2370 2582 2651 2645; x_wconf 84' lang='grc' dir='ltr'>δακτύλιος</span> <span class='ocrx_word' id='word_1_383' title='bbox 2674 2577 2849 2650; x_wconf 63' lang='grc' dir='ltr'>οὗτος,</span> <span class='ocrx_word' id='word_1_384' title='bbox 2894 2583 3079 2656; x_wconf 83' lang='grc' dir='ltr'>τιμίας</span> <span class='ocrx_word' id='word_1_385' title='bbox 3127 2584 3392 2653; x_wconf 79' lang='grc' dir='ltr'>δήπουθεν</span> <span class='ocrx_word' id='word_1_386' title='bbox 3443 2589 3653 2657; x_wconf 73' lang='grc' dir='ltr'>τυγχά-</span> 
     </span>
    </p>
   </div>
   <div class='ocr_carea' id='block_1_56' title="bbox 2071 2668 3652 2744">
    <p class='ocr_par' dir='ltr' id='par_1_56' title="bbox 2071 2668 3652 2744">
     <span class='ocr_line' id='line_1_56' title="bbox 2071 2668 3652 2744; baseline -0.001 -16"><span class='ocrx_word' id='word_1_387' title='bbox 2071 2691 2178 2728; x_wconf 88' lang='grc' dir='ltr'><strong>νων</strong></span> <span class='ocrx_word' id='word_1_388' title='bbox 2207 2671 2357 2743; x_wconf 67' lang='grc' dir='ltr'>ὖλης,</span> <span class='ocrx_word' id='word_1_389' title='bbox 2386 2671 2454 2723; x_wconf 81' lang='grc' dir='ltr'>δι’</span> <span class='ocrx_word' id='word_1_390' title='bbox 2482 2668 2548 2744; x_wconf 79' lang='grc' dir='ltr'>ἧς</span> <span class='ocrx_word' id='word_1_391' title='bbox 2579 2673 2606 2725; x_wconf 92' lang='lat'><strong>6</strong></span> <span class='ocrx_word' id='word_1_392' title='bbox 2636 2674 2692 2725; x_wconf 85' lang='grc' dir='ltr'><strong>ἐν</strong></span> <span class='ocrx_word' id='word_1_393' title='bbox 2738 2672 2892 2741; x_wconf 86' lang='grc' dir='ltr'>τύπῳ</span> <span class='ocrx_word' id='word_1_394' title='bbox 2923 2673 3085 2742; x_wconf 83' lang='grc' dir='ltr'>νόμος</span> <span class='ocrx_word' id='word_1_395' title='bbox 3135 2673 3266 2724; x_wconf 82' lang='grc' dir='ltr'>Θεόν</span> <span class='ocrx_word' id='word_1_396' title='bbox 3317 2691 3372 2725; x_wconf 88' lang='grc' dir='ltr'><strong>τε</strong></span> <span class='ocrx_word' id='word_1_397' title='bbox 3436 2675 3526 2726; x_wconf 76' lang='grc' dir='ltr'>καὶ</span> <span class='ocrx_word' id='word_1_398' title='bbox 3581 2678 3652 2726; x_wconf 77' lang='grc' dir='ltr'><strong>τὰ.</strong></span> 
     </span>
    </p>
   </div>
   <div class='ocr_carea' id='block_1_57' title="bbox 2072 2763 3649 2836">
    <p class='ocr_par' dir='ltr' id='par_1_57' title="bbox 2072 2763 3649 2836">
     <span class='ocr_line' id='line_1_57' title="bbox 2072 2763 3649 2836; baseline -0.001 -19"><span class='ocrx_word' id='word_1_399' title='bbox 2072 2764 2190 2818; x_wconf 75' lang='grc' dir='ltr'>θεῖα</span> <span class='ocrx_word' id='word_1_400' title='bbox 2245 2763 2703 2833; x_wconf 78' lang='grc' dir='ltr'>συμϐολογραφεῐ,</span> <span class='ocrx_word' id='word_1_401' title='bbox 2742 2763 2916 2833; x_wconf 81' lang='grc' dir='ltr'>ταύτῃ</span> <span class='ocrx_word' id='word_1_402' title='bbox 2967 2780 3027 2815; x_wconf 85' lang='grc' dir='ltr'><strong>τε</strong></span> <span class='ocrx_word' id='word_1_403' title='bbox 3062 2764 3257 2832; x_wconf 78' lang='grc' dir='ltr'>καὶτῷ</span> <span class='ocrx_word' id='word_1_404' title='bbox 3306 2764 3649 2836; x_wconf 80' lang='grc' dir='ltr'>κυκλοτερῶς</span> 
     </span>
    </p>
   </div>
   <div class='ocr_carea' id='block_1_58' title="bbox 2071 2853 3649 2925">
    <p class='ocr_par' dir='ltr' id='par_1_58' title="bbox 2071 2853 3649 2925">
     <span class='ocr_line' id='line_1_58' title="bbox 2071 2853 3649 2925; baseline 0.002 -17"><span class='ocrx_word' id='word_1_405' title='bbox 2071 2853 2470 2925; x_wconf 74' lang='grc' dir='ltr'><strong>ἐσχηματίσθαι</strong></span> <span class='ocrx_word' id='word_1_406' title='bbox 2495 2856 2584 2907; x_wconf 84' lang='grc' dir='ltr'>τὸν</span> <span class='ocrx_word' id='word_1_407' title='bbox 2615 2853 2812 2906; x_wconf 76' lang='grc' dir='ltr'>κύκλον</span> <span class='ocrx_word' id='word_1_408' title='bbox 2871 2855 3261 2924; x_wconf 84' lang='grc' dir='ltr'>καθυπέγραφε</span> <span class='ocrx_word' id='word_1_409' title='bbox 3297 2857 3403 2908; x_wconf 75' lang='grc' dir='ltr'>τῶν</span> <span class='ocrx_word' id='word_1_410' title='bbox 3437 2857 3649 2911; x_wconf 73' lang='grc' dir='ltr'>θειοτάο</span> 
     </span>
    </p>
   </div>
   <div class='ocr_carea' id='block_1_59' title="bbox 2070 2941 3649 3018">
    <p class='ocr_par' dir='ltr' id='par_1_59' title="bbox 2070 2941 3649 3018">
     <span class='ocr_line' id='line_1_59' title="bbox 2070 2941 3649 3018; baseline 0.001 -18"><span class='ocrx_word' id='word_1_411' title='bbox 2070 2963 2180 3000; x_wconf 89' lang='grc' dir='ltr'><strong>των</strong></span> <span class='ocrx_word' id='word_1_412' title='bbox 2209 2945 2444 3015; x_wconf 85' lang='grc' dir='ltr'>ἀρετῶν,</span> <span class='ocrx_word' id='word_1_413' title='bbox 2486 2945 2544 3009; x_wconf 86' lang='grc' dir='ltr'>ὃς</span> <span class='ocrx_word' id='word_1_414' title='bbox 2578 2945 2667 2998; x_wconf 70' lang='grc' dir='ltr'>τὸν</span> <span class='ocrx_word' id='word_1_415' title='bbox 2697 2945 2936 3018; x_wconf 73' lang='grc' dir='ltr'>ἀθλητὴν</span> <span class='ocrx_word' id='word_1_416' title='bbox 2969 2946 3324 3008; x_wconf 78' lang='grc' dir='ltr'>ὲναπέλαὸεν,</span> <span class='ocrx_word' id='word_1_417' title='bbox 3357 2941 3469 3000; x_wconf 80' lang='grc' dir='ltr'>οἷον</span> <span class='ocrx_word' id='word_1_418' title='bbox 3518 2967 3649 3001; x_wconf 81' lang='grc' dir='ltr'>στε-</span> 
     </span>
    </p>
   </div>
   <div class='ocr_carea' id='block_1_60' title="bbox 2073 3036 3650 3108">
    <p class='ocr_par' dir='ltr' id='par_1_60' title="bbox 2073 3036 3650 3108">
     <span class='ocr_line' id='line_1_60' title="bbox 2073 3036 3650 3108; baseline 0.002 -18"><span class='ocrx_word' id='word_1_419' title='bbox 2073 3037 2481 3107; x_wconf 82' lang='grc' dir='ltr'>φανωσάμενος,</span> <span class='ocrx_word' id='word_1_420' title='bbox 2538 3036 2634 3090; x_wconf 76' lang='grc' dir='ltr'><strong>καὶ</strong></span> <span class='ocrx_word' id='word_1_421' title='bbox 2683 3036 2782 3107; x_wconf 85' lang='grc' dir='ltr'>τὴν</span> <span class='ocrx_word' id='word_1_422' title='bbox 2834 3039 3066 3108; x_wconf 71' lang='grc' dir='ltr'>συνοχὴν</span> <span class='ocrx_word' id='word_1_423' title='bbox 3105 3037 3163 3092; x_wconf 84' lang='grc' dir='ltr'><strong>δέ</strong></span> <span class='ocrx_word' id='word_1_424' title='bbox 3219 3041 3521 3108; x_wconf 74' lang='grc' dir='ltr'>παρεδήλου</span> <span class='ocrx_word' id='word_1_425' title='bbox 3553 3043 3650 3095; x_wconf 71' lang='grc' dir='ltr'>καὶ</span> 
     </span>
    </p>
   </div>
   <div class='ocr_carea' id='block_1_61' title="bbox 2068 3127 3656 3200">
    <p class='ocr_par' dir='ltr' id='par_1_61' title="bbox 2068 3127 3656 3200">
     <span class='ocr_line' id='line_1_61' title="bbox 2068 3127 3656 3200; baseline 0.001 -18"><span class='ocrx_word' id='word_1_426' title='bbox 2068 3129 2162 3184; x_wconf 82' lang='grc' dir='ltr'>τὸν</span> <span class='ocrx_word' id='word_1_427' title='bbox 2189 3130 2444 3198; x_wconf 85' lang='grc' dir='ltr'>σφιγμδν,</span> <span class='ocrx_word' id='word_1_428' title='bbox 2479 3127 2540 3182; x_wconf 82' lang='grc' dir='ltr'>ὃν</span> <span class='ocrx_word' id='word_1_429' title='bbox 2563 3129 2652 3182; x_wconf 83' lang='grc' dir='ltr'>διὰ</span> <span class='ocrx_word' id='word_1_430' title='bbox 2686 3129 2801 3198; x_wconf 88' lang='grc' dir='ltr'>βίου</span> <span class='ocrx_word' id='word_1_431' title='bbox 2846 3129 3114 3198; x_wconf 80' lang='grc' dir='ltr'>ὑπέμενεν</span> <span class='ocrx_word' id='word_1_432' title='bbox 3149 3147 3162 3161; x_wconf 69' lang='grc' dir='ltr'><strong><em>ν</em></strong></span> <span class='ocrx_word' id='word_1_433' title='bbox 3213 3131 3310 3184; x_wconf 84' lang='grc' dir='ltr'>οὐκ</span> <span class='ocrx_word' id='word_1_434' title='bbox 3353 3132 3458 3197; x_wconf 76' lang='grc' dir='ltr'><strong>ἔξω</strong></span> <span class='ocrx_word' id='word_1_435' title='bbox 3497 3132 3656 3200; x_wconf 82' lang='grc' dir='ltr'>λογι-</span> 
     </span>
    </p>
   </div>
   <div class='ocr_carea' id='block_1_62' title="bbox 391 3210 1966 3292">
    <p class='ocr_par' dir='ltr' id='par_1_62' title="bbox 391 3225 1966 3292">
     <span class='ocr_line' id='line_1_62' title="bbox 391 3225 1966 3292; baseline -0.006 -7"><span class='ocrx_word' id='word_1_436' title='bbox 391 3234 541 3287; x_wconf 81' lang='lat' dir='ltr'><strong>lutus</strong></span> <span class='ocrx_word' id='word_1_437' title='bbox 570 3241 625 3284; x_wconf 88' lang='lat' dir='ltr'><strong>et</strong></span> <span class='ocrx_word' id='word_1_438' title='bbox 650 3229 851 3292; x_wconf 82' lang='lat' dir='ltr'><strong>mollis,</strong></span> <span class='ocrx_word' id='word_1_439' title='bbox 884 3229 978 3282; x_wconf 80' lang='lat' dir='ltr'><strong>sed</strong></span> <span class='ocrx_word' id='word_1_440' title='bbox 1008 3241 1193 3281; x_wconf 87' lang='lat' dir='ltr'><strong>secum</strong></span> <span class='ocrx_word' id='word_1_441' title='bbox 1240 3226 1547 3292; x_wconf 82' lang='lat' dir='ltr'><strong>recogitans</strong></span> <span class='ocrx_word' id='word_1_442' title='bbox 1569 3265 1587 3289; x_wconf 87' lang='lat'><strong>,</strong></span> <span class='ocrx_word' id='word_1_443' title='bbox 1617 3225 1875 3278; x_wconf 84' lang='lat' dir='ltr'><strong>astrictus</strong></span> <span class='ocrx_word' id='word_1_444' title='bbox 1916 3232 1966 3277; x_wconf 90' lang='lat' dir='ltr'><strong>et</strong></span> 
     </span>
    </p>
   </div>
   <div class='ocr_carea' id='block_1_63' title="bbox 2074 3210 3660 3292">
    <p class='ocr_par' dir='ltr' id='par_1_63' title="bbox 2074 3210 3660 3292">
     <span class='ocr_line' id='line_1_63' title="bbox 2074 3210 3660 3292; baseline 0.001 -20"><span class='ocrx_word' id='word_1_445' title='bbox 2074 3219 2211 3286; x_wconf 83' lang='grc' dir='ltr'>σμοῦ</span> <span class='ocrx_word' id='word_1_446' title='bbox 2241 3219 2610 3288; x_wconf 77' lang='grc' dir='ltr'>πλανώμενος,</span> <span class='ocrx_word' id='word_1_447' title='bbox 2640 3218 2762 3272; x_wconf 77' lang='grc' dir='ltr'>οὐδὲ</span> <span class='ocrx_word' id='word_1_448' title='bbox 2794 3218 3185 3291; x_wconf 73' lang='grc' dir='ltr'>διακεχυμένος</span> <span class='ocrx_word' id='word_1_449' title='bbox 3223 3210 3321 3275; x_wconf 73' lang='grc' dir='ltr'><strong>καὶ</strong></span> <span class='ocrx_word' id='word_1_450' title='bbox 3373 3223 3660 3292; x_wconf 73' lang='grc' dir='ltr'>ρεμὸόμεοσ</span> 
     </span>
    </p>
   </div>
   <div class='ocr_carea' id='block_1_64' title="bbox 397 3314 1961 3399">
    <p class='ocr_par' dir='ltr' id='par_1_64' title="bbox 397 3314 1961 3399">
     <span class='ocr_line' id='line_1_64' title="bbox 397 3314 1961 3399; baseline -0.01 -18"><span class='ocrx_word' id='word_1_451' title='bbox 397 3331 634 3399; x_wconf 85' lang='lat' dir='ltr'><strong>seipsum</strong></span> <span class='ocrx_word' id='word_1_452' title='bbox 687 3328 1051 3394; x_wconf 84' lang='lat' dir='ltr'><strong>comprimens</strong></span> <span class='ocrx_word' id='word_1_453' title='bbox 1093 3324 1489 3390; x_wconf 77' lang='lat' dir='ltr'><strong>continensth</strong></span> <span class='ocrx_word' id='word_1_454' title='bbox 1514 3334 1540 3372; x_wconf 94' lang='lat' dir='ltr'><strong>a</strong></span> <span class='ocrx_word' id='word_1_455' title='bbox 1562 3315 1876 3372; x_wconf 75' lang='lat' dir='ltr'><strong>dilatatioue</strong></span> <span class='ocrx_word' id='word_1_456' title='bbox 1907 3314 1961 3367; x_wconf 90' lang='lat' dir='ltr'><strong>in</strong></span> 
     </span>
    </p>
   </div>
   <div class='ocr_carea' id='block_1_65' title="bbox 393 3410 1964 3488">
    <p class='ocr_par' dir='ltr' id='par_1_65' title="bbox 393 3410 1964 3488">
     <span class='ocr_line' id='line_1_65' title="bbox 393 3410 1964 3488; baseline -0.008 -16"><span class='ocrx_word' id='word_1_457' title='bbox 393 3419 608 3472; x_wconf 84' lang='lat' dir='ltr'><strong>deliciis</strong></span> <span class='ocrx_word' id='word_1_458' title='bbox 643 3427 868 3488; x_wconf 86' lang='lat' dir='ltr'><strong>propter</strong></span> <span class='ocrx_word' id='word_1_459' title='bbox 909 3417 1198 3484; x_wconf 70' lang='lat' dir='ltr'><strong>voluptatis</strong></span> <span class='ocrx_word' id='word_1_460' title='bbox 1233 3422 1550 3473; x_wconf 82' lang='lat' dir='ltr'><strong>torrentem,</strong></span> <span class='ocrx_word' id='word_1_461' title='bbox 1586 3410 1637 3462; x_wconf 91' lang='lat' dir='ltr'><strong>in</strong></span> <span class='ocrx_word' id='word_1_462' title='bbox 1673 3424 1781 3477; x_wconf 89' lang='lat' dir='ltr'><strong>quo</strong></span> <span class='ocrx_word' id='word_1_463' title='bbox 1818 3416 1964 3461; x_wconf 84' lang='lat' dir='ltr'><strong>stare</strong></span> 
     </span>
    </p>
   </div>
   <div class='ocr_carea' id='block_1_66' title="bbox 395 3499 1963 3577">
    <p class='ocr_par' dir='ltr' id='par_1_66' title="bbox 395 3499 1963 3577">
     <span class='ocr_line' id='line_1_66' title="bbox 395 3499 1963 3577; baseline -0.008 -15"><span class='ocrx_word' id='word_1_464' title='bbox 395 3508 545 3563; x_wconf 83' lang='lat' dir='ltr'><strong>nefas</strong></span> <span class='ocrx_word' id='word_1_465' title='bbox 575 3509 830 3577; x_wconf 87' lang='lat' dir='ltr'><strong>aliquem,</strong></span> <span class='ocrx_word' id='word_1_466' title='bbox 868 3507 959 3576; x_wconf 88' lang='lat' dir='ltr'><strong>qui</strong></span> <span class='ocrx_word' id='word_1_467' title='bbox 989 3521 1093 3560; x_wconf 92' lang='lat' dir='ltr'><strong>nou</strong></span> <span class='ocrx_word' id='word_1_468' title='bbox 1128 3521 1224 3575; x_wconf 86' lang='lat' dir='ltr'><strong>per</strong></span> <span class='ocrx_word' id='word_1_469' title='bbox 1255 3515 1459 3557; x_wconf 84' lang='lat' dir='ltr'><strong>arctam</strong></span> <span class='ocrx_word' id='word_1_470' title='bbox 1498 3500 1587 3555; x_wconf 88' lang='lat' dir='ltr'><strong>Dei</strong></span> <span class='ocrx_word' id='word_1_471' title='bbox 1618 3500 1757 3552; x_wconf 84' lang='lat' dir='ltr'><strong>viam</strong></span> <span class='ocrx_word' id='word_1_472' title='bbox 1792 3499 1963 3552; x_wconf 84' lang='lat' dir='ltr'><strong>inces-</strong></span> 
     </span>
    </p>
   </div>
   <div class='ocr_carea' id='block_1_67' title="bbox 395 3587 1963 3668">
    <p class='ocr_par' dir='ltr' id='par_1_67' title="bbox 395 3587 1963 3668">
     <span class='ocr_line' id='line_1_67' title="bbox 395 3587 1963 3668; baseline -0.007 -15"><span class='ocrx_word' id='word_1_473' title='bbox 395 3602 505 3666; x_wconf 72' lang='lat' dir='ltr'><strong>sit;</strong></span> <span class='ocrx_word' id='word_1_474' title='bbox 545 3599 1000 3668; x_wconf 72' lang='lat' dir='ltr'><strong>quemadmodum</strong></span> <span class='ocrx_word' id='word_1_475' title='bbox 1038 3611 1136 3650; x_wconf 85' lang='lat' dir='ltr'><strong>nec</strong></span> <span class='ocrx_word' id='word_1_476' title='bbox 1184 3596 1238 3648; x_wconf 89' lang='lat' dir='ltr'><strong>iu</strong></span> <span class='ocrx_word' id='word_1_477' title='bbox 1285 3591 1710 3647; x_wconf 84' lang='lat' dir='ltr'><strong>Fortunatorunt</strong></span> <span class='ocrx_word' id='word_1_478' title='bbox 1763 3587 1963 3642; x_wconf 87' lang='lat' dir='ltr'><strong>lnsulis</strong></span> 
     </span>
    </p>
   </div>
   <div class='ocr_carea' id='block_1_68' title="bbox 397 3677 1966 3748">
    <p class='ocr_par' dir='ltr' id='par_1_68' title="bbox 397 3677 1966 3748">
     <span class='ocr_line' id='line_1_68' title="bbox 397 3677 1966 3748; baseline -0.009 -6"><span class='ocrx_word' id='word_1_479' title='bbox 397 3690 636 3743; x_wconf 74' lang='lat' dir='ltr'><strong>historiae</strong></span> <span class='ocrx_word' id='word_1_480' title='bbox 661 3697 1024 3742; x_wconf 76' lang='lat' dir='ltr'><strong>commentum</strong></span> <span class='ocrx_word' id='word_1_481' title='bbox 1056 3683 1344 3740; x_wconf 84' lang='lat' dir='ltr'><strong>constituit</strong></span> <span class='ocrx_word' id='word_1_482' title='bbox 1372 3681 1518 3734; x_wconf 91' lang='lat' dir='ltr'><strong>illum</strong></span> <span class='ocrx_word' id='word_1_483' title='bbox 1551 3679 1642 3748; x_wconf 88' lang='lat' dir='ltr'><strong>qui</strong></span> <span class='ocrx_word' id='word_1_484' title='bbox 1668 3692 1733 3732; x_wconf 80' lang='lat' dir='ltr'><strong>ex</strong></span> <span class='ocrx_word' id='word_1_485' title='bbox 1767 3677 1966 3744; x_wconf 84' lang='lat' dir='ltr'><strong>Hespe-</strong></span> 
     </span>
    </p>
   </div>
   <div class='ocr_carea' id='block_1_69' title="bbox 397 3768 1969 3838">
    <p class='ocr_par' dir='ltr' id='par_1_69' title="bbox 397 3768 1969 3838">
     <span class='ocr_line' id='line_1_69' title="bbox 397 3768 1969 3838; baseline -0.011 -2"><span class='ocrx_word' id='word_1_486' title='bbox 397 3782 492 3836; x_wconf 71' lang='lat' dir='ltr'><strong>ria:</strong></span> <span class='ocrx_word' id='word_1_487' title='bbox 515 3781 650 3834; x_wconf 89' lang='lat' dir='ltr'><strong>mari</strong></span> <span class='ocrx_word' id='word_1_488' title='bbox 682 3795 792 3834; x_wconf 90' lang='lat' dir='ltr'><strong>non</strong></span> <span class='ocrx_word' id='word_1_489' title='bbox 825 3778 1052 3833; x_wconf 85' lang='lat' dir='ltr'><strong>Gadium</strong></span> <span class='ocrx_word' id='word_1_490' title='bbox 1085 3785 1234 3830; x_wconf 85' lang='lat' dir='ltr'><strong>arcta</strong></span> <span class='ocrx_word' id='word_1_491' title='bbox 1267 3771 1644 3835; x_wconf 84' lang='lat' dir='ltr'><strong>transmeavit,</strong></span> <span class='ocrx_word' id='word_1_492' title='bbox 1675 3770 1720 3825; x_wconf 89' lang='lat' dir='ltr'><strong>si</strong></span> <span class='ocrx_word' id='word_1_493' title='bbox 1751 3783 1846 3838; x_wconf 85' lang='lat' dir='ltr'><strong>per</strong></span> <span class='ocrx_word' id='word_1_494' title='bbox 1875 3768 1969 3821; x_wconf 85' lang='lat' dir='ltr'><strong>mi-</strong></span> 
     </span>
    </p>
   </div>
   <div class='ocr_carea' id='block_1_70' title="bbox 401 3865 1592 3931">
    <p class='ocr_par' dir='ltr' id='par_1_70' title="bbox 401 3865 1592 3931">
     <span class='ocr_line' id='line_1_70' title="bbox 401 3865 1592 3931; baseline -0.011 -6"><span class='ocrx_word' id='word_1_495' title='bbox 401 3873 546 3926; x_wconf 88' lang='lat' dir='ltr'><strong>nima</strong></span> <span class='ocrx_word' id='word_1_496' title='bbox 574 3871 810 3924; x_wconf 72' lang='lat' dir='ltr'><strong>maxima</strong></span> <span class='ocrx_word' id='word_1_497' title='bbox 838 3868 1014 3922; x_wconf 77' lang='lat' dir='ltr'><strong>obiter</strong></span> <span class='ocrx_word' id='word_1_498' title='bbox 1053 3865 1326 3920; x_wconf 87' lang='lat' dir='ltr'><strong>elucidare</strong></span> <span class='ocrx_word' id='word_1_499' title='bbox 1359 3871 1592 3931; x_wconf 87' lang='lat' dir='ltr'><strong>oportet.</strong></span> 
     </span>
    </p>
   </div>
   <div class='ocr_carea' id='block_1_71' title="bbox 468 4123 1970 4204">
    <p class='ocr_par' dir='ltr' id='par_1_71' title="bbox 468 4123 1970 4204">
     <span class='ocr_line' id='line_1_71' title="bbox 468 4123 1970 4204; baseline -0.013 -11"><span class='ocrx_word' id='word_1_500' title='bbox 468 4137 556 4194; x_wconf 76' lang='grc'><strong>45.</strong></span> <span class='ocrx_word' id='word_1_501' title='bbox 594 4136 750 4191; x_wconf 77' lang='lat' dir='ltr'><strong>Nova</strong></span> <span class='ocrx_word' id='word_1_502' title='bbox 772 4134 990 4204; x_wconf 78' lang='lat' dir='ltr'><strong>quidem</strong></span> <span class='ocrx_word' id='word_1_503' title='bbox 1036 4131 1148 4183; x_wconf 81' lang='lat' dir='ltr'><strong>ista</strong></span> <span class='ocrx_word' id='word_1_504' title='bbox 1175 4136 1229 4182; x_wconf 85' lang='lat' dir='ltr'><strong>et</strong></span> <span class='ocrx_word' id='word_1_505' title='bbox 1261 4141 1385 4196; x_wconf 75' lang='lat' dir='ltr'><strong>quat</strong></span> <span class='ocrx_word' id='word_1_506' title='bbox 1431 4125 1774 4182; x_wconf 84' lang='lat' dir='ltr'><strong>sudiosorum</strong></span> <span class='ocrx_word' id='word_1_507' title='bbox 1807 4123 1970 4177; x_wconf 87' lang='lat' dir='ltr'><strong>mira-</strong></span> 
     </span>
    </p>
   </div>
   <div class='ocr_carea' id='block_1_72' title="bbox 402 4215 1972 4284">
    <p class='ocr_par' dir='ltr' id='par_1_72' title="bbox 402 4215 1972 4284">
     <span class='ocr_line' id='line_1_72' title="bbox 402 4215 1972 4284; baseline -0.01 -1"><span class='ocrx_word' id='word_1_508' title='bbox 402 4231 599 4284; x_wconf 81' lang='lat' dir='ltr'><strong>tionem</strong></span> <span class='ocrx_word' id='word_1_509' title='bbox 633 4228 830 4280; x_wconf 87' lang='lat' dir='ltr'><strong>cieant.</strong></span> <span class='ocrx_word' id='word_1_510' title='bbox 857 4223 994 4278; x_wconf 88' lang='lat' dir='ltr'><strong>Cum</strong></span> <span class='ocrx_word' id='word_1_511' title='bbox 1017 4234 1146 4276; x_wconf 80' lang='lat' dir='ltr'><strong>vero</strong></span> <span class='ocrx_word' id='word_1_512' title='bbox 1176 4228 1232 4272; x_wconf 87' lang='lat' dir='ltr'><strong>et</strong></span> <span class='ocrx_word' id='word_1_513' title='bbox 1262 4219 1315 4271; x_wconf 91' lang='lat' dir='ltr'><strong>iu</strong></span> <span class='ocrx_word' id='word_1_514' title='bbox 1350 4215 1576 4271; x_wconf 86' lang='lat' dir='ltr'><strong>somniis</strong></span> <span class='ocrx_word' id='word_1_515' title='bbox 1594 4215 1805 4269; x_wconf 83' lang='lat' dir='ltr'><strong>ellicere</strong></span> <span class='ocrx_word' id='word_1_516' title='bbox 1827 4229 1972 4268; x_wconf 87' lang='lat' dir='ltr'><strong>mar-</strong></span> 
     </span>
    </p>
   </div>
   <div class='ocr_carea' id='block_1_73' title="bbox 403 4306 1969 4390">
    <p class='ocr_par' dir='ltr' id='par_1_73' title="bbox 403 4306 1969 4390">
     <span class='ocr_line' id='line_1_73' title="bbox 403 4306 1969 4390; baseline -0.01 -17"><span class='ocrx_word' id='word_1_517' title='bbox 403 4331 576 4390; x_wconf 85' lang='lat' dir='ltr'><strong>tyrem</strong></span> <span class='ocrx_word' id='word_1_518' title='bbox 609 4326 949 4387; x_wconf 67' lang='lat' dir='ltr'><strong>quaecunque</strong></span> <span class='ocrx_word' id='word_1_519' title='bbox 994 4310 1184 4364; x_wconf 80' lang='lat' dir='ltr'><strong>vivens</strong></span> <span class='ocrx_word' id='word_1_520' title='bbox 1220 4307 1424 4363; x_wconf 83' lang='lat' dir='ltr'><strong>fecerat</strong></span> <span class='ocrx_word' id='word_1_521' title='bbox 1462 4306 1751 4376; x_wconf 80' lang='lat' dir='ltr'><strong>contigerit</strong></span> <span class='ocrx_word' id='word_1_522' title='bbox 1776 4343 1792 4368; x_wconf 89' lang='lat'><strong>,</strong></span> <span class='ocrx_word' id='word_1_523' title='bbox 1851 4321 1969 4359; x_wconf 80' lang='lat' dir='ltr'><strong>aiu-</strong></span> 
     </span>
    </p>
   </div>
   <div class='ocr_carea' id='block_1_74' title="bbox 305 4395 1971 4478">
    <p class='ocr_par' dir='ltr' id='par_1_74' title="bbox 305 4395 1971 4478">
     <span class='ocr_line' id='line_1_74' title="bbox 305 4395 1971 4478; baseline -0.007 -17"><span class='ocrx_word' id='word_1_524' title='bbox 305 4413 310 4424; x_wconf 78' lang='lat'><em>‘</em></span> <span class='ocrx_word' id='word_1_525' title='bbox 404 4412 627 4478; x_wconf 84' lang='lat' dir='ltr'><strong>pliorem</strong></span> <span class='ocrx_word' id='word_1_526' title='bbox 672 4405 842 4476; x_wconf 72' lang='lat' dir='ltr'><strong>exigit</strong></span> <span class='ocrx_word' id='word_1_527' title='bbox 892 4410 1190 4470; x_wconf 86' lang='lat' dir='ltr'><strong>stuporem.</strong></span> <span class='ocrx_word' id='word_1_528' title='bbox 1252 4398 1370 4454; x_wconf 75' lang='lat' dir='ltr'><strong>Jam</strong></span> <span class='ocrx_word' id='word_1_529' title='bbox 1429 4413 1535 4451; x_wconf 83' lang='lat' dir='ltr'><strong>non</strong></span> <span class='ocrx_word' id='word_1_530' title='bbox 1567 4395 1809 4463; x_wconf 84' lang='lat' dir='ltr'><strong>corporis</strong></span> <span class='ocrx_word' id='word_1_531' title='bbox 1844 4410 1971 4463; x_wconf 84' lang='lat' dir='ltr'><strong>pro-</strong></span> 
     </span>
    </p>
   </div>
   <div class='ocr_carea' id='block_1_75' title="bbox 402 4487 1972 4568">
    <p class='ocr_par' dir='ltr' id='par_1_75' title="bbox 402 4487 1972 4568">
     <span class='ocr_line' id='line_1_75' title="bbox 402 4487 1972 4568; baseline -0.007 -19"><span class='ocrx_word' id='word_1_532' title='bbox 402 4501 627 4568; x_wconf 73' lang='lat' dir='ltr'><strong>digium,</strong></span> <span class='ocrx_word' id='word_1_533' title='bbox 649 4506 743 4550; x_wconf 88' lang='lat' dir='ltr'><strong>aut</strong></span> <span class='ocrx_word' id='word_1_534' title='bbox 773 4493 1018 4562; x_wconf 83' lang='lat' dir='ltr'><strong>corporis</strong></span> <span class='ocrx_word' id='word_1_535' title='bbox 1043 4490 1271 4544; x_wconf 88' lang='lat' dir='ltr'><strong>membri</strong></span> <span class='ocrx_word' id='word_1_536' title='bbox 1299 4487 1583 4557; x_wconf 78' lang='lat' dir='ltr'><strong>cujusdam</strong></span> <span class='ocrx_word' id='word_1_537' title='bbox 1611 4501 1772 4554; x_wconf 83' lang='lat' dir='ltr'><strong>aquo</strong></span> <span class='ocrx_word' id='word_1_538' title='bbox 1801 4487 1972 4538; x_wconf 86' lang='lat' dir='ltr'><strong>virtus</strong></span> 
     </span>
    </p>
   </div>
   <div class='ocr_carea' id='block_1_76' title="bbox 401 4579 1970 4653">
    <p class='ocr_par' dir='ltr' id='par_1_76' title="bbox 401 4579 1970 4653">
     <span class='ocr_line' id='line_1_76' title="bbox 401 4579 1970 4653; baseline -0.01 -8"><span class='ocrx_word' id='word_1_539' title='bbox 401 4593 588 4645; x_wconf 78' lang='lat' dir='ltr'><strong>exiens</strong></span> <span class='ocrx_word' id='word_1_540' title='bbox 623 4591 758 4643; x_wconf 86' lang='lat' dir='ltr'><strong>mira</strong></span> <span class='ocrx_word' id='word_1_541' title='bbox 791 4596 1085 4653; x_wconf 85' lang='lat' dir='ltr'><strong>operatur;</strong></span> <span class='ocrx_word' id='word_1_542' title='bbox 1117 4584 1214 4637; x_wconf 85' lang='lat' dir='ltr'><strong>sed</strong></span> <span class='ocrx_word' id='word_1_543' title='bbox 1238 4580 1386 4634; x_wconf 82' lang='lat' dir='ltr'><strong>aliud</strong></span> <span class='ocrx_word' id='word_1_544' title='bbox 1423 4579 1550 4648; x_wconf 88' lang='lat' dir='ltr'><strong>quid</strong></span> <span class='ocrx_word' id='word_1_545' title='bbox 1592 4595 1756 4649; x_wconf 84' lang='lat' dir='ltr'><strong>super</strong></span> <span class='ocrx_word' id='word_1_546' title='bbox 1790 4579 1970 4632; x_wconf 88' lang='lat' dir='ltr'><strong>omnia</strong></span> 
     </span>
    </p>
   </div>
   <div class='ocr_carea' id='block_1_77' title="bbox 400 4669 1968 4754">
    <p class='ocr_par' dir='ltr' id='par_1_77' title="bbox 400 4669 1968 4754">
     <span class='ocr_line' id='line_1_77' title="bbox 400 4669 1968 4754; baseline -0.008 -18"><span class='ocrx_word' id='word_1_547' title='bbox 400 4681 753 4754; x_wconf 81' lang='lat' dir='ltr'><strong>stupendum.</strong></span> <span class='ocrx_word' id='word_1_548' title='bbox 787 4679 897 4734; x_wconf 86' lang='lat' dir='ltr'><strong>Nec</strong></span> <span class='ocrx_word' id='word_1_549' title='bbox 930 4685 1110 4730; x_wconf 88' lang='lat' dir='ltr'><strong>tamen</strong></span> <span class='ocrx_word' id='word_1_550' title='bbox 1148 4689 1370 4736; x_wconf 84' lang='lat' dir='ltr'><strong>novum,</strong></span> <span class='ocrx_word' id='word_1_551' title='bbox 1402 4672 1614 4726; x_wconf 87' lang='lat' dir='ltr'><strong>volente</strong></span> <span class='ocrx_word' id='word_1_552' title='bbox 1653 4672 1780 4734; x_wconf 84' lang='lat' dir='ltr'><strong>Deo,</strong></span> <span class='ocrx_word' id='word_1_553' title='bbox 1817 4669 1968 4723; x_wconf 86' lang='lat' dir='ltr'><strong>illud.</strong></span> 
     </span>
    </p>
   </div>
   <div class='ocr_carea' id='block_1_78' title="bbox 405 4764 1970 4842">
    <p class='ocr_par' dir='ltr' id='par_1_78' title="bbox 405 4764 1970 4842">
     <span class='ocr_line' id='line_1_78' title="bbox 405 4764 1970 4842; baseline -0.012 -12"><span class='ocrx_word' id='word_1_554' title='bbox 405 4778 461 4831; x_wconf 79' lang='lat' dir='ltr'><strong>Si</strong></span> <span class='ocrx_word' id='word_1_555' title='bbox 486 4778 631 4832; x_wconf 90' lang='lat' dir='ltr'><strong>enim</strong></span> <span class='ocrx_word' id='word_1_556' title='bbox 675 4771 1049 4842; x_wconf 85' lang='lat' dir='ltr'><strong>apostolorum</strong></span> <span class='ocrx_word' id='word_1_557' title='bbox 1075 4769 1282 4820; x_wconf 68' lang='lat' dir='ltr'><strong>umbrte</strong></span> <span class='ocrx_word' id='word_1_558' title='bbox 1309 4764 1564 4818; x_wconf 86' lang='lat' dir='ltr'><strong>miracula</strong></span> <span class='ocrx_word' id='word_1_559' title='bbox 1588 4765 1970 4832; x_wconf 72' lang='lat' dir='ltr'><strong>operaliantur,</strong></span> 
     </span>
    </p>
   </div>
   <div class='ocr_carea' id='block_1_79' title="bbox 406 4855 1970 4937">
    <p class='ocr_par' dir='ltr' id='par_1_79' title="bbox 406 4855 1970 4937">
     <span class='ocr_line' id='line_1_79' title="bbox 406 4855 1970 4937; baseline -0.012 -15"><span class='ocrx_word' id='word_1_560' title='bbox 406 4883 582 4937; x_wconf 86' lang='lat' dir='ltr'><strong>neque</strong></span> <span class='ocrx_word' id='word_1_561' title='bbox 620 4868 735 4918; x_wconf 66' lang='lat' dir='ltr'><strong>haec</strong></span> <span class='ocrx_word' id='word_1_562' title='bbox 767 4878 863 4932; x_wconf 79' lang='lat' dir='ltr'><strong>per</strong></span> <span class='ocrx_word' id='word_1_563' title='bbox 905 4861 1116 4920; x_wconf 83' lang='lat' dir='ltr'><strong>somnia</strong></span> <span class='ocrx_word' id='word_1_564' title='bbox 1165 4867 1316 4912; x_wconf 71' lang='lat' dir='ltr'><strong>extra</strong></span> <span class='ocrx_word' id='word_1_565' title='bbox 1356 4865 1562 4908; x_wconf 85' lang='lat' dir='ltr'><strong>tantum</strong></span> <span class='ocrx_word' id='word_1_566' title='bbox 1608 4855 1970 4923; x_wconf 72' lang='lat' dir='ltr'><strong>prodigiorum</strong></span> 
     </span>
    </p>
   </div>
   <div class='ocr_carea' id='block_1_80' title="bbox 408 4946 1975 5022">
    <p class='ocr_par' dir='ltr' id='par_1_80' title="bbox 408 4946 1975 5022">
     <span class='ocr_line' id='line_1_80' title="bbox 408 4946 1975 5022; baseline -0.011 -7"><span class='ocrx_word' id='word_1_567' title='bbox 408 4962 624 5015; x_wconf 90' lang='lat' dir='ltr'><strong>modum</strong></span> <span class='ocrx_word' id='word_1_568' title='bbox 656 4957 857 5010; x_wconf 89' lang='lat' dir='ltr'><strong>cadunt</strong></span> <span class='ocrx_word' id='word_1_569' title='bbox 886 4953 1176 5022; x_wconf 86' lang='lat' dir='ltr'><strong>(visionum</strong></span> <span class='ocrx_word' id='word_1_570' title='bbox 1223 4949 1364 5004; x_wconf 87' lang='lat' dir='ltr'><strong>enim</strong></span> <span class='ocrx_word' id='word_1_571' title='bbox 1411 4947 1730 5001; x_wconf 85' lang='lat' dir='ltr'><strong>diurnarum</strong></span> <span class='ocrx_word' id='word_1_572' title='bbox 1769 4946 1975 5000; x_wconf 66' lang='lat' dir='ltr'><strong>umbrm</strong></span> 
     </span>
    </p>
   </div>
   <div class='ocr_carea' id='block_1_81' title="bbox 402 5037 1964 5120">
    <p class='ocr_par' dir='ltr' id='par_1_81' title="bbox 402 5037 1964 5120">
     <span class='ocr_line' id='line_1_81' title="bbox 402 5037 1964 5120; baseline -0.012 -14"><span class='ocrx_word' id='word_1_573' title='bbox 402 5063 530 5107; x_wconf 87' lang='lat' dir='ltr'><strong>sunt</strong></span> <span class='ocrx_word' id='word_1_574' title='bbox 554 5065 674 5120; x_wconf 72' lang='lat' dir='ltr'><strong>qua:</strong></span> <span class='ocrx_word' id='word_1_575' title='bbox 702 5062 798 5119; x_wconf 87' lang='lat' dir='ltr'><strong>per</strong></span> <span class='ocrx_word' id='word_1_576' title='bbox 851 5044 1060 5101; x_wconf 84' lang='lat' dir='ltr'><strong>somnia</strong></span> <span class='ocrx_word' id='word_1_577' title='bbox 1100 5042 1292 5111; x_wconf 84' lang='lat' dir='ltr'><strong>ﬁunt);</strong></span> <span class='ocrx_word' id='word_1_578' title='bbox 1339 5041 1382 5094; x_wconf 92' lang='lat' dir='ltr'><strong>si</strong></span> <span class='ocrx_word' id='word_1_579' title='bbox 1426 5039 1606 5092; x_wconf 86' lang='lat' dir='ltr'><strong>dicere</strong></span> <span class='ocrx_word' id='word_1_580' title='bbox 1637 5037 1810 5092; x_wconf 89' lang='lat' dir='ltr'><strong>ausim</strong></span> <span class='ocrx_word' id='word_1_581' title='bbox 1843 5052 1964 5090; x_wconf 82' lang='lat' dir='ltr'><strong>um-</strong></span> 
     </span>
    </p>
   </div>
   <div class='ocr_carea' id='block_1_82' title="bbox 405 5129 1970 5197">
    <p class='ocr_par' dir='ltr' id='par_1_82' title="bbox 405 5129 1970 5197">
     <span class='ocr_line' id='line_1_82' title="bbox 405 5129 1970 5197; baseline -0.012 0"><span class='ocrx_word' id='word_1_582' title='bbox 405 5145 528 5197; x_wconf 87' lang='lat' dir='ltr'><strong>bras</strong></span> <span class='ocrx_word' id='word_1_583' title='bbox 564 5151 673 5194; x_wconf 85' lang='lat' dir='ltr'><strong>tant</strong></span> <span class='ocrx_word' id='word_1_584' title='bbox 709 5137 890 5192; x_wconf 82' lang='lat' dir='ltr'><strong>divina</strong></span> <span class='ocrx_word' id='word_1_585' title='bbox 918 5145 972 5189; x_wconf 85' lang='lat' dir='ltr'><strong>et</strong></span> <span class='ocrx_word' id='word_1_586' title='bbox 999 5133 1136 5187; x_wconf 88' lang='lat' dir='ltr'><strong>adeo</strong></span> <span class='ocrx_word' id='word_1_587' title='bbox 1169 5132 1346 5184; x_wconf 82' lang='lat' dir='ltr'><strong>firma.</strong></span> <span class='ocrx_word' id='word_1_588' title='bbox 1379 5129 1515 5194; x_wconf 85' lang='lat' dir='ltr'><strong>Quid</strong></span> <span class='ocrx_word' id='word_1_589' title='bbox 1541 5129 1684 5182; x_wconf 90' lang='lat' dir='ltr'><strong>enim</strong></span> <span class='ocrx_word' id='word_1_590' title='bbox 1713 5129 1847 5182; x_wconf 84' lang='lat' dir='ltr'><strong>adeo</strong></span> <span class='ocrx_word' id='word_1_591' title='bbox 1881 5130 1970 5179; x_wconf 87' lang='lat' dir='ltr'><strong>lir—</strong></span> 
     </span>
    </p>
   </div>
   <div class='ocr_carea' id='block_1_83' title="bbox 411 5224 1968 5294">
    <p class='ocr_par' dir='ltr' id='par_1_83' title="bbox 411 5224 1968 5294">
     <span class='ocr_line' id='line_1_83' title="bbox 411 5224 1968 5294; baseline -0.013 -6"><span class='ocrx_word' id='word_1_592' title='bbox 411 5251 554 5288; x_wconf 82' lang='lat' dir='ltr'><strong>mum</strong></span> <span class='ocrx_word' id='word_1_593' title='bbox 583 5242 635 5287; x_wconf 91' lang='lat' dir='ltr'><strong>et</strong></span> <span class='ocrx_word' id='word_1_594' title='bbox 666 5239 923 5285; x_wconf 87' lang='lat' dir='ltr'><strong>constans</strong></span> <span class='ocrx_word' id='word_1_595' title='bbox 955 5237 1008 5280; x_wconf 87' lang='lat' dir='ltr'><strong>et</strong></span> <span class='ocrx_word' id='word_1_596' title='bbox 1040 5224 1327 5294; x_wconf 84' lang='lat' dir='ltr'><strong>probatum</strong></span> <span class='ocrx_word' id='word_1_597' title='bbox 1371 5232 1422 5274; x_wconf 90' lang='lat' dir='ltr'><strong>et</strong></span> <span class='ocrx_word' id='word_1_598' title='bbox 1464 5234 1773 5281; x_wconf 72' lang='lat' dir='ltr'><strong>nervosum,</strong></span> <span class='ocrx_word' id='word_1_599' title='bbox 1809 5233 1913 5286; x_wconf 85' lang='lat' dir='ltr'><strong>qua</strong></span> <span class='ocrx_word' id='word_1_600' title='bbox 1941 5238 1968 5268; x_wconf 85' lang='lat' dir='ltr'><strong>u</strong></span> 
     </span>
    </p>
   </div>
   <div class='ocr_carea' id='block_1_84' title="bbox 413 5308 1975 5392">
    <p class='ocr_par' dir='ltr' id='par_1_84' title="bbox 413 5308 1975 5392">
     <span class='ocr_line' id='line_1_84' title="bbox 413 5308 1975 5392; baseline -0.012 -14"><span class='ocrx_word' id='word_1_601' title='bbox 413 5323 558 5392; x_wconf 79' lang='lat' dir='ltr'><strong>quod</strong></span> <span class='ocrx_word' id='word_1_602' title='bbox 589 5338 619 5376; x_wconf 90' lang='lat' dir='ltr'><strong>e</strong></span> <span class='ocrx_word' id='word_1_603' title='bbox 653 5332 793 5374; x_wconf 88' lang='lat' dir='ltr'><strong>terra</strong></span> <span class='ocrx_word' id='word_1_604' title='bbox 820 5319 1032 5384; x_wconf 74' lang='lat' dir='ltr'><strong>erigere</strong></span> <span class='ocrx_word' id='word_1_605' title='bbox 1065 5329 1122 5370; x_wconf 85' lang='lat' dir='ltr'><strong>se</strong></span> <span class='ocrx_word' id='word_1_606' title='bbox 1150 5313 1324 5382; x_wconf 86' lang='lat' dir='ltr'><strong>possit</strong></span> <span class='ocrx_word' id='word_1_607' title='bbox 1354 5319 1498 5363; x_wconf 84' lang='lat' dir='ltr'><strong>tOtus</strong></span> <span class='ocrx_word' id='word_1_608' title='bbox 1528 5309 1690 5362; x_wconf 87' lang='lat' dir='ltr'><strong>homo</strong></span> <span class='ocrx_word' id='word_1_609' title='bbox 1717 5319 1774 5362; x_wconf 89' lang='lat' dir='ltr'><strong>et</strong></span> <span class='ocrx_word' id='word_1_610' title='bbox 1804 5308 1975 5361; x_wconf 89' lang='lat' dir='ltr'><strong>multo</strong></span> 
     </span>
    </p>
   </div>
   <div class='ocr_carea' id='block_1_85' title="bbox 412 5399 1976 5474">
    <p class='ocr_par' dir='ltr' id='par_1_85' title="bbox 412 5399 1976 5474">
     <span class='ocr_line' id='line_1_85' title="bbox 412 5399 1976 5474; baseline -0.012 -4"><span class='ocrx_word' id='word_1_611' title='bbox 412 5418 560 5470; x_wconf 72' lang='lat' dir='ltr'><strong>ferro</strong></span> <span class='ocrx_word' id='word_1_612' title='bbox 590 5420 868 5474; x_wconf 79' lang='lat' dir='ltr'><strong>oneratus,</strong></span> <span class='ocrx_word' id='word_1_613' title='bbox 903 5410 1050 5464; x_wconf 87' lang='lat' dir='ltr'><strong>sicut</strong></span> <span class='ocrx_word' id='word_1_614' title='bbox 1094 5406 1163 5460; x_wconf 87' lang='lat' dir='ltr'><strong>de</strong></span> <span class='ocrx_word' id='word_1_615' title='bbox 1215 5403 1472 5473; x_wconf 84' lang='lat' dir='ltr'><strong>martyris</strong></span> <span class='ocrx_word' id='word_1_616' title='bbox 1513 5400 1820 5454; x_wconf 71' lang='lat' dir='ltr'><strong>visionibus</strong></span> <span class='ocrx_word' id='word_1_617' title='bbox 1873 5399 1930 5452; x_wconf 83' lang='lat' dir='ltr'><strong>tit</strong></span> <span class='ocrx_word' id='word_1_618' title='bbox 1960 5437 1976 5463; x_wconf 94' lang='lat'><strong>,</strong></span> 
     </span>
    </p>
   </div>
   <div class='ocr_carea' id='block_1_86' title="bbox 415 5492 1979 5577">
    <p class='ocr_par' dir='ltr' id='par_1_86' title="bbox 415 5492 1979 5577">
     <span class='ocr_line' id='line_1_86' title="bbox 415 5492 1979 5577; baseline -0.01 -17"><span class='ocrx_word' id='word_1_619' title='bbox 415 5516 574 5577; x_wconf 90' lang='lat' dir='ltr'><strong>prout</strong></span> <span class='ocrx_word' id='word_1_620' title='bbox 607 5505 756 5574; x_wconf 89' lang='lat' dir='ltr'><strong>prius</strong></span> <span class='ocrx_word' id='word_1_621' title='bbox 789 5498 1178 5558; x_wconf 87' lang='lat' dir='ltr'><strong>disseminatus</strong></span> <span class='ocrx_word' id='word_1_622' title='bbox 1228 5509 1410 5550; x_wconf 88' lang='lat' dir='ltr'><strong>sermo</strong></span> <span class='ocrx_word' id='word_1_623' title='bbox 1444 5493 1664 5556; x_wconf 85' lang='lat' dir='ltr'><strong>docuit,</strong></span> <span class='ocrx_word' id='word_1_624' title='bbox 1698 5493 1748 5545; x_wconf 93' lang='lat' dir='ltr'><strong>iu</strong></span> <span class='ocrx_word' id='word_1_625' title='bbox 1783 5492 1979 5561; x_wconf 76' lang='lat' dir='ltr'><strong>quibus</strong></span> 
     </span>
    </p>
   </div>
   <div class='ocr_carea' id='block_1_87' title="bbox 414 5582 1983 5654">
    <p class='ocr_par' dir='ltr' id='par_1_87' title="bbox 414 5582 1983 5654">
     <span class='ocr_line' id='line_1_87' title="bbox 414 5582 1983 5654; baseline -0.01 -5"><span class='ocrx_word' id='word_1_626' title='bbox 414 5597 502 5649; x_wconf 88' lang='lat' dir='ltr'><strong>ille</strong></span> <span class='ocrx_word' id='word_1_627' title='bbox 527 5611 558 5651; x_wconf 88' lang='lat' dir='ltr'><strong>a</strong></span> <span class='ocrx_word' id='word_1_628' title='bbox 591 5605 736 5650; x_wconf 87' lang='lat' dir='ltr'><strong>terra</strong></span> <span class='ocrx_word' id='word_1_629' title='bbox 772 5592 864 5647; x_wconf 90' lang='lat' dir='ltr'><strong>tali</strong></span> <span class='ocrx_word' id='word_1_630' title='bbox 896 5591 1203 5646; x_wconf 82' lang='lat' dir='ltr'><strong>visitatioue</strong></span> <span class='ocrx_word' id='word_1_631' title='bbox 1232 5587 1426 5654; x_wconf 77' lang='lat' dir='ltr'><strong>dignos</strong></span> <span class='ocrx_word' id='word_1_632' title='bbox 1467 5582 1724 5646; x_wconf 87' lang='lat' dir='ltr'><strong>sustollit,</strong></span> <span class='ocrx_word' id='word_1_633' title='bbox 1758 5595 1850 5635; x_wconf 89' lang='lat' dir='ltr'><strong>aut</strong></span> <span class='ocrx_word' id='word_1_634' title='bbox 1884 5599 1983 5635; x_wconf 88' lang='lat' dir='ltr'><strong>uu—</strong></span> 
     </span>
    </p>
   </div>
   <div class='ocr_carea' id='block_1_88' title="bbox 418 5673 1980 5741">
    <p class='ocr_par' dir='ltr' id='par_1_88' title="bbox 418 5673 1980 5741">
     <span class='ocr_line' id='line_1_88' title="bbox 418 5673 1980 5741; baseline -0.01 0"><span class='ocrx_word' id='word_1_635' title='bbox 418 5688 561 5741; x_wconf 79' lang='grc' dir='ltr'>ι›ἰιιιιι</span> <span class='ocrx_word' id='word_1_636' title='bbox 594 5687 768 5741; x_wconf 87' lang='lat' dir='ltr'><strong>instar</strong></span> <span class='ocrx_word' id='word_1_637' title='bbox 802 5683 1000 5738; x_wconf 88' lang='lat' dir='ltr'><strong>levium</strong></span> <span class='ocrx_word' id='word_1_638' title='bbox 1031 5681 1216 5736; x_wconf 84' lang='lat' dir='ltr'><strong>volare</strong></span> <span class='ocrx_word' id='word_1_639' title='bbox 1247 5679 1299 5731; x_wconf 80' lang='lat' dir='ltr'><strong>lii</strong></span> <span class='ocrx_word' id='word_1_640' title='bbox 1333 5675 1625 5730; x_wconf 85' lang='lat' dir='ltr'><strong>dicentur?</strong></span> <span class='ocrx_word' id='word_1_641' title='bbox 1669 5673 1734 5726; x_wconf 79' lang='lat' dir='ltr'><strong>Et</strong></span> <span class='ocrx_word' id='word_1_642' title='bbox 1784 5675 1827 5728; x_wconf 88' lang='lat' dir='ltr'><strong>si</strong></span> <span class='ocrx_word' id='word_1_643' title='bbox 1877 5691 1980 5729; x_wconf 90' lang='lat' dir='ltr'><strong>non</strong></span> 
     </span>
    </p>
   </div>
   <div class='ocr_carea' id='block_1_89' title="bbox 415 5769 1979 5837">
    <p class='ocr_par' dir='ltr' id='par_1_89' title="bbox 415 5769 1979 5837">
     <span class='ocr_line' id='line_1_89' title="bbox 415 5769 1979 5837; baseline -0.01 0"><span class='ocrx_word' id='word_1_644' title='bbox 415 5782 711 5836; x_wconf 80' lang='lat' dir='ltr'><strong>secundum</strong></span> <span class='ocrx_word' id='word_1_645' title='bbox 741 5778 966 5834; x_wconf 84' lang='lat' dir='ltr'><strong>Paulum</strong></span> <span class='ocrx_word' id='word_1_646' title='bbox 1001 5775 1066 5829; x_wconf 89' lang='lat' dir='ltr'><strong>ad</strong></span> <span class='ocrx_word' id='word_1_647' title='bbox 1099 5771 1320 5828; x_wconf 90' lang='lat' dir='ltr'><strong>tertium</strong></span> <span class='ocrx_word' id='word_1_648' title='bbox 1351 5769 1545 5824; x_wconf 71' lang='lat' dir='ltr'><strong>cmluut</strong></span> <span class='ocrx_word' id='word_1_649' title='bbox 1565 5810 1579 5836; x_wconf 91' lang='lat'><strong>,</strong></span> <span class='ocrx_word' id='word_1_650' title='bbox 1609 5769 1701 5824; x_wconf 89' lang='lat' dir='ltr'><strong>sed</strong></span> <span class='ocrx_word' id='word_1_651' title='bbox 1729 5771 1793 5824; x_wconf 86' lang='lat' dir='ltr'><strong>ad</strong></span> <span class='ocrx_word' id='word_1_652' title='bbox 1821 5769 1979 5837; x_wconf 90' lang='lat' dir='ltr'><strong>primi</strong></span> 
     </span>
    </p>
   </div>
   <div class='ocr_carea' id='block_1_90' title="bbox 2068 3309 3658 3381">
    <p class='ocr_par' dir='ltr' id='par_1_90' title="bbox 2068 3309 3658 3381">
     <span class='ocr_line' id='line_1_90' title="bbox 2068 3309 3658 3381; baseline 0.003 -18"><span class='ocrx_word' id='word_1_653' title='bbox 2068 3327 2157 3376; x_wconf 82' lang='grc' dir='ltr'><strong>νος</strong></span> <span class='ocrx_word' id='word_1_654' title='bbox 2219 3312 2382 3367; x_wconf 77' lang='grc' dir='ltr'>ἄνετα</span> <span class='ocrx_word' id='word_1_655' title='bbox 2437 3314 2532 3366; x_wconf 69' lang='grc' dir='ltr'>καὶ</span> <span class='ocrx_word' id='word_1_656' title='bbox 2583 3309 2816 3376; x_wconf 82' lang='grc' dir='ltr'>πλαδῶν,</span> <span class='ocrx_word' id='word_1_657' title='bbox 2865 3311 3002 3365; x_wconf 76' lang='grc' dir='ltr'>ἀλλὰ</span> <span class='ocrx_word' id='word_1_658' title='bbox 3054 3312 3256 3381; x_wconf 85' lang='grc' dir='ltr'>νοερῶς</span> <span class='ocrx_word' id='word_1_659' title='bbox 3323 3314 3403 3376; x_wconf 85' lang='grc' dir='ltr'><strong>είς</strong></span> <span class='ocrx_word' id='word_1_660' title='bbox 3451 3315 3658 3370; x_wconf 73' lang='grc' dir='ltr'>ἑαυτὸν</span> 
     </span>
    </p>
   </div>
   <div class='ocr_carea' id='block_1_91' title="bbox 2071 3402 3644 3473">
    <p class='ocr_par' dir='ltr' id='par_1_91' title="bbox 2071 3402 3644 3473">
     <span class='ocr_line' id='line_1_91' title="bbox 2071 3402 3644 3473; baseline 0.001 -18"><span class='ocrx_word' id='word_1_661' title='bbox 2071 3403 2433 3473; x_wconf 82' lang='grc' dir='ltr'>στρεφόμενος</span> <span class='ocrx_word' id='word_1_662' title='bbox 2485 3403 2580 3456; x_wconf 76' lang='grc' dir='ltr'>καὶ</span> <span class='ocrx_word' id='word_1_663' title='bbox 2638 3402 2972 3472; x_wconf 80' lang='grc' dir='ltr'>ἐστυμμένος</span> <span class='ocrx_word' id='word_1_664' title='bbox 3012 3404 3106 3454; x_wconf 71' lang='grc' dir='ltr'>καὶ</span> <span class='ocrx_word' id='word_1_665' title='bbox 3161 3402 3456 3456; x_wconf 76' lang='grc' dir='ltr'>συνθλῐϐων</span> <span class='ocrx_word' id='word_1_666' title='bbox 3512 3404 3644 3457; x_wconf 85' lang='grc' dir='ltr'>ἐαυ-</span> 
     </span>
    </p>
   </div>
   <div class='ocr_carea' id='block_1_92' title="bbox 2071 3489 3650 3562">
    <p class='ocr_par' dir='ltr' id='par_1_92' title="bbox 2071 3489 3650 3562">
     <span class='ocr_line' id='line_1_92' title="bbox 2071 3489 3650 3562; baseline -0.001 -17"><span class='ocrx_word' id='word_1_667' title='bbox 2071 3492 2161 3546; x_wconf 78' lang='grc' dir='ltr'><strong>τδν</strong></span> <span class='ocrx_word' id='word_1_668' title='bbox 2224 3492 2316 3544; x_wconf 71' lang='grc' dir='ltr'>καὶ</span> <span class='ocrx_word' id='word_1_669' title='bbox 2382 3491 2727 3562; x_wconf 83' lang='grc' dir='ltr'>στενοχωρῶν</span> <span class='ocrx_word' id='word_1_670' title='bbox 2800 3490 2878 3559; x_wconf 83' lang='grc' dir='ltr'>τῷ</span> <span class='ocrx_word' id='word_1_671' title='bbox 2921 3493 2976 3543; x_wconf 80' lang='grc' dir='ltr'><strong>ἐν</strong></span> <span class='ocrx_word' id='word_1_672' title='bbox 3021 3489 3214 3560; x_wconf 78' lang='grc' dir='ltr'>θρύψει</span> <span class='ocrx_word' id='word_1_673' title='bbox 3278 3490 3650 3546; x_wconf 79' lang='grc' dir='ltr'>πλατύνεσθαι</span> 
     </span>
    </p>
   </div>
   <div class='ocr_carea' id='block_1_93' title="bbox 2069 3575 3657 3652">
    <p class='ocr_par' dir='ltr' id='par_1_93' title="bbox 2069 3575 3657 3652">
     <span class='ocr_line' id='line_1_93' title="bbox 2069 3575 3657 3652; baseline 0.001 -18"><span class='ocrx_word' id='word_1_674' title='bbox 2069 3582 2157 3634; x_wconf 74' lang='grc' dir='ltr'>διὰ</span> <span class='ocrx_word' id='word_1_675' title='bbox 2198 3585 2287 3634; x_wconf 70' lang='grc' dir='ltr'><strong>τδν</strong></span> <span class='ocrx_word' id='word_1_676' title='bbox 2316 3583 2433 3633; x_wconf 80' lang='grc' dir='ltr'>ἐκεῖ</span> <span class='ocrx_word' id='word_1_677' title='bbox 2472 3581 2794 3650; x_wconf 76' lang='grc' dir='ltr'>πλατυσμὺν</span> <span class='ocrx_word' id='word_1_678' title='bbox 2823 3581 2921 3646; x_wconf 76' lang='grc' dir='ltr'>τῆς</span> <span class='ocrx_word' id='word_1_679' title='bbox 2952 3583 3185 3652; x_wconf 77' lang='grc' dir='ltr'>τρυφῆς,</span> <span class='ocrx_word' id='word_1_680' title='bbox 3239 3575 3302 3652; x_wconf 65' lang='grc' dir='ltr'><strong>ἧς</strong></span> <span class='ocrx_word' id='word_1_681' title='bbox 3335 3582 3434 3634; x_wconf 79' lang='grc' dir='ltr'>οὐκ</span> <span class='ocrx_word' id='word_1_682' title='bbox 3496 3581 3657 3635; x_wconf 72' lang='grc' dir='ltr'>ἔστιν</span> 
     </span>
    </p>
   </div>
   <div class='ocr_carea' id='block_1_94' title="bbox 2072 3671 3656 3744">
    <p class='ocr_par' dir='ltr' id='par_1_94' title="bbox 2072 3671 3656 3744">
     <span class='ocr_line' id='line_1_94' title="bbox 2072 3671 3656 3744; baseline 0 -18"><span class='ocrx_word' id='word_1_683' title='bbox 2072 3675 2220 3736; x_wconf 79' lang='grc' dir='ltr'>ἐντὸς</span> <span class='ocrx_word' id='word_1_684' title='bbox 2273 3673 2522 3738; x_wconf 76' lang='grc' dir='ltr'>γενέσθαι</span> <span class='ocrx_word' id='word_1_685' title='bbox 2575 3673 2718 3736; x_wconf 72' lang='grc' dir='ltr'>τινὰ,</span> <span class='ocrx_word' id='word_1_686' title='bbox 2782 3673 2855 3744; x_wconf 77' lang='grc' dir='ltr'>μὴ</span> <span class='ocrx_word' id='word_1_687' title='bbox 2898 3671 2984 3724; x_wconf 77' lang='grc' dir='ltr'><strong>διὰ</strong></span> <span class='ocrx_word' id='word_1_688' title='bbox 3022 3675 3119 3742; x_wconf 85' lang='grc' dir='ltr'>τῆς</span> <span class='ocrx_word' id='word_1_689' title='bbox 3171 3674 3228 3725; x_wconf 85' lang='grc' dir='ltr'><strong>έν</strong></span> <span class='ocrx_word' id='word_1_690' title='bbox 3277 3673 3396 3742; x_wconf 83' lang='grc' dir='ltr'><strong>Θεῷ</strong></span> <span class='ocrx_word' id='word_1_691' title='bbox 3453 3677 3656 3743; x_wconf 75' lang='grc' dir='ltr'>στενῆς</span> 
     </span>
    </p>
   </div>
   <div class='ocr_carea' id='block_1_95' title="bbox 2071 3763 3650 3836">
    <p class='ocr_par' dir='ltr' id='par_1_95' title="bbox 2071 3763 3650 3836">
     <span class='ocr_line' id='line_1_95' title="bbox 2071 3763 3650 3836; baseline 0.001 -20"><span class='ocrx_word' id='word_1_692' title='bbox 2071 3763 2368 3817; x_wconf 79' lang='grc' dir='ltr'>ὁδεύσαντα</span> <span class='ocrx_word' id='word_1_693' title='bbox 2399 3781 2412 3795; x_wconf 79' lang='lat'><strong>&#39;</strong></span> <span class='ocrx_word' id='word_1_694' title='bbox 2450 3765 2524 3826; x_wconf 86' lang='grc' dir='ltr'>ὠς</span> <span class='ocrx_word' id='word_1_695' title='bbox 2550 3764 2668 3816; x_wconf 74' lang='grc' dir='ltr'>οὐδὲ</span> <span class='ocrx_word' id='word_1_696' title='bbox 2692 3764 2970 3832; x_wconf 74' lang='grc' dir='ltr'>Μακάρων</span> <span class='ocrx_word' id='word_1_697' title='bbox 2999 3763 3199 3833; x_wconf 77' lang='grc' dir='ltr'>Νὴσοις</span> <span class='ocrx_word' id='word_1_698' title='bbox 3223 3765 3252 3819; x_wconf 92' lang='lat'><strong>6</strong></span> <span class='ocrx_word' id='word_1_699' title='bbox 3277 3764 3371 3836; x_wconf 79' lang='grc' dir='ltr'>τῆς</span> <span class='ocrx_word' id='word_1_700' title='bbox 3401 3765 3650 3835; x_wconf 77' lang='grc' dir='ltr'>ἱστορίας</span> 
     </span>
    </p>
   </div>
   <div class='ocr_carea' id='block_1_96' title="bbox 2075 3856 3659 3928">
    <p class='ocr_par' dir='ltr' id='par_1_96' title="bbox 2075 3856 3659 3928">
     <span class='ocr_line' id='line_1_96' title="bbox 2075 3856 3659 3928; baseline 0.001 -20"><span class='ocrx_word' id='word_1_701' title='bbox 2075 3857 2232 3922; x_wconf 73' lang='grc' dir='ltr'>λόγος</span> <span class='ocrx_word' id='word_1_702' title='bbox 2264 3856 2562 3926; x_wconf 85' lang='grc' dir='ltr'>ἐγκαθιστᾷ</span> <span class='ocrx_word' id='word_1_703' title='bbox 2582 3856 2672 3908; x_wconf 83' lang='grc' dir='ltr'><strong>τὸν</strong></span> <span class='ocrx_word' id='word_1_704' title='bbox 2708 3858 2768 3908; x_wconf 86' lang='grc' dir='ltr'><strong>ἐκ</strong></span> <span class='ocrx_word' id='word_1_705' title='bbox 2794 3857 2888 3925; x_wconf 79' lang='grc' dir='ltr'>τῆς</span> <span class='ocrx_word' id='word_1_706' title='bbox 2925 3856 3184 3927; x_wconf 81' lang='grc' dir='ltr'>ἑσπερίας</span> <span class='ocrx_word' id='word_1_707' title='bbox 3237 3857 3509 3927; x_wconf 78' lang='grc' dir='ltr'>θαλάσσης</span> <span class='ocrx_word' id='word_1_708' title='bbox 3568 3860 3659 3928; x_wconf 50' lang='grc' dir='ltr'>μὴ</span> 
     </span>
    </p>
   </div>
   <div class='ocr_carea' id='block_1_97' title="bbox 2075 3947 3654 4016">
    <p class='ocr_par' dir='ltr' id='par_1_97' title="bbox 2075 3947 3654 4016">
     <span class='ocr_line' id='line_1_97' title="bbox 2075 3947 3654 4016; baseline 0.002 -16"><span class='ocrx_word' id='word_1_709' title='bbox 2075 3948 2162 4000; x_wconf 76' lang='grc' dir='ltr'><strong>διὰ</strong></span> <span class='ocrx_word' id='word_1_710' title='bbox 2189 3947 2288 4016; x_wconf 77' lang='grc' dir='ltr'>τῆς</span> <span class='ocrx_word' id='word_1_711' title='bbox 2318 3947 2592 4014; x_wconf 77' lang='grc' dir='ltr'>Γαδείρων</span> <span class='ocrx_word' id='word_1_712' title='bbox 2669 3947 3005 4016; x_wconf 79' lang='grc' dir='ltr'>στενωτάτης</span> <span class='ocrx_word' id='word_1_713' title='bbox 3059 3947 3454 4012; x_wconf 82' lang='grc' dir='ltr'>ἐκπλεύσαντα,</span> <span class='ocrx_word' id='word_1_714' title='bbox 3505 3950 3559 4002; x_wconf 76' lang='grc' dir='ltr'>εἴ</span> <span class='ocrx_word' id='word_1_715' title='bbox 3599 3967 3654 4003; x_wconf 90' lang='grc' dir='ltr'><strong>τι</strong></span> 
     </span>
    </p>
   </div>
   <div class='ocr_carea' id='block_1_98' title="bbox 2073 4038 3326 4108">
    <p class='ocr_par' dir='ltr' id='par_1_98' title="bbox 2073 4038 3326 4108">
     <span class='ocr_line' id='line_1_98' title="bbox 2073 4038 3326 4108; baseline -0.005 -13"><span class='ocrx_word' id='word_1_716' title='bbox 2073 4039 2176 4108; x_wconf 80' lang='grc' dir='ltr'>χρὴ</span> <span class='ocrx_word' id='word_1_717' title='bbox 2211 4039 2598 4107; x_wconf 67' lang='grc' dir='ltr'>σμικροτάτοτς</span> <span class='ocrx_word' id='word_1_718' title='bbox 2627 4039 2946 4108; x_wconf 80' lang='grc' dir='ltr'>παραφῆναι</span> <span class='ocrx_word' id='word_1_719' title='bbox 2976 4038 3041 4090; x_wconf 74' lang='grc' dir='ltr'><strong>τά</strong></span> <span class='ocrx_word' id='word_1_720' title='bbox 3071 4039 3326 4107; x_wconf 84' lang='grc' dir='ltr'>μέγιστα.</span> 
     </span>
    </p>
   </div>
   <div class='ocr_carea' id='block_1_99' title="bbox 2145 4123 3662 4204">
    <p class='ocr_par' dir='ltr' id='par_1_99' title="bbox 2145 4123 3662 4204">
     <span class='ocr_line' id='line_1_99' title="bbox 2145 4123 3662 4204; baseline 0.003 -24"><span class='ocrx_word' id='word_1_721' title='bbox 2145 4134 2248 4198; x_wconf 87' lang='grc' dir='ltr'>με’.</span> <span class='ocrx_word' id='word_1_722' title='bbox 2285 4129 2460 4181; x_wconf 81' lang='grc' dir='ltr'>Καινὰ</span> <span class='ocrx_word' id='word_1_723' title='bbox 2492 4130 2590 4191; x_wconf 80' lang='grc' dir='ltr'>μὲν</span> <span class='ocrx_word' id='word_1_724' title='bbox 2625 4123 2714 4181; x_wconf 78' lang='grc' dir='ltr'>οὖν</span> <span class='ocrx_word' id='word_1_725' title='bbox 2746 4128 2842 4180; x_wconf 77' lang='grc' dir='ltr'>καὶ</span> <span class='ocrx_word' id='word_1_726' title='bbox 2874 4127 3045 4181; x_wconf 82' lang='grc' dir='ltr'>ταῦτα</span> <span class='ocrx_word' id='word_1_727' title='bbox 3077 4130 3170 4181; x_wconf 76' lang='grc' dir='ltr'>καὶ</span> <span class='ocrx_word' id='word_1_728' title='bbox 3203 4123 3290 4182; x_wconf 74' lang='grc' dir='ltr'>οἷα</span> <span class='ocrx_word' id='word_1_729' title='bbox 3320 4129 3662 4204; x_wconf 73' lang='grc' dir='ltr'>ἐκπλήττειν</span> 
     </span>
    </p>
   </div>
   <div class='ocr_carea' id='block_1_100' title="bbox 2075 4218 3659 4292">
    <p class='ocr_par' dir='ltr' id='par_1_100' title="bbox 2075 4218 3659 4292">
     <span class='ocr_line' id='line_1_100' title="bbox 2075 4218 3659 4292; baseline 0.002 -21"><span class='ocrx_word' id='word_1_730' title='bbox 2075 4219 2166 4273; x_wconf 80' lang='grc' dir='ltr'>τὸν</span> <span class='ocrx_word' id='word_1_731' title='bbox 2199 4219 2374 4290; x_wconf 80' lang='grc' dir='ltr'>ὀρθῶς</span> <span class='ocrx_word' id='word_1_732' title='bbox 2397 4219 2776 4274; x_wconf 76' lang='grc' dir='ltr'>ἐπιϐάλλοντα.</span> <span class='ocrx_word' id='word_1_733' title='bbox 2835 4218 2908 4273; x_wconf 81' lang='grc' dir='ltr'><strong>Τὸ</strong></span> <span class='ocrx_word' id='word_1_734' title='bbox 2953 4220 3010 4272; x_wconf 84' lang='grc' dir='ltr'>δὲ</span> <span class='ocrx_word' id='word_1_735' title='bbox 3054 4220 3150 4274; x_wconf 80' lang='grc' dir='ltr'>καὶ</span> <span class='ocrx_word' id='word_1_736' title='bbox 3191 4222 3248 4273; x_wconf 87' lang='grc' dir='ltr'><strong>ἐν</strong></span> <span class='ocrx_word' id='word_1_737' title='bbox 3299 4222 3530 4292; x_wconf 75' lang='grc' dir='ltr'>ὀνείροις</span> <span class='ocrx_word' id='word_1_738' title='bbox 3559 4224 3659 4275; x_wconf 69' lang='grc' dir='ltr'><strong>τὸν</strong></span> 
     </span>
    </p>
   </div>
   <div class='ocr_carea' id='block_1_101' title="bbox 2081 4310 3646 4380">
    <p class='ocr_par' dir='ltr' id='par_1_101' title="bbox 2081 4310 3646 4380">
     <span class='ocr_line' id='line_1_101' title="bbox 2081 4310 3646 4380; baseline 0 -16"><span class='ocrx_word' id='word_1_739' title='bbox 2081 4312 2332 4380; x_wconf 87' lang='grc' dir='ltr'>μάρτυρα</span> <span class='ocrx_word' id='word_1_740' title='bbox 2395 4311 2756 4379; x_wconf 77' lang='grc' dir='ltr'>ἐφιστάμενον</span> <span class='ocrx_word' id='word_1_741' title='bbox 2823 4310 3321 4380; x_wconf 84' lang='grc' dir='ltr'>καταπράττεσθαι,</span> <span class='ocrx_word' id='word_1_742' title='bbox 3381 4312 3484 4364; x_wconf 73' lang='grc' dir='ltr'>ὅσα</span> <span class='ocrx_word' id='word_1_743' title='bbox 3544 4314 3646 4364; x_wconf 81' lang='grc' dir='ltr'><strong>καὶ</strong></span> 
     </span>
    </p>
   </div>
   <div class='ocr_carea' id='block_1_102' title="bbox 2076 4400 3657 4472">
    <p class='ocr_par' dir='ltr' id='par_1_102' title="bbox 2076 4400 3657 4472">
     <span class='ocr_line' id='line_1_102' title="bbox 2076 4400 3657 4472; baseline 0 -18"><span class='ocrx_word' id='word_1_744' title='bbox 2076 4402 2182 4466; x_wconf 77' lang='grc' dir='ltr'>ζῶν</span> <span class='ocrx_word' id='word_1_745' title='bbox 2205 4401 2457 4472; x_wconf 71' lang='grc' dir='ltr'>ἐποίησεν</span> <span class='ocrx_word' id='word_1_746' title='bbox 2491 4400 2577 4466; x_wconf 81' lang='grc' dir='ltr'>ἂν,</span> <span class='ocrx_word' id='word_1_747' title='bbox 2611 4401 2691 4453; x_wconf 78' lang='grc' dir='ltr'>ἔτι</span> <span class='ocrx_word' id='word_1_748' title='bbox 2721 4401 2879 4453; x_wconf 85' lang='grc' dir='ltr'>πλέον</span> <span class='ocrx_word' id='word_1_749' title='bbox 2913 4401 3084 4454; x_wconf 87' lang='grc' dir='ltr'>ἐθέλει</span> <span class='ocrx_word' id='word_1_750' title='bbox 3113 4401 3506 4471; x_wconf 65' lang='grc' dir='ltr'>θαυμάζεσθαι.</span> <span class='ocrx_word' id='word_1_751' title='bbox 3536 4402 3657 4458; x_wconf 83' lang='grc' dir='ltr'><strong>Οὐ-</strong></span> 
     </span>
    </p>
   </div>
   <div class='ocr_carea' id='block_1_103' title="bbox 2077 4489 3660 4562">
    <p class='ocr_par' dir='ltr' id='par_1_103' title="bbox 2077 4489 3660 4562">
     <span class='ocr_line' id='line_1_103' title="bbox 2077 4489 3660 4562; baseline -0.001 -17"><span class='ocrx_word' id='word_1_752' title='bbox 2077 4495 2192 4545; x_wconf 79' lang='grc' dir='ltr'>κέτι</span> <span class='ocrx_word' id='word_1_753' title='bbox 2223 4492 2332 4561; x_wconf 77' lang='grc' dir='ltr'>γὰρ</span> <span class='ocrx_word' id='word_1_754' title='bbox 2361 4491 2612 4560; x_wconf 83' lang='grc' dir='ltr'>σώματος</span> <span class='ocrx_word' id='word_1_755' title='bbox 2639 4491 2698 4542; x_wconf 77' lang='grc' dir='ltr'>τὸ</span> <span class='ocrx_word' id='word_1_756' title='bbox 2722 4489 2927 4560; x_wconf 77' lang='grc' dir='ltr'>θαῦμα,</span> <span class='ocrx_word' id='word_1_757' title='bbox 2958 4491 2990 4562; x_wconf 75' lang='grc' dir='ltr'>ἦ</span> <span class='ocrx_word' id='word_1_758' title='bbox 3014 4508 3158 4556; x_wconf 91' lang='grc' dir='ltr'>τινος</span> <span class='ocrx_word' id='word_1_759' title='bbox 3179 4491 3283 4544; x_wconf 78' lang='grc' dir='ltr'><strong>τῶν</strong></span> <span class='ocrx_word' id='word_1_760' title='bbox 3313 4495 3438 4561; x_wconf 82' lang='grc' dir='ltr'>περὶ</span> <span class='ocrx_word' id='word_1_761' title='bbox 3463 4495 3660 4562; x_wconf 75' lang='grc' dir='ltr'>σῶμα,</span> 
     </span>
    </p>
   </div>
   <div class='ocr_carea' id='block_1_104' title="bbox 2077 4576 3654 4653">
    <p class='ocr_par' dir='ltr' id='par_1_104' title="bbox 2077 4576 3654 4653">
     <span class='ocr_line' id='line_1_104' title="bbox 2077 4576 3654 4653; baseline 0.002 -20"><span class='ocrx_word' id='word_1_762' title='bbox 2077 4583 2210 4653; x_wconf 83' lang='grc' dir='ltr'>παρ’</span> <span class='ocrx_word' id='word_1_763' title='bbox 2241 4576 2301 4633; x_wconf 74' lang='grc' dir='ltr'><strong>οὗ</strong></span> <span class='ocrx_word' id='word_1_764' title='bbox 2333 4581 2561 4651; x_wconf 86' lang='grc' dir='ltr'>δύναμις</span> <span class='ocrx_word' id='word_1_765' title='bbox 2585 4581 2906 4650; x_wconf 82' lang='grc' dir='ltr'>ἐξερχομένη</span> <span class='ocrx_word' id='word_1_766' title='bbox 2938 4584 3288 4651; x_wconf 85' lang='grc' dir='ltr'>τερατουργεῖ</span> <span class='ocrx_word' id='word_1_767' title='bbox 3314 4598 3327 4612; x_wconf 88' lang='grc'>·</span> <span class='ocrx_word' id='word_1_768' title='bbox 3355 4581 3471 4636; x_wconf 83' lang='grc' dir='ltr'>ἀλλ’</span> <span class='ocrx_word' id='word_1_769' title='bbox 3498 4583 3654 4636; x_wconf 78' lang='grc' dir='ltr'>ἐστιν</span> 
     </span>
    </p>
   </div>
   <div class='ocr_carea' id='block_1_105' title="bbox 2077 4671 3660 4744">
    <p class='ocr_par' dir='ltr' id='par_1_105' title="bbox 2077 4671 3660 4744">
     <span class='ocr_line' id='line_1_105' title="bbox 2077 4671 3660 4744; baseline 0.001 -16"><span class='ocrx_word' id='word_1_770' title='bbox 2077 4676 2204 4730; x_wconf 75' lang='grc' dir='ltr'>ἄλλο</span> <span class='ocrx_word' id='word_1_771' title='bbox 2233 4692 2283 4726; x_wconf 90' lang='grc' dir='ltr'><strong>τι</strong></span> <span class='ocrx_word' id='word_1_772' title='bbox 2313 4674 2470 4726; x_wconf 81' lang='grc' dir='ltr'>τοῦτο</span> <span class='ocrx_word' id='word_1_773' title='bbox 2497 4671 2646 4741; x_wconf 82' lang='grc' dir='ltr'>παρὰ</span> <span class='ocrx_word' id='word_1_774' title='bbox 2687 4672 2841 4737; x_wconf 79' lang='grc' dir='ltr'>δόξαν</span> <span class='ocrx_word' id='word_1_775' title='bbox 2885 4672 3205 4743; x_wconf 84' lang='grc' dir='ltr'>θαυμάσιον.</span> <span class='ocrx_word' id='word_1_776' title='bbox 3240 4674 3378 4744; x_wconf 84' lang='grc' dir='ltr'><strong>Ἤδη</strong></span> <span class='ocrx_word' id='word_1_777' title='bbox 3424 4674 3482 4728; x_wconf 86' lang='grc' dir='ltr'>δὲ</span> <span class='ocrx_word' id='word_1_778' title='bbox 3525 4675 3660 4729; x_wconf 72' lang='grc' dir='ltr'>οὐδὲ</span> 
     </span>
    </p>
   </div>
   <div class='ocr_carea' id='block_1_106' title="bbox 2077 4765 3653 4837">
    <p class='ocr_par' dir='ltr' id='par_1_106' title="bbox 2077 4765 3653 4837">
     <span class='ocr_line' id='line_1_106' title="bbox 2077 4765 3653 4837; baseline 0.001 -16"><span class='ocrx_word' id='word_1_779' title='bbox 2077 4769 2234 4822; x_wconf 74' lang='grc' dir='ltr'>τοῦτο</span> <span class='ocrx_word' id='word_1_780' title='bbox 2271 4767 2456 4821; x_wconf 84' lang='grc' dir='ltr'>καινὸν</span> <span class='ocrx_word' id='word_1_781' title='bbox 2481 4765 2567 4819; x_wconf 85' lang='grc' dir='ltr'>διὰ</span> <span class='ocrx_word' id='word_1_782' title='bbox 2603 4765 2658 4816; x_wconf 82' lang='grc' dir='ltr'>τὸ</span> <span class='ocrx_word' id='word_1_783' title='bbox 2691 4766 2834 4818; x_wconf 84' lang='grc' dir='ltr'>θεῖον</span> <span class='ocrx_word' id='word_1_784' title='bbox 2877 4765 3146 4837; x_wconf 80' lang='grc' dir='ltr'>βούλημα.</span> <span class='ocrx_word' id='word_1_785' title='bbox 3173 4768 3235 4820; x_wconf 83' lang='lat' dir='ltr'><strong>El</strong></span> <span class='ocrx_word' id='word_1_786' title='bbox 3284 4767 3393 4837; x_wconf 87' lang='grc' dir='ltr'>γὰρ</span> <span class='ocrx_word' id='word_1_787' title='bbox 3414 4768 3653 4822; x_wconf 82' lang='grc' dir='ltr'>ἀποστό-</span> 
     </span>
    </p>
   </div>
   <div class='ocr_carea' id='block_1_107' title="bbox 2076 4855 3658 4921">
    <p class='ocr_par' dir='ltr' id='par_1_107' title="bbox 2076 4855 3658 4921">
     <span class='ocr_line' id='line_1_107' title="bbox 2076 4855 3658 4921; baseline 0.001 -9"><span class='ocrx_word' id='word_1_788' title='bbox 2076 4861 2184 4912; x_wconf 85' lang='grc' dir='ltr'>λων</span> <span class='ocrx_word' id='word_1_789' title='bbox 2210 4860 2304 4910; x_wconf 75' lang='grc' dir='ltr'>καὶ</span> <span class='ocrx_word' id='word_1_790' title='bbox 2344 4857 2490 4910; x_wconf 71' lang='grc' dir='ltr'>σκιαὶ</span> <span class='ocrx_word' id='word_1_791' title='bbox 2510 4855 2721 4908; x_wconf 80' lang='grc' dir='ltr'>ἐποίουν</span> <span class='ocrx_word' id='word_1_792' title='bbox 2755 4855 2985 4921; x_wconf 78' lang='grc' dir='ltr'>ἐξαίσια,</span> <span class='ocrx_word' id='word_1_793' title='bbox 3041 4857 3229 4910; x_wconf 87' lang='grc' dir='ltr'>πίπτοι</span> <span class='ocrx_word' id='word_1_794' title='bbox 3284 4857 3353 4910; x_wconf 81' lang='grc' dir='ltr'>ἂν</span> <span class='ocrx_word' id='word_1_795' title='bbox 3411 4859 3530 4912; x_wconf 79' lang='grc' dir='ltr'>οὐδὲ</span> <span class='ocrx_word' id='word_1_796' title='bbox 3582 4862 3658 4914; x_wconf 75' lang='grc' dir='ltr'>τὰ</span> 
     </span>
    </p>
   </div>
   <div class='ocr_carea' id='block_1_108' title="bbox 2078 4945 3655 5020">
    <p class='ocr_par' dir='ltr' id='par_1_108' title="bbox 2078 4945 3655 5020">
     <span class='ocr_line' id='line_1_108' title="bbox 2078 4945 3655 5020; baseline 0.001 -19"><span class='ocrx_word' id='word_1_797' title='bbox 2078 4949 2196 5001; x_wconf 81' lang='grc' dir='ltr'>κατ’</span> <span class='ocrx_word' id='word_1_798' title='bbox 2225 4949 2358 5016; x_wconf 70' lang='grc' dir='ltr'>ὄναρ</span> <span class='ocrx_word' id='word_1_799' title='bbox 2383 4945 2559 5000; x_wconf 83' lang='grc' dir='ltr'>ταῦτα</span> <span class='ocrx_word' id='word_1_800' title='bbox 2582 4946 2684 5010; x_wconf 77' lang='grc' dir='ltr'><strong>ἔξω</strong></span> <span class='ocrx_word' id='word_1_801' title='bbox 2715 4945 2808 5000; x_wconf 83' lang='grc' dir='ltr'>τοῦ</span> <span class='ocrx_word' id='word_1_802' title='bbox 2839 4948 3081 5000; x_wconf 83' lang='grc' dir='ltr'>τοιούτου</span> <span class='ocrx_word' id='word_1_803' title='bbox 3100 4948 3264 4999; x_wconf 86' lang='grc' dir='ltr'>τόπου</span> <span class='ocrx_word' id='word_1_804' title='bbox 3289 4947 3399 5000; x_wconf 86' lang='grc' dir='ltr'><strong>τῶν</strong></span> <span class='ocrx_word' id='word_1_805' title='bbox 3425 4948 3655 5020; x_wconf 83' lang='grc' dir='ltr'>θαυμα-</span> 
     </span>
    </p>
   </div>
   <div class='ocr_carea' id='block_1_109' title="bbox 2081 5035 3656 5118">
    <p class='ocr_par' dir='ltr' id='par_1_109' title="bbox 2081 5035 3656 5118">
     <span class='ocr_line' id='line_1_109' title="bbox 2081 5035 3656 5118; baseline 0.002 -29"><span class='ocrx_word' id='word_1_806' title='bbox 2081 5039 2349 5106; x_wconf 79' lang='grc' dir='ltr'>τουργοιῶν</span> <span class='ocrx_word' id='word_1_807' title='bbox 2383 5037 2558 5104; x_wconf 71' lang='grc' dir='ltr'>(σκιαὶ</span> <span class='ocrx_word' id='word_1_808' title='bbox 2587 5037 2694 5106; x_wconf 85' lang='grc' dir='ltr'><strong>γάρ</strong></span> <span class='ocrx_word' id='word_1_809' title='bbox 2724 5054 2868 5098; x_wconf 80' lang='grc' dir='ltr'>τινες</span> <span class='ocrx_word' id='word_1_810' title='bbox 2897 5037 3006 5089; x_wconf 83' lang='grc' dir='ltr'><strong>τῶν</strong></span> <span class='ocrx_word' id='word_1_811' title='bbox 3039 5035 3288 5118; x_wconf 31' lang='grc' dir='ltr'>ὖπαρλτά</span> <span class='ocrx_word' id='word_1_812' title='bbox 3326 5039 3384 5091; x_wconf 86' lang='grc' dir='ltr'><strong>ἐν</strong></span> <span class='ocrx_word' id='word_1_813' title='bbox 3427 5039 3656 5109; x_wconf 84' lang='grc' dir='ltr'>ὀνείρα-</span> 
     </span>
    </p>
   </div>
   <div class='ocr_carea' id='block_1_110' title="bbox 2083 5126 3658 5197">
    <p class='ocr_par' dir='ltr' id='par_1_110' title="bbox 2083 5126 3658 5197">
     <span class='ocr_line' id='line_1_110' title="bbox 2083 5126 3658 5197; baseline 0.001 -18"><span class='ocrx_word' id='word_1_814' title='bbox 2083 5131 2210 5196; x_wconf 86' lang='grc' dir='ltr'>σιν),</span> <span class='ocrx_word' id='word_1_815' title='bbox 2244 5130 2291 5178; x_wconf 85' lang='grc' dir='ltr'>εἱ</span> <span class='ocrx_word' id='word_1_816' title='bbox 2321 5126 2385 5197; x_wconf 78' lang='grc' dir='ltr'>δὴ</span> <span class='ocrx_word' id='word_1_817' title='bbox 2411 5132 2505 5179; x_wconf 74' lang='grc' dir='ltr'><strong>καί¹</strong></span> <span class='ocrx_word' id='word_1_818' title='bbox 2536 5127 2853 5195; x_wconf 80' lang='grc' dir='ltr'>τολμητέον,</span> <span class='ocrx_word' id='word_1_819' title='bbox 2895 5128 3053 5189; x_wconf 76' lang='grc' dir='ltr'>σκιὰς</span> <span class='ocrx_word' id='word_1_820' title='bbox 3089 5127 3324 5181; x_wconf 73' lang='grc' dir='ltr'>ἐνταῦθα</span> <span class='ocrx_word' id='word_1_821' title='bbox 3363 5129 3545 5197; x_wconf 85' lang='grc' dir='ltr'>λέγειν</span> <span class='ocrx_word' id='word_1_822' title='bbox 3582 5130 3658 5182; x_wconf 81' lang='grc' dir='ltr'>τὰ</span> 
     </span>
    </p>
   </div>
   <div class='ocr_carea' id='block_1_111' title="bbox 2081 5217 3654 5288">
    <p class='ocr_par' dir='ltr' id='par_1_111' title="bbox 2081 5217 3654 5288">
     <span class='ocr_line' id='line_1_111' title="bbox 2081 5217 3654 5288; baseline 0.005 -23"><span class='ocrx_word' id='word_1_823' title='bbox 2081 5219 2226 5271; x_wconf 64' lang='lat' dir='ltr'><strong>nimo</strong></span> <span class='ocrx_word' id='word_1_824' title='bbox 2265 5218 2382 5270; x_wconf 80' lang='grc' dir='ltr'>θεῖα</span> <span class='ocrx_word' id='word_1_825' title='bbox 2415 5219 2510 5270; x_wconf 69' lang='grc' dir='ltr'>καὶ</span> <span class='ocrx_word' id='word_1_826' title='bbox 2548 5217 3012 5287; x_wconf 84' lang='grc' dir='ltr'>στερεμνιώτατα.</span> <span class='ocrx_word' id='word_1_827' title='bbox 3041 5218 3197 5270; x_wconf 83' lang='grc' dir='ltr'>[Ιοῖον</span> <span class='ocrx_word' id='word_1_828' title='bbox 3222 5219 3328 5288; x_wconf 83' lang='grc' dir='ltr'><strong>γάρ</strong></span> <span class='ocrx_word' id='word_1_829' title='bbox 3384 5235 3434 5271; x_wconf 91' lang='grc' dir='ltr'><strong>τι</strong></span> <span class='ocrx_word' id='word_1_830' title='bbox 3475 5217 3654 5284; x_wconf 74' lang='grc' dir='ltr'>οὕτως</span> 
     </span>
    </p>
   </div>
   <div class='ocr_carea' id='block_1_112' title="bbox 2086 5308 3661 5380">
    <p class='ocr_par' dir='ltr' id='par_1_112' title="bbox 2086 5308 3661 5380">
     <span class='ocr_line' id='line_1_112' title="bbox 2086 5308 3661 5380; baseline 0.002 -18"><span class='ocrx_word' id='word_1_831' title='bbox 2086 5308 2392 5378; x_wconf 76' lang='grc' dir='ltr'>ὑφεστηκὸς</span> <span class='ocrx_word' id='word_1_832' title='bbox 2447 5310 2540 5360; x_wconf 79' lang='grc' dir='ltr'>καὶ</span> <span class='ocrx_word' id='word_1_833' title='bbox 2595 5308 2821 5378; x_wconf 71' lang='grc' dir='ltr'>στερρὸν</span> <span class='ocrx_word' id='word_1_834' title='bbox 2869 5309 2959 5362; x_wconf 73' lang='grc' dir='ltr'>καὶ</span> <span class='ocrx_word' id='word_1_835' title='bbox 2991 5308 3188 5377; x_wconf 78' lang='grc' dir='ltr'>πάγιον</span> <span class='ocrx_word' id='word_1_836' title='bbox 3241 5309 3336 5363; x_wconf 76' lang='grc' dir='ltr'>καὶ</span> <span class='ocrx_word' id='word_1_837' title='bbox 3368 5309 3661 5380; x_wconf 64' lang='grc' dir='ltr'>σθεναρὸν,</span> 
     </span>
    </p>
   </div>
   <div class='ocr_carea' id='block_1_113' title="bbox 2084 5395 3662 5468">
    <p class='ocr_par' dir='ltr' id='par_1_113' title="bbox 2084 5395 3662 5468">
     <span class='ocr_line' id='line_1_113' title="bbox 2084 5395 3662 5468; baseline 0.004 -22"><span class='ocrx_word' id='word_1_838' title='bbox 2084 5397 2159 5458; x_wconf 85' lang='grc' dir='ltr'>ὡς</span> <span class='ocrx_word' id='word_1_839' title='bbox 2189 5395 2249 5446; x_wconf 84' lang='grc' dir='ltr'>τὸ</span> <span class='ocrx_word' id='word_1_840' title='bbox 2283 5395 2378 5447; x_wconf 81' lang='grc' dir='ltr'>καὶ</span> <span class='ocrx_word' id='word_1_841' title='bbox 2416 5395 2692 5463; x_wconf 77' lang='grc' dir='ltr'>κουφίζειν</span> <span class='ocrx_word' id='word_1_842' title='bbox 2712 5399 2774 5446; x_wconf 85' lang='grc' dir='ltr'><strong>ἐκ</strong></span> <span class='ocrx_word' id='word_1_843' title='bbox 2803 5396 2904 5464; x_wconf 85' lang='grc' dir='ltr'>γῆς</span> <span class='ocrx_word' id='word_1_844' title='bbox 2928 5397 3229 5465; x_wconf 86' lang='grc' dir='ltr'>δυνάμενον</span> <span class='ocrx_word' id='word_1_845' title='bbox 3271 5397 3392 5450; x_wconf 86' lang='grc' dir='ltr'>ὅλον</span> <span class='ocrx_word' id='word_1_846' title='bbox 3430 5400 3662 5468; x_wconf 78' lang='grc' dir='ltr'>ἄνθρω-</span> 
     </span>
    </p>
   </div>
   <div class='ocr_carea' id='block_1_114' title="bbox 2081 5486 3660 5562">
    <p class='ocr_par' dir='ltr' id='par_1_114' title="bbox 2081 5486 3660 5562">
     <span class='ocr_line' id='line_1_114' title="bbox 2081 5486 3660 5562; baseline 0.002 -21"><span class='ocrx_word' id='word_1_847' title='bbox 2081 5505 2205 5552; x_wconf 82' lang='grc' dir='ltr'>πον,</span> <span class='ocrx_word' id='word_1_848' title='bbox 2239 5489 2332 5541; x_wconf 76' lang='grc' dir='ltr'>καὶ</span> <span class='ocrx_word' id='word_1_849' title='bbox 2357 5487 2544 5540; x_wconf 81' lang='grc' dir='ltr'>τοῦτον</span> <span class='ocrx_word' id='word_1_850' title='bbox 2583 5486 2656 5549; x_wconf 85' lang='grc' dir='ltr'><strong>ὡς</strong></span> <span class='ocrx_word' id='word_1_851' title='bbox 2699 5487 2770 5538; x_wconf 84' lang='grc' dir='ltr'>τὰ</span> <span class='ocrx_word' id='word_1_852' title='bbox 2813 5487 2982 5540; x_wconf 81' lang='grc' dir='ltr'>πολλὰ</span> <span class='ocrx_word' id='word_1_853' title='bbox 3021 5489 3262 5559; x_wconf 84' lang='grc' dir='ltr'>σιδήροις</span> <span class='ocrx_word' id='word_1_854' title='bbox 3325 5491 3660 5562; x_wconf 72' lang='grc' dir='ltr'>ἀνδραχθέσι</span> 
     </span>
    </p>
   </div>
   <div class='ocr_carea' id='block_1_115' title="bbox 2083 5578 3658 5654">
    <p class='ocr_par' dir='ltr' id='par_1_115' title="bbox 2083 5578 3658 5654">
     <span class='ocr_line' id='line_1_115' title="bbox 2083 5578 3658 5654; baseline 0.004 -24"><span class='ocrx_word' id='word_1_855' title='bbox 2083 5581 2468 5648; x_wconf 85' lang='grc' dir='ltr'>βαρυνόμενον,</span> <span class='ocrx_word' id='word_1_856' title='bbox 2496 5581 2677 5631; x_wconf 77' lang='grc' dir='ltr'>ὁποῖαι</span> <span class='ocrx_word' id='word_1_857' title='bbox 2707 5579 2762 5631; x_wconf 83' lang='grc' dir='ltr'>αἱ</span> <span class='ocrx_word' id='word_1_858' title='bbox 2791 5578 3050 5632; x_wconf 87' lang='grc' dir='ltr'>ὁπτασίαι</span> <span class='ocrx_word' id='word_1_859' title='bbox 3092 5580 3186 5632; x_wconf 84' lang='grc' dir='ltr'>τοῦ</span> <span class='ocrx_word' id='word_1_860' title='bbox 3223 5582 3524 5654; x_wconf 87' lang='grc' dir='ltr'>μάρτυρος,</span> <span class='ocrx_word' id='word_1_861' title='bbox 3579 5584 3658 5645; x_wconf 82' lang='grc' dir='ltr'><strong>ὡς</strong></span> 
     </span>
    </p>
   </div>
   <div class='ocr_carea' id='block_1_116' title="bbox 2082 5671 3662 5743">
    <p class='ocr_par' dir='ltr' id='par_1_116' title="bbox 2082 5671 3662 5743">
     <span class='ocr_line' id='line_1_116' title="bbox 2082 5671 3662 5743; baseline 0 -16"><span class='ocrx_word' id='word_1_862' title='bbox 2082 5679 2175 5727; x_wconf 73' lang='grc' dir='ltr'>καὶ</span> <span class='ocrx_word' id='word_1_863' title='bbox 2223 5675 2417 5727; x_wconf 84' lang='grc' dir='ltr'>ἀνόπιν</span> <span class='ocrx_word' id='word_1_864' title='bbox 2465 5676 2492 5726; x_wconf 87' lang='lat'><strong>6</strong></span> <span class='ocrx_word' id='word_1_865' title='bbox 2550 5672 2708 5740; x_wconf 80' lang='grc' dir='ltr'>λόγος</span> <span class='ocrx_word' id='word_1_866' title='bbox 2764 5672 3068 5743; x_wconf 82' lang='grc' dir='ltr'>ἐπιτρέχων</span> <span class='ocrx_word' id='word_1_867' title='bbox 3107 5672 3412 5739; x_wconf 76' lang='grc' dir='ltr'>ἐδίδασκεν,</span> <span class='ocrx_word' id='word_1_868' title='bbox 3462 5678 3522 5728; x_wconf 87' lang='grc' dir='ltr'><strong>ἐν</strong></span> <span class='ocrx_word' id='word_1_869' title='bbox 3567 5671 3662 5738; x_wconf 76' lang='grc' dir='ltr'>αἷς</span> 
     </span>
    </p>
   </div>
   <div class='ocr_carea' id='block_1_117' title="bbox 2083 5762 3662 5834">
    <p class='ocr_par' dir='ltr' id='par_1_117' title="bbox 2083 5762 3662 5834">
     <span class='ocr_line' id='line_1_117' title="bbox 2083 5762 3662 5834; baseline -0.001 -14"><span class='ocrx_word' id='word_1_870' title='bbox 2083 5768 2292 5827; x_wconf 78' lang='grc' dir='ltr'>ἐκεῖνος</span> <span class='ocrx_word' id='word_1_871' title='bbox 2324 5762 2491 5833; x_wconf 74' lang='grc' dir='ltr'>γῆθεν</span> <span class='ocrx_word' id='word_1_872' title='bbox 2517 5763 2893 5832; x_wconf 81' lang='grc' dir='ltr'>ἁναλαμόἀνει</span> <span class='ocrx_word' id='word_1_873' title='bbox 2923 5763 3048 5826; x_wconf 84' lang='grc' dir='ltr'>τοὺς</span> <span class='ocrx_word' id='word_1_874' title='bbox 3104 5763 3442 5834; x_wconf 77' lang='grc' dir='ltr'>ἠξιωμένους</span> <span class='ocrx_word' id='word_1_875' title='bbox 3465 5765 3662 5819; x_wconf 84' lang='grc' dir='ltr'>τοιαύ-</span> 
     </span>
    </p>
   </div>
  </div>
