3908 6596
227 486 326 551 209

1366 471 1756 532 LAUDATIO
1790 471 1852 532 S.
1896 467 2312 532 DEMETRII.

3354 469 3465 534 210

225 617 318 672 της
345 595 667 662 ἐπισκοπῆς,
714 592 747 662 ἢ
799 593 891 644 καὶ
942 591 1074 643 ώσεὶ
1115 586 1334 656 νεφέλαι
1383 579 1646 640 πέτασθσι
1691 587 1784 638 λε-

1904 586 2098 640 :xrelsa
2150 588 2260 652 rapi
2315 585 2650 639 coutldt-nfer
2710 582 3092 654 gloria-rentur,
3145 597 3246 653 ego
3304 583 3464 636 intel-

227 693 500 762 γζθησονται
533 687 598 739 ἂν
630 685 726 736 καὶ
755 683 939 748 αὖτοί;
973 681 1084 735 Καὶ
1113 680 1161 731 εἰ
1199 677 1272 749 μὴ
1296 678 1434 732 κατά
1469 678 1674 730 Παῦλον
1699 679 1776 740 εἰς

225 786 392 850 τρίτον
424 777 676 848 ονῖιρανον,
724 774 838 830 ἀλλ’
869 777 947 838 εἰς
1000 773 1060 826 τὸ
1101 770 1196 825 τοῦ
1230 771 1448 840 πρώτου
1505 771 1780 839 μετέωρον

225 870 555 945 ἁρπάζεσθαι
579 867 928 939 θαρρούντως
951 865 1017 918 ἂν
1045 864 1364 935 αὐχῆσαιεν,
1388 860 1480 923 οὒς
1509 861 1603 913 καὶ
1655 877 1783 912 συν-

226 943 640 1031 νοοῦμαι,ὖπως
659 959 759 1028 τὴν
787 957 960 1027 χαρὰν
1011 953 1163 1025 φόϐῳ
1221 953 1525 1024 σύγκρατον
1576 943 1779 1022 ἔχουσι.

227 1055 477 1124 Χαίρουσι
509 1049 606 1121 μὲν
632 1050 766 1120 γὰρ,
801 1042 880 1110 οἷς
917 1046 1314 1099 ἀπανίστανται
1335 1044 1436 1112 τῆς
1468 1043 1574 1095 τῶν
1623 1043 1780 1093 πολε-ι

226 1145 356 1213 μίων
381 1144 499 1210 γῆς.
539 1143 633 1193 καὶ
656 1143 772 1203 τοίς
803 1139 1025 1201 οἰκείοις
1060 1133 1505 1197 ἐπανασώζονται
1540 1150 1552 1162 ·
1580 1133 1783 1201 ταρατ-

225 1252 403 1288 τονται
428 1231 504 1296 δὲ,
538 1231 880 1299 ἰλιγγιῶντες
905 1229 1039 1297 πρὸς
1073 1227 1172 1297 τὴν
1233 1225 1438 1280 ἀνωθεν
1469 1227 1580 1286 τοῖς
1633 1222 1784 1276 κάτω

223 1327 480 1394 ἐπαφεσιν
505 1325 603 1392 τῆς
629 1322 826 1392 ὂψεως.
858 1321 966 1374 Καὶ
991 1322 1023 1390 ἡ
1059 1321 1158 1389 μὲν
1180 1319 1322 1390 χαρά
1349 1317 1640 1370 θάλπουσα·
1657 1331 1784 1368 κου-

226 1418 398 1487 φξζειν
425 1414 795 1485 ἐλαφρίζουσα
831 1412 955 1475 τοὺς
980 1410 1255 1468 τοιούτους
1291 1409 1456 1471 δοκεῖ,
1505 1407 1668 1478 φόϐος
1728 1406 1784 1459 δὲ

227 1508 525 1561 συστέλλων
574 1505 847 1574 βαρύνειν,
893 1503 986 1556 καὶ
1012 1502 1086 1564 ώς
1120 1503 1199 1563 εἰς
1227 1501 1491 1572 νέκρωσιν
1521 1497 1784 1570 καταρρι-

229 1604 373 1655 πτεῖν
406 1602 605 1663 αὐτοὺς
628 1598 897 1668 βούλεται,
922 1594 1349 1668 ἀεροϐατοῦντας
1383 1593 1482 1663 μὲν
1513 1592 1607 1646 καὶ
1631 1607 1789 1659 περι-

226 1693 502 1762 ηγητικῶς
524 1694 634 1754 τοῖς
661 1692 801 1744 κατά
825 1690 930 1759 γῆν
969 1689 1378 1752 ἐπιϐάλλοντας,
1415 1686 1516 1739 οὐκ
1567 1684 1788 1754 ἔχοντας

219 1784 272 1836 δὲ
302 1780 580 1834 πιστεύειν
607 1779 683 1852 τῷ
713 1766 1214 1850 τερατουργήματι,
1244 1772 1377 1829 ἀλλά
1423 1772 1785 1845 περιεργαζο-

225 1874 428 1941 μένους,
463 1871 515 1924 εἰ
546 1870 640 1924 καὶ
672 1869 850 1939 πτερά
869 1868 1079 1932 τούτοις
1115 1865 1526 1936 έπανεφύησαν.
1563 1866 1684 1918 Ὅτι
1731 1861 1788 1917 δὲ

1884 677 1986 746 ligo
2031 693 2200 746 quare
2254 679 2509 746 gan'linnt
2565 677 2760 730 timore
2812 675 3029 728 mistntn
3065 673 3282 728 habeat.
3331 674 3462 728 Nam

1881 770 2110 838 gaudent
2143 769 2383 838 quidem,
2421 767 2563 838 quod
2601 768 2670 821 ab
2726 765 3066 822 inimicorum
3102 775 3246 822 terra
3293 763 3464 821 abdu-

1883 872 2078 914 cnntnr
2125 873 2178 915 et
2236 864 2302 915 ad
2342 877 2473 915 suos
2533 845 2920 924 ret'crtnntur;
2977 855 3262 912 turbantur
3311 876 3462 922 vero,

1883 953 2103 1024 propter
2152 967 2400 1022 magnam
2458 967 2486 1006 a
2533 949 2694 1006 rebus
2746 947 2886 1006 infra
2939 951 3072 1006 visis
3121 951 3460 1006 altitudinem

1884 1043 2156 1114 vertigine
2202 1045 2532 1098 laborantes.
2575 1042 2637 1096 Et
2672 1044 2928 1113 gaudium
2971 1045 3188 1114 quidem
3226 1042 3462 1099 alliciens

1885 1131 1987 1189 bos
2037 1134 2201 1204 agiles
2251 1135 2400 1188 viros
2443 1134 2657 1188 elevare
2696 1135 2945 1200 vidétur;
2996 1135 3154 1190 timor
3186 1151 3312 1189 vero
3350 1152 3465 1204 pre.

1888 1241 2040 1281 mens
2078 1239 2306 1297 gravare
2334 1233 2388 1279 et
2423 1234 2680 1294 tanquam
2736 1227 2788 1278 in
2839 1238 3068 1280 mortem
3122 1228 3464 1298 praecipitare

1891 1335 1983 1374 eos
2015 1329 2266 1384 conatur,
2290 1333 2384 1388 per
2409 1333 2532 1372 aera
2563 1317 2784 1386 quidem
2816 1318 3182 1375 discurrentes
3206 1331 3259 1375 et
3283 1324 3467 1377 deam-

1887 1411 2124 1466 bulando
2159 1428 2278 1480 quae
2316 1411 2449 1464 ﬁunt
2481 1426 2651 1485 super"
2678 1419 2876 1464 terram
2923 1413 3294 1481 iItSplCiCllleS,
3340 1397 3467 1468 con-

1892 1503 2166 1556 iitlentiam
2201 1518 2327 1558 vero
2358 1503 2424 1558 de
2455 1505 2704 1578 prodigio
2747 1523 2854 1560 non
2917 1505 3200 1569 habentes,
3242 1507 3336 1561 sed
3380 1509 3467 1563 itt-

1887 1593 2166 1662 quirentes
2199 1609 2321 1646 nutu
2355 1593 2487 1663 ipsis
2514 1607 2860 1652 succrescant
2888 1593 3004 1652 alar.
3031 1591 3292 1662 Quoniam
3341 1617 3467 1652 veru

1890 1699 1995 1737 non
2018 1683 2129 1737 htec
2161 1673 2436 1738 metuendi
2460 1693 2515 1739 et
2545 1685 2611 1741 de
2641 1701 2898 1756 prospero
2928 1695 3127 1742 eventu
3152 1687 3466 1755 trepidandi

1889 1785 1972 1831 est
2026 1775 2204 1839 locus,
2260 1776 2414 1832 valde
2464 1790 2864 1834 consentaneus
2903 1788 2984 1834 est
3034 1781 3227 1836 animae
3270 1797 3464 1852 angor.

1892 1869 1947 1923 Si
1996 1869 2138 1923 enim
2184 1871 2236 1922 in
2287 1854 2480 1938 aquam
2532 1870 2827 1926 immittere
2865 1887 2922 1927 se
2955 1872 3222 1945 discipulo
3275 1889 3468 1942 magno

225 1962 293 2034 μὴ
323 1964 501 2016 ταῦτα
532 1962 870 2031 περίκεινται
902 1955 1247 2021 ὑποδεδιότας
1276 1960 1369 2012 καὶ
1399 1957 1788 2028 ὑφορωμένους

1904 1963 2217 2032 displicuit,
2259 1956 2512 2018 ﬂuctibus
2570 1965 2898 2033 pet-territo,
2956 1965 3079 2036 quis
3143 1973 3344 2022 temere
3413 1967 3464 2021 in

226 2057 275 2108 τὸ
296 2057 689 2120 εὐδιάπτωτον,
714 2055 808 2108 καὶ
841 2053 956 2123 ἔχει
979 2051 1112 2105 πολὺ
1149 2051 1210 2104 τὸ
1231 2051 1450 2119 able-{ev
1495 2053 1528 2120 ἡ
1561 2047 1784 2120 τοιαύτη

220 2143 418 2214 ψυχικὴ
451 2144 710 2214 συστολὴ.
733 2143 802 2195 Εἰ
820 2143 928 2211 γὰρ
957 2143 1015 2194 τὸ
1045 2140 1199 2195 ὕδατι
1251 2141 1443 2194 ἑαυτὸν
1499 2141 1787 2207 ἐπαφεῖναι

1895 2052 2018 2105 aeta
2083 2064 2141 2107 se
2197 2053 2366 2122 tollet,
2424 2055 2513 2124 qui
2559 2069 2687 2111 aere
2744 2045 3054 2113 solidiorem
3100 2059 3293 2129 aquam
3347 2049 3468 2114 esSe

1895 2142 2078 2199 novit?

223 2235 369 2287 ὄκνον
399 2235 656 2303 ἐμποιεῖν
676 2228 798 2286 οἶδε
825 2233 1038 2303 μαθητῇ
1063 2231 1256 2300 ἐκείνῳ
1283 2231 1526 2303 μεγάλῳ,
1558 2230 1966 2316 κραδαινομένῳ
1998 2239 2109 2301 τοῖς
2143 2237 2374 2310 κύμασι,
2430 2239 2513 2303 τίς
2542 2241 2607 2294 ἂν
2646 2229 2730 2312 εἰη
2754 2242 2910 2310 ἀδεὴς
2930 2225 3210 2296 ’κυϐιστῶν
3256 2243 3457 2313 ἀέριος.

228 2327 692 2397 στερεμνιώτερον
715 2326 858 2396 ὕδωρ
886 2327 1044 2396 ἀέρος
1080 2320 1219 2379 εἰναι
1246 2321 1432 2392 εἰδώς;

291 2417 412 2489 pg“.
469 2419 594 2472 Εἰσί
639 2419 685 2473 δ’
726 2421 785 2472 ἐν
826 2421 937 2482 τοῖς
989 2417 1254 2483 τοιούτοις
1284 2418 1379 2472 καί
1427 2417 1683 2489 διαφοραί
1709 2415 1788 2487 τῷ

227 2515 489 2585 μάρτυρι,
516 2511 592 2576 ώς
617 2513 682 2566 ἂν
708 2511 784 2584 τῷ
809 2511 952 2565 οὕτω
982 2511 1213 2583 ποικίλῳ
1244 2529 1444 2564 συνανα
1456 2509 1790 2581 μεμιγμένον

226 2607 307 2675 εἴη
367 2608 487 2667 τοῖς
548 2602 791 2674 θαύμασι
841 2605 934 2659 καὶ
992 2605 1054 2656 τδ
1099 2602 1342 2674 ἐπίχαρι.
1381 2603 1518 2666 Τοὺς
1561 2601 1793 2672 μὲνγὰρ

233 2697 537 2766 μετεώρους
563 2694 664 2763 τῆς
687 2693 940 2756 ἁλώσεως
977 2691 1360 2761 ὑπεξαγαγὼν,
1392 2685 1512 2743 εἶτα
1545 2690 1793 2760 περίγῆν

229 2787 424 2855 τίθησι,
459 2785 558 2837 καὶ
581 2783 776 2854 ἀφίησι
801 2782 1081 2837 πονεῖσθαι
1114 2785 1241 2853 περὶ
1272 2782 1370 2852 τήν
1403 2782 1636 2852 βάδισιν.
1685 2778 1793 2833 Οὖ-

226 2895 295 2929 τω
316 2877 426 2950 γὰρ
466 2878 772 2946 συμφέρειν
801 2874 1056 2945 διέκρινε,
1094 2873 1167 2944 μὴ
1221 2874 1461 2946 ἀπονητί
1515 2873 1795 2928 ἀποκατα-

229 2973 415 3036 στῆναι
447 2969 563 3030 τοῖς
592 2968 760 3033 ἰδίοις,
794 2964 928 3021 ἀλλά
960 2965 1145 3038 μόχθῳ
1174 2966 1271 3037 τὴν
1307 2965 1500 3036 λοιπὴν
1525 2966 1797 3036 σωτηρίαν

228 3057 579 3127 πορίσασθαι,
608 3059 702 3110 καὶ
731 3057 1046 3126 ἐπιγνῶναι,
1073 3055 1131 3116 ἐξ
1165 3055 1288 3109 οἴων
1307 3057 1387 3120 εἰς
1418 3052 1506 3109 οἷα
1561 3057 1794 3128 μετέπε-

228 3168 330 3207 σον.
358 3153 508 3214 Τοὺς
533 3152 592 3205 δὲ
617 3150 704 3204 διά
738 3151 912 3222 πάσης
949 3151 1221 3221 ὴρμένους
1272 3151 1398 3217 ἄγει
1444 3149 1544 3221 τῆς
1569 3140 1792 3220 μεταξὺ,

231 3241 318 3292 καὶ
366 3241 472 3310 τῆς
525 3239 637 3293 τῶν
699 3239 992 3311 βαρϐάρων
1055 3238 1422 3310 ἀναρπάσας,

230 3329 418 3398 ἀφίησι
446 3329 717 3399 πατῆσαι,
743 3328 823 3382 ὅτι
857 3328 932 3398 μὴ
958 3325 1056 3398 τὴν
1083 3327 1310 3391 ἑαυτῶν,
1345 3325 1420 3389 ώς
1464 3327 1528 3380 ἂν
1575 3325 1797 3397 μηδενὸς

233 3422 388 3475 πόνου
419 3419 755 3490 γεύσωνται,
783 3417 898 3473 ἀλλ’
922 3418 1004 3471 ὲνί
1037 3416 1263 3488 σταθμῷ
1282 3418 1381 3485 τὴν
1405 3415 1547 3470 οὕτω
1581 3415 1798 3486 μακρὰν

231 3516 453 3584 πορείαν
491 3513 843 3581 μετρήσωσιν
866 3509 1064 3580 ἀέριοι,
1101 3510 1175 3572 ώς
1214 3505 1264 3561 εἰ
1320 3507 1413 3563 καὶ
1455 3510 1512 3561 ὲν
1554 3508 1797 3578 θαλάσσῃ

231 3603 555 3675 ἀπρόσκοπα
583 3601 1010 3670 ναυτιλλόμενοι.
1049 3599 1282 3661 Πολλοὺς
1310 3597 1366 3652 δὲ
1415 3600 1508 3651 καὶ
1545 3598 1622 3668 τῷ
1669 3591 1798 3650 ἑαυη

233 3693 318 3746 τοῦ
341 3693 568 3761 τεμένει
596 3689 770 3759 τούτῳ
800 3689 1118 3758 ὲγκαθιστᾷ,
1147 3687 1233 3741 ἵνα
1257 3683 1533 3740 κάνταῦθα
1567 3685 1672 3754 πρὸ
1691 3683 1800 3738 τῶν

233 3782 401 3837 ἀλλων
426 3782 480 3834 οἰ
504 3778 812 3850 πατριῶται
839 3777 932 3831 τοῦ
963 3777 1240 3848 θαύματος
1270 3774 1378 3830 εἷεν
1429 3777 1726 3846 μάρτυρες.

301 3872 410 3943 μζθ.
461 3873 528 3927 '0
580 3872 648 3942 δὴ
699 3869 962 3936 τοιοῦτος,
1025 3873 1121 3923 καὶ
1160 3867 1302 3922 οὕτω
1363 3856 1800 3933 κατεξουσιάζων

233 3965 329 4034 τῆς
359 3964 557 4035 ἀερίας
586 3962 815 4034 χύσεως,
845 3961 1000 4026 τινας
1033 3960 1134 4015 οὐκ
1179 3959 1246 4014 ἀν
1294 3959 1515 4031 ῥαδίως,
1571 3958 1694 4012 ὅθεν
1733 3958 1801 4011 ἂν

235 4057 564 4121 ἐπινεύσειε,
592 4055 814 4123 ῥύσαιτο
843 4053 1006 4120 ςΠῶς
1058 4052 1114 4104 δὲ
1161 4052 1262 4105 οὐκ
1312 4050 1378 4104 ἂν
1429 4049 1524 4102 mi.
1579 4048 1801 4118 ἀνέμοις

233 4147 500 4212 ὲπιτάξοι,
536 4146 633 4199 καί
656 4146 916 4215 σκηπτοίς
946 4143 1283 4213 ἑπιτιμήσοι,
1332 4141 1425 4194 καί
1474 4140 1661 4202 ὑετοὺς
1720 4135 1800 4204 δὲ,

232 4241 353 4301 τοὺς
380 4239 484 4308 μὲν
525 4234 807 4290 ἀναστελεί
833 4232 1264 4308 καταγομένους,
1294 4230 1414 4282 ὅποι
1442 4243 1502 4281 τε
1556 4231 1651 4281 καὶ
1710 4229 1800 4281 ὅτε

237 4329 312 4398 μή
358 4327 572 4382 τούτων
625 4321 805 4394 χρεία,
856 4307 979 4386 τοὺς
1034 4322 1092 4375 δὲ
1153 4319 1495 4391 καταρῤήξει
1547 4317 1802 4388 αἰτούμε-

231 4437 365 4487 voc;
427 4414 509 4472 ῶν
569 4418 635 4487 δὴ
694 4418 908 4470 πάντων
953 4414 1204 4468 εὐκταῖον
1247 4411 1606 4480 καθηγεῖσθαι
1671 4411 1802 4480 ἡμῖν

234 4509 637 4579 προϊστάμενον
702 4509 792 4560 τὸν
849 4504 1244 4575 εὐεργετοῦντα
1299 4503 1384 4572 ἐφ’
1438 4501 1684 4566 ἅπασιν,
1743 4501 1802 4564 ὃς

1964 2413 2054 2470 46.
2073 2415 2209 2471 Sunt
2229 2426 2406 2474 autem
2432 2419 2482 2474 in
2497 2409 2689 2476 talibus
2709 2431 2763 2476 et
2780 2421 3120 2479 diversitates
3139 2424 3189 2478 in
3208 2433 3465 2496 martyre,

1897 2509 2052 2577 quasi
2093 2509 2194 2565 hac
2228 2510 2495 2566 varietate
2524 2511 2740 2567 mistutn
2777 2511 2940 2567 fuerit
2975 2514 3234 2584 prodigiis
3269 2516 3468 2586 jucun-
3509 2545 3514 2550 -

1898 2601 2079 2655 ditatis
2127 2602 2493 2656 commodum.
2535 2602 2743 2657 Etenim
2803 2587 2936 2658 alios
2968 2619 3000 2659 e
3032 2607 3340 2676 captivitate
3377 2597 3473 2663 er-

1900 2699 2102 2746 tractos
2124 2709 2283 2764 super
2311 2703 2453 2747 terra
2480 2681 2695 2762 deponit
2713 2705 2769 2749 et
2792 2685 3024 2752 molesto
3049 2696 3240 2754 itinere
3263 2698 3472 2768 fatigat.

1904 2777 1992 2834 Sic
2032 2780 2176 2834 enim
2209 2787 2569 2850 Opportunum
2601 2781 2862 2851 judicavit
2905 2797 3008 2836 non
3053 2784 3257 2853 absque
3288 2781 3473 2862 labore

1895 2869 2279 2943 ‘rt-dintcgrari,
2305 2875 2397 2926 sed
2444 2888 2564 2927 cum
2613 2874 2929 2943 gravantiue
2969 2890 3063 2930 eos
3098 2875 3360 2929 salvatum
3407 2877 3470 2930 iri

1896 2972 2060 3033 atque
2111 2977 2442 3032 cognoscere
2499 2956 2841 3033 quantopere
2906 2953 3040 3033 lapsi
3115 2973 3264 3019 sunt.
3324 2957 3474 3019 Alios

1898 3071 1998 3124 per
2029 3071 2186 3124 quam
2225 3056 2463 3110 elevatus
2499 3056 2566 3112 ab
2601 3057 2746 3112 omni
2789 3057 3108 3112 intermedio
3145 3066 3198 3112 et
3235 3057 3474 3127 periculo

1906 3146 2265 3201 barbarorum
2301 3146 2578 3202 abducens
2612 3146 2752 3202 baud
2789 3148 2913 3200 alibi
2950 3147 3192 3202 incidere
3221 3146 3374 3214 sinit,
3399 3148 3470 3202 ita

1477 3239 1576 3290 οὐκ
1632 3233 1797 3318 ἄλλην
1825 3258 1866 3314 C
1903 3248 1957 3291 ut
1988 3254 2086 3292 nec
2126 3235 2424 3307 promittat,
2457 3253 2557 3293 nec
2590 3237 2884 3308 quemlibet
2940 3231 3182 3294 laborem
3233 3247 3473 3308 gustent,

1902 3329 1994 3380 sed
2023 3343 2126 3380 uno
2155 3326 2291 3383 saltu
2329 3331 2464 3384 adeo
2491 3329 2701 3400 longam
2734 3332 2870 3383 viam
2907 3329 2958 3384 in
2997 3345 3122 3386 aere
3158 3331 3467 3398 conﬁciant,

1903 3429 1958 3470 ttt
1992 3419 2045 3473 in
2081 3419 2214 3472 mari
2252 3421 2454 3490 absque
2491 3416 2874 3491 impedimento
2908 3421 3244 3494 navigantes.
3281 3421 3476 3477 Multos

1903 3525 2030 3563 vero
2060 3521 2112 3562 et
2145 3510 2198 3565 in
2236 3509 2338 3565 isto
2375 3509 2571 3582 templo
2603 3525 2700 3567 suo
2726 3515 2939 3580 statuit,
2984 3523 3043 3568 ut
3081 3514 3153 3569 ibi
3185 3523 3312 3571 ante
3337 3513 3472 3570 alios

1905 3600 2134 3672 prodigii
2177 3610 2344 3660 testes
2385 3603 2514 3658 sint.

1971 3885 2062 3938 47.
2082 3883 2180 3939 llic
2209 3886 2292 3941 vir
2332 3900 2572 3942 summus
2599 3897 2654 3942 et
2687 3901 2854 3958 super
2881 3902 3069 3944 aereas
3099 3889 3345 3958 regiones
3381 3905 3480 3961 po-

1903 3985 2149 4032 teStatem
2173 3976 2398 4042 habens,
2416 3992 2677 4048 quosnam
2697 3994 2803 4034 non
2821 3977 3049 4034 faciliter
3061 3982 3272 4049 quando
3295 3980 3479 4035 volue-

1905 4067 2534 4139 rit.eripiet?Quomodo
2555 4085 2661 4125 non
2705 4081 2757 4126 et
2777 4072 2951 4126 ventis
2973 4070 3278 4142 imperaret,
3311 4072 3482 4142 fulgu-

1906 4159 2054 4212 ribus
2075 4159 2501 4216 comminaretur
2525 4170 2579 4215 et
2601 4160 2808 4216 imbres
2829 4159 2942 4230 jam
2966 4161 3310 4217 imminentes
3332 4163 3474 4232 fuga-

1903 4261 1984 4304 ret
2004 4250 2095 4305 ubi
2111 4261 2164 4306 et
2180 4253 2393 4321 quando
2411 4267 2516 4308 non
2533 4261 2663 4308 sunt
2679 4252 2995 4321 utiles,alias
3014 4269 3138 4308 vero
3159 4255 3480 4311 sollicitatus

1901 4339 2237 4394 eﬂ‘underet?
2285 4340 2382 4396 llis
2426 4341 2495 4396 de
2557 4344 2737 4398 causis
2778 4344 3071 4414 optandum
3125 4355 3209 4400 est
3262 4355 3317 4400 ut
3376 4363 3473 4402 nos

1903 4433 2164 4501 gubernet
2210 4431 2302 4500 qui
2349 4432 2604 4489 omnibus
2651 4432 2936 4500 benefacit,
2966 4435 3056 4504 qui
3105 4434 3278 4489 fertur
3316 4437 3468 4504 quasi

1906 4523 2107 4587 nando,
2141 4537 2307 4592 super
2357 4532 2650 4594 unguenta,
2679 4539 2778 4580 nec
2822 4539 2927 4580 non
2980 4540 3144 4593 super
3190 4527 3477 4588 miracula.

238 4599 552 4669 πελαγίζων
627 4597 814 4668 ὥσπερ
878 4597 1100 4668 μύροις,
1160 4595 1300 4649 οὕτω
1381 4596 1474 4648 καί
1537 4592 1794 4664 θαύμασι¹

1912 4626 1965 4670 et
1996 4624 2163 4671 totum
2189 4615 2378 4672 orbem
2411 4592 2719 4684 considerat
2749 4626 2804 4669 et
2835 4615 2888 4669 in
2919 4592 3064 4671 omni
3096 4614 3482 4672 dominationis

238 4696 330 4747 καὶ
363 4695 552 4746 πᾶσαν
603 4690 703 4759 μὲν
738 4690 1060 4760 οἰκουμένην
1119 4688 1600 4756 ἐπισκεπτόμενος,
1641 4687 1733 4737 καὶ
1759 4685 1816 4736 ὲν

240 4797 402 4839 παντι
489 4785 643 4853 τόπῳ
707 4783 804 4851 τῆς
853 4781 947 4834 τοῦ
1003 4779 1138 4833 Θεοῦ
1183 4778 1499 4839 δεσποτείας
1545 4773 1818 4845 ὑμνούμε-

239 4893 348 4941 νος,
403 4877 494 4930 ἵνα
531 4875 562 4931 ὁ
610 4876 719 4937 τοίς
767 4875 928 4937 θείοις
952 4869 1404 4942 ἐπηκολουθηκὼς
1428 4869 1815 4940 προστάγμασι

242 4967 580 5038 περιάγηται
607 4964 884 5036 πανταχοῦ
919 4966 1044 5032 γῆς,
1094 4962 1189 5015 καὶ
1244 4959 1815 5014 συνεπακολουθοῦντα

239 5060 338 5130 ἔχη
365 5061 478 5120 τοῖς
497 5057 595 5112 τοῦ
623 5059 893 5110 Δεσπότου
927 5056 1021 5108 καὶ
1040 5053 1108 5107 τὰ
1135 5052 1257 5106 κατ’
1283 5051 1444 5106 αὑτὸν
1468 5051 1742 5120 ἐγκώμια.

311 5153 422 5218 μη’.
459 5147 573 5214 Τὴν
610 5144 805 5199 ἑαυτοῦ
839 5143 1043 5214 ταύτην
1081 5143 1221 5210 φιλεί
1251 5141 1508 5212 μάλιστα,
1569 5143 1661 5193 καὶ
1719 5141 1814 5193 ἀν-

240 5239 572 5309 επίστροφος
604 5237 771 5305 αὐτῆς
795 5236 913 5287 οὐδὲ
946 5237 1002 5287 ὲν
1061 5238 1170 5296 τοῖς
1228 5231 1589 5303 βραχυτάτοις
1644 5247 1815 5284 καταο

240 5332 600 5403 λαμδᾶνεται.
634 5331 696 5384 Εἰ
745 5331 802 5382 δὲ
841 5328 1046 5399 Κύριος
1098 5329 1287 5396 ἀγαπᾷ
1317 5327 1412 5389 τὰς
1457 5325 1632 5389 πύλας
1679 5325 1817 5378 Σιὼν

245 5426 392 5494 ὑπὲρ
421 5427 595 5478 πάντα
620 5423 687 5475 τὰ
716 5420 1054 5493 σκηνώματα
1091 5418 1309 5484 Ἰακώϐ,
1353 5418 1448 5471 καὶ
1500 5420 1579 5481 εἰς
1617 5418 1816 5471 οἰκεῖον

246 5520 515 5588 σκήνωμα
533 5517 594 5570 τὸ
623 5515 739 5568 ἐκεῖ
767 5514 1126 5586 ἐγγράφεται,
1153 5511 1347 5581 ἔχομεν
1367 5515 1459 5565 καὶ
1485 5514 1645 5583 ἡμεῖς
1670 5515 1814 5568 ἐκεῖ-

244 5607 338 5661 θεν
367 5610 843 5682 παραποιήσαντες
890 5607 1272 5675 προσαρμόσαι
1321 5605 1399 5674 τῷ
1441 5607 1675 5676 μάρτυρι
1719 5606 1816 5676 τὴν

245 5702 440 5769 ὁμοίαν
503 5702 601 5756 ὲπί
654 5699 733 5769 τῷ
774 5696 896 5750 κατ’
954 5697 1116 5749 αὑτὸν
1154 5697 1325 5767 τούτῳ
1365 5697 1682 5768 σκηνώματι
1733 5716 1818 5767 φι-

243 5790 472 5862 λητικὴν
503 5791 837 5862 σεμνότητα,
873 5790 967 5842 καὶ
995 5791 1022 5842 ὁ
1056 5787 1208 5854 λόγος
1252 5787 1395 5855 μέγα
1453 5789 1820 5842 καταπλουτεί

1920 4708 2012 4762 Dei
2053 4708 2170 4762 loco
2217 4707 2542 4772 celebratur,
2572 4715 2631 4760 ut.
2683 4708 2776 4776 qui
2822 4706 3018 4762 divinis
3067 4708 3355 4762 obsecutus
3402 4717 3485 4764 est

1921 4798 2188 4851 mandatis
2220 4795 2418 4865 ubique
2461 4804 2723 4850 terrarum
2766 4794 3090 4860 celebretur,
3119 4806 3168 4850 et
3213 4811 3335 4851 cum
3377 4797 3482 4852 Do-

1919 4886 2049 4940 mini
2085 4885 2334 4941 laudibus
2362 4885 2550 4940 laudes
2581 4900 2709 4940 suas
2749 4885 2944 4940 habeat
2977 4885 3316 4957 conjuttc'tas.

1987 5152 2079 5209 48.
2104 5153 2269 5209 lstam
2303 5166 2455 5207 suam
2497 5152 2794 5220 praesertim
2824 5161 2991 5218 amat,
3019 5153 3172 5223 cujus
3206 5152 3484 5224 negligens

1919 5258 2018 5298 nec.
2047 5245 2102 5298 in
2131 5241 2366 5297 minimis
2387 5240 2826 5309 deprehenditur.
2862 5241 2918 5296 Si
2951 5258 3076 5297 vero
3103 5241 3275 5315 diligit
3302 5243 3485 5298 Domi-

1917 5351 2021 5390 nus
2068 5343 2256 5404 portas
2291 5331 2419 5388 Sion
2462 5347 2626 5401 super
2675 5334 2856 5386 omnia
2911 5333 3254 5389 tabernacula
3293 5332 3481 5399 Jacob,

1917 5427 2056 5492 etin
2103 5425 2323 5496 proprio
2369 5423 2714 5479 tabernaculo
2745 5425 2819 5481 ibi
2877 5425 3105 5490 habitat,
3141 5441 3243 5481 nos
3271 5441 3485 5497 quoque

1913 5515 2038 5570 inde
2067 5515 2292 5586 martyri
2325 5514 2555 5570 similem
2594 5514 2986 5570 transferamus
3015 5529 3141 5581 erga
3178 5515 3336 5570 istum
3364 5516 3484 5581 ejus

1917 5607 2320 5662 tabernaculum
2372 5604 2727 5674 tnajestatem,
2759 5615 2814 5659 et
2853 5621 3032 5661 sermo
3081 5604 3277 5660 rationi
3330 5605 3485 5660 valde

1916 5699 2267 5754 conforutiter
2317 5698 2554 5754 ditescit.
2619 5697 2776 5753 Videt
2842 5697 3018 5750 locum
3070 5695 3122 5749 in
3175 5710 3282 5762 quo
3338 5695 3483 5752 aliud

1919 5806 2081 5860 quam
2114 5791 2484 5859 evangelicum
2522 5799 2849 5858 praeceptum
2893 5790 3164 5858 pr0pouit.

248 5885 306 5935 τὶ
347 5880 579 5960 ξύλογονε
633 5881 769 5950 Ὁρᾷ
796 5882 884 5932 τὶν
909 5878 1093 5946 τόπον,
1132 5880 1186 5933 ἐν
1221 5871 1266 5946 ᾧ
1335 5877 1491 5934 ἀλλον
1545 5882 1741 5949 τρόπον
1799 5881 1830 5946 ἧ
1870 5881 1928 5934 τὸ
1961 5882 2311 5950 εὐαγγελικδν
2348 5879 2635 5950 ὑποτίθησι
2670 5879 3053 5948 παράγγελμα.
