3908 6586
425 495 528 561 ιιι

1137 497 1416 558 EUS’I‘A’I
1437 495 1557 554 Illl
1593 494 1878 554 TIIESS.\
1891 489 2342 551 LUNICENSIS
2375 489 2933 550 METROPOLI'L‘E

3567 494 3676 558 212

496 615 585 671 49.
625 610 1086 668 Inimiscricordes
1125 613 1180 667 in
1209 613 1452 668 custodia
1493 597 1642 666 illmn
1677 623 2002 665 asscrvave—

2186 605 2296 677 μο’.
2331 607 2393 659 Οί
2423 606 2666 676 ἀνηλεεῖς
2699 609 2757 659 ἐν
2787 606 2999 676 φυλακῇ
3046 607 3205 660 αὑτὸν
3257 608 3635 678 ἐπισκέψαιντο
3667 631 3676 641 ·

430 714 576 771 runt,
609 719 708 759 nec
759 718 952 775 panem
997 704 1260 759 esurienti
1313 704 1599 765 dederunt,
1640 701 1694 756 in
1743 700 1839 755 Dei
1875 714 2003 753 vero

426 812 620 868 panem
654 797 829 865 ipsum
869 796 1012 866 ligna
1043 804 1344 858 mutarunt,
1384 796 1524 851 sicut
1548 806 1704 846 antea
1753 805 2007 846 sermone

422 890 691 953 vidimus;
723 903 825 944 nec
860 889 1066 944 sitienti
1116 900 1301 958 potum
1357 887 1580 951 dedere,
1622 885 1733 940 imo
1789 898 2003 938 onmem

425 981 642 1036 vitalem
668 980 812 1037 illius
834 981 1216 1034 destruxerunt
1269 979 1572 1033 humorem.
1596 977 1657 1031 Et
1685 974 2005 1031 venerabilis

423 1073 610 1126 evadit
664 1073 777 1126 haec
831 1068 1080 1134 cernens,
1119 1071 1318 1140 quibus
1372 1069 1598 1123 illustris
1657 1068 1737 1121 iit.
1779 1067 2006 1136 Pr0pter

424 1178 664 1217 amorem
701 1163 893 1216 tolerat
925 1161 1406 1216 incarcerationem
1434 1174 1526 1228 per
1558 1175 1718 1229 quam
1747 1159 1888 1212 sicut
1920 1156 2006 1210 lu-

429 1271 591 1309 cerna
608 1255 708 1308 sub
729 1253 1492 1322 modiupositus,aliquantum
1528 1251 1824 1305 absconsus
1866 1247 2002 1314 fuit,

424 1348 616 1403 deinde
634 1347 879 1415 apparuit
897 1346 1190 1414 orbemque
1208 1353 1379 1398 totum
1402 1345 1747 1397 illuminavit.
1769 1341 2008 1396 Eii‘ttndit

419 1439 570 1496 illum
595 1439 868 1505 balneum,
887 1436 1176 1491 ablutionis
1229 1451 1322 1504 pcr
1342 1436 1655 1504 sanguinem
1679 1434 2003 1504 syuibolum,

421 1531 704 1587 eﬂuudunt
735 1541 788 1584 et
817 1530 1150 1592 mansiones,
1177 1527 1450 1582 crelestem
1490 1526 1794 1580 indicantes
1825 1538 2005 1579 came-

420 1638 538 1677 ram
584 1621 651 1676 ad
704 1636 868 1690 quam
928 1635 1022 1689 per
1073 1619 1391 1688 martyrium
1440 1618 1708 1684 pervenit.
1753 1614 1824 1668 lbi
1877 1630 2005 1668 tero

424 1724 680 1782 tanquam
715 1726 873 1764 uvam
912 1711 1150 1778 seipsum
1202 1723 1342 1762 vera:
1372 1706 1666 1762 Salvatoris
1707 1707 1876 1760 nostri
1913 1707 2004 1759 Dei

423 1804 550 1858 vitis
598 1801 979 1863 considerans,
1011 1809 1064 1854 et
1095 1799 1206 1869 jam
1244 1808 1534 1861 maturam,
1561 1797 1668 1868 iam
1707 1796 2004 1850 vindemias

421 1897 531 1963 iam
564 1893 720 1964 quasi
745 1894 798 1949 in
835 1892 1093 1946 torculari
1135 1891 1372 1945 aestimat
1397 1889 1636 1944 carceris
1669 1888 2000 1954 clausuram,

2108 701 2200 753 καὶ
2231 699 2399 769 ἄρτον
2435 699 2535 769 μὲν
2571 699 2822 752 πεινῶντι
2849 700 2949 752 οὐκ
2982 699 3209 762 ἔδωκαν,
3266 701 3344 763 εἰς
3406 701 3572 772 ἄρτον
3621 704 3675 754 δὲ

2105 793 2239 846 Θεοῦ
2259 791 2421 848 αὐτὸν
2453 790 2588 855 ξύλα
2620 791 2900 856 ἐνέϐαλον,
2926 789 3000 853 ὡς
3039 791 3132 843 καὶ
3165 793 3355 843 ἀνόπιν
3405 792 3484 860 τῷ
3531 793 3682 862 λόγῳ

2105 882 2531 950 τεθεωρήκαμεν
2553 897 2567 911 ο
2602 881 2695 932 καὶ
2719 879 2838 932 οὐδὲ
2860 879 3094 950 διψῶντα
3125 881 3402 943 ὲπότισαν,
3449 881 3680 934 ἅπασαν

2104 975 2161 1029 δδ
2206 977 2304 1046 τὴν
2337 975 2575 1044 ζωτικὴν
2627 975 2916 1044 ἀπήγαγον
2978 973 3166 1028 τούτου
3215 975 3510 1046 ὑγρότητα.
3569 977 3683 1030 Καὶ

2110 1059 2454 1135 σεμνύνεται,
2493 1064 2665 1118 ταῦτα
2691 1065 2924 1136 βλέπων,
2963 1065 3049 1134 ἐφ’
3078 1061 3160 1129 οἷς
3184 1065 3544 1136 ὲλλάμπεται.
3572 1067 3678 1119 Qe-

2110 1173 2195 1227 ρει
2248 1155 2316 1208 δι’
2344 1157 2566 1226 ἀγάπης
2603 1159 2697 1209 καὶ
2727 1156 2826 1226 τὴν
2863 1155 3160 1227 κάθειρξιν,
3210 1156 3333 1209 καθ’
3389 1157 3455 1228 ἢν
3515 1157 3681 1210 ὁποῖα

2099 1246 2299 1324 ’λύχνος
2322 1247 2428 1301 ὑπὸ
2460 1247 2640 1317 μόδιον
2676 1247 2874 1314 τεθεὶς,
2923 1247 3021 1318 τὴν
3053 1248 3276 1319 είρκτὴν
3330 1249 3525 1318 μικρὸν
3580 1251 3681 1319 μὲν

2107 1336 2482 1409 ἐκρύϐη,εἷτα
2524 1338 2779 1410 ἐξεφάνη,
2823 1340 2917 1394 καὶ
2971 1341 3070 1410 τὴν
3109 1341 3433 1410 οἰκουμένην
3492 1345 3682 1410 περιέ-

2107 1430 2554 1502 λαμψε,Διαχέει
2597 1431 2760 1485 αὑτὸν
2816 1434 2908 1485 καὶ
2963 1434 3024 1486 τὸ
3079 1415 3371 1500 καθεῖρξαν
3426 1433 3681 1504 λουτρὸν.

2107 1519 2196 1577 οἷα
2232 1525 2501 1592 σύμϐολον
2530 1524 2623 1577 τοῦ
2657 1523 2724 1577 δι’
2751 1524 2984 1594 αἵματος
3023 1525 3314 1594 λούματος,
3371 1529 3463 1578 καὶ
3495 1529 3553 1579 αἱ
3583 1544 3685 1580 κα·

2109 1615 2308 1686 μάραι,
2331 1617 2406 1679 ὡς
2432 1617 2824 1686 ὑπογράψασαι
2849 1617 2950 1687 τὴν
2980 1617 3239 1687 οὐρανίαν
3275 1618 3566 1686 ἀψίδωσιν,
3596 1619 3680 1680 είς

2105 1705 2172 1776 ἢν
2208 1707 2296 1759 διά
2324 1705 2418 1758 τοῦ
2452 1708 2754 1778 μαρτυρίου
2803 1708 3104 1780 ἀνέδραμεν
3135 1726 3150 1742 ο
3205 1711 3438 1764 ινταῦθα
3492 1711 3551 1764 δὲ
3604 1711 3681 1774 ὡς

2105 1797 2187 1857 είς
2221 1795 2417 1865 βότρυν
2452 1798 2642 1849 ἑαυτὸν
2669 1799 2766 1864 τῆς
2800 1797 3060 1869 ἀληθινῆς
3092 1800 3337 1870 ἀμπέλου
3366 1801 3460 1854 τοῦ
3494 1801 3683 1866 Σωτῆ-

2109 1903 2204 1957 ρος
2231 1888 2390 1958 ἡμῶν
2427 1886 2563 1940 Θεοῦ
2601 1887 2843 1958 θεωρῶν,
2879 1891 2974 1943 καὶ
3009 1891 3176 1944 αὐτὸν
3227 1889 3326 1961 ἤδη
3388 1891 3678 1960 πέπειρον,

425 1995 476 2042 ιι
505 1963 720 2053 ειίίιιεο
753 1984 1005 2038 liuentem
1037 1980 1357 2051 sanguinem
1394 1989 1628 2034 mustum
1661 1994 1688 2032 a
1723 1979 2002 2050 tyrannice

2109 1977 2224 2029 τότε
2256 1979 2338 2039 είς
2367 1978 2645 2048 τρυγητὴν
2677 1980 2753 2041 ὡς
2786 1982 2864 2043 είς
2895 1981 3055 2049 ληνὸν
3098 1982 3293 2050 ἀνάγει
3331 1985 3392 2036 τὸ
3415 1983 3682 2051 στεγανὸν

423 2075 757 2131 irruentibus
789 2075 1068 2140 haustum,
1099 2074 1242 2141 quod
1265 2081 1321 2126 et
1345 2085 1516 2139 usque
1546 2071 1719 2124 adhuc
1737 2069 2001 2125 scaturrire

424 2185 530 2225 non
563 2176 764 2234 cessat,
792 2166 957 2222 corda
991 2164 1290 2229 hominum,
1327 2172 1385 2217 ut
1414 2179 1536 2216 cum
1572 2162 1771 2216 Datide
1809 2161 2000 2229 loqua-

425 2275 568 2324 mur,
597 2258 903 2323 lzelilicans,
932 2267 986 2311 et
1023 2258 1088 2311 ad
1128 2254 1416 2310 fruendum
1453 2255 1710 2308 iuvitans.
1739 2252 2000 2306 Interfec-

427 2363 570 2404 tores
597 2357 819 2402 accusat
841 2347 1063 2415 sanguis
1086 2345 1194 2409 ille,
1225 2343 1411 2399 ﬁdeles
1445 2358 1572 2397 vero
1603 2341 1853 2396 deiectat.
1882 2341 1999 2395 Non

423 2442 568 2497 enim
597 2438 709 2495 sola
739 2439 1019 2509 sanguinis
1048 2435 1181 2490 Abel
1224 2451 1320 2489 vox
1351 2436 1416 2490 de
1445 2444 1585 2489 terra
1616 2433 1908 2487 clamorem
1933 2435 2001 2488 ad

425 2533 764 2589 Altissimum
801 2531 974 2594 effert,
1007 2531 1100 2584 sed
1139 2537 1195 2584 et
1233 2528 1488 2599 martyris
1522 2526 1743 2594 sanguis
1777 2540 2002 2581 accusa-

429 2624 563 2677 trice
594 2636 728 2677 voce
759 2621 1018 2674 adversus
1052 2627 1340 2689 tyrannum
1376 2619 1669 2685 clamabat,
1695 2633 1837 2671 nunc
1872 2632 2001 2670 vero

427 2711 785 2782 provocatrici
816 2725 946 2765 voce
979 2709 1180 2764 clamat
1209 2709 1275 2762 ad
1311 2707 1482 2763 lldells
1513 2709 1692 2777 pepuli
1725 2721 1998 2777 smporetn

428 2815 486 2860 et
517 2803 917 2858 venerationem
973 2812 1030 2857 et
1067 2801 1472 2872 possessionem
1507 2810 1693 2872 utpote
1724 2801 1920 2858 utentis
1949 2811 2002 2857 et

431 2896 676 2968 corporis
699 2894 927 2950 salutem
956 2893 1368 2964 producentem.

501 3167 592 3224 50.
624 3165 747 3222 llaec
772 3176 827 3222 et
853 3165 1055 3237 reliqua
1082 3167 1430 3234 venerabilia,
1449 3182 1679 3238 quorum
1706 3166 1749 3222 si
1779 3167 1902 3237 quis
1923 3166 2006 3222 in-

2101 2063 2200 2136 τῆς
2233 2065 2589 2136 καθείρξεως,
2617 2068 2676 2121 τὸ
2729 2069 2786 2122 δὶ
2823 2068 2882 2133 ἐξ
2939 2069 3104 2124 αὐτοῦ
3139 2065 3278 2141 αἷμα
3324 2073 3408 2135 είς
3446 2071 3680 2142 γλεῦκος

2101 2161 2215 2220 τοῖς
2263 2159 2611 2228 τυραννικῶς
2665 2161 3088 2214 ὲπεισπεσοῦσιν
3136 2163 3448 2227 ὲκπιεσθὲν,
3511 2165 3540 2218 ὃ
3584 2167 3684 2220 καὶ

2101 2250 2270 2304 εἰσέτι
2324 2251 2539 2322 βλύζειν
2607 2252 2708 2306 οῦκ
2759 2252 2982 2325 ἀνίησι,
3057 2255 3282 2324 καρδίας
3332 2256 3680 2326 ἀνθρώπων,

2101 2343 2406 2406 Δαυῖτικῶς
2457 2344 2656 2407 εἰπεῖν,
2708 2345 3021 2414 εὐφραῖνον,
3083 2348 3179 2400 καὶ
3235 2348 3318 2410 είς
3374 2347 3684 2405 ἀπόλαυσιν

2103 2435 2566 2506 προκαλούμενον.
2645 2429 2798 2505 Αἷμα
2843 2435 3001 2488 τοῦτο
3049 2438 3357 2508 κατήγορον
3409 2427 3510 2509 μέν
3563 2441 3683 2496 τῶν

2102 2528 2396 2596 φονευτῶν,
2441 2527 2625 2596 ἱλαρὸν
2654 2528 2710 2581 δὲ
2763 2530 2875 2591 τοῖς
2917 2531 3147 2592 πιστοῖς.
3210 2530 3284 2582 Oti
3344 2531 3452 2602 γάρ
3515 2534 3684 2602 μόνον

2102 2618 2254 2689 φωνὴ
2295 2618 2390 2671 τοῦ
2451 2619 2614 2672 ’Λϐελ
2647 2619 2880 2688 αἵματος
2931 2621 3102 2690 γῆθεν
3155 2621 3305 2691 ἠφίει
3350 2621 3480 2691 βοὴν
3538 2626 3685 2693 πρδς

2100 2712 2192 2764 τὸν
2219 2709 2482 2780 ’Υψιστον
2505 2726 2521 2744 ⁸
2555 2711 2692 2764 ἀλλά
2725 2712 2818 2764 καὶ
2839 2707 2978 2781 αἷμα
3007 2711 3164 2765 τοῦτο
3192 2714 3528 2784 μαρτυρικδν
3554 2716 3685 2768 τότε

2103 2801 2205 2868 μὲν
2240 2801 2372 2854 ἐϐόα
2400 2801 2538 2854 κατὰ
2578 2800 2674 2854 τοῦ
2726 2801 2989 2872 τυράννου
3045 2802 3404 2874 ὲγκλητικῶς,
3461 2804 3559 2857 νῦν
3626 2806 3686 2858 δὲ

2101 2891 2236 2945 ἀλλά
2269 2891 2645 2963 προκλητικῶς
2663 2893 2755 2945 τοῦ
2795 2893 2986 2946 πιστοῦ
3024 2893 3152 2947 λαοῦ
3192 2897 3286 2948 καὶ
3334 2896 3412 2959 είς
3463 2896 3684 2966 ἔκπλη-

2104 2979 2208 3044 ξιν,
2249 2981 2346 3032 καὶ
2383 2982 2462 3045 εἰς
2502 2981 2901 3052 προσκύνησιν,
2941 2981 3036 3036 καὶ
3057 2984 3137 3044 εἰς
3165 2985 3223 3036 τὸ
3256 2983 3553 3040 ἀπολαύειν
3623 2986 3684 3040 δὲ

2101 3067 2238 3139 πρὸς
2271 3071 2547 3140 σωτηρίαν
2572 3069 2751 3141 ψυχῆς
2783 3088 2842 3124 τε
2878 3075 2965 3126 καὶ
3005 3072 3283 3142 σώματος.

2174 3158 2238 3218 ν’.
2264 3162 2448 3216 Ταῦτα
2475 3161 2540 3234 δὴ
2581 3163 2678 3216 καὶ
2701 3163 2772 3216 τά
2810 3163 2973 3216 λοιπὰ
3006 3165 3202 3235 σεμνά,
3237 3160 3313 3220 ὧν
3337 3165 3394 3219 sf
3419 3183 3505 3229 τις
3556 3167 3684 3220 ὲθὲο

429 3257 604 3314 dicem
650 3259 788 3314 inire
812 3258 992 3324 vellet,
1025 3259 1192 3314 libros
1241 3275 1568 3330 componere
1617 3261 2000 3331 cogeretur,in

2109 3249 2184 3305 λοι
2214 3252 2486 3305 ποιείσθαι
2518 3252 2836 3322 κατάλογον,
2863 3253 3230 3322 ἀναγκάζοιτο
3261 3255 3326 3308 ἂν
3359 3254 3686 3326 βιϐλιογρα-

429 3354 619 3422 patria:
663 3362 1022 3424 protectorem
1073 3363 1358 3424 martyrem
1407 3354 1718 3408 constituun
1759 3368 1775 3421 ;
1836 3369 1998 3423 quam

431 3444 664 3498 minime
717 3443 969 3511 reliquit,
1045 3457 1144 3496 nec
1198 3444 1264 3497 de
1335 3442 1570 3496 minimis
1623 3443 1867 3511 corporis
1919 3455 2004 3495 re-

431 3537 632 3605 liquiis.
661 3534 770 3590 l'loe
797 3535 948 3589 nobis
985 3535 1360 3590 revelaverunt
1395 3534 1712 3604 mysterium
1740 3535 1832 3602 qui
1863 3548 2005 3586 mar-

431 3628 566 3697 tyris
593 3625 843 3695 capulum
875 3623 1130 3678 [oderunt
1166 3626 1231 3677 ad
1260 3623 1516 3691 reliquias
1551 3623 1702 3676 intus
1735 3622 2005 3691 recipien-

431 3719 552 3782 das,
575 3725 688 3778 aut,
721 3715 788 3768 ad
807 3715 1102 3781 pretiosum
1127 3713 1436 3766 thesaurum
1465 3711 1878 3775 inveniendum;
1909 3710 2004 3779 qui

433 3822 562 3864 vero
602 3804 974 3860 verecundioi-i
1021 3805 1212 3856 timore
1257 3801 1488 3869 repressi
1531 3811 1678 3864 sunt,
1726 3802 2004 3856 audientes

434 3897 579 3969 quod
607 3910 712 3949 non
766 3895 928 3948 nimis
987 3901 1201 3961 oportet
1254 3907 1465 3958 sapere,
1495 3901 1549 3945 et
1574 3892 1653 3945 sic
1705 3902 2003 3956 cessantes,

435 3994 588 4047 illum
623 3988 711 4042 Dei
743 4002 1003 4042 arcanum
1037 4001 1139 4040 nec
1183 3983 1487 4039 violabiletn
1532 3998 1651 4038 esse
1695 3983 2004 4038 thesaurum

436 4081 762 4137 didicerunt.
806 4079 935 4130 inde
959 4077 1137 4146 placet
1169 4074 1298 4129 mihi
1333 4075 1734 4145 magnanimum
1770 4084 1824 4129 et
1850 4091 2010 4131 vene-

439 4173 648 4228 ratione
666 4173 890 4240 dignum
919 4171 1200 4225 celebrare
1234 4178 1545 4238 martyrem.
1567 4167 1700 4222 Nam
1723 4168 2006 4237 pulchrum

439 4264 656 4333 quidem
709 4263 778 4317 de
804 4278 964 4315 manu
1016 4263 1084 4315 ad
1133 4275 1347 4314 manum
1392 4260 1577 4314 multis
1624 4261 1914 4313 transmitti
1956 4270 2010 4314 et

441 4353 791 4422 reliquiarum
825 4351 1087 4406 divisione
1109 4351 1235 4404 locis
1258 4349 1502 4417 pluribus
1524 4348 1715 4403 adesse
1737 4361 1791 4404 et
1829 4350 2010 4405 multis

440 4444 494 4499 in
527 4444 661 4499 locis
715 4441 1097 4496 disseminatus
1129 4449 1183 4494 et
1220 4438 1558 4492 abundanter
1591 4438 1790 4492 eliusos
1820 4439 2010 4494 salutis

443 4537 655 4588 fruetus
702 4531 1020 4602 producere,
1051 4545 1148 4583 nec
1197 4527 1491 4597 angustiari
1524 4543 1576 4580 III
1626 4541 1733 4581 uno
1779 4527 2010 4581 circurn-

2105 3345 2247 3411 φεῖν,
2299 3346 2378 3405 εἰς
2423 3345 2730 3413 ἐπισκοπὴν
2787 3346 2885 3414 τῆς
2938 3345 3196 3416 πατρίδος
3249 3347 3540 3416 ἐφέλκεται
3585 3350 3684 3401 τὸν

2107 3437 2362 3508 μάρτυρα
2391 3453 2406 3466 ·
2439 3437 2533 3489 καὶ
2559 3438 2658 3490 οῦκ
2699 3439 2763 3490 ἀν
2798 3437 2908 3506 ἔχοι
2930 3439 3099 3508 αὐτὴν
3131 3439 3206 3508 μὴ
3234 3439 3316 3492 ὄτι
3337 3457 3397 3508 γε
3438 3444 3585 3495 κατὰ
3621 3443 3684 3494 τὸ

2102 3529 2225 3580 ὅλον
2261 3529 2570 3599 προλιπεῖν,
2609 3528 2726 3583 ἀλλ’
2753 3530 2874 3583 οὐδὲ
2921 3530 3248 3601 βραχυτάτῳ
3285 3531 3528 3603 λειψάνῳ
3580 3532 3682 3587 τοῦ

2107 3620 2380 3689 σώματος.
2416 3623 2526 3675 Καὶ
2557 3622 2708 3674 τοῦθ’
2737 3623 2870 3692 ἡμῖν
2901 3622 3263 3692 ἀπεκάλυψαν
3284 3624 3346 3676 τὸ
3369 3627 3682 3695 μυστήρ.ον

2105 3713 2153 3766 oi
2183 3713 2572 3782 ἀνορύττοντες
2597 3715 2696 3784 μὲν
2716 3715 2816 3784 τὴν
2843 3716 2997 3784 ἱερὰν
3039 3716 3389 3786 μαρτυρικὴν
3422 3717 3679 3787 λάρνακα

2106 3804 2202 3856 ἰπὶ
2223 3805 2482 3875 ἀναλήψει
2502 3806 2757 3874 λειψάνου
2797 3807 2966 3870 τινὸς,
2993 3807 3188 3861 ταύτὸν
3230 3808 3288 3862 δὲ
3318 3810 3518 3875 εἰπεῖν,
3580 3794 3684 3862 ἐπὶ

2111 3896 2328 3964 εὑρέσει
2362 3897 2731 3968 πολυτιμήτου
2766 3897 3067 3969 θησαυροῦ,
3093 3901 3424 3964 κωλυθέντες
3461 3902 3518 3955 δὲ
3546 3921 3683 3973 φρι-

2109 3986 2468 4056 κωδεστέροις
2496 3988 2739 4056 δείμασι,
2763 3991 2858 4042 καὶ
2880 3990 3213 4054 ἀκούσαντες
3247 3991 3320 4061 μὴ
3354 3992 3685 4061 σοφίζεσθαι

2108 4077 2362 4145 περιττά,
2396 4077 2491 4129 καὶ
2516 4077 2658 4130 οὕτω
2678 4080 3045 4147 παυσάμενοι,
3092 4082 3185 4133 καὶ
3216 4082 3503 4150 μαθόντες,
3536 4083 3684 4142 εἶναι

2107 4167 2296 4221 τοῦτον
2349 4169 2618 4238 θησαυρὸν
2650 4168 2786 4222 Θεοῦ
2825 4171 3021 4224 ἄσυλον
3056 4173 3152 4224 καὶ
3177 4172 3515 4243 ἀπόκρυφον.
3555 4177 3688 4230 Ἐν·-

2111 4257 2180 4311 θα
2209 4259 2306 4312 καὶ
2342 4259 2635 4329 ἐπέρχεταί
2667 4277 2762 4329 μοι
2794 4261 2855 4314 τὸ
2877 4260 2972 4314 τοῦ
3011 4263 3284 4332 μάρτυρος
3316 4266 3688 4335 ,μεγαλοπρε-

2110 4350 2210 4412 πὲς
2233 4351 2328 4402 καὶ
2356 4349 2645 4420 φιλότιμον
2689 4350 3132 4418 συλλογίσασθαι.
3199 4352 3379 4406 Καλὸν
3415 4355 3518 4422 μὲν
3543 4356 3684 4424 γάρο

2111 4440 2366 4507 γενέσθαι
2397 4441 2560 4496 αὑτὸν
2599 4441 2817 4506 πολλοῖς
2839 4443 3167 4511 διαδόσιμον,
3198 4443 3292 4496 καὶ
3348 4446 3688 4514 μερισθῆναι

2110 4534 2177 4602 τῇ
2214 4531 2319 4584 τῶν
2346 4532 2611 4601 λειψάνων
2637 4537 2917 4605 κατατομῇ
2936 4535 3124 4596 τόποις
3155 4534 3383 4599 πλείοσι,
3416 4537 3510 4588 καὶ
3539 4554 3688 4590 σπα-

440 4627 734 4694 scriptum;
802 4623 891 4692 qui
958 4635 1085 4674 vero
1153 4619 1334 4673 divino
1395 4605 1667 4687 unguento
1731 4633 2006 4672 cortsecra.

2124 4624 2282 4690 ρέντα
2315 4622 2585 4693 πολλαχοῦ
2651 4625 3072 4694 καρποφορῆσαι
3105 4626 3342 4696 πολύχοκ
3371 4627 3440 4680 τά
3498 4631 3689 4698 σωτή-

445 4727 531 4773 tus
560 4725 643 4771 est
681 4716 880 4783 ubique
918 4711 1348 4774 d‘istribuendn's,
1368 4723 1422 4763 et
1458 4712 1764 4763 mandatum
1800 4712 2011 4779 accepit

447 4820 506 4864 ut
530 4815 795 4878 quotquot
831 4805 1132 4872 reciperent
1154 4803 1326 4871 ipsum
1352 4805 1608 4865 salvaret,
1626 4804 1679 4854 in
1708 4803 2013 4871 integritate

452 4913 670 4954 manere
703 4898 911 4962 maluit,
947 4905 1117 4950 totum
1154 4897 1525 4963 intactumque
1582 4896 1836 4948 centinua
1871 4896 2010 4950 inte-

445 4989 642 5060 gritate
675 5001 895 5041 manere
925 4986 980 5038 itt
1011 4983 1190 5038 medio
1229 4985 1474 5040 omnium
1517 4987 1659 5052 apud
1706 4999 1843 5052 quos
1874 5000 2013 5036 mar-

449 5079 647 5149 tyrium
677 5076 904 5146 perfecit
929 5073 1307 5142 profuturum;
1333 5087 1431 5127 nec
1453 5073 1624 5127 solum
1654 5073 1744 5143 qui
1777 5075 1828 5132 in
1855 5073 2014 5128 nullis

426 5170 702 5223 deficeret
731 5165 1070 5236 propriorum
1103 5179 1221 5235 qua:
1259 5163 1500 5234 martyrii
1533 5163 1769 5233 sigillum
1805 5163 2012 5217 stabili-

451 5259 548 5323 vit,
601 5257 699 5311 sed
771 5263 825 5309 ct
875 5253 1363 5322 superabundaret.
1421 5253 1564 5307 Nihil
1614 5269 1742 5322 ergo
1800 5254 2014 5307 athleta:

449 5344 692 5406 corporis
745 5356 872 5396 eum
937 5340 1172 5404 defecit,
1221 5351 1274 5394 et
1340 5343 1561 5411 sanguis
1637 5343 1690 5394 in
1749 5353 2010 5395 aetcrnmu

455 5433 790 5503 permansit,
834 5442 888 5487 et
947 5442 1277 5500 unguentum
1339 5433 1557 5500 insuper
1613 5433 1850 5484 additum
1908 5443 2011 5497 est,

455 5539 617 5578 usura
674 5538 863 5578 eorum
929 5539 1050 5592 qua:
1106 5524 1216 5577 Deo
1276 5524 1561 5577 i‘tnueravit
1624 5532 1834 5594 martyr
1907 5525 2011 5578 rite

459 5618 742 5670 retributa.
777 5615 834 5670 Si
883 5629 1064 5669 autent
1115 5614 1448 5669 athletarum
1481 5617 1662 5668 decem
1706 5615 1867 5667 millia
1924 5617 2015 5684 qui

455 5707 568 5761 sive
595 5706 806 5762 Domini
836 5708 1038 5778 praelia,
1070 5708 1184 5762 sive
1213 5707 1468 5759 exercitia
1499 5705 1583 5772 pia
1618 5706 2013 5774 sustinuerunt,

454 5816 548 5852 sua
577 5801 939 5871 permiserunt
963 5797 1302 5853 membratim
1328 5811 1356 5848 a
1385 5807 1695 5850 reverenter
1722 5799 2017 5852 resccanti-

457 5893 555 5947 butl
593 5891 757 5948 dividi
797 5903 850 5948 et
897 5893 948 5948 in
990 5891 1221 5947 salutem
1270 5887 1583 5942 multimode
1639 5888 2014 5951 thesaurizari,

2121 4729 2231 4783 ρια,
2263 4714 2359 4765 καὶ
2385 4713 2461 4784 μὴ
2504 4716 2972 4786 ἐστενοχωρῆσθαι
3019 4720 3541 4788 περιγεγραμμένον
3600 4722 3691 4783 εἰς

2112 4803 2170 4856 ἓν
2207 4819 2219 4832 ·
2245 4805 2273 4854 ὀ
2304 4804 2348 4855 δ’
2375 4803 2510 4857 ἀλλά
2537 4804 2614 4874 τῷ
2651 4805 2778 4875 θείῳ
2810 4807 2970 4878 μύρῳ
2992 4807 3323 4878 ἀναθέμενος
3360 4811 3450 4862 τὸν
3481 4829 3690 4866 1ttha.-

2117 4889 2210 4958 χοῦ
2243 4893 2531 4960 μερισμὸν,
2566 4894 2661 4946 καὶ
2698 4895 2892 4957 σώζειν
2935 4897 3061 4960 τοὺς
3107 4886 3537 4968 ὑποδεχομένους
3592 4903 3691 4955 tv-

2113 4980 2449 5050 τειλάμενος,
2480 4983 2640 5046 αὐτὸς
2686 4986 2744 5036 ὲν
2807 4986 3158 5056 ἀκεραιότητι
3231 4990 3414 5057 μένειν
3484 4991 3691 5058 εἵλετο,

2114 5073 2210 5124 καὶ
2241 5073 2509 5140 ὁλομελῶς
2535 5073 2678 5143 ἔχειν
2704 5076 2804 5144 τῆς
2832 5077 3087 5146 συνεχοῦς
3143 5079 3410 5148 διαρτίας,
3463 5082 3561 5132 καὶ
3591 5084 3697 5150 μέ-

2119 5178 2227 5215 νειν
2261 5163 2490 5227 ἐντελῶς
2521 5166 2613 5217 ἐπὶ
2635 5167 2824 5229 πᾶσιν,
2853 5160 2934 5228 οἷς
2961 5185 3060 5234 την
3094 5170 3396 5239 μαρτυρίαν
3427 5171 3631 5240 ἡνυσεν
3673 5188 3691 5202 ·

2117 5249 2203 5301 ἵνα
2237 5251 2312 5319 μὴ
2350 5254 2510 5321 μόνον
2537 5253 2765 5322 μηδενὸς
2787 5256 2894 5307 τῶν
2921 5257 3139 5308 οἰκείων
3161 5256 3420 5323 λείποιτο,
3472 5258 3620 5328 ἅπερ

2114 5340 2214 5408 τῆς
2251 5343 2554 5410 μαρτυρίας
2585 5346 2821 5413 σφραγὶς
2845 5345 3196 5412 ἐϐεϐαίωσεν,
3229 5347 3364 5400 ἀλλά
3391 5350 3488 5402 καὶ
3511 5367 3695 5421 προσ-

2115 5434 2466 5503 επιμετροῖτό
2500 5451 2550 5485 τι
2604 5436 2667 5488 ἐκ
2727 5436 3012 5506 περισσοῦ.
3047 5445 3189 5492 υῠτε
3239 5438 3370 5507 γοῦν
3420 5459 3542 5493 τινα
3587 5443 3696 5495 τοῦ

2119 5524 2414 5592 ἀθλητικοῦ
2457 5525 2795 5578 ἐλλέλειπται
2823 5525 3097 5596 σώματος,
3131 5531 3224 5582 καὶ
3253 5530 3314 5583 τὸ
3345 5526 3489 5601 αἷμα
3515 5535 3703 5601 παρέ-

2122 5633 2304 5686 μεινεν
2327 5622 2406 5678 εἰς
2437 5617 2684 5682 ἀένναον,
2709 5619 2804 5670 καὶ
2830 5619 2890 5669 τὸ
2917 5619 3090 5688 μύρον
3116 5620 3171 5672 δὲ
3212 5625 3306 5675 καὶ
3347 5624 3479 5676 αὐτὸ
3520 5642 3701 5694 προσ-

2118 5707 2498 5777 επιϐἐϐληται,
2531 5708 2689 5768 τόκος
2719 5704 2873 5770 οὗτος
2903 5713 3351 5780 προσαποδοθεὶς,
3378 5709 3452 5767 ὧν
3485 5717 3512 5768 ό
3547 5718 3703 5788 μάρ-

2119 5816 2213 5860 τυς
2243 5799 2322 5869 τῷ
2353 5800 2471 5869 Θεῷ
2501 5799 2826 5855 δεδάνεικεν.
2865 5802 2928 5855 El
2963 5803 3018 5854 δὲ
3042 5805 3243 5872 ,μυρίοι
3280 5806 3458 5875 ἕτεροι
3489 5809 3600 5860 τῶν
3632 5826 3701 5861 τε

2122 5890 2455 5960 ἠθληκότων,
2499 5892 2609 5946 τῶν
2653 5909 2711 5946 τε
2747 5893 3068 5964 ἠσκηκότων
3111 5897 3400 5966 ἠνέσχοντο
3445 5898 3704 5962 μελεῖοτὶ
