3908 6560
222 433 339 498 213

1366 432 1757 492 LAUDATIO
1798 434 1854 495 S.
1892 433 2301 494 DEMETltll.

3344 434 3453 501 2⁸4

228 544 379 615 παρά
404 542 505 596 τῶν
532 542 775 607 εὐσεϐῶς
817 541 1265 611 κατατεμνόντων
1294 541 1666 613 μεριζόμενοι,
1696 545 1787 596 καὶ

1891 543 2279 613 ρθιιὶευιίειιιιθ
2331 543 2566 597 minimis
2620 545 2685 598 ad
2746 546 3176 602 benedictionem
3233 549 3296 602 iis
3356 555 3447 619 qui

230 638 317 697 εις
354 634 617 703 σωτηρίαν
676 634 932 702 πολυειδῆ
983 633 1459 704 θησαυριζόμενοι,
1511 635 1605 686 καὶ
1648 635 1791 687 κατά

227 730 399 797 μόρια
421 727 474 779 δὲ
515 725 833 795 βραχύτατα
864 726 942 787 είς
960 726 1214 787 εὐλογίαν
1248 727 1359 787 τοῖς
1387 725 1792 795 καρπουμένοις

222 816 699 885 κερματιζόμενα,
745 816 963 885 θέλησις
1003 816 1226 868 ἐκείνων
1265 817 1366 886 μὲν
1411 806 1549 886 αὕτη
1576 832 1591 846 ·
1616 815 1710 868 τοῦ
1734 815 1790 868 δὲ

220 909 485 979 ἡμετέρου
509 908 812 977 μάρτυρος,
844 908 920 978 μὴ
967 909 1315 977 συντριϐῆναι
1344 926 1395 961 τι
1424 909 1531 960 τῶν
1558 906 1723 961 αὑτοῦ
1758 906 1790 976 ἢ

220 1000 650 1066 διασπασθῆναι,
684 999 819 1051 ἀλλά
852 999 1156 1067 φυλάσσειν
1196 1001 1285 1051 τὸν
1317 1002 1381 1053 ὲκ
1418 1000 1631 1068 φύσεως
1666 999 1788 1052 σύν-

214 1093 436 1158 δεσμον.
470 1092 577 1143 Καὶ
618 1087 685 1161 ἦν
719 1095 828 1161 ἀρα
881 1092 1227 1162 σεμνότερον,
1276 1091 1681 1159 διαπέμπεσθαι
1721 1090 1789 1143 τὰ

219 1180 362 1231 καλὰ
403 1180 503 1231 ὑπὸ
555 1181 772 1239 τούτου,
822 1179 893 1241 ὼς
934 1180 1023 1231 διά
1077 1196 1239 1231 τινων
1300 1178 1634 1241 ἀποστόλων,
1691 1175 1788 1229 τοῦ

218 1271 399 1339 μύρου
452 1287 509 1322 τε
550 1272 644 1322 καὶ
694 1269 791 1322 τοῦ
837 1270 1091 1338 αἵματος,
1142 1270 1286 1339 ἤπερ
1345 1270 1506 1321 αὑτὸν
1545 1269 1789 1337 παρόντα

218 1362 432 1429 σώματι
460 1360 670 1413 διδόναι
709 1361 777 1411 τά
815 1359 1142 1430 ζητούμενα.
1172 1361 1344 1412 Τοῦτο
1393 1361 1490 1430 μὲν
1528 1360 1636 1429 γάρ
1670 1361 1789 1428 όμι-

215 1450 603 1520 λητικώτερον,
652 1451 715 1503 τὸ
768 1450 824 1503 δὲ
877 1452 1120 1503 στέλλειν
1158 1452 1250 1505 καὶ
1289 1451 1364 1506 ,τὺ
1416 1450 1787 1520 ἀξιωματικὸν

217 1544 405 1594 πλεῖον
436 1542 568 1610 ἔχει,
608 1544 704 1595 καὶ
743 1542 879 1611 πρὸς
914 1544 1391 1615 μεγαλοπρέπειαν
1418 1543 1748 1596 ἀπονένευκε
1768 1557 1783 1573 °

216 1634 314 1684 atat
349 1632 409 1684 τὸ
432 1632 524 1684 τοῦ
567 1631 736 1685 πόθου
769 1632 824 1683 δὲ
852 1631 961 1700 πῦρ
993 1633 1087 1684 ἐπὶ
1120 1633 1281 1684 πλέον
1305 1632 1516 1684 ἐκκαίει
1544 1632 1658 1693 τοῖς
1698 1648 1785 1699 φι-

1888 632 2125 687 fructum
2163 635 2282 686 inde
2317 648 2718 702 consequentur
2771 636 3043 700 distribui,
3084 637 3183 689 ista
3234 639 3450 705 quidem

1886 740 2074 779 eorum
2096 726 2374 791 voluntas;
2401 727 2655 795 martyris
2685 741 2811 780 vero
2846 727 3013 780 nostri
3042 742 3137 782 nec
3163 731 3453 798 quidquam

1886 815 2200 880 comminui,
2243 831 2338 872 nec
2388 818 2726 872 membratim
2777 819 2965 883 dividi,
3015 823 3108 875 sed
3150 822 3454 875 naturalem

1886 922 2103 962 servare
2154 922 2494 978 compagem.
2527 908 2590 962 Et
2638 908 2921 964 honestius
2965 925 3098 965 sane
3150 919 3267 965 erat
3316 911 3454 965 bona

1888 1000 1951 1052 de
1980 1002 2094 1067 ipso
2116 1009 2171 1053 ut
2196 998 2263 1053 de
2283 1000 2542 1070 apostolis
2567 1001 2841 1055 nonnullis
2860 1003 3009 1056 exire
3027 1011 3137 1056 tum
3164 1016 3455 1074 unguento,

1892 1100 2002 1145 tum
2027 1092 2477 1161 sanguine,quam
2510 1093 2683 1161 ipsum
2706 1105 3023 1162 praesentem
3045 1097 3257 1165 corpori
3280 1098 3459 1154 dedis-

1890 1196 1950 1235 se
1971 1183 2211 1248 quarsita.
2240 1180 2373 1235 Nam
2400 1183 2501 1235 hoc
2530 1183 2743 1251 quidem
2770 1183 3085 1253 jucundius,
3118 1201 3452 1256 unguentum

1892 1285 2018 1324 vero
2065 1271 2488 1340 sanguinemque
2540 1274 2786 1330 emittere
2835 1275 3093 1345 majorem
3140 1278 3455 1342 dignitatem

1891 1360 2076 1423 habet,
2125 1372 2289 1429 atque
2351 1361 2695 1432 magnificum
2737 1373 2841 1430 est,
2894 1375 2947 1421 et
3003 1368 3253 1422 desiderii
3316 1371 3457 1440 ignis

1891 1452 2063 1519 magis
2082 1450 2337 1523 martyris
2370 1452 2921 1524 amlcosinﬂammat;
2962 1458 3161 1527 quippe
3193 1461 3285 1528 qui
3307 1479 3455 1514 mar-

1890 1540 2027 1611 tyris
2055 1541 2460 1596 tabernaculum
2490 1543 2713 1615 diligere
2745 1545 2926 1603 volunt
2952 1561 3009 1604 et
3045 1550 3163 1620 ejus
3196 1553 3331 1607 atria
3375 1556 3457 1607 iu-

1892 1632 2081 1688 troire.

212 1722 569 1792 λομάρτυσιν,
586 1722 660 1784 ὡς
689 1724 783 1775 καὶ
807 1721 983 1775 θέλειν
1004 1724 1222 1794 ἀγαπᾷν
1242 1722 1437 1784 αὐτοὺς
1462 1721 1523 1773 τὸ
1553 1721 1887 1791 μαρτυρικδν
1912 1722 2069 1776 τοῦτο
2092 1725 2376 1795 σκήνωμα,
2402 1725 2495 1779 καὶ
2517 1726 2794 1781 ὲπιποθεῖν
2816 1730 2896 1792 εἰς
2927 1730 3025 1795 τὰς
3046 1734 3234 1786 τούτου
3267 1736 3455 1801 αὐλάς.

286 1826 396 1873 να’.
426 1821 541 1872 Καὶ
583 1819 693 1871 ἰδοὺ
728 1820 820 1870 καὶ
856 1817 1013 1871 τοῦτο
1054 1819 1486 1888 συλλαμϐάνεται
1526 1819 1656 1889 ἡμῖν
1693 1817 1786 1870 τοῦ

1963 1819 2052 1874 5t.
2096 1818 2162 1873 Et
2185 1835 2312 1876 ecce
2340 1836 2367 1875 a
2398 1822 2549 1877 nobis
2590 1824 2892 1892 concipitur
2936 1841 3114 1883 seru.o
3158 1829 3247 1884 ille
3293 1846 3453 1900 quem

214 1912 397 1978 λόγου,
434 1912 495 1963 ὃν
545 1913 603 1963 ἐν
654 1913 901 1980 καταρχῇ
948 1910 1311 1981 ὲθεωροῦμεν,
1352 1910 1691 1977 ἐπιλέγοντες
1721 1907 1787 1976 τῇ

219 2004 533 2072 μαρτυρικῇ
572 2002 718 2072 ψυχῇ
766 2002 826 2054 τὸ
866 2001 1174 2071 φιλότιμον,
1206 2000 1265 2065 ἐξ
1305 1996 1366 2055 οὗ
1411 1984 1507 2053 καὶ
1535 2001 1569 2069 ἡ
1619 1996 1789 2068 μυρο-

216 2094 435 2163 χεύμων
478 2095 639 2163 χάρις
676 2092 1004 2160 πεπόθηται,
1044 2095 1138 2145 καὶ
1165 2092 1465 2163 ζητηθεῖσα
1492 2090 1627 2162 πρὸς
1654 2088 1789 2143 Θεοῦ

213 2186 444 2249 δέδοται,
479 2186 633 2255 καὶὴ
693 2185 791 2252 τῆς
831 2183 1045 2251 φύσεως
1085 2182 1307 2253 ἁρμογὴ
1350 2182 1649 2251 πεφίληται
1697 2179 1790 2233 καὶ

217 2275 670 2345 πεφιλοτίμηται,
717 2267 761 2341 ᾧ
788 2273 853 2344 δὴ
904 2273 1362 2343 συναναφαίνεται
1410 2273 1506 2326 καὶ
1540 2271 1601 2324 τὸ
1639 2268 1794 2340 φιλό-

219 2383 409 2437 πατρι,
459 2369 555 2420 καὶ
592 2367 653 2418 τὸ
703 2365 778 2435 μὴ
811 2364 984 2418 θέλειν
1024 2365 1116 2417 τὸν
1169 2365 1444 2433 μάρτυρα,
1482 2361 1671 2430 ὥσπερ
1715 2358 1790 2429 μὴ

221 2461 361 2509 κατὰ
397 2461 461 2509 τὸ
494 2460 623 2521 πᾶν,
655 2457 828 2519 οὕτως
862 2455 982 2509 οὐδὲ
1024 2455 1166 2509 κατά
1194 2471 1247 2506 τι
1286 2455 1394 2506 τῶν
1427 2450 1606 2523 μερῶν
1640 2449 1794 2518 γενέ·

219 2549 346 2600 σθαι
394 2549 782 2617 λειπόπατριν,
823 2547 939 2601 ἀλλ’
990 2547 1083 2598 ἐπὶ
1134 2545 1315 2616 χ’ἔρας
1371 2544 1550 2614 μένειν
1597 2542 1790 2607 διόλου,

216 2641 478 2710 καθάπερ
527 2642 623 2695 καὶ
676 2641 770 2693 tut
817 2643 1118 2710 σχήματος,
1159 2644 1254 2693 καὶ
1309 2637 1594 2706 συντηρεῖν
1637 2633 1699 2686 τὸ
1734 2636 1791 2686 ὲν

214 2730 391 2784 amat
427 2731 656 2785 τέλειον.

288 2822 393 2891 νβ’.
428 2824 505 2874 οὗ
542 2824 652 2891 μὴν
694 2821 808 2875 ἀλλ’
842 2821 893 2873 εί
922 2822 1013 2873 καὶ
1044 2818 1188 2873 οὕτω
1222 2820 1321 2888 τὴν
1366 2818 1599 2889 πατρίδα
1636 2835 1792 2889 περι-

216 2912 486 2973 ποιεῖται,
520 2909 614 2962 καὶ⁵
645 2908 793 2961 εστιν
819 2908 940 2970 ὅλος
962 2908 1153 2975 αὐτῆς,
1180 2907 1315 2960 ἀλλά
1342 2908 1662 2975 φυλακτέον,
1685 2907 1791 2978 μή·

220 3015 354 3049 ποτε
387 2998 485 3048 καὶ
508 2998 643 3067 πρὸς
664 2997 1037 3066 ἀγανάκτησιν
1059 2997 1221 3065 ἡμεῖς
1246 2996 1409 3051 αὑτὸν
1434 2995 1789 3067 ὲρεθίσωμιν,

1889 1907 1959 1962 ab
1990 1909 2145 1963 initio
2173 1910 2658 1979 consideravimus,
2684 1929 2714 1968 e
2748 1916 3001 1986 martyris
3031 1918 3206 1971 anima
3241 1920 3453 1976 deside-

1892 2000 2029 2053 rium
2054 2000 2154 2053 hoc
2181 1999 2493 2071 seligentes,
2519 2017 2626 2072 quo
2658 2006 2914 2074 unguenti
2942 2006 3093 2061 effusi
3118 2010 3289 2078 gratia
3310 2026 3457 2079 qua:-

1889 2090 1989 2143 sita
2044 2099 2100 2145 et
2153 2106 2183 2146 a
2232 2091 2340 2147 Deo
2399 2094 2594 2148 donata
2644 2105 2753 2162 est,
2808 2104 2861 2150 et
2918 2107 3126 2154 naturae
3177 2102 3460 2172 integritas

1889 2178 2082 2233 dilecta
2110 2190 2214 2236 est.
2241 2179 2376 2236 Hinc
2403 2183 2629 2254 refulget
2654 2185 2843 2255 patriae
2881 2202 3036 2243 amor
3063 2198 3116 2243 et
3150 2191 3202 2245 in
3223 2207 3459 2265 martyre

1890 2266 2159 2334 voluntas,
2208 2280 2266 2325 ut
2295 2286 2397 2324 non
2426 2272 2493 2326 de
2526 2283 2635 2328 toto
2662 2276 2739 2329 sic
2773 2291 2871 2330 nec
2928 2279 2993 2333 de
3014 2281 3249 2350 partium
3277 2284 3454 2354 aliqua

1893 2361 2083 2427 patriae
2114 2362 2445 2417 desertorem
2478 2364 2616 2430 fieri,
2646 2366 2741 2421 sed
2778 2369 2831 2421 in
2864 2370 3083 2439 regione
3110 2372 3310 2444 jugitcr
3342 2393 3457 2431 ma-

1890 2462 2021 2503 nere
2071 2458 2129 2505 ut
2187 2454 2546 2521 extrinsecus,
2578 2456 2655 2511 sic
2687 2457 2739 2513 in
2788 2460 3043 2518 omnibus
3094 2463 3457 2537 integritatem

1892 2554 2135 2598 servare.

1962 2803 2052 2858 52.
2108 2810 2381 2875 Attamen,
2433 2809 2478 2864 sl
2526 2809 2604 2865 sic
2625 2812 2852 2879 patriam
2873 2825 3051 2872 servat
3072 2833 3171 2888 pro
3191 2837 3294 2892 qua
3315 2833 3460 2883 totus

1891 2906 1994 2961 est,
2016 2898 2313 2952 cavendum
2334 2912 2401 2954 ne
2417 2901 2483 2954 ad
2511 2900 2927 2972 indignationem
2950 2922 3070 2962 eum
3086 2924 3458 2983 provocemus,

1892 3002 1923 3042 a
1952 2990 2282 3058 benignitate
2311 2992 2668 3060 retrahamus,
2692 3011 2721 3050 a
2742 2999 3029 3067 pugnando
3054 3015 3151 3070 pro
3176 3005 3333 3061 nobis
3356 3009 3455 3063 ab-

220 3091 297 3160 μὴ
321 3090 426 3159 τῆς
459 3091 767 3160 πραότητος
811 3091 1176 3161 παράγωμεν,
1208 3090 1283 3161 μὴ
1318 3089 1413 3143 τοῦ
1455 3090 1788 3161 ὑπερμαχεῖν

1894 3080 2178 3136 ducamus.
2220 3080 2316 3137 Est
2356 3085 2659 3151 miseratio,
2698 3095 2783 3142 est
2821 3096 2875 3144 et
2933 3088 3010 3144 ira
3054 3106 3266 3164 magna,
3303 3109 3463 3166 prout

218 3182 653 3251 παραλύσωμεν.
688 3181 943 3234 Ἔνεστιν
974 3177 1174 3246 οἶκτος,
1214 3197 1235 3231 ι
1268 3180 1382 3233 εστι
1410 3180 1466 3233 δὲ
1496 3186 1590 3234 καὶ
1619 3181 1788 3250 θυμὸς

1891 3168 2019 3224 alibi
2059 3170 2260 3225 dictum
2301 3181 2401 3228 est.
2434 3172 2749 3247 Exemplum
2779 3188 2863 3235 est
2898 3180 3024 3237 belli
3070 3183 3227 3240 istius
3258 3202 3320 3243 os
3354 3188 3463 3247 late

219 3274 425 3342 μέγας,
473 3271 539 3323 »δ
559 3272 623 3341 δή
654 3288 738 3334 τις
766 3269 918 3324 εἶπεν
940 3271 1185 3341 ἑτέρωθι.
1219 3272 1328 3325 Καὶ
1355 3271 1552 3340 δεῖγμα
1580 3271 1673 3324 τοῦ
1703 3271 1791 3323 λό-

215 3381 315 3432 γου
350 3363 595 3431 πολέμου
653 3362 861 3415 ἐκείνου
916 3363 1094 3433 στόμα
1142 3363 1315 3416 πλατὺ
1375 3362 1676 3432 ὲπεγχανδν
1723 3363 1788 3431 τῇ

218 3457 381 3509 πόλει
409 3454 584 3526 ταύτῃ
609 3454 765 3515 ποτὲ,
794 3454 888 3506 καὶ
918 3457 996 3517 είς
1022 3455 1199 3525 μάτην
1224 3454 1532 3525 ἑξανοιχθέν
1558 3470 1570 3483 ·
1600 3454 1695 3507 καὶ
1721 3452 1789 3506 αὒ

218 3548 389 3601 πάλιν
426 3548 613 3615 ἔτερος
662 3546 899 3616 πόλεμος
952 3548 1124 3617 ἄρδην
1182 3547 1469 3617 ἑκθερίσας
1519 3545 1790 3615 γλαφυρὸν

214 3639 364 3692 οὕτω
398 3641 497 3693 καὶ
526 3638 662 3707 βαθὺ
694 3638 791 3705 τῆς
819 3638 1024 3700 πόλεως
1061 3638 1233 3709 λήϊον,
1268 3640 1342 3699 ὡς
1371 3638 1505 3708 μηδὲ
1530 3638 1790 3708 βραχεῖαν

216 3731 627 3800 ἀσταχυλογίαν
653 3729 1141 3799 ὶγκαταλελεῖφθαι
1167 3730 1326 3800 αὐτῇ.
1362 3731 1570 3783 Ἐκεῖνο
1587 3724 1789 3792 οἶκτος,

215 3822 382 3875 τοῦτο
439 3822 777 3893 μαρτυρικοῦ
832 3823 1130 3891 προσώπου
1177 3819 1533 3890 ἀποστροφή⁹
1572 3837 1792 3889 συμμα-

219 3914 347 3981 χίας
385 3915 583 3977 ἐκεῖνο,
618 3912 778 3965 τοῦτο
828 3912 1285 3981 ἐγκαταλείψεως.
1326 3908 1473 3981 ’Δρα
1516 3912 1572 3965 δὲ
1614 3913 1791 3981 μάτην

216 4004 292 4072 τῷ
326 4002 607 4073 eor»:th
642 4003 676 4072 ἢ
709 4005 863 4056 τοῦτο
901 4004 935 4074 ἢ
972 4005 1147 4055 ἐκεῖνο
1177 4005 1637 4072 καταπέπρακτο;
1674 4005 1789 4055 Ha.-

219 4096 510 4165 ραφρονῶν
556 4095 623 4149 ἀν
675 4110 763 4156 τις
793 4095 924 4147 αὐτὸ
974 4095 1067 4148 καὶ
1112 4094 1402 4162 λογίσαιτο.
1443 4094 1789 4164 Θεράποντας

221 4188 317 4255 μὲν
352 4188 465 4257 γάρ
490 4185 625 4239 Θεοῦ
656 4203 714 4239 τε
744 4186 834 4240 καὶ
876 4186 1070 4239 ἑαυτοῦ
1095 4186 1425 4256 ἐξευρίσκων
1455 4187 1601 4258 ἡμᾶς
1633 4187 1790 4255 κήδε-

215 4294 304 4329 ται
328 4292 346 4306 ’
383 4278 482 4329 καὶ
520 4276 769 4329 καθάπου
799 4279 894 4329 καὶ
925 4278 1111 4346 μήτηρ
1142 4277 1590 4347 ἀμφιπονουμένη
1623 4276 1789 4344 ποθη-

213 4368 302 4419 τὸν
333 4367 682 4438 βρεφύλλιον,
714 4368 810 4430 τὰς
840 4368 1075 4429 ἀναιδεῖς
1108 4367 1270 4436 μυίας
1304 4368 1581 4432 ἀποσοϐεῖ,
1619 4372 1693 4430 ὼς
1721 4368 1786 4421 ἂν

215 4457 422 4522 γλυκὺς
458 4456 626 4518 ὕπνος
656 4456 788 4509 αὐτὸ
817 4459 1157 4527 ἀμφιχέοιτο,
1187 4456 1359 4519 οὕτως
1386 4457 1545 4520 αὐτὸς
1588 4457 1785 4526 ἀπείρ-

216 4558 299 4607 γει
318 4544 502 4595 πάντα
527 4541 580 4593 δε
590 4544 697 4607 ινά,
722 4543 817 4595 καὶ
830 4544 961 4595 αὐτὰ
983 4542 1049 4595 τά
1067 4543 1424 4612 σμικρότατα,
1446 4543 1520 4606 ὼς
1541 4544 1605 4597 ἂν
1618 4545 1787 4614 ἡδέως

217 4632 375 4685 αὐτοὶ
392 4633 766 4702 καθεύδωμεν.
788 4635 896 4685 Καὶ
912 4634 1090 4687 πάντα
1112 4636 1340 4705 πορίζει,
1358 4639 1496 4687 τάτε
1515 4634 1574 4701 ἐξ
1606 4639 1787 4705 ἀέρος,

217 4725 284 4775 τά
296 4741 356 4775 τε
373 4726 437 4776 ἐκ
458 4724 585 4791 γῆς,
603 4724 672 4775 τά
688 4741 745 4775 τε
771 4725 834 4775 ἑκ
857 4723 1125 4792 θαλάττης
1153 4728 1313 4779 καλά’
1337 4729 1701 4796 περιποιεῖται
1731 4726 1787 4777 δὲ

220 4815 310 4865 aut
340 4816 563 4883 σώμασι
598 4814 693 4866 καὶ
735 4814 933 4883 ψυχαῖς
970 4817 1030 4866 τὸ
1072 4814 1245 4879 ὑγιές.
1299 4815 1536 4886 Ἑτέρως
1574 4815 1629 4869 δὲ
1664 4815 1786 4885 βλέ-

221 4923 335 4955 πων
361 4906 755 4968 ἐκπίπτοντας,
796 4906 829 4974 ἢ
868 4906 1243 4974 παραρῤιπτεῖ
1278 4906 1412 4975 πρὸς
1457 4907 1716 4967 κάκωσιν,
1745 4905 1779 4974 ἦ

218 4994 351 5055 ἀλλ’,
383 4992 762 5061 ἱπερχομόνης
810 4993 1003 5062 αὐτῆς,
1058 4996 1157 5047 οὐκ
1197 4995 1415 5065 ἀμύνει,
1445 4995 1561 5048 ἀλλ’
1600 4998 1786 5048 ἐπινυ-

219 5085 436 5148 στάξειν
477 5085 660 5136 δοκεῖ·
696 5084 791 5136 καὶ
835 5084 910 5146 ὡς
950 5086 1053 5137 ὑπὸ
1095 5087 1300 5156 κουλεῷ
1345 5086 1441 5157 τὴν
1474 5088 1782 5157 ἁμυντικὴν

219 5177 475 5243 κρύπτων
500 5175 735 5245 σπάθην,
768 5176 864 5227 ὅσα
890 5193 947 5229 τε
974 5176 1284 5247 ῥᾳδιουργεῖ
1309 5178 1567 5247 πόλεμος,
1593 5179 1784 5247 ἀφίησι

222 5264 497 5330 γίνεσθαι,
524 5266 619 5317 καὶ
648 5265 717 5317 τά
742 5264 801 5329 ὲξ
832 5265 991 5333 ἀέρος
1016 5268 1148 5336 ἡμῖν
1174 5266 1525 5335 ἐπαιγίζοντα
1557 5268 1784 5335 δείματα

219 5358 472 5428 περιορᾷ,
525 5360 623 5411 καὶ
681 5361 953 5428 συγχωρεῖ
987 5360 1447 5427 καταράσσεσθαι.
1508 5362 1616 5413 Καὶ
1663 5360 1786 5412 οὔτε

216 5448 309 5516 τὴν
340 5448 447 5517 γῆν
490 5448 725 5515 εὑλογεῖ,
762 5449 834 5510 ὡς
878 5449 1079 5501 διδόναι
1112 5451 1176 5503 τὸ
1217 5451 1414 5520 ἑαυτῆς
1452 5452 1662 5519 ἀγαθά³
1694 5452 1789 5506 καὶ

214 5542 310 5608 τὴν
344 5541 623 5592 θάλασσαν
655 5540 687 5609 ἢ
720 5539 1055 5607 ἐξαγριαίνει
1107 5542 1537 5611 τραχυνομένην,
1570 5542 1644 5604 ὡς
1696 5546 1790 5597 καὶ

1892 3259 2164 3328 quondam
2200 3262 2387 3317 urbem
2416 3264 2504 3318 isti
2540 3264 2755 3327 inhians
2781 3276 2834 3323 et
2866 3269 2918 3324 in
2952 3285 3146 3327 vanum
3180 3284 3457 3346 apertum;

1891 3360 1945 3407 et
1980 3351 2170 3407 iterum
2220 3354 2417 3410 bellum
2468 3356 2696 3412 alterum
2753 3360 2968 3428 penitus
3015 3374 3224 3420 vastum
3274 3367 3355 3422 sic
3407 3379 3463 3426 et

1889 3442 2171 3511 pulchrum
2201 3454 2408 3500 metens
2443 3446 2592 3503 urbis
2623 3462 2832 3518 agrum,
2859 3460 2920 3506 ut
2951 3467 3051 3509 nec
3082 3454 3367 3513 minimum
3400 3460 3453 3516 ei

1889 3542 2196 3587 remaneret
2226 3534 2583 3607 spicilegium.
2619 3537 2751 3594 Illud
2792 3540 3091 3610 miseratio,
3120 3544 3223 3601 hoc
3256 3558 3462 3621 marty-

1891 3624 1967 3678 ris
1986 3626 2196 3682 aversio
2236 3626 2427 3695 faciei;
2456 3629 2587 3684 illud
2607 3628 2735 3686 belli
2754 3634 3011 3693 societas.
3054 3636 3158 3693 hoc
3202 3639 3460 3699 desertio.

1888 3712 2028 3769 Num
2072 3717 2379 3774 inconsulto
2432 3736 2461 3774 a
2509 3720 2713 3777 victore
2759 3735 2995 3797 martyre
3038 3727 3155 3785 sive
3196 3731 3301 3788 hoc
3349 3734 3463 3793 sive

1888 3806 2021 3861 illud
2074 3807 2276 3862 factum
2327 3810 2443 3865 eSt?
2485 3810 2754 3881 lnsipiens
2807 3814 2936 3871 illud
2991 3819 3331 3889 opinaretur.
3352 3824 3465 3883 Nos

1891 3899 2107 3967 quidem
2136 3900 2243 3953 Deo
2270 3900 2481 3970 sibique
2507 3917 2691 3958 servos
2713 3919 2834 3960 esse
2859 3917 3031 3972 curat,
3051 3921 3103 3966 et
3124 3912 3264 3968 sicut
3290 3927 3465 3972 mater

1891 3988 2303 4044 dilectissimum
2324 3991 2645 4047 infantulum
2665 3995 2897 4052 sollicite
2919 4006 3182 4068 tractans,
3204 4005 3463 4063 molestas

1892 4096 2106 4135 must-as
2135 4081 2327 4152 abigit,
2354 4096 2411 4138 ut
2437 4100 2558 4138 eum
2593 4085 2763 4141 dulcis
2793 4090 3074 4161 consOpiat
3105 4108 3351 4164 sonmns,
3382 4100 3464 4155 sic

1886 4172 1978 4226 ille
2006 4173 2185 4228 omnia
2216 4176 2427 4229 funesta
2449 4175 2530 4231 vel
2550 4176 2766 4230 minima
2789 4191 3005 4236 amovet
3028 4193 3083 4236 ut
3104 4183 3340 4253 jucunde
3372 4203 3462 4245 re-

1887 4267 2056 4336 quiesi
2074 4282 2245 4321 amns.
2262 4265 2450 4321 Omnia
2472 4268 2713 4337 largitur,
2735 4280 2844 4326 tum
2862 4287 2923 4326 ex
2946 4287 3092 4340 aere,
3118 4284 3227 4331 tum
3244 4293 3272 4333 e
3290 4288 3460 4349 terra,

1887 4370 2001 4413 tum
2031 4373 2061 4413 e
2093 4360 2224 4413 mari
2257 4359 2426 4424 bona;
2459 4362 2615 4415 nobis
2642 4372 2819 4417 autem
2845 4374 2900 4418 et
2921 4367 3160 4436 corporis
3185 4380 3236 4423 et
3266 4371 3462 4427 anime

1884 4452 2178 4521 sanitatem
2229 4457 2507 4516 (speratur.
2542 4452 2716 4507 Aliter
2759 4468 2888 4507 vero
2920 4456 3212 4525 degeneres
3246 4459 3459 4525 videns,

1897 4544 1977 4595 vel
2000 4541 2053 4595 in
2083 4541 2217 4594 mala
2245 4541 2477 4611 projiclt,
2495 4542 2575 4595 vel
2600 4544 2738 4596 malo
2763 4547 3177 4611 superveniente
3199 4550 3458 4605 auxilium

1896 4647 1999 4685 non
2032 4630 2158 4694 fert,
2186 4631 2279 4685 sed
2320 4631 2554 4685 dormire
2608 4632 2823 4686 videtur
2877 4644 2929 4688 et
2973 4638 3123 4704 quasi
3166 4638 3217 4691 in
3268 4640 3458 4708 vagina

1896 4724 2162 4777 vindicem
2206 4724 2504 4777 recondens
2548 4723 2807 4793 gladium.
2834 4726 3051 4793 quando
3089 4728 3217 4783 furit
3259 4731 3458 4786 bellum

1896 4815 2089 4868 saevire
2141 4816 2271 4869 sinit
2324 4828 2512 4869 aereos
2575 4815 2786 4885 jugitcr
2853 4818 3113 4883 timores,
3195 4836 3332 4891 quos
3405 4824 3458 4877 in

1890 4918 1990 4957 nos
2051 4904 2257 4957 irruere
2304 4905 2587 4971 permittit.
2642 4902 2827 4973 Neque
2868 4914 3023 4960 terra:
3073 4909 3340 4964 benedicit
3405 4921 3465 4966 ιιι

1890 4991 2030 5045 bona
2066 5006 2164 5044 sua
2216 4992 2399 5057 donet,
2450 5004 2502 5045 et
2555 5008 2701 5047 mare
2750 5004 2843 5047 aut
2898 4998 3248 5063 procellosum
3284 5002 3468 5057 inhor-

1892 5097 2102 5137 rescere
2157 5084 2313 5151 jubet
2368 5093 2427 5137 ut
2474 5085 2703 5154 fgurgite
2762 5095 2916 5140 vasto
2986 5091 3305 5157 navigantes
3365 5096 3463 5148 ah-

1892 5176 2110 5227 sorbt-at
2130 5214 2145 5239 ,
2206 5185 2297 5227 aut
2339 5175 2467 5228 facit
2495 5178 2698 5229 invium
2731 5178 2884 5232 nobis
2909 5179 3055 5234 reddi
3081 5190 3132 5237 et
3160 5182 3465 5238 infructuo-

1890 5278 2009 5318 sum
2040 5272 2114 5327 et,
2139 5264 2320 5319 dicere
2348 5267 2544 5330 ausim,
2568 5267 2773 5320 sterile.
2802 5268 2860 5322 Si
2884 5285 3009 5324 vero
3028 5281 3079 5325 et
3106 5273 3288 5341 piratae
3316 5290 3466 5329 mare

1870 5350 2309 5412 ‘transfretantes
2335 5367 2514 5411 nostra
2541 5362 3339 5427 prmdanturmemoafﬁrmabit
3360 5385 3464 5424 non

1899 5456 2151 5525 martyris
2201 5472 2228 5508 a
2273 5458 2427 5510 nobis
2478 5460 2649 5511 aversi
2700 5474 2837 5526 Opus
2883 5476 3029 5516 esse.
3083 5464 3186 5517 Aut
3241 5462 3466 5523 Elisaus

1896 5545 2082 5600 brevis
2117 5548 2367 5601 tnmroris
2403 5550 2647 5604 vindices
2680 5550 3109 5621 expcrgel'dcit...

218 5635 505 5702 κατασπᾷν
537 5636 661 5693 τοὺς
693 5633 753 5699 ἐξ
787 5634 939 5703 ἡμῶν
971 5632 1264 5703 πλωτῆρας
1304 5632 1439 5702 βαθὺ
1471 5635 1782 5704 χαίνουσαν,
1824 5638 1856 5708 ἢ
1906 5638 2044 5691 ἀλλὰ
2112 5642 2256 5691 ποιεῖ
2310 5641 2484 5704 ἄλλως
2534 5642 2836 5699 ἀπλοῦσοαι
2900 5649 2979 5710 είς
3033 5651 3259 5721 ἀκερδὲς
3287 5657 3459 5727 ἡμῖν,

215 5724 305 5774 καὶ
332 5725 407 5787 ὡς
434 5727 611 5789 εἰπεῖν
662 5725 980 5794 ἀτρύγετον.
1021 5726 1081 5777 El
1112 5726 1166 5777 δὲ
1202 5728 1296 5779 καὶ
1342 5731 1602 5797 πειραταὶ
1644 5728 1848 5799 ταύτην
1887 5730 2145 5799 ἀροῦντες
2183 5734 2541 5801 καρπίζονται
2602 5738 2669 5788 τά
2722 5738 2982 5808 ἡμέτερα,
3050 5746 3147 5795 οὐκ
3212 5747 3278 5800 ἂν
3331 5724 3461 5820 *θείη

214 5829 317 5872 τις.
361 5816 440 5884 μὴ
475 5816 758 5869 καὶτοῦτο
788 5817 1139 5888 ἀποστροφῆς
1174 5817 1272 5886 τῆς
1314 5818 1440 5871 καθ’
1470 5819 1626 5890 ἡμῶν
1656 5817 1797 5877 εἶναι
1833 5821 1929 5875 τοῦ
1985 5823 2285 5895 μάρτυροςο
2352 5825 2416 5878 Ἣ
2478 5826 2776 5891 Ἐλισσαῖος
2831 5834 2927 5898 μὲν
2981 5833 3242 5905 βρδλίείαῖ
3322 5816 3468 5907 “Vbi

216 5905 390 5976 λύπης
428 5908 674 5973 ἐκδίκους
714 5910 999 5980 ὲξεγιίρει.
1099 5948 1114 5965 .
1196 5947 1211 5965 .
1298 5950 1311 5965 .
1394 5950 1408 5965 .
1485 5952 1499 5967 .
1576 5958 1596 5972 υ
1669 5958 1689 5975 .
1766 5961 1785 5973 υ
