3864 6606
429 397 540 462 $319

1145 400 1560 463 EUSTATHII
1590 401 1693 459 ΤΗ
1705 397 2343 460 ESSALONICENSIS
2376 398 2938 460 METROPOLlT/E

3564 404 3677 456 Ξῖυ

435 521 772 578 nequaquam
827 507 984 572 tales.
1046 510 1142 565 sed
1187 520 1244 564 ut
1283 508 1470 564 Simon
1527 510 1580 564 in
1623 519 1787 575 caput
1815 507 1990 578 prola-

2117 505 2206 564 ςῐεν
2235 513 2282 564 οί
2332 512 2472 565 κατὰ
2523 511 2675 576 Θεον,
2712 511 2896 566 οὐκέτι
2944 510 3201 577 τοιοῦτοι,
3253 511 3371 565 ἀλλ’
3431 507 3546 564 οἷον
3583 513 3680 564 καὶ

433 600 656 668 buntur,
679 599 819 654 sicut
849 600 1066 656 Lucifer
1109 601 1412 671 praecipites
1434 601 1655 655 cadunt.
1686 599 1833 654 Talis
1865 613 1995 668 ergo

433 703 581 744 scala
610 691 711 745 ista
738 691 983 746 columna
1000 704 1082 748 est
1107 692 1339 747 arduum
1362 693 1485 747 boni
1511 693 1804 763 lastigium,
1823 699 1878 746 et
1898 691 1995 762 qui

433 796 533 850 per
570 782 740 852 ipsam
768 798 981 840 sursum
1010 785 1432 855 progrediuntur
1460 785 1645 840 multis
1689 785 1896 840 nisibus
1926 784 1994 840 ad

433 872 937 944 virtutisfastigium
951 875 1188 940 veniunt,
1207 875 1361 944 quasi
1380 875 1605 943 abrupto
1623 875 1898 929 vitaednra:
1915 875 1999 929 iti-

435 976 565 1016 nere
596 971 650 1016 et
673 961 983 1018 difﬁcilibus
1012 963 1248 1018 aditibus
1275 965 1829 1034 dirempto;deorsum
1859 980 1990 1022 vero

433 1065 495 1100 ex
525 1051 639 1117 ipsa
672 1051 980 1121 iuprteceps
1004 1054 1257 1119 volutati,
1315 1055 1457 1108 inter
1491 1071 1625 1124 quos
1675 1071 1862 1111 eorum
1905 1057 1996 1127 qui

429 1140 698 1194 altissimo
739 1143 848 1197 Deo
902 1144 1177 1198 adhzerent
1227 1144 1407 1200 nullus
1435 1148 1744 1218 tprojicitur
1777 1187 1794 1213 ,
1842 1148 1996 1218 lapsu

429 1233 579 1301 gravi
615 1234 666 1286 in
696 1235 887 1288 tartari
924 1236 1178 1306 abyssum
1210 1244 1396 1290 ruunt.

505 1503 560 1557 ι.
597 1499 754 1558 Mons
784 1516 997 1572 quoque
1028 1503 1276 1558 columna
1309 1504 1437 1570 ista,
1474 1505 1619 1560 unde
1653 1508 1804 1560 venit
1841 1508 1998 1562 anxi-

435 1595 563 1649 lium
596 1610 624 1648 a
652 1595 760 1651 Deo
789 1595 861 1648 illi
903 1597 993 1664 qui
1015 1610 1078 1650 eo
1109 1597 1294 1652 oculos
1323 1597 1502 1665 erigit,
1536 1597 1588 1651 in
1615 1614 1716 1667 qua
1756 1610 1811 1652 ut
1834 1614 1998 1668 super

436 1696 622 1742 monte
655 1687 841 1755 aliquo
869 1703 990 1741 cum
1040 1689 1342 1756 patriarcha
1375 1689 1540 1743 tilium
1571 1689 1814 1744 immolat
1836 1706 1994 1746 suum

435 1793 620 1844 purus,
653 1778 849 1850 quisic
882 1780 1070 1834 suavia
1117 1780 1226 1834 Deo
1283 1780 1474 1835 afferre
1504 1780 1699 1851 dignus
1733 1790 1816 1838 est
1846 1783 2000 1838 habi-

435 1881 545 1926 tua.

501 1964 554 2018 5.
579 1963 921 2032 Conspicitur
938 1972 992 2019 et
1010 1965 1117 2021 isto
1136 1966 1189 2020 in
1207 1973 1388 2019 monte
1405 1965 1599 2031 malus,
1621 1966 1711 2034 qui
1742 1966 1794 2020 in
1819 1967 1998 2020 anima

433 2053 704 2120 plantatus
742 2069 1018 2125 nunquam
1053 2056 1288 2109 hominis
1332 2071 1520 2111 navem
1543 2065 1694 2109 extra
1721 2057 2000 2125 spirituale

441 2145 766 2200 :urriculnm
811 2145 1144 2200 circumferri
1194 2157 1249 2201 et
1303 2145 1496 2215 jaCIari
1554 2147 1714 2209 sinet.
1759 2147 1998 2216 quantliu

433 2247 532 2291 aut
553 2237 872 2302 faventibus,
916 2248 1007 2293 aut
1039 2238 1284 2294 adversis
1341 2239 1513 2294 ventis
1570 2253 1664 2308 per
1692 2239 1815 2294 vitae
1852 2254 2000 2307 mare

435 2329 670 2398 navigat.

507 2505 562 2560 6.
589 2506 848 2564 Tnmulns
876 2509 978 2563 iste
1011 2509 1225 2565 virtutis
1261 2510 1474 2581 signum
1516 2512 1696 2573 habet,
1731 2513 1886 2582 cujus
1923 2527 1999 2580 ex

433 2599 660 2652 adverso
689 2600 777 2667 qui
831 2609 976 2656 stant
1010 2617 1284 2670 nunquam
1315 2618 1343 2655 a
1377 2603 1577 2669 pietate
1616 2603 1996 2669 declinabunt;

436 2688 555 2756 qui,
617 2689 662 2744 si
715 2705 906 2745 errans
953 2706 982 2744 a
1037 2703 1185 2746 recta
1227 2692 1528 2747 secundum
1585 2694 1852 2747 rationem
1913 2696 1998 2747 via

438 2779 809 2847 declinaverit,
861 2791 954 2836 aut
1011 2783 1165 2838 deses
1197 2783 1308 2839 alto
1353 2784 1642 2852 depressus
1667 2784 1856 2850 fuerit,
1892 2802 1998 2840 non

436 2872 544 2927 erit
572 2873 712 2927 sicut
743 2883 954 2928 montes
1001 2885 1052 2928 et
1081 2875 1247 2931 colles
1273 2891 1395 2946 qua:
1423 2877 1720 2931 secundum
1756 2875 2002 2948 Scriptur-

405 2967 408 2969 “
439 2982 554 3021 ram
589 2968 963 3023 humiliantur.

509 3062 564 3114 7.
598 3058 1056 3130 Gazophylacium
1088 3061 1340 3116 columna
1372 3063 1462 3118 illa
1494 3064 1548 3119 in
1605 3068 1858 3134 supernis
1884 3076 1999 3119 tuto

2024 1834 2073 1894 Β

2099 607 2242 661 κατὰ
2270 608 2490 678 Σίμωνα
2531 608 2829 678 κατωκάρα
2873 609 3223 677 στρέφονται,
3259 608 3352 661 καὶ
3395 607 3454 660 τὸ
3489 610 3682 676 χεῖρον

2098 699 2174 763 ὡς
2203 702 2282 763 είς
2310 701 2589 770 ἑωσφόρον
2623 700 3172 771 καταρριπτούμενον
3205 702 3513 754 τάττονται.
3544 699 3680 750 Τοι-

2100 791 2239 862 αύτη
2265 810 2322 846 τε
2360 788 2452 846 οὖν
2481 793 2683 863 κλίμαξ
2710 795 2738 846 ὀ
2775 793 3017 856 τοιοῦτος
3049 811 3069 845 ι
3106 792 3320 855 στύλος,
3355 809 3374 844 ι
3409 792 3506 845 καὶ
3529 792 3682 859 ἄκρα

2099 882 2157 937 δὲ
2189 885 2401 955 κορυφὴ
2436 885 2664 954 ἀγαθοῦ.
2707 886 2817 939 Καὶ
2840 886 2888 939 οἱ
2930 884 3019 938 ἐπ’
3050 884 3223 954 αὐτὴν
3265 883 3474 937 ἀνιέναι
3510 882 3677 953 μελε-

2100 977 2368 1046 τήσαντες
2395 977 2796 1047 ἀναῤῥιχῶνται
2819 977 2898 1040 είς
2925 980 2986 1030 τὸ
3010 978 3108 1046 τῆς
3137 975 3340 1046 ἀρετῆς
3367 975 3561 1042 ἄκρον,
3592 973 3676 1036 ὡς

2097 1068 2186 1122 διὰ
2223 1069 2482 1138 τραχείας
2516 1068 2636 1120 ὀδοῦ
2664 1069 2762 1136 τῆς
2789 1069 2849 1120 ὲν
2883 1067 2986 1138 βίῳ
3034 1067 3280 1138 σκληρῷ,
3313 1067 3410 1120 καὶ
3440 1061 3509 1137 ἦς
3533 1065 3675 1120 πολῦ

2098 1159 2160 1212 τὸ
2185 1157 2446 1222 ἄναντες
2488 1159 2538 1212 oi
2567 1160 2613 1212 δ’
2659 1153 2726 1212 αὖ
2768 1158 3226 1227 κατακυλιόμενοι
3259 1158 3317 1224 ιε
3365 1158 3560 1226 αὐτῆς,
3591 1149 3678 1217 οἷς

2099 1250 2288 1320 μηδεὶς
2329 1249 2706 1320 σνγκαταϐαίη
2743 1249 2855 1303 τῶν
2884 1251 2998 1303 ὅσοι
3031 1249 3109 1320 τῷ
3156 1248 3368 1320 ὑψίστῳ
3396 1248 3516 1317 Θεῷ
3545 1249 3673 1300 ἑπτ-

2099 1344 2423 1411 γράφονται,
2451 1342 2696 1406 εὐπετῶς
2718 1343 2797 1405 είς
2817 1341 3092 1412 ταρτάρου
3117 1339 3306 1411 χάσμα
3329 1338 3676 1392 κατολισθαί-

2099 1450 2304 1488 νουσιν.

2169 1525 2233 1580 δ’.
2273 1545 2292 1578 ι
2329 1526 2492 1597 Ὅρος
2523 1546 2543 1580 ι
2577 1527 2672 1580 καὶ
2700 1526 2728 1578 δ
2763 1543 2782 1578 ι
2817 1525 3003 1588 στύλος
3038 1545 3056 1579 ι
3096 1520 3275 1589 οὗτος,
3321 1526 3446 1580 ὅθεν
3474 1527 3509 1595 ἡ
3550 1523 3674 1577 θεό-

2099 1617 2190 1669 θεν
2218 1617 2343 1687 ἦκει
2374 1617 2593 1686 βοήθεια
2619 1617 2696 1687 τῷ
2730 1618 2911 1670 ἐκεῖσε
2941 1619 3067 1680 τοὺς
3099 1617 3412 1686 ὀφθαλμοὺς
3433 1617 3673 1686 αἴροντι,

2099 1709 2158 1760 ὲν
2181 1701 2226 1774 ᾧ
2263 1707 2356 1760 καὶ
2389 1707 2466 1769 ὡς
2503 1708 2560 1759 ἑν
2587 1709 2667 1760 ἐν).
2695 1707 2802 1759 τῶν
2840 1706 3010 1776 ὀρέων
3040 1703 3288 1768 θυσιάζει
3323 1720 3668 1774 πατριαρχι-

2099 1799 2210 1862 κῶς
2239 1799 2328 1852 τὸν
2355 1800 2412 1850 ἐν
2434 1798 2609 1866 ἐαυτῷ
2647 1800 2812 1852 παῖδα
2839 1799 2869 1850 ὁ
2911 1797 3177 1868 καθαρὸς,
3216 1799 3326 1860 ,καὶ
3353 1796 3667 1867 ἠξιωμένος

2099 1888 2243 1942 οὕτω
2271 1887 2570 1957 καλλιερεῖν
2603 1889 2682 1954 τῷ
2711 1887 2852 1958 Θεῷ.

2169 1985 2229 2032 ε’.
2276 1979 2572 2047 Θεωρεῖται
2617 1977 2710 2032 καί
2751 1997 2836 2042 τις
2867 1998 2885 2032 ι
2917 1978 3064 2043 ἱστὸς
3088 1996 3107 2029 ι
3157 1979 3251 2032 ἐπὶ
3282 1976 3378 2031 τοῦ
3411 1975 3662 2031 τοιούτου

2099 2073 2280 2143 ὅρους,
2309 2072 2366 2135 ὃς
2409 2072 2801 2142 ἐναποληφοείς
2832 2088 2963 2125 ποτε
2994 2073 3074 2134 είς
3113 2070 3311 2141 ψυχὴν,
3341 2070 3445 2124 οὐκ
3475 2068 3546 2123 ἂν
3601 2069 3666 2122 τδ

2099 2162 2221 2216 κατ’
2253 2161 2536 2233 ἄνθρωπον
2567 2165 2772 2231 σκάφος
2805 2162 3072 2232 ὠφελείας
3110 2161 3214 2227 ἔξω
3252 2162 3455 2232 ἀφήσει
3492 2160 3669 2229 φέρε·-

2101 2257 2246 2319 σοαι,
2297 2254 2392 2310 καὶ
2441 2256 2564 2309 ὅποι
2612 2257 2764 2326 τύχοι
2797 2253 3122 2319 πλάζεσθαι,
3177 2253 3268 2305 ὅτε
3315 2252 3408 2305 τὸν
3459 2249 3664 2312 ἑαυτοῦ

2099 2344 2297 2415 τρόπον
2321 2343 2380 2411 ἐξ
2405 2342 2603 2412 ούρίων
2635 2341 2667 2414 ἢ
2703 2343 2795 2396 καὶ
2835 2342 3010 2407 ἄλλως
3037 2341 3136 2414 τὴν
3175 2341 3270 2394 τοῦ
3301 2340 3420 2408 βίον
3460 2338 3672 2395 διαθὲει

2101 2435 2400 2490 Θάλασσαν.

2172 2530 2250 2591 ς’.
2283 2543 2302 2576 ι
2331 2524 2526 2592 Βουνδς
2557 2541 2575 2577 ι
2615 2517 2792 2591 οὗτος,
2845 2524 2945 2589 τὴν
2992 2523 3093 2593 τῆς
3137 2521 3337 2593 ἀρετῆς
3366 2521 3510 2594 ἔχων
3560 2539 3668 2591 cq-

2103 2616 2290 2687 μαῖαν,
2339 2615 2406 2687 ἢν
2435 2615 2534 2668 οὐκ
2585 2614 2698 2669 ἔσθ’
2748 2616 2897 2678 ὅπως
2943 2613 3045 2668 οὐκ
3091 2613 3560 2684 εὐλαϐηθήσονται
3611 2613 3666 2666 oi

2099 2707 2489 2775 ἀντικείμενοι⁶
2544 2706 2626 2771 ὃς,
2677 2707 2726 2759 εἰ
2779 2706 3086 2775 πλαγιάσας
3131 2705 3529 2775 παρεγκλιθείη
3567 2702 3672 2760 τοῦ

2100 2798 2245 2852 κατὰ
2280 2799 2436 2867 λόγον
2465 2798 2670 2868 ὀρθίου,
2721 2797 2755 2868 ἢ
2801 2797 2896 2851 καὶ
2946 2797 3240 2866 συνιζήσας
3283 2796 3672 2862 ὑποκαταϐαίη

2103 2891 2197 2943 τοῦ
2222 2890 2411 2960 ὕψους,
2442 2891 2543 2944 ούκ
2577 2889 2644 2942 ἂν
2669 2889 2917 2960 διαφέροι
2944 2890 3115 2958 ὀρέων
3143 2907 3203 2944 τε
3237 2889 3331 2943 καὶ
3374 2887 3603 2959 βουνῶν.
3637 2886 3678 2942 ἃ

2100 2983 2482 3036 ταπεινοῦνται
2514 2983 2608 3036 καὶ
2638 2980 2780 3036 κατὰ
2807 2983 2904 3048 τὴν
2932 2982 3178 3052 Γραφήν.

2173 3073 2239 3138 ζ’.
2268 3093 2285 3126 ι
2316 3073 2721 3143 Γαζοφυλάκιον
2773 3075 2799 3126 ὁ
2851 3072 3040 3134 στύλος
3079 3092 3098 3124 ι
3149 3062 3328 3136 οὗτος,
3375 3073 3676 3142 ὑπερανῳ-

437 3151 763 3206 aediﬁcatum
789 3161 844 3205 et
868 3151 935 3205 ab
963 3150 1162 3205 intimis
1203 3163 1572 3223 segregatum,
1635 3172 1735 3211 nec
1789 3157 2000 3211 insidiis

2117 3167 2360 3237 ιιισμένον
2390 3164 2646 3232 ἀσφαλῶς
2669 3166 2763 3218 καὶ
2787 3163 3214 3234 ἀνακεχωρηκδς
3234 3163 3342 3216 τῶν
3369 3163 3541 3227 κάτω,
3574 3164 3676 3218 καὶ

433 3251 496 3298 et
542 3243 664 3297 loco
705 3257 1006 3308 accessura,
1035 3244 1088 3297 in
1112 3259 1221 3313 quo
1259 3245 1556 3312 spiritualis
1609 3247 1894 3303 thesaurus
1921 3263 2002 3302 re-

435 3334 706 3399 conditur,
734 3333 926 3396 virtus,
956 3335 1110 3404 cujus
1134 3335 1368 3404 pretium
1399 3337 1581 3391 omnia
1611 3349 1832 3404 superat
1861 3356 1875 3403 ;
1905 3339 1994 3407 qui

437 3424 578 3492 apud
623 3424 785 3478 Deum
825 3437 1198 3488 coacervatur.
1223 3429 1523 3484 secundum
1558 3429 1916 3501 Scripturam,
1951 3440 2006 3486 et

437 3515 491 3570 in
522 3514 666 3568 illius
693 3515 960 3570 thesauris
988 3517 1348 3588 obsigillatur.

509 3606 564 3661 8.
590 3605 783 3660 Nidum
809 3607 1080 3674 videmus,
1116 3607 1166 3662 in
1191 3624 1296 3678 quo
1321 3610 1458 3666 cibis
1477 3620 1767 3680 pascuntur
1794 3619 2007 3679 aposto-

440 3698 560 3752 licis
605 3697 703 3751 viri
753 3699 909 3754 aerii.
959 3698 1190 3768 desuper
1224 3700 1490 3767 volantes,
1539 3710 1592 3755 et
1617 3701 1800 3756 multis
1821 3715 2010 3771 passe-

444 3788 598 3842 ribus
619 3793 779 3842 cantu
805 3785 1036 3842 salutari
1069 3787 1338 3843 meliores.

513 3984 566 4039 9.
595 3984 784 4039 Turris
820 3981 1154 4038 fortitudinis
1184 3981 1285 4036 ista
1325 3994 1507 4034 coram
1554 3979 1774 4035 inimico
1831 3980 2014 4037 fortis-

445 4078 618 4141 simo,
681 4076 770 4145 qui
829 4075 1052 4130 bellicas
1116 4072 1400 4128 machinas
1469 4081 1656 4126 contra
1726 4074 1859 4130 tales
1913 4077 2009 4129 ad-

443 4171 595 4224 ducit
645 4167 710 4222 ad
745 4167 974 4221 ruinam.
1015 4165 1099 4220 Sit
1135 4166 1249 4218 haec
1286 4163 1448 4216 turris
1478 4178 1540 4217 ex
1574 4162 1815 4218 veritatis
1841 4180 2012 4234 angu-

444 4261 650 4316 laribus
676 4259 972 4329 composita
1013 4265 1068 4310 et
1104 4257 1156 4309 in
1198 4255 1451 4308 virtu-tem
1504 4253 1746 4310 stabilita
1782 4256 1873 4310 iiat
1903 4257 2013 4313 ele-

2104 3259 2208 3314 οὐκ
2241 3256 2708 3319 εύεπιὸούλευτον,
2733 3255 2861 3308 ἔνθα
2891 3257 2919 3308 ὁ
2946 3256 3088 3308 κατὰ
3131 3255 3356 3324 πνεῦμα
3395 3256 3678 3326 θησαυρὸς

2106 3354 2537 3420 ταμειουχεῖται,
2571 3351 2604 3420 ἡ
2633 3347 2825 3419 ἁρετὴ,
2855 3342 2924 3420 ἧς
2965 3348 3064 3402 οὐκ
3095 3347 3242 3412 ἄξιον
3280 3347 3426 3401 ἅπαν
3454 3349 3640 3416 τίμιον
3659 3363 3676 3378 ⁸

2104 3443 2162 3506 ὃς
2192 3443 2254 3512 δὴ
2287 3442 2382 3495 καὶ
2421 3441 2681 3508 συνῆκται
2710 3438 2862 3510 παρὰ
2889 3438 2965 3509 τῷ
2989 3438 3106 3508 Θεῷ
3136 3438 3279 3492 κατᾶ
3304 3438 3396 3490 τὸν
3425 3438 3678 3500 εἰπόντα,

2107 3537 2202 3588 καὶ
2232 3534 2592 3603 ὲσφράγισται
2625 3535 2682 3585 ὲν
2706 3535 2818 3595 τοῖς
2854 3532 3020 3586 αὐτοῦ
3048 3531 3364 3602 Θησαυροῖς.

2177 3633 2248 3695 η’.
2285 3643 2304 3676 ι
2332 3624 2539 3677 Νοσσιὰ
2573 3643 2592 3675 ι
2630 3624 2690 3676 τὸ
2723 3623 3054 3692 βλεπόμενον
3097 3621 3278 3688 τοῦτο,
3330 3623 3387 3674 ὲν
3482 3620 3681 3689 ἑκτρέο

2110 3733 2301 3785 φονται
2333 3715 2707 3776 ἁποστολικῶς
2749 3714 2799 3766 oi
2844 3712 3297 3783 αίοεροϐάμονες,
3344 3714 3440 3766 καὶ
3491 3715 3571 3775 είς
3608 3713 3679 3765 τὰ

2110 3805 2222 3860 ἇνω
2255 3803 2530 3872 πτητικοὶ,
2558 3806 2647 3855 καὶ
2681 3801 2892 3855 πολλῶν
2921 3800 3220 3870 στρουθίων
3262 3804 3407 3854 κατὰ
3434 3800 3535 3871 τὴν
3570 3816 3681 3854 σω·

2109 3898 2346 3968 τηριὼδη
2376 3895 2560 3966 φωνὴν
2583 3895 2956 3964 διαφέροντες.

2178 3991 2248 4045 θ’,
2280 4006 2299 4040 ι
2329 3989 2544 4059 Πύργος
2563 3981 2719 4048 οὗτος
2748 3984 2928 4055 ίσχύος
2953 4003 2972 4037 ι
3000 3985 3107 4038 ἀπὸ
3137 3983 3431 4055 προσώπου
3452 3985 3679 4057 ἐχθροῦ,

2109 4081 2204 4135 τοῦ
2231 4079 2405 4134 δεινοῦ
2459 4075 2806 4142 πολεμιστοῦ,
2859 4075 2915 4137 ὃς
2963 4076 3354 4144 μηχανώμενος
3400 4075 3682 4132 ἑλεπόλεις

2110 4175 2221 4235 τοῖς
2246 4171 2505 4232 τοιούτοις
2537 4169 2734 4236 ἐπάγει
2762 4165 2896 4234 πρὸς
2927 4167 3146 4235 ὄλεθρον
3187 4166 3674 4236 πυργηρούμενος.

2111 4265 2326 4318 Γένοιτο
2353 4263 2408 4316 δὲ
2441 4262 2652 4330 πύργον
2692 4260 2878 4329 ἰσχύος
2907 4256 3044 4310 εἶναι
3075 4259 3286 4324 τοῦτον,
3327 4258 3386 4322 ἐξ
3424 4257 3681 4327 ἀκρογὼ-

445 4352 704 4422 phantiua
740 4353 924 4412 turris,
953 4361 1056 4416 qua
1084 4346 1383 4400 delectatur
1399 4345 1488 4412 qui
1508 4346 1686 4398 divina
1707 4357 1875 4412 amat,
1908 4364 2001 4402 non

2117 4373 2220 4408 νων
2269 4354 2528 4423 ἀληθείας
2562 4350 3002 4420 συγκροτηθέντα
3049 4353 3129 4411 είς
3178 4350 3238 4402 τὸ
3283 4346 3530 4420 στερρὸν,
3582 4351 3679 4401 καὶ

446 4460 576 4499 sane
608 4455 667 4497 ut
715 4444 766 4498 in
822 4442 955 4496 turri
989 4439 1227 4494 Chalane
1271 4437 1535 4491 moriatur
1571 4436 1773 4489 frustra
1821 4449 2001 4492 contra

2117 4445 2593 4514 συντετελεσμένον
2643 4445 2723 4505 εἰς
2753 4444 2958 4512 ἀρετήν
2982 4459 2996 4473 ο
3029 4443 3141 4493 εἴτε
3176 4443 3268 4494 καὶ
3316 4459 3335 4492 ι
3373 4441 3536 4510 βάριν
3569 4442 3682 4492 ἐλε-

448 4538 642 4591 εωῐιιιιι
672 4535 928 4588 πύίίῑοαιτι
953 4573 968 4597 ,
998 4544 1098 4584 nec
1125 4538 1183 4580 ut
1231 4526 1325 4580 [lat
1371 4526 1424 4581 in
1467 4526 1822 4580 elevationem
1869 4528 2001 4584 illius

2117 4539 2394 4607 φαντίνην,
2490 4535 2548 4600 ἐξ
2593 4502 2722 4586 οἴων
2753 4502 3104 4602 εύφραίνεται
3137 4532 3164 4582 ὀ
3191 4531 3258 4584 τὰ
3295 4502 3413 4583 θεῖ-α
3447 4502 3680 4597 φιλόκα-

444 4629 535 4695 qui
568 4626 807 4698 neglecta
850 4621 1038 4676 mortis
1080 4617 1439 4672 meditatione
1470 4618 1761 4686 superbus,
1815 4619 2001 4676 deinde

2117 4627 2221 4689 λος·
2245 4626 2305 4678 οὗ
2336 4627 2441 4696 μὴν
2467 4625 2546 4687 είς
2575 4621 2782 4692 πύργον
2803 4621 3299 4690 ἁποτελευτηθῆναι
3333 4639 3350 4671 ι
3376 4621 3674 4689 χαλάνης,ι

447 4717 503 4772 in
540 4725 765 4772 mortem
787 4711 1026 4767 transiit.

2119 4717 2294 4788 μάτην
2348 4712 2810 4783 τεθεμελιωμένον
2868 4713 3010 4765 κατὰ
3067 4712 3160 4763 τοῦ
3209 4710 3478 4777 ούρανοῦ,
3543 4710 3678 4779 μηδὲ

448 4811 702 4877 γενέσθαι
750 4806 893 4860 κατά
921 4805 983 4857 τδ
1016 4803 1217 4873 ὕψωμα
1265 4801 1361 4854 τοῦ
1404 4803 1622 4872 φαύλως
1661 4822 1680 4856 ι
1717 4803 1817 4878 τὴν
1847 4809 2167 4882 φιλοσοφίαν
2212 4813 2444 4866 Θανάτου
2502 4809 2732 4879 μελέτην
2766 4827 2785 4860 ι
2868 4807 3299 4880 παρακηκοότος.
3361 4807 3421 4869 ὃς
3483 4797 3680 4859 ἑαυτὸν
3729 4797 3745 4811 ⁸

450 4902 694 4972 ὓψώσας,
729 4892 846 4951 εἷτα
874 4897 954 4955 είς
979 4895 1207 4947 θάνατον
1234 4895 1634 4964 κατεπήδησεν.

521 4997 608 5050 it).
635 4993 751 5048 Non
788 4990 960 5046 solum
995 4989 1161 5041 turris
1193 4987 1525 5044 fortitudinis
1549 5003 1603 5044 et
1639 4991 1789 5048 locus
1817 4995 2001 5067 refugii

2191 4993 2242 5046 t'.
2278 4991 2351 5044 Οὐ
2386 4990 2543 5059 μόνον
2572 4987 2626 5041 δὲ
2659 5006 2676 5039 ι
2707 4985 2915 5056 πύργος
2963 4985 3147 5054 ἰσχύος
3180 5002 3199 5035 ι
3251 4985 3343 5037 καὶ
3373 5000 3392 5034 ι
3430 4983 3681 5052 κρησφύ-

451 5084 705 5143 salutaris
741 5082 990 5138 columna
1013 5079 1128 5143 illa,
1153 5081 1244 5133 sed
1277 5086 1331 5132 et
1357 5079 1487 5133 urbs
1518 5081 1723 5134 munita
1753 5121 1766 5144 ,
1802 5098 1900 5140 nec
1924 5077 2001 5139 so-

2119 5083 2272 5155 γετόν
2303 5101 2322 5135 ι
2378 5098 2432 5132 τι
2467 5079 2736 5147 σωτήριον
2786 5079 2813 5129 ὁ
2851 5094 2870 5127 ι
2903 5075 3092 5138 στύλος
3124 5094 3142 5126 ι
3187 5067 3364 5135 οὗτος,
3407 5074 3545 5126 ἀλλὰ
3588 5075 3682 5127 καὶ

452 5180 560 5231 lum
591 5188 757 5243 super
789 5180 1026 5225 montem
1059 5169 1182 5232 sita,
1209 5184 1333 5238 quae
1359 5171 1601 5224 omnimn
1630 5175 1818 5238 patens
1841 5174 2001 5229 oculis

2123 5191 2144 5226 ε
2173 5174 2327 5236 πόλις
2378 5171 2569 5240 ὀχυρὰ,
2605 5187 2623 5219 ι
2677 5167 2772 5219 καὶ
2824 5165 2964 5235 αὕτη
2996 5165 3057 5217 ού
3090 5164 3250 5233 μόνον
3293 5162 3479 5215 ἐπάνω
3520 5163 3680 5234 ὅρους

453 5265 708 5322 abscondi
758 5278 864 5317 non
914 5267 1110 5329 potest,
1163 5262 1258 5314 sed
1289 5273 1343 5313 et
1379 5260 1444 5314 ad
1485 5262 1676 5316 uelum
1710 5264 2001 5332 pertingant

2119 5263 2391 5332 κειμένη,
2449 5260 2542 5314 καὶ
2599 5260 2685 5312 οἵα
2743 5259 2818 5327 μὴ
2875 5258 3019 5326 ἔχειν
3075 5254 3413 5326 κρύπτεσθαι
3471 5253 3562 5307 διὰ
3619 5254 3680 5306 τὸ

453 5375 548 5429 pro
578 5355 863 5410 altitudine
885 5367 992 5422 qua
1014 5351 1233 5409 eminet.
1265 5351 1339 5404 ita
1376 5362 1432 5404 ut
1461 5368 1656 5408 vocare
1691 5355 1850 5410 liceat
1870 5355 1990 5409 (ξωιί

2118 5356 2381 5412 ἄποπτον,
2413 5350 2550 5404 ἀλλᾶ
2583 5351 2674 5402 καὶ
2701 5349 3090 5418 οὖρανομήκης
3123 5347 3211 5400 διὰ
3261 5347 3322 5397 τὸ
3354 5345 3477 5398 κατ’
3504 5345 3677 5414 αὐτὴν

455 5451 626 5505 colam
663 5462 788 5502 eum
826 5446 916 5517 qui
949 5458 1112 5513 super
1139 5458 1200 5499 ea
1227 5444 1450 5497 habitat.

2121 5442 2492 5511 θεωρούμενιν
2520 5439 2671 5508 ὕψος,
2695 5440 2769 5502 ὡς
2799 5435 2938 5492 εἶναι
2969 5437 3244 5508 προσφυὲς
3273 5437 3444 5489 εἰπεῖν
3474 5439 3567 5489 καὶ
3591 5437 3680 5489 οὖ-

2130 5532 2483 5604 ρανοπολίτην
2516 5532 2608 5582 τὸν
2636 5531 2762 5598 περὶ
2793 5529 2961 5599 αὐτὴν
2986 5527 3128 5580 είλού
3139 5543 3322 5596 μενον.

526 5627 614 5683 il.
648 5627 706 5682 Si
737 5627 807 5680 oh
836 5625 1122 5680 verborum
1155 5620 1563 5692 significationis
1597 5619 1934 5686 affinitatem,
1963 5624 2016 5677 in

460 5724 600 5777 idem
639 5718 958 5774 adducimus
1000 5716 1168 5787 στήλη
1207 5725 1258 5769 et
1293 5714 1503 5777 στύλος.
1534 5713 1866 5768 fortitudinis
1908 5727 2016 5771 Sta-

464 5825 549 5870 tua
585 5821 731 5868 recte
762 5810 959 5866 dicitur
990 5807 1080 5878 qui
1115 5821 1275 5876 super
1306 5805 1550 5859 columna
1586 5805 1686 5860 ista
1713 5813 1839 5859 stat.

2197 5629 2286 5676 to}.
2317 5623 2379 5674 Et
2417 5622 2507 5673 καὶ
2533 5620 2622 5671 διὰ
2645 5621 2701 5672 τὸ
2741 5620 2795 5672 ἐν
2832 5618 3077 5688 σημασίᾳ
3135 5615 3392 5685 συγγενὲς
3439 5617 3550 5669 τῶν
3585 5618 3680 5685 ρη-

2126 5714 2312 5784 μάτων
2348 5713 2425 5772 είς
2448 5710 2640 5762 ταυτδν
2670 5712 2732 5778 τῇ
2767 5727 2785 5759 ι
2813 5709 2982 5779 στήλῃ
3011 5726 3028 5759 ι
3069 5709 3159 5761 τὸν
3199 5707 3454 5762 «στύλον»
3493 5707 3679 5760 τοῦτον

2123 5804 2442 5870 ἀγάγωμεν,
2495 5799 2686 5870 ῥηθείη
2719 5800 2784 5852 ἃν
2811 5800 2902 5852 καὶ
2945 5818 2962 5850 ι
2995 5799 3294 5868 καρτερίας
3329 5798 3558 5870 ἀνδριὰς
3595 5817 3611 5849 ι
3651 5801 3679 5851 ὁ

2112 5896 2202 5946 ἐπὶ
2236 5912 2252 5945 ι
2283 5891 2478 5960 στήλης
2507 5909 2525 5942 ι
2571 5888 2771 5961 ταύτης
2798 5891 3098 5960 φερόμενος
