3908 6542
282 415 377 475 921

1417 416 1515 474 AD
1538 376 1911 475 STYLI'I‘AM
1948 415 2346 488 QUEMDAM.

3402 420 3507 487 252

352 530 442 595 ιβ’.
491 544 507 575 ι
536 524 707 587 Τόπος
740 545 757 575 ι
810 542 895 588 τις
933 548 949 575 ι
977 526 1005 578 ὁ
1046 524 1239 586 στύλος
1278 542 1296 575 ι
1335 519 1487 588 οὗτος
1526 544 1543 575 ι
1571 525 1773 596 πυρσοῦ
1804 546 1818 578 1

2005 530 2092 585 12.
2128 530 2389 583 Columna
2418 530 2520 583 ista
2551 527 2819 582 ﬂammam
2847 527 3007 598 longe
3034 528 3414 597 navigantibus
3450 530 3503 583 in

276 623 391 680 τοῖς
413 620 465 669 ἐν
497 618 629 689 ζάλῃ
660 617 882 668 πλέουσι
910 616 1226 685 τελεφανὴς,
1252 616 1365 685 φῶς
1393 616 1502 669 ἔσω
1533 618 1714 685 φέρων
1743 620 1833 671 τὸν

278 712 420 780 μετά
448 711 533 763 τοῦ
566 709 731 762 Δαυῒδ
769 710 1057 779 ψάλλοντα,
1091 708 1288 779 λύχνον
1323 713 1431 772 τοῖς
1468 711 1626 763 ποσὶν
1669 710 1832 763 αὑτοῦ

274 806 368 856 τὶν
396 804 531 856 Θεῖον
560 796 700 856 εἶναι
728 803 916 871 νόμον,
944 802 1038 854 καὶ
1090 801 1205 869 φῶς
1250 804 1371 865 ταῖς
1403 802 1616 872 τρίϐοις
1645 802 1831 865 αύτοῦ,

275 896 371 947 καὶ
406 895 479 963 τῷ
508 895 678 963 Πατρὶ
714 896 823 947 τῶν
864 892 1059 961 φώτων
1096 893 1403 961 ἐγγίζοντα,
1448 894 1541 946 καὶ
1585 894 1722 961 φωτὶ
1758 894 1833 965 τῷ

272 987 337 1037 ὲκ
365 986 575 1051 φύσεως
603 984 663 1036 τὸ
697 984 909 1037 ἐκεῖθεν
946 984 1441 1054 προσλαμϐάνοντα
1472 985 1611 1052 φῶς.

346 1074 438 1141 ιγ’.
471 1074 873 1146 Ἀναρῥιπίζων
901 1076 957 1127 δέ
984 1093 1069 1137 τις
1101 1074 1334 1127 ἐνταῦθα
1358 1078 1419 1126 τὸ
1438 1075 1532 1126 τοῦ
1559 1076 1832 1145 νοήματος

271 1168 545 1237 ζὼπυρον,
591 1170 683 1219 καὶ
712 1168 1111 1236 προσανάπτων
1153 1167 1251 1236 τὴν
1297 1167 1699 1235 φωτοφάνειαν,
1733 1169 1830 1218 καί⁵

274 1278 292 1310 ι
330 1260 517 1311 στύλον
535 1259 706 1328 πυρδς
730 1276 749 1310 ι
772 1260 959 1313 τοῦτον
978 1259 1229 1329 τηλαυγῆ
1250 1260 1510 1327 προσερεῖ
1539 1277 1557 1309 ι
1591 1258 1825 1310 στύλον“ι

265 1351 354 1403 διὰ
381 1352 443 1403 τὸ
471 1350 691 1421 ὑψηλόν·
731 1370 747 1402 ι
777 1352 983 1420 πυρσὸν
1015 1371 1032 1403 ι
1064 1353 1151 1404 διὰ
1189 1350 1247 1404 τὸ
1296 1351 1378 1413 είς
1407 1350 1541 1402 Θεὸν
1584 1350 1830 1420 λειτουρ-

265 1442 422 1507 γικδν
450 1441 543 1494 τοῦ
574 1444 630 1494 ἐν
658 1443 806 1509 αύτῷ
836 1446 1165 1512 στεγομένου
1199 1440 1577 1511 πνευματικοῦ
1607 1441 1824 1509 ἀνδρός·

267 1534 359 1583 λαὶ
392 1535 617 1602 χορηγεῖ
648 1535 746 1603 τὴν
777 1533 908 1604 ὓλην
934 1534 1028 1586 τοῦ
1061 1534 1337 1602 νοήματος
1358 1533 1385 1584 δ
1422 1532 1613 1585 Δαυῖὂ.

334 1624 415 1676 ιδ’.
447 1625 577 1677 Είδὲ
598 1626 1062 1695 προσεπαυξάνων
1087 1629 1148 1677 τὸ
1171 1643 1190 1677 ι
1217 1625 1520 1676 στυλιτικδν
1551 1643 1569 1675 ι
1597 1624 1712 1691 φῶς
1729 1625 1827 1678 καὶ

262 1716 343 1775 είς
368 1714 519 1783 ἥλιον
550 1714 804 1786 ἀναγάγῃ
835 1732 939 1779 τις,
973 1716 1031 1767 ὲν
1076 1708 1119 1781 ᾧ
1150 1714 1333 1785 τίθησι
1366 1714 1427 1766 τὸ
1458 1714 1655 1767 ἑαυτοῦ
1688 1716 1826 1785 σκή-

261 1822 419 1872 νωμα
448 1808 475 1856 ὁ
500 1805 763 1873 Ὕψιστος
806 1806 1031 1858 ἑνοικῶν
1080 1806 1229 1874 αὐτῷ
1258 1806 1354 1860 καὶ
1407 1806 1820 1876 ἐμπεριπατῶν,

258 1894 377 1945 τότε
399 1894 464 1963 δὴ
488 1896 583 1947 καὶ
618 1896 696 1957 είς
733 1914 752 1945 ι
779 1895 930 1965 ἡλίου
960 1892 1110 1948 οἶκον
1142 1915 1160 1946 ι
1198 1896 1354 1965 Θήσει
1390 1897 1480 1949 τὸν
1521 1915 1539 1948 ι
1568 1896 1761 1949 στύλον
1793 1915 1813 1947 ι

261 1982 444 2035 τοῦτον
484 1985 835 2054 σεμνότερον,
878 1988 1021 2056 ἥπερ
1050 1987 1077 2039 ὁ
1113 1987 1182 2039 τὰ
1208 1986 1307 2055 τῆς
1343 1986 1634 2055 μαθήσεως
1665 1986 1819 2054 φιλο-

262 2073 441 2138 σοφῶν
476 2075 768 2143 ὑποτίθησι
811 2078 900 2129 τὸν
929 2077 1181 2146 αίσθητδν
1213 2078 1435 2147 Θεωρῶν
1466 2077 1635 2146 ἥλιον·
1665 2076 1723 2139 ὃς
1755 2077 1819 2147 δὴ

258 2165 284 2213 ό
312 2164 433 2215 καθ’
454 2165 607 2232 ἡμᾶς
630 2159 784 2228 οὗτος
808 2166 958 2236 ἥλιος
981 2167 1167 2230 ἀδυτος
1196 2166 1296 2237 μὲν
1320 2168 1430 2221 οὐδ’
1453 2168 1616 2233 αὐτὸς
1641 2168 1815 2233 ἔσται,

255 2252 387 2306 ἀλλὰ
418 2254 689 2321 γνώσεταί
724 2275 854 2311 ποτε
897 2259 997 2327 τὴν
1029 2259 1182 2313 δύαιν
1218 2261 1406 2315 αὑτοῦ.
1451 2262 1818 2331 Φωσφορήσει

256 2344 312 2395 δὲ
340 2346 517 2409 ἄλλως
542 2348 603 2399 οὐ
632 2350 772 2401 κατά
799 2350 891 2403 τὸν
913 2351 1045 2421 πρὸς
1076 2353 1326 2421 αἴσθησιν
1355 2354 1527 2422 ἣλιον,
1558 2353 1694 2407 ἀλλά
1724 2354 1817 2405 καὶ

251 2436 364 2489 ἄνω
386 2438 687 2506 φερόμενος
718 2442 859 2512 ὑπὲρ
881 2444 984 2511 γῆς
1008 2443 1211 2513 λάμψει
1235 2445 1314 2513 τῷ
1341 2445 1450 2497 τῶν
1477 2445 1655 2515 ἔργων
1674 2448 1817 2513 φωτὶ

254 2528 629 2595 εὐαγγελικῶς
657 2532 969 2600 ἔμπροσθεν
1010 2535 1116 2586 τῶν
1148 2535 1455 2604 ἀνθρώπων
1497 2537 1777 2604 φανότατα
1799 2553 1813 2571 ⁸

252 2620 344 2670 ναὶ
371 2620 479 2672 ὑπὸ
504 2622 611 2690 γῆν
644 2622 701 2675 δὲ
724 2622 802 2691 τῷ
828 2625 1136 2695 φαινομένῳ
1177 2626 1346 2696 δίσκῳ
1375 2627 1564 2689 δύσεις.
1600 2628 1692 2679 καὶ
1736 2628 1814 2694 τῷ

249 2712 407 2783 τάῗῳ
439 2715 888 2780 κατασκιασθεὶς,
912 2718 1012 2779 τὰς
1040 2719 1148 2769 τῶν
1174 2719 1556 2788 ἀγαθουργιῶν
1590 2721 1815 2781 ἀκτῖνας

248 2805 452 2874 ἀφήσει
476 2805 843 2875 περιλάμπειν
869 2808 1018 2861 οὐδὲν
1047 2805 1207 2878 ἦττον
1238 2811 1336 2881 τὴν
1360 2812 1484 2881 γῆν,
1519 2810 1607 2862 ἵνα
1639 2814 1813 2879 τούτῳ

247 2894 323 2964 τῷ
376 2896 566 2965 τρόπῳ
612 2897 886 2958 ἀπελάσας
931 2901 1027 2968 τὴν
1068 2901 1169 2970 τῆς
1221 2902 1390 2973 λήθης
1445 2904 1635 2967 νύκτα,
1692 2903 1810 2973 φῶς

244 2986 460 3056 ἀγαθῆς
489 2988 841 3057 μνημοσύνης
862 2989 1118 3062 αίοριάζῃ
1150 2991 1391 3054 αίώνιον,
1422 2995 1450 3047 ὅ
1480 3010 1531 3046 τι
1564 2994 1655 3047 καὶ
1686 2993 1806 3062 φῶς

1936 622 2069 675 mari
2113 623 2338 690 prrcbct,
2364 620 2543 674 lumen
2576 622 2721 675 intus
2756 619 2954 684 ferens,
2986 636 3108 675 eum
3136 621 3228 690 qui
3255 636 3375 675 cum
3402 620 3506 674 Da-

1934 714 2022 767 vid
2054 714 2233 781 psallit
2267 730 2281 767 :
2316 713 2615 769 Lucernam
2646 712 2872 781 pedibus
2898 712 3036 780 ejus,
3063 711 3237 780 legem
3265 711 3500 764 divinam

1933 814 1988 859 et
2022 805 2201 858 lumen
2231 806 2441 859 semitis
2467 804 2589 874 ejus
2616 820 2632 869 ;
2660 814 2715 858 et
2741 804 2889 858 Patri
2916 805 3179 857 luminum
3208 803 3501 872 appropin-

1932 906 2186 961 quantem
2236 904 2290 948 et
2341 895 2527 949 lumini
2563 896 2707 964 quod
2742 911 2772 951 e
2803 903 2990 948 natura
3041 894 3203 948 habet
3249 892 3428 947 lumen
3468 907 3497 944 a

1934 986 2042 1042 Deo
2072 987 2173 1043 sibi
2209 988 2613 1057 adjungentem.

2005 1078 2090 1131 15,
2127 1078 2250 1131 Inde
2268 1078 2515 1131 excitans
2532 1077 2726 1146 aliquis
2750 1074 3104 1145 cogitationis
3129 1074 3282 1145 ignes
3312 1073 3499 1127 cinere

1931 1170 2159 1224 obrutos
2186 1178 2238 1222 et
2265 1169 2577 1223 illuminans
2607 1169 2910 1223 columnam
2940 1168 3083 1234 ignis
3113 1168 3181 1220 de
3205 1166 3498 1236 longinquo

1933 1259 2286 1330 rel'ulgentem
2332 1260 2473 1313 dicet
2525 1259 2715 1312 στύλον
2760 1262 2829 1313 ob
2875 1260 3273 1321 elevationem;
3316 1259 3494 1327 ignem

1932 1364 2059 1404 vero
2100 1350 2164 1402 ad
2213 1350 2426 1417 signum
2460 1351 2526 1401 oh
2562 1350 2832 1418 publicam
2887 1351 2955 1405 ad
2993 1350 3156 1405 Deum
3190 1350 3492 1403 orationem

1929 1439 2046 1509 ejus
2078 1440 2168 1508 qui
2219 1439 2294 1492 ibi
2324 1439 2615 1493 includitur
2642 1441 2904 1507 spiritalis
2931 1440 3066 1505 viri;
3103 1449 3156 1492 et
3186 1440 3494 1495 meditatio-

1928 1533 2012 1587 nis
2039 1533 2317 1585 materiam
2353 1534 2557 1600 prazbet
2590 1531 2777 1586 David.

1997 1624 2086 1680 14.
2119 1624 2175 1678 Si
2232 1639 2360 1679 vero
2390 1634 2605 1677 auctum
2634 1624 2754 1691 quis
2808 1622 3070 1677 columnae
3100 1623 3282 1677 lumen
3320 1624 3371 1678 in
3403 1640 3493 1679 so-

1927 1716 2030 1771 lem
2066 1717 2293 1770 adducat
2329 1730 2395 1769 eo
2425 1716 2511 1769 ubi
2547 1714 2951 1769 tabernaculum
2987 1730 3146 1769 suum
3183 1717 3363 1783 posuit
3395 1716 3491 1768 Al-

1928 1809 2188 1872 tissimus,
2222 1808 2555 1870 inhabitans,
2574 1816 2704 1861 tunc
2734 1817 2789 1862 et
2817 1807 2945 1862 solis
2971 1807 3189 1861 donmm
3220 1807 3491 1875 reptttabit

1926 1900 2229 1954 columnam
2271 1900 2416 1952 illam
2453 1899 2900 1953 venerabiliorem
2952 1913 3113 1967 quam
3169 1896 3489 1951 scnsibilem

1925 1993 2093 2046 solem
2123 2006 2282 2060 quem
2307 1990 2600 2059 discipulus
2631 1989 2985 2058 philosophia:
3011 1989 3235 2042 studens
3270 1988 3494 2043 inferio-

1926 2098 2039 2137 rem
2088 2083 2356 2137 tstimat:
2414 2080 2681 2150 siquidem
2726 2080 2806 2136 sol
2854 2091 3039 2134 noster
3095 2080 3492 2134 inaccessibilis

1927 2189 2032 2227 non
2063 2172 2186 2237 erit,
2233 2174 2326 2226 scd
2372 2186 2621 2227 occasum
2658 2181 2970 2240 cognoscet.
3006 2169 3117 2224 Non
3154 2186 3279 2224 vero
3316 2171 3489 2223 lucem

1920 2273 2138 2332 sparget
2171 2262 2469 2316 secundum
2505 2262 2818 2316 sensibilem
2851 2262 3017 2315 solem
3046 2303 3061 2324 ,
3086 2262 3182 2315 sed
3216 2276 3429 2315 sursum
3458 2275 3492 2315 e

1922 2364 2065 2408 terra
2093 2354 2365 2408 exaltatus
2398 2368 2621 2420 operum
2655 2352 2943 2420 splendore
2977 2367 3075 2422 per
3116 2353 3487 2422 evangelicum

1918 2444 2099 2498 lumen
2136 2458 2317 2496 coram
2352 2443 2662 2497 hominibus
2693 2444 2928 2506 lucente,
2962 2450 3015 2495 et
3039 2442 3141 2496 sub
3173 2454 3317 2493 terra
3354 2441 3487 2496 solis

1921 2536 2183 2588 radiantis
2207 2549 2358 2589 more
2389 2534 2609 2600 occidit,
2639 2536 2693 2588 in
2722 2534 2926 2588 tumqu
2955 2533 3195 2602 sepultos
3224 2534 3487 2588 benornm

1919 2642 2143 2694 operum
2178 2627 2355 2681 radios
2404 2642 2511 2680 non
2560 2628 2736 2687 minus
2765 2642 2925 2693 quam
2962 2629 3151 2679 vivens
3203 2626 3489 2679 rutilantes

1918 2718 2150 2782 emittet,
2180 2728 2238 2771 ut
2269 2718 2369 2772 hoc
2399 2717 2556 2771 modo
2591 2717 2882 2771 oblivionis
2913 2727 3070 2770 nocte
3114 2716 3292 2785 fugata
3336 2726 3489 2770 bona:

1921 2807 2310 2864 recordatioms
2339 2808 2511 2863 lucem
2553 2817 2776 2878 spargat
2816 2818 3102 2870 aeternam,
3142 2823 3266 2877 qua:
3302 2808 3388 2861 lux
3421 2808 3488 2862 iis

1918 2901 2010 2969 qui
2039 2915 2161 2955 vere
2190 2900 2489 2968 suntjusti,
2526 2901 2668 2954 diem
2699 2900 2844 2955 illam
2883 2900 3047 2954 faciat
3073 2899 3124 2952 in
3154 2902 3339 2953 mterni
3380 2900 3487 2960 diei

1915 2991 2299 3057 imitationem,
2328 3007 2494 3063 seque
2517 3003 2572 3046 et
2601 2992 2705 3045 diei
2729 3000 2784 3046 et
2806 2990 2943 3045 locis
2966 2990 3135 3045 ﬁlium
3167 2988 3483 3044 ostendens.

245 3078 485 3142 δικαίοις
530 3079 846 3143 διαπαντὸς,
881 3081 976 3133 καὶ
1030 3080 1307 3151 ἀδιάδοχον
1344 3082 1550 3153 ταύτην
1592 3084 1809 3154 ἡμέραν
1852 3083 1981 3152 ποιῇ
2020 3083 2117 3151 τῆς
2150 3084 2270 3137 ἐκεῖ
2296 3081 2659 3151 αίωνιζούσης
2688 3079 3003 3151 ἀντίμιμον,
3073 3077 3335 3132 δεικνύων
3391 3077 3486 3132 καὶ

246 3170 423 3231 οὕτως
451 3171 672 3241 ἡμέρας
705 3166 844 3225 εἶναι
879 3172 992 3233 υίδς
1024 3172 1117 3224 καὶ
1141 3172 1342 3240 φωτός.

317 3259 404 3314 ιε’.
436 3262 513 3315 Οὐ
543 3264 705 3331 μόνον
728 3264 786 3316 δὲ
815 3263 1056 3325 τοιοῦτος
1084 3259 1231 3326 οἶκος
1264 3282 1282 3316 ι
1308 3265 1336 3315 ὁ
1370 3264 1560 3329 στύλος
1586 3284 1605 3318 ι
1640 3257 1818 3329 οὗτος,

1995 3263 2083 3317 15.
2118 3263 2238 3318 Non
2274 3262 2451 3318 solum
2503 3278 2635 3318 vero
2688 3262 2809 3317 talis
2842 3263 3035 3317 domus
3081 3261 3334 3317 columna
3372 3261 3484 3325 illa,

243 3353 386 3407 ἀλλὰ
430 3354 493 3405 τὸ
527 3354 857 3422 σεμνότατον
900 3356 994 3409 καὶ
1042 3353 1191 3418 οἶκος
1229 3375 1247 3407 ι
1279 3356 1373 3409 τοῦ
1408 3357 1511 3426 τῆς
1544 3357 1822 3411 δικαιοσύ-

245 3462 346 3514 νης
377 3446 552 3514 ἡλίου,
584 3463 603 3498 ι
642 3446 797 3510 Θεοῦ,
825 3448 905 3499 ὅτι
932 3448 1026 3500 καὶ
1064 3465 1083 3499 ι
1112 3449 1421 3517 προσευχῆς
1444 3444 1593 3511 οἶκος
1612 3466 1627 3480 ·
1667 3468 1686 3500 ι
1721 3450 1818 3513 ὡς,

245 3535 367 3603 είγε
405 3538 481 3607 μὴ
514 3537 692 3600 τοῦτο,
733 3538 992 3608 σπήλαιον
1023 3541 1087 3592 ἄν
1125 3556 1270 3602 τινος
1315 3541 1400 3605 εἴη
1452 3540 1816 3612 ψυχολῃστοῦ,

241 3628 274 3696 ἦ
312 3628 538 3699 τρώγλη
574 3630 819 3694 ἀσπίδος,
850 3630 882 3700 ἢ
922 3629 1211 3700 δράκοντος
1237 3632 1462 3700 φωλεός⁹
1499 3633 1690 3704 ὥσπερ
1725 3638 1819 3687 καὶ

244 3721 532 3789 φερέοικον
577 3722 674 3787 μὲν
712 3725 790 3786 είς
836 3724 894 3775 τὸ
930 3725 1036 3778 πᾶν
1076 3726 1324 3795 περιέχοι
1370 3725 1437 3779 ἂν
1484 3726 1674 3791 ἔνδον,
1724 3727 1819 3781 ἐὰν

244 3813 547 3883 ὑγρότερον
581 3815 779 3868 διαϐιοῖ
807 3818 1032 3883 ἐκεῖνος,
1065 3819 1349 3888 μάργαρον
1378 3817 1455 3883 δὲ,
1488 3820 1584 3872 ἐὰν
1618 3838 1818 3887 στεγαο

245 3904 488 3973 νώτερον
515 3904 936 3974 διατεθειμένος,
965 3904 1156 3969 καὶείς
1185 3908 1502 3975 φωτοφανὲς
1530 3908 1818 3963 διεσκευα-

244 3995 471 4064 σμένος,
500 3995 756 4066 καθάπερ
787 3998 843 4048 ὲν
878 3996 1090 4069 ὲλύτρῳ
1123 3999 1299 4065 τούτῳ
1335 4000 1670 4069 περιέχοιτο.

320 4086 421 4150 ις’.
456 4089 517 4140 Εἰ
566 4089 622 4141 δὲ
676 4091 751 4151 είς
783 4089 1057 4153 τοιούτους
1100 4091 1320 4160 τιμίους
1364 4094 1550 4156 οίκους
1589 4093 1816 4147 τακτέον

242 4177 343 4231 τὸν
375 4194 395 4228 ι
424 4177 649 4244 στύλον,
679 4197 699 4230 ι
736 4179 835 4231 οὐκ
884 4179 951 4233 ἂν
1004 4183 1195 4250 φανείη
1253 4181 1480 4250 ἀπᾷδον,
1532 4181 1666 4234 ἀλλά
1721 4182 1817 4235 καὶ

247 4269 399 4337 μάλα
427 4268 744 4337 σύμφωνον,
784 4272 876 4323 καὶ
913 4292 931 4323 ι
960 4272 1191 4326 ἀπασῶν
1220 4272 1432 4342 ἀρετῶν
1472 4272 1580 4325 τῶν
1608 4272 1815 4326 θειοτέ-

246 4376 366 4427 ρων
395 4377 417 4411 ι
450 4362 770 4429 προσειπεῖν
798 4362 958 4416 αὐτὸν
1002 4381 1021 4414 ι
1047 4363 1326 4432 οἰκήτοραο
1367 4382 1384 4415 ι
1423 4362 1551 4417 ἔνθα
1596 4364 1815 4418 εὔθετον

244 4452 441 4517 φάναι,
462 4451 560 4504 καὶ
587 4451 660 4514 ὡς
684 4444 833 4514 οὗτος
854 4452 954 4519 μὲν
981 4450 1067 4507 οἷα
1090 4471 1184 4506 και
1208 4454 1285 4515 είς
1304 4470 1355 4505 τι
1387 4457 1702 4524 μονώροφον
1730 4456 1816 4508 λο-

242 4542 578 4610 γισθήσεται
599 4544 886 4612 σκήνωμα,
908 4546 935 4596 ὁ
961 4545 1017 4597 δὲ
1047 4545 1132 4596 ἐπ’
1164 4544 1311 4613 αὐτῷ
1338 4545 1590 4614 δεύτερος
1617 4546 1812 4615 ὄροφος

1922 3356 2012 3410 sed
2044 3355 2185 3425 quod
2220 3359 2419 3427 majus,
2456 3355 2680 3423 iustitia:
2709 3355 2864 3420 solis,
2901 3354 3015 3419 Dei,
3046 3354 3170 3423 quia
3205 3361 3257 3407 et
3286 3353 3487 3408 oratio-

1920 3447 2006 3500 nis
2033 3445 2266 3512 domus;
2299 3448 2384 3500 sin
2431 3446 2629 3508 minus,
2660 3445 2864 3500 diaboli
2890 3444 3063 3514 ipsius
3094 3454 3238 3499 esset
3269 3454 3484 3498 antrum

1921 3547 2017 3591 aut
2055 3538 2256 3606 aspidis
2295 3538 2578 3606 spelunca,
2621 3547 2716 3591 aut
2750 3537 3002 3592 draconis
3028 3535 3315 3589 latibulum
3359 3551 3375 3588 :
3411 3535 3481 3587 ita

1922 3639 1977 3683 ut
2010 3628 2220 3683 limacis
2248 3629 2465 3682 domum
2494 3628 2785 3698 bajulantis
2833 3643 2981 3681 more
3015 3629 3160 3681 intus
3208 3626 3275 3680 ad
3322 3640 3484 3679 onme

1922 3721 2215 3786 adhaereat,
2245 3723 2289 3774 si
2324 3722 2605 3775 humorem
2644 3721 2765 3774 vitae
2815 3719 2908 3774 ille
2951 3717 3236 3782 hauserit;
3270 3731 3482 3784 marga-

1918 3810 2037 3863 ritae
2065 3825 2193 3865 vero
2224 3825 2393 3875 more,
2423 3810 2467 3864 si
2498 3811 2701 3863 arctius
2722 3819 2774 3863 et
2804 3809 2868 3863 ad
2899 3808 3162 3879 fulgorem
3198 3806 3304 3862 late
3327 3821 3483 3875 spar-

1918 3901 2147 3971 gendum
2182 3901 2476 3971 dispositus
2506 3901 2579 3957 ibi
2607 3900 2940 3955 includatur.

1990 4077 2078 4132 16.
2119 4077 2175 4132 Si
2207 4092 2334 4132 vero
2362 4078 2412 4132 in
2454 4077 2841 4133 venerabilium
2875 4077 3159 4132 domorum
3190 4074 3343 4129 atriis
3372 4084 3484 4130 sta-

1904 4156 2111 4224 tuenda
2143 4170 2501 4231 sitcolumna,
2525 4185 2631 4222 non
2662 4168 2943 4236 apparebit
2970 4168 3208 4232 dissona,
3242 4167 3335 4221 sed
3369 4182 3483 4220 ma-

1918 4262 2062 4316 xime
2090 4275 2346 4324 consona,
2367 4268 2420 4313 et
2450 4260 2694 4315 omnium
2726 4259 2985 4312 virtutum
3016 4258 3314 4311 divinarum
3343 4258 3484 4311 dice-

1917 4367 2037 4406 mus
2064 4351 2300 4417 sociam;
2335 4360 2388 4405 et
2421 4350 2558 4404 bene
2586 4350 2673 4404 illa
2706 4349 3110 4404 tabernaculum
3144 4347 3303 4403 unico
3339 4358 3484 4402 tecto

1915 4442 2221 4498 consistens
2250 4442 2612 4510 reputabitur,
2638 4442 2933 4495 secundum
2962 4455 3123 4507 super
3153 4439 3321 4507 ipsam
3356 4454 3481 4493 vero

1919 4544 2117 4589 tectum
2149 4534 2348 4589 caelum
2385 4532 2599 4586 dicetur
2647 4532 2945 4596 excelsum,
2998 4532 3062 4583 ad
3111 4530 3253 4599 quod
3300 4539 3479 4583 asceta

243 4602 473 4702 λεχθείη
501 4634 569 4686 ἂν
599 4636 627 4685 ὁ
659 4602 800 4703 ὑπὲρ
826 4602 1000 4687 πάντα
1033 4637 1225 4705 ὄροφον
1249 4602 1510 4702 οῦρανδςί
1533 4602 1614 4698 είς
1640 4602 1698 4689 δν

1927 4626 2285 4682 ascensionem
2317 4624 2445 4677 facit
2474 4623 2542 4677 de
2566 4623 2734 4693 gloria
2758 4621 2812 4675 in
2846 4624 3072 4691 gloriam
3100 4620 3395 4683 transiens,
3426 4621 3481 4674 in

244 4724 441 4777 τεῦϐεν
466 4727 496 4777 ὁ
524 4724 768 4793 ἀσκητὴς
799 4724 1101 4787 ἀναϐαίνει,
1133 4726 1239 4777 ἀπὸ
1289 4725 1445 4792 δόξης
1476 4725 1812 4793 μεταϐαίνων

242 4818 330 4877 είς
358 4816 540 4879 δόξαν,
581 4815 666 4882 ἐφ’
692 4816 751 4867 ὃν
797 4818 892 4867 καὶ
918 4817 947 4868 ὁ
993 4815 1188 4886 Κύριος
1223 4815 1486 4884 ύψοῦσθαι
1527 4816 1808 4885 ψάλλεται,

238 4901 311 4959 οὗ
339 4907 466 4970 δόξα
499 4908 594 4959 ἐπὶ
641 4908 819 4959 πᾶσαν
842 4906 940 4976 τὴν
981 4907 1105 4974 γῆν.
1144 4906 1253 4958 Καὶ
1293 4907 1564 4975 μακάριος
1592 4908 1620 4958 ό
1644 4907 1819 4958 τοιού-

242 5014 375 5059 τους
406 4999 591 5057 οίκους
619 4997 912 5065 ἐπιζητῶν,
949 4999 1040 5049 καὶ
1088 4998 1163 5067 μὴ
1195 4997 1323 5059 τοὺς
1357 4998 1506 5050 κάτω
1544 4999 1637 5050 καὶ
1671 4999 1818 5051 πεδιο

244 5088 397 5151 νοῦς,
429 5087 612 5155 οἷπερ,
647 5088 757 5152 ὅσῳ
785 5086 850 5138 ἂν
880 5072 1194 5156 ἐπαρθῶσιν
1226 5087 1540 5155 ὑψούμενοι,
1574 5091 1630 5150 ἐς
1657 5091 1814 5142 τόσον

244 5178 312 5229 τὸ
339 5179 397 5227 ὲν
427 5179 561 5245 ἡμῖν
587 5176 867 5245 ἐλέγχουσι
902 5178 1179 5232 ταπεινόν,
1223 5178 1335 5230 ’Λεὶ
1359 5178 1468 5247 γὰρ
1507 5178 1815 5248 ὐπερκορυ-

247 5268 478 5335 φοῦνται
502 5271 683 5337 ἡμῶν·
712 5272 807 5323 καὶ
838 5270 987 5321 ἔστιν
1031 5272 1226 5333 εἰπεῖν,
1255 5270 1329 5332 ὡς
1367 5270 1633 5333 ἀνάϐασις
1669 5273 1814 5325 πᾶσα

248 5358 546 5427 οἰκοδομῆς
575 5359 945 5428 ὑπερήφανος,
979 5360 1073 5412 καὶ
1124 5360 1393 5429 όρόφωσις
1424 5362 1456 5429 ἠ
1489 5362 1551 5413 ἐκ
1577 5360 1684 5413 τῶν
1713 5361 1814 5431 τῆς

248 5451 379 5518 γῆς,
416 5450 571 5502 οὐδὲν
616 5450 795 5518 ἀλλ’ἢ
839 5450 1146 5519 καθείρξεις
1199 5451 1495 5519 τεχνῶνται
1544 5469 1693 5515 τινας
1725 5456 1818 5507 καὶ

247 5535 366 5592 οἷον
397 5540 827 5609 ὲνταφιασμοὺς,
880 5540 1055 5602 ἄλλως
1112 5541 1610 5611 ἐπονομαζομένους
1648 5544 1819 5613 εὐφη-

253 5632 489 5698 μότερον
538 5634 619 5693 είς
673 5629 857 5692 οἴκους
892 5630 984 5683 καὶ
1018 5631 1325 5700 προδόμους
1362 5634 1452 5685 καὶ
1479 5634 1673 5702 δόμους
1726 5635 1818 5689 καὶ⁹

254 5719 477 5789 μέγαρα
508 5723 599 5772 καὶ
626 5719 882 5789 τοιαύτην
918 5721 1296 5789 πολυωνυμίαν
1336 5724 1646 5792 περίεργον·
1686 5724 1722 5777 ὃ.
1751 5726 1813 5793 δή

252 5828 339 5873 τις
393 5811 571 5865 πάντα
620 5809 879 5875 συνελὼν,
917 5811 1317 5882 εὐστοχώτερον
1352 5813 1568 5877 ζώντων
1613 5814 1815 5881 τάφους

1918 4734 2028 4790 quo
2057 4716 2281 4773 exaltari
2319 4715 2459 4769 Deus
2492 4716 2755 4783 psallitur,
2795 4713 2950 4780 cujus
2983 4713 3150 4781 gloria
3173 4726 3483 4781 super-om-

1919 4823 2041 4863 nem
2082 4817 2303 4861 terram.
2338 4805 2401 4859 Et
2430 4805 2616 4859 beatus
2649 4805 2737 4872 qui
2769 4803 2901 4857 tales
2927 4805 3117 4857 domos
3144 4802 3357 4869 quaerit,
3386 4816 3485 4856 nec

1925 4898 2211 4952 inferiores
2241 4906 2291 4951 et
2326 4907 2635 4961 terrestres,
2668 4910 2788 4964 qtae
2833 4905 3035 4961 quanto
3065 4894 3230 4946 altius
3261 4894 3483 4947 elevan-

1926 4999 2013 5043 tur
2042 4999 2191 5043 tanto
2229 4988 2589 5042 humilitatem
2643 5001 2885 5041 nostram
2929 4986 3098 5055 magis
3133 4986 3482 5053 exprobrant.

1926 5079 2155 5149 Semper
2198 5079 2339 5132 enim
2384 5094 2547 5146 supra
2592 5093 2688 5131 nos
2715 5078 3034 5141 ascendunt,
3061 5086 3114 5131 et
3144 5078 3322 5130 dicere
3356 5075 3484 5128 licet

1926 5172 2063 5239 quod
2093 5172 2143 5223 in
2178 5170 2343 5221 altmn
2374 5168 2708 5223 constructio
2740 5168 2919 5222 omnis
2954 5167 3328 5221 aedilicationis
3363 5180 3479 5217 ma-

1922 5263 2111 5334 gniﬁca
2154 5262 2532 5335 fastigiumque
2589 5262 2785 5329 ubique
2832 5270 3096 5315 terrarum
3154 5258 3285 5313 nihil
3338 5256 3485 5309 aliud

1921 5366 2048 5411 sunt
2072 5368 2229 5423 quam
2270 5367 2516 5407 carceres
2546 5363 2599 5406 et
2627 5352 2939 5420 sepulturae,
2973 5351 3268 5406 lenioribus
3298 5345 3484 5421 appel~

1925 5446 2044 5499 latae
2080 5444 2385 5499 nominibus
2409 5453 2464 5497 ut
2498 5444 2826 5511 porticuum,
2859 5442 3172 5510 palatiorum
3202 5450 3255 5493 et
3284 5438 3487 5493 fastuo-

1926 5536 2001 5590 sis
2026 5536 2336 5599 vocabulis;
2357 5550 2475 5605 quae
2503 5537 2685 5588 omnia
2713 5535 3075 5602 complectens
3109 5531 3300 5585 melius
3330 5530 3484 5585 vivo-

1929 5646 2046 5682 rum
2084 5629 2316 5684 tmnulos
2343 5628 2547 5681 vocarit
2598 5626 2794 5696 aliquis
2825 5624 3112 5680 secundam
3147 5621 3483 5689 Scripturam

1923 5721 2193 5775 dicentem
2225 5735 2239 5771 :
2274 5718 2475 5772 Domus
2501 5732 2689 5772 eorum
2717 5715 2999 5785 sepulchra
3030 5727 3255 5777 eorum;
3291 5726 3390 5765 nec
3426 5711 3483 5765 in

1924 5822 2280 5881 perpetuum,
2332 5810 2425 5864 sed
2475 5823 2575 5878 pro
2616 5818 2855 5876 tempore
2899 5815 2958 5860 ut
2992 5803 3281 5876 plurimtnu
3333 5802 3483 5859 brevi
