3908 6566
453 365 558 434 ‘22?

1162 379 1583 443 EUSTATHEI
1617 381 2374 449 THESSALONICENSIS
2405 390 2959 456 METROPOLITE

3598 401 3699 465 ΞΞὸ

458 496 561 546 tes.
593 486 754 542 nudis
783 488 1043 546 membris
1080 505 1245 562 super
1275 494 1543 564 lapidibus
1574 498 1742 551 sterni
1781 513 1887 550 non
1929 496 2019 551 du-

2136 501 2296 571 οῖπερ
2328 505 2484 558 σκιάν
2513 506 2713 577 ἀρετῆς
2745 509 3053 574 διώκοντες,
3096 509 3196 564 οὐκ
3222 506 3368 578 εἶχον
3397 514 3578 576 δκνον,
3611 532 3702 580 γυ-

455 578 604 633 ltitab
621 588 722 634 tnl.

525 750 614 808 9.6.
662 755 898 823 Apparet
932 756 1248 816 litltostroto
1314 779 1420 818 non
1463 765 1742 820 dissimilis
1779 768 2027 822 columna

460 843 572 907 illa,
609 855 696 900 aut
749 847 886 902 lecto
925 849 1015 904 Dei
1050 853 1312 908 imitativo
1351 859 1494 925 quod
1533 859 1824 913 secundum
1863 862 2027 916 Dcum

461 936 698 990 membra
729 953 822 992 sua
855 942 1232 1011 cruciﬁgeutes
1275 956 1326 999 et
1359 949 1753 1005 mortiﬁcantes
1785 953 1886 1006 sibi
1933 969 2028 1022 pa-

461 1038 597 1090 rant,
624 1033 688 1081 ad
718 1047 776 1083 ra
807 1048 925 1099 qua:
949 1049 1159 1090 sursum
1189 1050 1311 1092 sunt
1344 1041 1620 1094 tendentes
1655 1059 1829 1098 rerum
1861 1055 2032 1100 terre-

459 1121 650 1172 striqu
681 1132 1018 1190 contemptu,
1054 1136 1374 1181 extraneum
1424 1131 1476 1184 in
1514 1133 1710 1198 seipsis
1734 1146 2029 1193 euecanlcs

458 1212 853 1282 ltotninem,qui
883 1218 1036 1272 malis
1060 1220 1444 1288 cupiditatibus
1476 1227 1870 1291 renuntiantes,
1896 1230 2030 1284 alte-

459 1305 571 1358 rius
599 1308 720 1360 vitae
743 1319 1020 1364 consortes
1061 1310 1212 1367 ﬁunt.

526 1393 616 1447 27.
650 1395 786 1460 Quid
817 1414 979 1466 porro
1007 1401 1231 1469 impedit
1258 1405 1388 1470 quin
1421 1405 1474 1459 in
1505 1407 1758 1462 columna
1801 1411 1891 1465 illa
1938 1427 2026 1468 se-

457 1486 699 1550 pulcrum
732 1491 940 1545 videam
974 1495 1042 1546 ob
1087 1508 1456 1552 consummata
1495 1500 1548 1555 in
1599 1503 1710 1572 ipsa
1741 1509 2024 1574 mysteria.

459 1580 713 1635 funereos
767 1592 962 1638 ascetze
1010 1602 1250 1653 pannos.
1313 1590 1539 1646 funebre
1589 1597 2025 1664 Operimeutum:

459 1671 886 1728 inhumationcm
942 1680 1170 1733 mortuis
1229 1696 1565 1747 concessam,
1630 1698 1874 1745 cantatos
1929 1707 2028 1762 pro

458 1767 687 1822 mortuis
752 1784 937 1825 sacros
1003 1775 1262 1842 hymnos;
1322 1792 1441 1846 qua;
1505 1781 1684 1834 omnia
1749 1799 1872 1838 cum
1934 1787 2023 1856 qui

455 1854 777 1912 iueolumna
830 1863 1112 1932 reponitur
1161 1854 1430 1924 mortuum
1483 1882 1535 1926 et
1595 1875 1861 1942 sepultum
1912 1893 2032 1934 esse

456 1947 715 2004 indicant.

526 2105 618 2159 28.
648 2106 904 2164 Columna
960 2111 1037 2166 uti
1077 2113 1484 2175 adumbrattone
1526 2131 1582 2177 et
1631 2137 1799 2194 opere
1843 2126 2030 2183 caelato

460 2197 723 2253 delineata
777 2214 862 2257 est
917 2213 974 2259 et
1010 2206 1342 2265 subobscure
1374 2212 1625 2281 depicta;
1682 2217 1761 2273 sic
1816 2221 2032 2289 sapiens

454 2289 747 2352 .spccimine
792 2305 1070 2363 assumpto
1114 2298 1318 2356 clarius
1371 2309 1659 2372 procedet,
1721 2319 1774 2363 et
1831 2309 2031 2364 fundu-

453 2390 690 2434 tnentutn
740 2386 906 2439 semel
965 2397 1156 2444 nactus
1201 2393 1360 2461 plane
1421 2397 1661 2465 perﬁciet
1710 2416 1868 2470 opus.
1923 2403 2032 2460 Nos

449 2470 663 2538 quidem
699 2471 855 2529 facile
916 2476 1269 2548 intelligimus
1314 2487 1436 2554 quis
1487 2489 1574 2543 ille
1617 2492 1690 2546 sit
1743 2495 1923 2565 stylita
1977 2506 2032 2554 et

451 2577 617 2628 quare
654 2569 756 2620 hoc
778 2569 998 2626 nomine
1032 2573 1335 2631 decoretur.
1355 2576 1486 2632 Nam
1522 2581 1566 2636 si
1590 2598 1652 2637 ea
1672 2593 1754 2639 est
1775 2589 2028 2644 columna

455 2666 616 2717 quam
651 2669 828 2711 sermo
874 2658 1153 2730 hucusque
1181 2665 1489 2737 descripsit.
1513 2683 1568 2727 et
1605 2676 1694 2744 qui
1726 2691 1888 2746 super
1915 2681 2028 2748 ipsa

448 2751 576 2807 stat,
633 2749 930 2803 secundum
987 2753 1383 2820 primordialem
1445 2761 1601 2817 ﬁnem
1658 2784 1846 2838 magna
1886 2789 2033 2842 quae-

447 2831 570 2887 dam
599 2835 828 2892 hominis
852 2839 1015 2909 ﬁgura
1039 2845 1163 2912 erit,
1190 2862 1286 2902 nec
1307 2853 1597 2908 secundum
1630 2859 1826 2916 multos
1845 2863 1962 2920 vilis
1979 2876 2032 2920 et

445 2924 682 2988 abiecta.
715 2927 1053 2987 Membratim
1090 2938 1234 2992 enim
1271 2940 1547 3010 dispertita
1593 2963 1656 3004 ac
1697 2952 1914 3010 deﬁnita
1942 2974 2034 3014 co-

449 3014 625 3069 lumua
657 3019 936 3077 abundans
979 3035 1031 3079 et
1065 3029 1280 3095 pttlchra
1315 3032 1604 3102 videbitur.
1650 3050 1762 3098 tum
1791 3044 2027 3115 quidem

447 3103 498 3155 in
529 3117 791 3173 quantum
826 3112 1076 3170 columna
1104 3127 1208 3183 est,
1244 3129 1354 3176 tmn
1387 3139 1514 3181 vero
1544 3127 1595 3180 lo

444 3290 1256 3383 πανόν.-ξυνελκιμεριζόμενος
1319 3306 1425 3377 γὰρ
1479 3311 1772 3383 οὐσιωδῶς,

444 3375 560 3446 θείη
588 3379 768 3446 καλὸν,
793 3377 872 3448 εἷς
903 3386 1005 3453 μὲν
1033 3387 1107 3442 ὼν
1132 3390 1210 3462 τῷ
1233 3392 1376 3464 λόγῳ
1398 3375 1550 3453 ἠκατά
1575 3403 1660 3458 τὸν
1695 3425 1714 3459 ι
1731 3375 1809 3464 ’ἇτ

458 3544 466 3548 ,
511 3491 600 3546 29.
630 3495 816 3561 Angeli
852 3513 982 3555 sane
1019 3504 1119 3558 sub
1176 3506 1342 3576 ﬁgura
1373 3517 1654 3580 apparebit
1687 3536 1782 3588 per
1810 3531 2014 3585 scalam

441 3600 602 3656 quam
635 3588 902 3656 videmus,
944 3594 996 3647 in
1037 3600 1456 3665 cogitationibus
1484 3609 1549 3661 ad
1594 3609 1761 3667 Deum
1821 3635 2016 3676 ascen-

441 3677 596 3742 dens.
636 3680 945 3747 nullamque
1001 3692 1335 3746 terrestrium
1392 3711 1576 3753 rerum
1633 3717 1879 3772 servans.
1925 3715 2017 3768 sed

441 3783 658 3823 sursum
689 3773 920 3828 volatum
955 3785 1144 3836 tenens
1178 3792 1233 3836 et
1258 3787 1500 3854 apprime
1531 3799 1831 3854 secundum
1856 3807 2020 3869 Spiri-

445 3871 557 3913 tum
591 3862 801 3926 clﬁcax,
840 3868 926 3920 cui
956 3869 1090 3923 nihil
1117 3872 1182 3926 de
1212 3875 1560 3938 inferioribus
1597 3887 1834 3944 adlueret
1857 3862 2015 3956 ;'tum

441 3953 777 4011 descendens
817 3970 876 4012 ut
921 3961 972 4014 in
1003 3963 1256 4035 abyssum
1297 3974 1572 4040 operibus,
1623 3981 1823 4048 quibus
1857 3953 1999 4041 cum

440 4041 787 4100 inferioribus
824 4051 1118 4120 conspirat,
1143 4064 1196 4109 et
1224 4063 1522 4119 commodis
1554 4041 1673 4134 qua:
1695 4069 1746 4123 in
1783 4075 2016 4130 animam

2139 597 2260 662 μνοὶ
2317 597 2460 650 κατᾶ
2495 599 2656 652 λίθων
2689 602 3124 670 ὑπεστρωμένων
3171 604 3383 657 κεῖσθαι
3417 606 3697 659 ἀνακλινόο

2139 704 2313 758 μενοι.

2206 779 2319 844 κζ’.
2359 779 2802 848 Ἀναφαίνεταιδ’
2837 787 2901 836 ἐκ
2935 803 2954 836 ι
2991 785 3084 836 τοῦ
3121 784 3507 852 λιθοστρώτου,
3549 803 3568 837 ι
3631 787 3703 856 μὴ

2135 873 2451 926 ἀπεοικέναι
2500 874 2590 926 τὸν
2626 893 2644 924 ι
2691 875 2879 927 στύλον
2919 895 2937 927 ι
2971 875 3162 936 τοῦτον
3193 877 3326 944 μηδὲ
3358 878 3704 947 θεομιμήτου

2143 979 2161 1011 ι
2198 953 2504 1030 σ’τρὼσεως,
2546 985 2563 1016 ι
2600 964 2778 1032 ἥνπερ
2801 966 2850 1017 oi
2887 965 3027 1018 κατὰ
3059 965 3190 1018 Θεὸν
3214 967 3581 1036 σταυροῦντες
3613 971 3707 1020 καὶ

2136 1052 2455 1121 νεκροῦντες
2515 1057 2582 1108 τὰ
2635 1056 2844 1108 ἑαυτῶν
2902 1057 3037 1126 μέλη
3089 1059 3405 1127 τεχνῶνται,
3457 1061 3569 1114 άνω
3606 1063 3705 1128 μὲν

2135 1145 2416 1214 διηρμένοι
2447 1150 2513 1216 τῇ
2545 1147 2656 1200 τῶν
2686 1150 2834 1202 κάτω
2863 1151 3208 1218 περιοράσει,
3264 1153 3352 1205 τὸν
3384 1152 3489 1215 ἔξω
3511 1153 3567 1204 δὲ
3603 1152 3703 1204 θα-

2133 1238 2419 1295 νατοῦντες
2468 1239 2773 1304 ἄνθρωπον,
2827 1235 2907 1303 οἷς
2971 1241 3078 1294 τῶν
3115 1243 3333 1311 φαύλων
3393 1245 3706 1314 ἐπιθυμιῶν

2133 1331 2293 1384 αὐτὸν
2321 1332 2648 1398 ἀπάγοντες,
2685 1334 2879 1402 ἐτέρας
2900 1335 3046 1404 ζωῆς
3082 1337 3344 1403 γίνονται.

2205 1422 2305 1486 κζ’.
2341 1425 2408 1476 Τί
2441 1425 2495 1477 δὲ
2513 1424 2577 1494 δὴ
2603 1424 2801 1477 κωλύει
2832 1427 2892 1479 τδ
2925 1427 3208 1492 ἁποτοῦδε,
3237 1431 3329 1480 καὶ
3350 1430 3429 1492 εἷς
3457 1431 3697 1494 «τάφονι

2133 1511 2440 1576 ταμάλιστα
2482 1513 2574 1566 τὸν
2611 1533 2630 1565 t
2671 1514 2860 1567 στύλον
2888 1535 2906 1567 ι
2944 1515 3136 1569 τοῦτον
3177 1517 3476 1586 θεωρῆσαι,
3526 1519 3615 1570 διὰ
3637 1520 3707 1570 τὰ

2134 1602 2193 1655 ἐν
2244 1603 2393 1674 αὖτῷ
2453 1607 2847 1676 μυστηριωδῶς
2895 1609 3236 1674 τελούμενα,
3299 1610 3367 1662 τὰ
3437 1612 3706 1678 ἐπιτάφια

2135 1697 2332 1764 σπεῖρα
2353 1697 2444 1749 τοῦ
2480 1698 2739 1767 ἀσκητοῦ,
2772 1699 2832 1752 τὸ
2859 1701 3113 1769 νεκρικδν
3139 1701 3362 1771 εἴλημα,
3394 1702 3495 1771 τὴν
3527 1705 3705 1755 κατα-

2136 1785 2306 1846 θεσιν,
2359 1789 2520 1841 ὁποία
2551 1807 2636 1852 τις
2666 1792 2760 1843 καὶ
2815 1791 3108 1844 τεθνεῶσιν
3139 1791 3404 1854 ὡσίωται,
3465 1795 3565 1855 τὰς
3606 1795 3709 1860 ἀρ-

2135 1879 2436 1948 μοττούσας
2489 1884 2600 1945 τοῖς
2654 1874 3003 1950 ἐξαγομένοις
3062 1883 3214 1952 ἱεράς
3275 1885 3440 1954 ᾠδὰς,
3499 1885 3568 1938 δι’
3627 1881 3706 1940 ὧν

2130 1971 2387 2026 ἁπάντων
2408 1975 2435 2026 6
2464 1973 2541 2043 τῷ
2581 1992 2600 2024 t
2625 1973 2800 2044 στόλῳ
2833 1991 2851 2025 ι
2888 1975 3238 2039 ἐναποτιθεὶς
3260 1975 3530 2047 τεθάφθαι
3561 1978 3710 2031 διδᾱο

2133 2081 2322 2116 σκεται
2334 2103 2346 2119 .

2200 2153 2305 2217 κη’.
2347 2149 2487 2202 Ἀλλ’
2511 2151 2656 2213 ὅπως
2705 2152 2803 2221 μὲν
2834 2155 2861 2205 6
2898 2173 2915 2205 ι
2957 2154 3147 2217 στύλος
3185 2173 3205 2208 ι
3269 2148 3426 2220 οὗτος
3457 2159 3710 2227 ὑπογρα·

2131 2240 2363 2308 φήσεται
2412 2240 2488 2303 ὡς
2533 2242 2592 2294 ἐν
2622 2242 3050 2312 προχαράγματι
3099 2243 3196 2298 καί
3251 2263 3360 2300 τινι
3395 2251 3708 2317 προκεντή-

2134 2348 2284 2400 ματι,
2343 2331 2682 2385 διατυπωθὲν
2738 2335 3185 2404 ἐσκιαγράφηται
3238 2338 3540 2408 ἀμυδρῶς·
3609 2342 3709 2393 καὶ

2132 2423 2294 2489 σοφὸς
2319 2423 2499 2475 λαϐὼν
2524 2423 2806 2494 διδομένην
2836 2427 3113 2496 ἀφορμὴν,
3143 2427 3486 2498 ἀναϐήσεται
3529 2431 3615 2493 εἱς
3645 2432 3709 2484 τὸ

2130 2515 2212 2568 ἐτι
2244 2515 2569 2586 σοφώτερον,
2598 2520 2693 2570 καὶ
2723 2519 2974 2587 θεμέλιον
3001 2517 3113 2574 οἷον
3137 2521 3329 2575 τοῦτον
3359 2524 3706 2592 ἐξευρηκὼς,

2131 2606 2508 2675 ἐκκορυφώσει
2539 2608 2598 2662 τὸ
2642 2609 2870 2664 τέλειον.
2903 2611 2976 2664 T6
3007 2611 3054 2666 δ’
3095 2612 3349 2666 ἐντεῦθεν
3381 2615 3514 2682 ἡμῖν
3559 2618 3708 2668 tit-too

2130 2698 2250 2763 νητὶ
2281 2698 2746 2768 προσευπόρηται,
2777 2701 2870 2754 καὶ
2894 2699 3002 2764 οἷός
3038 2720 3123 2764 τις
3155 2704 3450 2756 δένταυθοί
3491 2705 3706 2771 ἀντικρο-

2133 2785 2414 2856 ρούμινος,
2451 2789 2540 2839 καὶ
2562 2788 2641 2850 είς
2663 2789 2726 2840 τὸ
2764 2789 2856 2841 τοῦ
2896 2808 2914 2841 ι
2941 2790 3189 2844 στυλίτου
3220 2810 3238 2842 ι
3269 2791 3473 2854 ἀναϐὰς
3504 2793 3709 2859 ὄνομα.

2133 2878 2195 2930 El
2224 2878 2332 2948 γὰρ
2359 2880 2387 2931 6
2412 2897 2432 2930 ι
2466 2878 2656 2940 στύλος
2707 2899 2726 2930 ι
2765 2879 3028 2945 τοιοῦτος,
3078 2883 3263 2935 ὁποῖον
3295 2883 3457 2936 αὐτὸν
3512 2884 3542 2936 6
3569 2883 3710 2936 ὑπο·

2131 2971 2399 3042 γραφικὸς
2424 2971 2578 3039 λόγος
2611 2974 3085 3041 προῦπεστήσατο,
3119 2975 3212 3026 καὶ
3237 2975 3265 3026 6
3288 2975 3378 3027 ἐπὶ
3405 2975 3500 3027 τοῦ
3529 2993 3548 3025 ι
3578 2976 3712 3028 στύ-

2129 3063 2225 3117 λου
2267 3083 2287 3116 ι
2325 3062 2590 3135 δήπουθεν
2623 3065 2764 3118 κατά
2787 3065 2878 3117 τὸν
2910 3065 3006 3118 ἀπ’
3031 3067 3203 3135 ἀρχῆς
3231 3067 3360 3136 ἄχρι
3384 3067 3572 3129 τέλους
3600 3068 3710 3137 τῆς

1598 3131 1718 3200 gice
1741 3146 1796 3190 et
1819 3139 2012 3198 eﬁ‘ectu

2131 3131 2599 3224 Oewplac'cxonov
2629 3152 2772 3222 μέγα
2803 3170 2854 3206 τι
2882 3131 3170 3224 amusos
3193 3131 3382 3224 χρῆμα
3413 3155 3570 3208 ἐσται
3611 3131 3712 3210 κᾷι

2112 3240 2338 3311 ὑψηλὸν,
2373 3241 2466 3292 καὶ
2493 3241 2554 3293 οὗ
2584 3240 2723 3294 κατὰ
2743 3241 2868 3304 τοὺς
2925 3241 3150 3306 πολλοὺς
3201 3244 3404 3311 φαῦλον
3453 3246 3549 3297 xa’t
3608 3263 3713 3298 ταο

1832 3323 1914 3388 οἷς
1971 3330 2000 3382 ὁ
2047 3350 2066 3385 t
2104 3334 2294 3395 στύλος
2323 3351 2341 3384 ι
2392 3332 2644 3402 ὥρισται,
2673 3331 3016 3402 πολυπληθὲς
3045 3331 3111 3386 ἂν
3141 3333 3230 3387 καὶ
3295 3335 3426 3388 αὐτὸ
3491 3336 3712 3411 θεωρεῖ·

1814 3413 1958 3483 ΰλον,
1981 3438 2000 3472 ι
2045 3424 2222 3488 ἄλλως
2291 3425 2350 3478 δέ
2388 3421 2790 3492 πληθυνόμενος
2823 3424 3062 3492 ἐλλόγως
3090 3427 3201 3494 τοῖς
3261 3427 3668 3501 ἐνεργημασιν.

2185 3513 2288 3571 κθ’.
2337 3535 2354 3569 ι
2400 3515 2778 3586 Ἀγγελοειδής
2807 3532 2826 3566 ι
2865 3533 2924 3568 τε
2963 3517 3069 3587 γὰρ
3097 3518 3344 3585 φαίνοιτο
3391 3518 3456 3571 ἂν
3486 3519 3579 3570 διὰ
3606 3519 3712 3588 τὴν

2117 3605 2498 3676 θεωρουμένην
2529 3622 2548 3655 ι
2587 3604 2856 3672 κλίμακα,
2899 3623 2918 3656 ι
2939 3609 3057 3668 ταῖς
3083 3607 3182 3676 μὲν
3209 3606 3439 3676 ὑψηλαῖς
3462 3608 3714 3670 ἐννοίαις

2116 3697 2211 3749 καὶ
2243 3696 2362 3757 ταῖς
2395 3695 2475 3756 εἰς
2526 3693 2660 3745 Θεὸν
2714 3694 3044 3746 ἀνατάσεσιν
3093 3694 3403 3748 ἀναϐαίνων
3431 3698 3510 3757 είς
3543 3696 3712 3766 ὒψος,

2118 3786 2211 3838 καὶ
2234 3785 2504 3854 μηδεμίαν
2532 3784 2791 3854 τηνικάδε
2819 3785 3003 3854 σχέσιν
3028 3786 3165 3853 προς
3197 3787 3265 3839 τά
3298 3786 3446 3840 κάτω
3475 3789 3708 3858 τηρῶν,

2120 3875 2255 3928 ἀλλά
2286 3875 2489 3928 ἐπίπαν
2520 3875 2888 3945 άνιπτάμενος
2912 3877 2994 3938 είς
3023 3876 3116 3928 τὸν
3148 3877 3392 3947 ὕψιστον,
3420 3880 3510 3930 καὶ
3535 3881 3716 3952 ὕπερ-

2116 3967 2268 4035 φυῶς
2294 3967 2530 4034 ἐνεργῶν
2566 3967 2706 4018 κατᾶ
2738 3967 2890 4031 νοῦν,
2926 3963 2970 4037 ᾧ
3009 3964 3260 4038 μηδέντι
3282 3970 3390 4021 τὼν
3415 3969 3569 4022 κάτω
3598 3974 3713 4040 φά-

2114 4075 2197 4110 σει
2237 4057 2457 4126 μέτεστι
2480 4074 2495 4088 ⁶
2523 4057 2872 4111 καταϐαίνων
2897 4059 2954 4112 δὲ
2984 4059 3140 4123 αυθις
3171 4061 3245 4122 ὡς
3270 4061 3352 4124 εἰς
3380 4061 3546 4131 βάθος
3578 4067 3714 4128 ταῖς

440 4131 606 4186 infert
645 4137 924 4192 sodalibus
972 4141 1048 4195 ita
1079 4153 1136 4198 ιιι
1183 4146 1434 4202 columna
1486 4131 1698 4219 signum
1740 4161 1910 4214 altum
1958 4175 2014 4218 et

2131 4149 2398 4219 τράξεσιν,
2431 4151 2492 4201 ἐν
2541 4144 2629 4213 αἷς
2685 4153 2800 4212 τοῖς
2848 4151 2997 4205 κάτω
3049 4152 3300 4207 σύνεστιν
3333 4153 3709 4222 ὁμιλητικῶς,

441 4221 766 4290 profundum
810 4240 840 4280 a
888 4227 996 4283 Deo
1030 4235 1380 4292 constitutum
1429 4245 1706 4309 credatur,
1751 4260 1808 4302 et
1840 4249 2009 4305 detur

2131 4242 2202 4293 tati.
2234 4242 2357 4302 ταῖς
2406 4240 2720 4307 ὠφελείαις,
2776 4241 2843 4304 ἃς
2889 4244 2969 4304 είς
2998 4242 3176 4313 ψυχὴν
3234 4221 3552 4308 διαϐιϐάζει
3585 4251 3714 4309 τοῖς

447 4311 572 4368 inde
609 4329 801 4373 ascetze
849 4323 939 4389 qui
989 4326 1148 4379 scala:
1194 4332 1496 4398 symbolum
1547 4351 1748 4395 servat.
1802 4342 2013 4397 Etenim

2131 4334 2434 4404 μιμητικῶς
2461 4323 2880 4406 ἐντυγλχάνουσιν
2906 4354 2920 4368 ο
2955 4311 3144 4408 ἵνατῷ
3173 4338 3317 4409 λόγῳ
3340 4339 3518 4410 τούτῳ
3548 4343 3659 4395 καὶ
3683 4345 3713 4396 6

457 4407 573 4478 ipsa
603 4427 723 4481 qua!
755 4413 804 4467 itt
834 4415 1000 4494 altum
1030 4419 1279 4488 eﬁ‘ertur,
1314 4433 1511 4481 terram
1555 4445 1896 4500 nequaquam
1931 4451 2007 4488 re-

452 4498 666 4571 linquit,
699 4516 752 4560 et
771 4511 861 4576 qui
893 4525 1049 4577 supra
1075 4513 1320 4568 columna
1352 4528 1483 4584 stat,
1517 4536 1619 4574 non
1651 4523 1872 4577 omnino
1905 4539 1964 4579 se
1987 4541 2015 4578 a

446 4597 794 4652 terrestribus
838 4611 1056 4668 separat
1101 4605 1165 4656 ad
1213 4607 1375 4660 Deum
1406 4611 1726 4676 ascendens,
1754 4614 1926 4668 donec
1971 4630 2001 4667 a

436 4699 601 4744 carne
629 4694 841 4750 solutus
875 4699 1098 4766 spiritus
1136 4703 1201 4753 ad
1236 4701 1400 4755 Deum
1431 4705 1634 4759 avolet.

2126 4444 2146 4478 ι
2186 4427 2372 4488 στύλος
2417 4445 2436 4478 ι
2474 4419 2628 4488 οὗτος
2659 4429 2818 4482 ὁποῖά
2867 4446 2921 4482 τι
2959 4449 2977 4480 ι
3011 4431 3235 4499 σημεῖον
3267 4450 3285 4482 ι
3325 4431 3405 4494 είς
3438 4431 3608 4500 βάθος
3648 4451 3713 4486 τε

2118 4517 2209 4570 καὶ
2240 4516 2372 4586 ὕψος
2409 4517 2596 4570 θεόθεν
2647 4518 2934 4590 ζητηθείη,
2995 4523 3089 4574 καὶ
3138 4521 3321 4594 δοθείη
3358 4524 3577 4576 ἐκεῖθεν
3626 4525 3710 4596 τῷ

2115 4612 2350 4680 ἁσκητῇ,
2372 4608 2706 4675 ἀποσώζοντι
2735 4615 2830 4665 καὶ
2862 4612 3063 4682 ἑτέρως
3087 4615 3144 4666 τὸ
3171 4615 3272 4683 τῆς
3313 4635 3330 4666 ι
3363 4616 3644 4684 κλίμακος
3666 4638 3685 4668 ι

2116 4701 2402 4771 σύμϐολον.
2444 4699 2588 4770 Αὐτὴ
2623 4719 2682 4753 τε
2714 4702 2822 4772 γὰρ
2857 4703 2918 4756 τὸ
2945 4705 3264 4776 ἀνὼρροπον
3300 4709 3523 4777 ἔχουσα,
3563 4711 3694 4763 οὐδὲ

439 4784 538 4854 τῆς
567 4785 668 4853 γῆς
697 4788 962 4847 λείπεται.
988 4795 1096 4848 Καὶ
1129 4800 1157 4850 6
1201 4800 1291 4852 ἐπὶ
1320 4803 1413 4855 τοῦ
1451 4824 1469 4856 ι
1502 4805 1690 4860 στύλοι)
1733 4827 1752 4860 ι
1817 4809 1873 4860 δὲ
1906 4809 2007 4860 οὐκ
2044 4805 2154 4859 ἐσθ’
2212 4805 2360 4863 ὅπως
2415 4800 2710 4870 ἀπόσχοιτο
2770 4803 2836 4854 ἂν
2888 4805 3061 4875 πάντη
3098 4807 3314 4870 πάντως
3380 4809 3490 4859 τῶν
3560 4828 3702 4884 περὶ

439 4880 566 4948 γῆν,
591 4882 894 4937 ἀναϐαίνων
919 4889 998 4950 είς
1018 4889 1169 4954 Θεὸν,
1198 4893 1302 4956 ἕως
1323 4895 1611 4962 ἀπολυθεὶς
1639 4901 1736 4969 τῆς
1767 4904 1965 4972 σαρκδς
2002 4899 2124 4962 νοῦς
2156 4897 2289 4956 ὅλως
2322 4893 2458 4959 πρὸς
2519 4894 2723 4947 ἐκεῖνον
2753 4895 3101 4967 πτερὺξεται.

450 5023 454 5028 ,
528 4970 617 5025 50.
662 4970 815 5028 Sicut
858 4979 1082 5048 angelus
1131 4984 1310 5054 stylita
1367 4970 2008 5048 considerabiturbCon-

437 5072 727 5128 sequenter
756 5080 885 5136 ergo
932 5071 996 5122 ad
1046 5072 1258 5129 virtutis
1305 5075 1581 5149 fastigium
1613 5084 1875 5147 acsendit.,
1908 5083 2004 5139 sed

439 5151 722 5233 confestim
761 5163 1054 5216 ascendere
1082 5167 1344 5233 cernitur,
1393 5186 1492 5225 nec
1523 5187 1617 5240 per
1648 5189 1840 5244 aspera
1869 5190 2002 5230 cou-

435 5244 610 5297 tendit
673 5249 956 5305 ambulans
994 5292 1009 5318 ,
1071 5257 1235 5312 calles
1290 5260 1474 5318 devias
1537 5266 1804 5336 (atlteleta:
1859 5269 2002 5323 enim

432 5341 486 5386 et
532 5349 732 5390 scurrze
789 5343 1063 5410 proprium
1126 5347 1254 5402 illud
1307 5353 1407 5419 est)
1465 5355 1561 5409 sed
1627 5357 1726 5410 vim
1789 5357 2002 5410 obviam

434 5425 492 5476 se
532 5422 636 5479 fert
683 5425 910 5484 faciliori
945 5448 1104 5503 quam
1156 5440 1392 5507 calcant,
1434 5444 1523 5513 qui
1565 5461 1759 5514 aspera
1818 5434 2000 5501 trans-

433 5518 602 5582 gressi
631 5528 775 5585 sunt,
810 5531 865 5575 et
910 5527 975 5577 ad
1023 5529 1316 5587 altissimas
1350 5535 1595 5604 regiones
1657 5547 2004 5592 accesserunt

435 5607 622 5671 quiete
669 5619 720 5664 et
779 5613 969 5670 timore
1022 5617 1249 5687 ciiciunt
1292 5638 1396 5692 quo
1441 5624 1646 5680 debiles
1698 5636 2000 5692 terrentur,

439 5698 641 5753 amoris
693 5701 746 5756 in
789 5705 871 5758 via
917 5707 1038 5762 trita
1082 5721 1134 5764 ct
1187 5712 1342 5781 plana
1403 5718 1671 5782 progressi
1731 5727 1876 5784 sunt,
1927 5728 2003 5782 et,

441 5785 585 5854 quod
657 5789 794 5845 idem
877 5807 959 5850 rat
1072 5798 1181 5855 Deo
1256 5807 1841 5875 appropinquavcrunt.
1935 5808 2007 5861 lbi

2177 4986 2240 5040 λ’.
2273 4986 2429 5040 Κατά
2455 5003 2513 5038 τε
2545 5006 2564 5038 ι
2600 4986 2830 5055 ἄγγελον
2863 5009 2881 5040 ι
2914 4991 3056 5044 οὕτω
3083 4991 3496 5062 θεωρηθήσεται
3528 4997 3558 5047 6
3600 4997 3702 5051 ἐπὶ

2105 5078 2201 5133 τοῦ
2238 5098 2257 5131 t
2293 5079 2510 5132 στύλον.
2550 5098 2567 5131 ι
2602 5079 2712 5132 Καὶ
2739 5080 3046 5145 ἀκολούθως
3085 5084 3162 5144 εἰς
3195 5085 3405 5153 ἀρετῶν
3442 5088 3703 5157 κορυφὴν

2103 5168 2301 5224 οὔκουν
2349 5170 2655 5237 ἀναϐαίνει,
2704 5171 2818 5224 ἀλλ’
2851 5173 3122 5243 ἀναϐῆναι
3147 5175 3347 5228 αὐτίκα
3377 5177 3480 5246 ἥδη
3506 5195 3704 5248 παρα-

2103 5262 2361 5327 δείκνυσι,
2393 5262 2488 5316 καὶ
2526 5263 2584 5315 οὐ
2617 5263 2705 5314 διὰ
2748 5263 3012 5332 τραχείας
3065 5263 3318 5333 βιάζεται
3346 5270 3448 5336 τὴν
3500 5269 3704 5323 ἄνοδον

2106 5355 2477 5426 (μελετῶντος
2507 5353 2615 5425 γὰρ
2645 5355 2801 5408 τοῦτὸ
2829 5372 2916 5422 γε,
2955 5360 3046 5409 καὶ
3071 5358 3463 5426 ἐντριϐομένου
3493 5378 3701 5414 ταπει-

2103 5445 2344 5512 νοτέροις
2379 5445 2458 5498 ἐτι
2489 5447 2887 5517 γυμνάσμασιν
2908 5455 2949 5517 ),
3002 5450 3120 5501 ἀλλ’
3159 5451 3239 5512 είς
3271 5448 3444 5519 αὐτὴν
3475 5468 3700 5521 κατην-

2102 5537 2330 5604 τηκέναι
2361 5537 2457 5606 τὴν
2487 5539 2706 5608 ῥᾳδίαν,
2737 5541 2832 5593 καὶ
2865 5541 2932 5610 ἢν
2963 5541 3230 5593 πατοῦσιν
3253 5543 3303 5594 οἱ
3335 5542 3394 5594 τὸ
3425 5544 3570 5595 κατά
3597 5543 3703 5612 μὲν

2105 5625 2280 5696 τραχὺ
2316 5628 2757 5696 παρελάσαντες,
2777 5633 2843 5698 τῇ
2878 5631 2933 5682 δὲ
2967 5632 3229 5685 ἀνωτάτω
3261 5633 3477 5686 πεδιάδι
3520 5635 3704 5687 πελά-

2115 5734 2328 5781 σαντες,
2366 5721 2459 5771 καὶ
2501 5721 2598 5791 τῆς
2619 5721 2888 5790 ἔμφρονος
2922 5724 3208 5794 ῥᾳστώνης
3253 5725 3563 5793 γενόμενοι,
3599 5728 3702 5779 καὶ

2119 5808 2208 5860 τον
2245 5810 2342 5879 μὲν
2380 5811 2542 5880 φόϐον
2582 5812 2690 5878 ἔξω
2739 5812 3014 5882 βαλόντες,
3044 5815 3102 5877 ὃς
3141 5817 3252 5878 τοῖς
3280 5817 3701 5887 ἁκροσφᾳλέσιν
