3908 6566
424 365 530 430 231

427 573 652 628 loricam
689 583 742 628 et
788 577 1048 644 reliquam
1085 580 1201 648 eius
1230 595 1565 640 armaturam
1617 588 1668 641 in
1723 598 1774 641 te
1822 591 2002 643 videre

425 666 604 732 cupio.
635 665 782 720 lianc
805 673 1104 737 praesertim
1141 675 1386 744 accinge,
1417 681 1553 731 hanc
1583 681 1766 746 indue,
1794 693 1851 736 et
1884 685 2001 736 ani-

433 771 642 810 ntarnm
697 757 865 812 hostis
895 760 1130 832 aufugiat
1186 765 1405 835 harpyia
1463 783 1521 822 se
1581 772 1822 826 tradens.
1865 773 1999 827 Nam

424 846 703 912 pulchrum
733 860 814 904 est
844 853 1058 919 quidem
1092 853 1293 910 ferrum
1329 861 1492 922 istud,
1515 877 1578 915 ex
1610 867 2001 930 quoadvcrsus

424 941 720 1007 pessimum
781 942 992 997 hostem
1049 948 1151 1001 tela
1204 952 1494 1007 cuduntur.
1550 953 1695 1008 Nihil
1749 971 1875 1010 vero
1922 957 1999 1011 sic

426 1041 605 1089 potest
649 1030 1096 1090 invulnerabilem
1134 1040 1358 1094 militem
1397 1044 1656 1110 perlicere
1697 1047 1742 1098 si
1777 1055 1996 1115 aposto-

424 1121 580 1175 licam
620 1136 953 1181 armaturam
991 1128 1079 1183 ille
1109 1131 1418 1202 proiecerit.
1462 1133 1521 1189 Et
1559 1137 1686 1204 quid
1715 1137 1838 1191 dico
1866 1138 1997 1192 nihil

420 1216 648 1283 potest?
675 1217 958 1272 dicendum
983 1225 1260 1291 eratquod
1301 1225 1583 1282 deﬁciente
1627 1228 1715 1281 illa
1748 1230 1805 1283 tit
1840 1243 1998 1283 asce-

423 1316 490 1359 t:e
520 1323 744 1376 Operuin
788 1311 996 1375 jactura
1025 1323 1077 1367 et
1133 1331 1404 1369 summum
1441 1320 1508 1372 ad
1569 1329 1766 1374 terram
1826 1322 1994 1376 trahi-

422 1407 510 1451 tur
538 1409 592 1453 et
618 1400 757 1469 quod
781 1401 898 1457 leve
927 1412 1030 1471 est,
1060 1418 1381 1475 aggravatnr
1416 1419 1470 1464 et
1507 1426 1537 1466 a
1565 1426 1797 1482 superno
1817 1413 1999 1467 volatu

418 1501 639 1543 cessms
675 1490 726 1544 in
763 1501 956 1548 terram
987 1496 1262 1562 dejicitur.

1177 374 1601 439 EUSTATHII
1646 381 1746 441 Tll
1762 381 2397 449 ESSALONICENSIS
2428 391 2476 449 Μ
2487 391 2987 455 ETliOPOLszE

448 483 591 535 urica
624 490 712 536 tua
746 494 799 539 et
829 483 972 539 ferro
996 491 1138 557 quod
1171 501 1221 545 te
1251 493 1438 563 cingit.
1488 497 1596 550 Sed
1623 500 1802 568 magni
1835 499 1985 555 Pauli

2095 523 2196 564 τως
2220 505 2285 558 ἂν
2309 506 2471 576 ἔχοις,
2493 508 2550 560 ὃν
2581 509 2864 580 ἐγκρατῶς
2888 510 3307 582 περιϐέϐλησαι.
3338 532 3355 561 ι
3387 509 3670 580 θώρακα.»

3573 394 3681 459 232

2101 597 2314 650 καὶτὸν
2348 599 2530 652 λοιπὸν
2569 619 2588 651 ι
2633 603 2870 669 σίδηρον,
2910 621 2928 653 ι
2967 602 3025 662 ὃς
3074 602 3384 669 περίκειται
3421 619 3502 654 σε.
3529 602 3680 654 Ἀλλ’

2098 690 2211 756 ἐγὼ
2243 693 2339 743 καλ⁸
2367 693 2457 743 τὸν
2513 691 2606 744 τοῦ
2645 694 2881 762 μεγάλου
2943 693 3154 746 Παύλου
3189 693 3417 761 Θώρακα
3447 693 3542 746 καὶ
3574 693 3674 759 τὴν

2097 779 2290 846 λοιπὴν
2327 783 2544 835 ἃπασαν
2573 783 2782 835 ἐκείνου
2812 784 3115 836 πανοπλίαν
3167 784 3315 854 ζητῶ
3347 783 3587 836 κατιδεῖν
3617 785 3678 834 ὲν

2097 870 2202 922 σοί.
2237 867 2454 938 Ταύτην
2487 871 2712 939 περίθου
2753 873 3005 941 μάλιστα,
3038 873 3240 941 ταύτην
3273 872 3500 925 ὑπόδυθι
3527 890 3540 904 ·
3577 873 3676 926 καὶ

2093 961 2122 1011 6
2151 959 2258 1011 τῶν
2283 959 2472 1029 ψυχῶν
2506 961 2766 1030 πολέμιος
2811 963 3118 1032 οἰχήσεται,
3155 962 3443 1030 Ἀρπυίαις
3475 961 3675 1014 ἑαυτὸν

2092 1051 2300 1114 ἐκδούς.
2336 1052 2512 1104 Καλὸν
2549 1052 2648 1120 μὲν
2677 1053 2782 1121 γὰρ
2801 1057 2894 1106 καὶ
2924 1057 2952 1107 6
2980 1054 3318 1123 φορούμενος
3351 1073 3369 1104 ι
3400 1054 3621 1123 σίδηρος
3655 1072 3674 1104 ι

2092 1136 2270 1204 οὗτος,
2312 1144 2406 1194 καὶ
2443 1142 2571 1213 βέλη
2601 1145 2742 1198 arati
2786 1143 2881 1197 τοῦ
2930 1146 3300 1216 πονηροτάτου
3330 1144 3669 1214 πολεμιστοῦ

2093 1232 2154 1298 ἐξ
2179 1231 2344 1286 αὑτοῦ
2375 1234 2753 1302 χαλκεύονται.
2793 1237 2981 1305 Ἀρκεῖ
3009 1236 3065 1290 δὲ
3097 1238 3243 1305 ὅμως
3266 1236 3437 1299 οὐδὲν,
3468 1236 3546 1298 ὡς
3578 1233 3679 1289 καὶ

2095 1325 2472 1395 ἀκατάϐλητον
2502 1325 2594 1379 τδν
2621 1327 2678 1378 ὲν
2711 1325 2858 1396 αὐτῷ
2892 1329 3232 1397 στρατιώτην
3277 1327 3588 1390 ἀποτελεῖν,
3624 1327 3676 1379 εί

2096 1417 2196 1485 τὴν
2225 1415 2590 1484 ἀποστολικὴν
2635 1417 2843 1481 ἐκεῖνος
2905 1418 3199 1490 ἀπορρίψει
3233 1421 3457 1487 σκευήν.
3514 1419 3582 1470 Τί
3618 1418 3679 1470 δὲ

2097 1505 2240 1568 λέγω
2275 1523 2294 1556 ι
2333 1507 2432 1558 οὐκ
2487 1508 2680 1576 ἀρκεῖς
2715 1528 2733 1560 ι
2801 1510 2919 1563 δέον
2966 1512 3161 1575 είπείν,
3196 1508 3272 1572 ὡς
3300 1508 3516 1579 ἐκείνης
3545 1509 3677 1576 δίχα

420 1585 514 1635 καὶ
567 1586 833 1654 ἀμϐλύνει
883 1593 1057 1646 ταῦτα
1095 1595 1156 1647 τδ
1204 1597 1264 1649 ὲν
1292 1597 1474 1667 ἔργοις
1526 1601 1848 1668 ἀσκητικοῖς
1911 1602 2028 1670 ὀξὺ,
2107 1601 2204 1654 καὶ
2258 1601 2518 1656 magna
2561 1602 2622 1656 τδ
2675 1605 3145 1674 ἀνωφορούμενον,
3196 1605 3290 1658 καὶ
3346 1602 3574 1674 βαρύνει
3616 1609 3680 1661 τδ

419 1676 638 1743 κοῦφον.
669 1682 758 1731 καὶ
793 1682 891 1751 τὴν
925 1684 1036 1737 ἄνω
1089 1683 1286 1754 πτῆσιν
1342 1687 1527 1752 παύει,
1557 1695 1651 1743 καὶ
1681 1693 1984 1759 καταφέρει
2023 1692 2161 1762 πρὸς
2190 1692 2320 1761 γῆν.

486 1767 576 1821 54.
621 1769 816 1824 Multos
857 1761 1079 1826 ~l‘errnm
1125 1774 1178 1827 in
1232 1775 1367 1829 bella
1415 1787 1602 1831 contra
1655 1780 1991 1847 spiritualem

2173 1779 2266 1834 λδθ.
2305 1781 2538 1844 Πολλοὺς
2558 1782 2585 1834 6
2616 1798 2635 1832 ι
2667 1780 2879 1850 σίδηρος
2906 1801 2925 1835 ι
2961 1784 3042 1846 είς
3069 1783 3159 1837 τὸν
3189 1783 3330 1838 κατὰ
3357 1783 3452 1836 τοῦ
3477 1781 3678 1854 νοητοῦ

417 1860 630 1914 hostem
671 1865 964 1929 excitavit;
1019 1867 1218 1922 multos
1274 1870 1548 1924 hebetavit
1597 1880 1650 1926 et
1694 1873 1993 1941 impedivit,

2100 1869 2398 1939 ἀντιμάχου
2427 1869 2706 1936 ἐστόμωσε
2733 1871 2990 1940 πόλεμον,
3019 1872 3249 1936 πολλοὺς
3272 1875 3367 1926 καὶ
3386 1873 3676 1941 ἀμϐλύνας

419 1952 522 2004 illis
547 1966 694 2005 arma
721 1955 1102 2022 circumdedit,
1127 1961 1318 2012 horum
1346 1963 1399 2015 ln
1421 1963 1685 2026 manicas,
1709 1964 1993 2034 compedes

2097 1963 2463 2026 συνεπόδισεν,
2497 1962 2722 2024 ἐκείνοις
2753 1963 2850 2031 μὶν
2879 1965 3038 2017 ὁποῖά
3058 1979 3111 2017 τι
3141 1964 3305 2019 ὅπλον
3323 1965 3675 2035 ἀμφιτεθεὶς,

419 2043 703 2105 incidens:
733 2060 965 2112 quorum
1002 2049 1190 2103 merito
1225 2050 1609 2106 miserabimur
1629 2055 1671 2107 si
1695 2054 1818 2109 vita:
1850 2071 1993 2110 mare

2095 2054 2303 2116 τούτοις
2335 2055 2390 2106 δὲ
2427 2055 2500 2116 ὡς
2528 2056 2605 2116 εἰς
2635 2055 2958 2126 χειροπέδην
2983 2056 3287 2110 διεκπεοὼν
3311 2060 3406 2112 καὶ
3440 2058 3678 2112 ποδοκά-

421 2137 770 2206 pernavigant
795 2139 1150 2206 procellosum
1177 2151 1230 2195 et
1263 2143 1516 2199 ﬂuctibus
1553 2145 1689 2201 diris
1719 2133 1993 2202 exundans

2095 2161 2198 2215 κην
2223 2145 2318 2197 καὶ
2350 2145 2608 2212 τύφωνα·
2647 2145 2740 2206 οὓς
2772 2146 2866 2198 καὶ
2895 2147 3161 2216 οἰκτείραι
3203 2149 3268 2201 ἄν
3299 2166 3383 2210 τις
3416 2149 3676 2213 δικαίως.

421 2234 474 2276 ct
504 2225 888 2294 periculosum,
931 2243 1095 2298 super
1137 2233 1280 2300 qttod
1331 2233 1669 2303 simplicibus
1736 2238 1993 2292 membris

2095 2237 2268 2305 είτὴν
2293 2236 2387 2289 τοῦ
2422 2237 2536 2305 βίον
2587 2237 2936 2302 διαπλέοντες
2983 2238 3259 2292 θάλασσαν
3315 2239 3460 2293 οὕτω
3521 2241 3679 2294 δεινὰ

420 2313 502 2379 agi
557 2312 816 2368 deberent
853 2354 868 2377 ,
925 2317 1012 2378 qui
1067 2317 1244 2372 adhuc
1293 2318 1423 2374 ferri
1483 2322 1695 2390 pondus
1755 2338 1991 2392 gravatis

422 2405 638 2458 habent.
694 2405 916 2460 Ferrum
967 2408 1109 2462 istud
1155 2409 1220 2464 iis
1278 2411 1496 2480 quidem
1541 2413 1634 2481 qui
1687 2415 1985 2468 secundum

419 2495 695 2548 veritatem
745 2498 952 2551 strenui
997 2509 1146 2564 sunt,
1195 2515 1298 2553 non
1335 2502 1638 2571 pracipites
1681 2505 1792 2572 agit
1852 2519 1990 2573 pon-

418 2590 534 2650 dus,
568 2589 659 2642 sed
697 2591 927 2643 anchora
967 2593 1226 2648 salutaris
1252 2593 1317 2660 fet
1348 2609 1501 2648 sacra
1562 2598 1883 2662 ordinatur;
1924 2599 1990 2652 iis

418 2694 544 2732 vero
575 2681 664 2746 qui
702 2681 858 2734 aliter
923 2697 980 2735 se
1020 2684 1240 2747 habent.
1293 2686 1570 2753 plumbum
1623 2687 1680 2739 lit
1729 2689 1782 2741 in
1831 2690 1988 2757 aquis

419 2771 828 2825 vehementibus
862 2773 1171 2828 snbmersos
1225 2775 1560 2842 deprimens.
1597 2775 1713 2831 Non
1750 2793 1880 2845 ergo
1905 2795 1990 2832 sa-

419 2861 591 2914 lutare
622 2875 722 2916 nec
752 2863 829 2916 sic
861 2874 956 2918 ant
980 2865 1136 2921 aliter
1177 2868 1395 2930 cecidit.
1429 2884 1528 2938 pro
1559 2871 1788 2926 consilio
1813 2871 1990 2926 electo

420 2952 698 3008 haesitante
731 2955 883 3009 libra.

2093 2326 2509 2397 βραττομένην,
2564 2327 2661 2380 καὶ
2718 2329 3132 2397 κυμαινομὲνην
3182 2328 3461 2382 ἀκάθεκτα
3495 2371 3512 2396 ,
3580 2332 3681 2385 καὶ

2089 2419 2418 2473 ἀπειλοῦσιν
2462 2417 2726 2484 κίνδυνον,
2777 2422 2827 2471 οἱ
2855 2419 2910 2472 δὲ
2941 2419 3060 2473 δέον
3107 2415 3423 2491 ἀπερίττοις
3481 2422 3682 2493 μέλεσι

2089 2509 2353 2579 φέρεσθαι
2385 2508 2451 2562 δι’
2502 2508 2694 2579 αὐτῆς,
2735 2504 2854 2562 εἶτα
2900 2512 2996 2563 καὶ
3045 2509 3269 2579 σιδήρου
3302 2511 3469 2583 βάρος
3514 2513 3683 2584 περίι

2087 2617 2324 2655 κεινται·
2350 2600 2411 2663 ὃς
2439 2600 2503 2671 δὴ
2545 2601 2762 2669 σίδηρος
2791 2604 2906 2665 τοίς
2955 2603 3054 2671 μὲν
3084 2603 3173 2655 ἐπ’
3203 2602 3432 2675 ἀληθείᾳ
3466 2606 3683 2676 ἐγκρα-

2086 2695 2304 2755 τευταῖς
2336 2693 2437 2745 οὐκ
2469 2695 2547 2754 είς
2587 2691 2804 2762 βυθιςον
2839 2694 3024 2764 βάρος,
3054 2695 3170 2748 ἀλλ’
3200 2695 3276 2759 ὡς
3310 2699 3392 2758 είς
3417 2698 3680 2767 ἄγκυραν

2077 2781 2417 2852 ’σωτηριὼδη
2469 2785 2563 2836 καὶ
2597 2785 2750 2853 ἱερὰν
2793 2785 3185 2847 ἀποτέτακται,
3237 2789 3353 2850 τοῖς
3392 2787 3686 2850 δὲνᾶλλιιις

2095 2875 2308 2943 ἔχουσιν
2341 2875 2416 2936 ὼς
2450 2875 2711 2944 μόλυϐδος
2743 2877 2800 2931 ιν
2831 2877 2982 2929 ὕδατι
3017 2878 3231 2948 σφοδρῷ
3264 2878 3495 2947 γίνεται,
3535 2879 3684 2932 ὑπο-

2097 2963 2356 3033 ϐρυχίους
2407 2965 2651 3027 ἐκείνους
2688 2965 2879 3029 τιθείς.
2912 2965 3122 3020 Οὔκουν
3169 2968 3228 3033 ἐξ
3261 2969 3509 3036 ἀνάγκης
3547 2968 3684 3021 οὔτε

420 3043 1076 3115 σωτηριὼδηςότοιούτος
1096 3052 1335 3122 σίδηρος,
1360 3055 1476 3108 ἀλλ’
1505 3058 1626 3112 οὐδὲ
1688 3057 2002 3127 βλαπτικὸς,
2039 3056 2470 3126 ὲπαμφοτερίζει
2529 3058 2588 3109 δέ
2649 3073 2799 3120 πως*
2870 3059 2961 3110 καὶ
3012 3061 3156 3113 κατὰ
3221 3059 3321 3130 τὴν
3367 3060 3519 3130 παρὰ
3564 3062 3684 3123 τοῖς

419 3140 599 3205 σοφοῖς
651 3139 880 3209 δύναμιν
903 3143 1044 3213 τάχα
1075 3145 1173 3212 μὲν
1219 3146 1414 3211 οὕτως,
1444 3151 1586 3220 τάχα
1614 3151 1670 3204 δὲ
1729 3152 1902 3212 ἄλλως
1941 3150 2190 3214 ἐξέπεσε,
2223 3148 2299 3217 τῷ
2326 3151 2425 3217 τῆς
2453 3151 2824 3220 προαιρέσεως
2861 3149 3108 3220 ταλάντῳ
3155 3149 3681 3222 ζυγοστατούμενος.

491 3232 580 3287 55.
624 3233 761 3288 Ecce
785 3238 1140 3302 prmsentibns
1170 3239 1522 3296 adventitium
1549 3243 1677 3310 quid
1701 3245 1768 3298 de
1795 3260 1985 3298 recens

2159 3240 2252 3297 λε’.
2272 3242 2407 3311 Φέρε
2439 3244 2756 3310 προενέγκω
2771 3243 2886 3305 τοῖς
2911 3243 3144 3312 παροῦσι
3166 3245 3468 3314 συγκυρίαν
3483 3249 3648 3314 πρᾶγ

419 3327 573 3380 factis
612 3326 778 3379 alTero
811 3326 929 3380 aliis
980 3327 1031 3380 in
1068 3331 1380 3384 memoriam
1418 3332 1593 3403 (ntulti
1634 3335 1776 3387 enim
1826 3349 1992 3387 nove-

417 3418 588 3487 runt),
617 3417 735 3472 aliis
766 3419 960 3486 quibus
984 3418 1226 3485 ignotum
1258 3430 1339 3476 est
1371 3431 1430 3476 ut
1468 3438 1582 3476 rcm
1621 3439 1842 3478 novam.
1865 3426 1993 3479 Cel-

419 3511 518 3560 lam
565 3511 796 3562 divinam
824 3526 928 3564 non
963 3511 1026 3564 ad
1067 3513 1406 3580 splendorem
1441 3525 1681 3581 paratam
1723 3518 1848 3584 quia
1885 3531 1990 3570 non

417 3601 741 3654 venerabilis
777 3617 945 3668 usque
980 3605 1044 3654 ad
1083 3620 1299 3669 nomen,
1331 3607 1463 3660 lavit
1487 3607 1637 3662 sinus
1680 3611 1784 3662 iste
1809 3618 1996 3663 noster

419 3693 507 3758 qui
543 3701 668 3746 ante
717 3694 901 3747 oculos
947 3706 1027 3748 est
1072 3711 1234 3763 prope
1279 3698 1515 3752 civitatis
1564 3715 1749 3753 muros
1800 3701 1994 3764 quibus

421 3800 578 3836 inane
614 3785 691 3838 sol
727 3784 1010 3842 illucescit.
1042 3787 1186 3840 Cella
1218 3789 1392 3843 virum
1439 3791 1726 3858 quemdam
1765 3793 1994 3845 nutrivit

419 3879 507 3945 qui
541 3885 777 3930 ascctam
809 3877 1119 3940 simulabat,
1153 3897 1258 3932 non
1289 3890 1396 3934 tam
1448 3883 1600 3950 nigro
1643 3884 1874 3936 vestium
1913 3899 1996 3938 or-

426 3976 584 4021 natus
621 3983 786 4036 quam
837 3968 936 4022 sub
973 3970 1100 4035 ipsis
1141 3972 1468 4041 hypocrisim
1517 3985 1786 4037 retegens.
1839 3975 1994 4031 llunc

422 4059 725 4128 stringebat
757 4059 984 4124 ferrum,
1020 4071 1131 4114 tum
1179 4078 1338 4117 renes
1365 4065 1613 4132 cingens.
1654 4063 1766 4118 ltttn
1799 4067 1992 4122 hume-

422 4152 497 4206 ris
549 4151 881 4218 impositum,
921 4161 1032 4207 tum
1083 4155 1510 4210 'antbidextrum.
1571 4156 1718 4211 Talis
1766 4169 1885 4212 erat
1940 4168 1995 4212 et

421 4243 932 4299 circnmcnrsitabat
985 4245 1185 4300 multos
1238 4247 1504 4303 seducens
1562 4246 1703 4304 lerro
1750 4249 1996 4304 criminis

420 4331 663 4400 alicujus,
695 4346 750 4388 ut
802 4335 1016 4403 opinor,
1053 4336 1283 4390 divinam
1335 4338 1470 4392 hanc
1515 4353 1728 4407 pmnam
1761 4340 1992 4403 solvens,

419 4437 468 4477 et
501 4425 717 4479 debitor
764 4442 1030 4496 apparens
1063 4429 1184 4484 talis
1210 4431 1540 4484 vestimenti.
1594 4428 1817 4484 Occasio
1847 4446 1996 4498 quae-

421 4519 541 4568 dam
577 4516 767 4570 aderat
796 4529 852 4572 et
896 4520 1108 4586 negotia
1139 4520 1284 4573 circa
1327 4519 1501 4588 ipsmu
1537 4519 1732 4582 aliena,
1778 4531 1832 4572 et
1881 4522 1994 4574 lucc.

2098 3349 2267 3402 ματος
2319 3334 2733 3399 παραπεσόντος
2766 3332 3016 3402 ἔναγχος,
3064 3337 3176 3396 τοῖς
3211 3336 3310 3403 μὲν
3334 3337 3414 3397 είς
3445 3337 3683 3404 μνήμην

2095 3423 2312 3492 (πολλοὶ
2359 3424 2465 3490 γὰρ
2495 3423 2667 3474 οίδασι
2689 3423 2729 3490 ),
2757 3424 2868 3485 τοῖς
2898 3424 2956 3475 δὲ
3000 3425 3079 3486 είς
3103 3424 3478 3490 διδασκαλίαν,
3517 3426 3680 3489 ὅσοις

2094 3515 2190 3565 οὐκ
2217 3515 2506 3580 ἔγνωσται.
2539 3514 2958 3582 Φροντιστήριον
2986 3515 3148 3581 θεῖον,
3180 3515 3279 3568 οΰκ
3308 3515 3387 3573 είς
3415 3515 3680 3586 λαμπρός

2093 3623 2230 3674 τητα
2255 3606 2678 3672 ἐσκευασμένον,
2710 3605 2793 3658 ὅτι
2826 3605 2901 3675 μὴ
2921 3605 3120 3674 σεμνὸν
3151 3608 3346 3674 μέχρις
3374 3606 3677 3675 ὀνόματος,

2093 3698 2120 3748 6
2141 3696 2263 3749 καθ’
2289 3698 2438 3766 ἡμᾶς
2475 3695 2660 3760 κλύζει
2699 3697 2898 3760 κόλπος
2931 3691 3110 3760 οὗτος,
3149 3700 3177 3751 6
3204 3699 3310 3768 πρὸ
3345 3699 3679 3768 ὀφθαλμῶν,

2097 3787 2269 3855 βραχύ
2297 3804 2348 3838 τι
2384 3788 2489 3856 πρὸ
2517 3789 2622 3840 τῶν
2648 3789 2874 3856 τειχέων
2899 3789 2996 3856 τῆς
3022 3790 3254 3852 πόλεως,
3291 3785 3374 3852 οἷς
3402 3791 3681 3857 προσὸλιί⁴

2096 3895 2186 3930 πει
2219 3878 2524 3931 ἀναϐαίνων
2558 3880 2693 3945 ἑῷος
2719 3879 2890 3948 ἥλιος.
2920 3880 3093 3933 Τοῦτο
3123 3880 3184 3932 τὸ
3217 3882 3468 3950 σεμνείον
3497 3881 3681 3952 ἄνδρα

2093 3967 2216 4020 τινὰ
2247 3967 2492 4033 ἔϐοσκεν,
2525 3970 2582 4032 ὃς
2607 3970 2697 4021 τὸν
2728 3971 2980 4040 ἁσκητὴν
3001 3971 3369 4039 ὲμορφάζετο,
3393 3972 3494 4042 οὐχ
3521 3973 3680 4028 οὕτω

2096 4063 2467 4129 κοσμούμενος
2495 4061 2574 4130 τῷ
2598 4061 2706 4112 τῶν
2736 4063 2960 4131 ἁμερίων
3005 4063 3217 4130 μέλανι,
3254 4065 3380 4116 ὅσον
3405 4065 3684 4117 ἐπικαλύ-

2098 4167 2246 4204 πτων
2277 4156 2332 4204 ἐν
2363 4153 2550 4215 αὐτοῖς
2582 4153 2904 4222 κρυπτικῶς
2922 4153 3023 4223 τὴν
3050 4154 3362 4224 ὑπόκρισιν.
3392 4155 3501 4208 Καὶ
3523 4156 3681 4224 σίδη·

2098 4258 2188 4312 ρος
2217 4244 2380 4296 αὐτὸν
2410 4242 2691 4311 ἔσφιγγεν,
2719 4243 2747 4294 6
2783 4245 2882 4312 μὲν
2904 4245 3004 4314 τὴν
3031 4245 3202 4312 ὀσφὺν
3239 4244 3516 4309 ζωννύων,
3556 4246 3588 4298 ὀ
3620 4245 3682 4298 δι

2096 4336 2530 4404 ἐπωμιζόμενος,
2588 4337 2616 4388 6
2671 4335 2730 4388 δὲ
2792 4336 3237 4406 ἀμφιμάσχαλος.
3290 4331 3399 4389 Ἦν
3457 4338 3681 4401 ἐκεῖνος

2096 4425 2357 4488 τοιοῦτος,
2391 4428 2485 4479 καὶ
2513 4427 2850 4494 περιενόστει
2895 4427 3258 4494 φρεναπατῶν
3279 4427 3407 4489 τοὺς
3433 4427 3681 4490 πολλοὺς

2100 4518 2462 4586 σιδηρόδετος,
2496 4518 2835 4586 κακουργίας
2861 4519 3006 4580 τινὸς
3038 4514 3192 4588 οἶμαι
3240 4519 3386 4574 κατά
3424 4535 3475 4572 τι
3526 4519 3680 4573 θεῖον

421 4610 603 4677 peragi
654 4609 965 4677 oportebat;
1013 4619 1066 4663 et
1107 4625 1236 4665 ecce
1266 4613 1481 4664 mirum.
1527 4611 1768 4665 Solvitur
1797 4622 1992 4679 sponte

2096 4611 2252 4680 δίκην
2306 4610 2511 4680 ταύτην
2560 4611 2756 4674 διδοὺς,
2814 4615 2906 4663 καὶ
2960 4612 3328 4681 παραφαίνων
3378 4611 3680 4681 ὀφειλέτης

422 4712 448 4746 a
498 4693 688 4750 ferreis
738 4699 944 4753 catonis
983 4701 1179 4766 quibus
1221 4701 1571 4769 dignissimus
1609 4712 1746 4766 erat,
1797 4703 1993 4755 ferrum

2096 4698 2236 4754 εἶναι
2265 4701 2520 4770 τοιαύτης
2546 4701 2855 4770 περιϐολῆς.
2885 4700 3083 4770 Καιρὲς
3125 4701 3186 4770 δή
3217 4718 3320 4762 τις,
3364 4701 3460 4754 καὶ
3484 4703 3677 4770 πράγ-

423 4787 568 4841 lnnni
614 4788 849 4857 iacebat,
891 4789 1146 4856 iacebant
1175 4801 1223 4844 et
1261 4793 1437 4846 aliena
1467 4807 1630 4862 grave
1668 4795 1877 4860 pondus
1910 4810 1993 4848 as-

2097 4809 2243 4861 ματα
2279 4792 2406 4860 περὶ
2460 4792 2620 4844 αὑτὸν
2651 4791 2858 4854 ξενικὰ.
2894 4792 2989 4842 καὶ
3019 4791 3124 4842 ἔδει
3155 4791 3295 4843 αὐτὰ
3331 4787 3631 4859 τηρεῖσθαι
3657 4806 3675 4822 θ

419 4888 550 4934 cette
581 4878 818 4934 humeris
853 4882 1186 4950 impositum,
1242 4893 1299 4938 nt
1349 4885 1566 4950 opinor,
1620 4885 1672 4938 in
1709 4884 1993 4955 'canponis

2095 4885 2186 4935 καὶ
2214 4883 2372 4944 εὐθὺς
2424 4881 2632 4952 θαῦμα.
2689 4882 2892 4934 Λύεται
2949 4882 3050 4950 μὲν
3089 4883 3197 4952 γὰρ
3229 4881 3548 4950 αὐτόματος
3577 4882 3678 4935 τοῦ

419 4967 697 5036 cujusdam
758 4972 1005 5036 taberna,
1061 4973 1154 5041 qui
1213 4973 1388 5030 lassos
1461 4974 1527 5028 ad
1574 4989 1632 5030 se
1687 4975 1879 5028 invitat
1933 4986 1992 5029 ut

2095 4975 2342 5044 σιδηρὲου
2380 4975 2580 5042 δεσμοῦ
2616 4974 2647 5027 6
2675 4973 2886 5026 πολλῶν
2915 4975 3179 5027 τοιούτων
3215 4973 3477 5039 ὲπάξιοςο
3519 4977 3623 5027 καὶ
3650 4975 3681 5025 6

421 5072 813 5116 restaurentur.
847 5062 1335 5122 Commutationem
1383 5067 1524 5124 hanc
1557 5070 1796 5124 retinens
1822 5084 1978 5123 asce-

2095 5065 2192 5133 μὲν
2219 5065 2434 5134 σίδηρος
2467 5065 2609 5116 κατὰ
2638 5064 2739 5132 γῆς
2767 5064 2965 5128 ἔκειτο,
2987 5065 3057 5116 τὰ
3094 5065 3148 5116 δὲ
3176 5065 3441 5132 ἀλλότρια
3468 5067 3679 5131 φόρτος

422 5159 488 5204 Ill!
539 5152 782 5204 exercitii
837 5162 890 5206 et
922 5154 1136 5210 virtutis
1187 5159 1700 5222 remunerationem,
1753 5160 1988 5212 maxime

2095 5159 2193 5218 toi;
2214 5156 2534 5224 ἀσκητικοῖς
2565 5153 2737 5224 ὤμοις
2768 5155 3046 5222 ἐπέκειτο,
3080 5157 3135 5218 ἐς
3186 5156 3439 5224 καπήλου
3476 5154 3560 5224 (1)
3594 5173 3682 5207 τι·

422 5243 726 5310 hypocrisis
768 5245 870 5297 hoc
918 5249 1148 5314 pretium
1197 5251 1473 5316 accipiens
1524 5249 1707 5304 abibat
1743 5251 1986 5320 gaudens

2095 5247 2170 5307 νὸς
2194 5243 2348 5315 οἶμαι
2378 5245 2438 5298 τὸ
2464 5245 2627 5317 ἄχθος
2659 5247 3206 5315 ἀποφορτισομὲνοις,
3243 5245 3679 5313 ύποφωνοῦντος

420 5330 555 5400 ipse,
615 5333 883 5403 lacrymas
935 5351 1061 5390 vero
1116 5339 1341 5405 depositi
1387 5340 1607 5393 domino
1661 5341 1985 5407 relinquens.

421 5423 638 5489 Quanto
671 5425 835 5495 igitur
861 5427 1051 5481 melius
1077 5429 1359 5496 ntagnitice
1396 5430 1582 5482 vestiri
1617 5430 1790 5492 illum,
1823 5429 1988 5498 pallio

421 5517 703 5584 splendido
751 5527 806 5570 et
863 5531 1054 5571 sanum
1106 5535 1248 5583 esse,
1277 5535 1436 5588 quam
1501 5522 1579 5574 sic
1622 5521 1764 5574 ferro
1797 5521 1980 5575 accin-

425 5618 568 5662 ctum
606 5608 743 5662 mala
775 5608 984 5663 inﬁnita
1021 5611 1270 5680 operari!
1306 5611 1370 5664 Et
1397 5627 1540 5666 nunc
1575 5615 1712 5682 apud
1754 5629 1850 5667 nos
1900 5628 1984 5664 as-

496 5764 570 5831 (l)
603 5764 692 5818 Sic
721 5773 905 5833 aperte
933 5781 1030 5822 ms.
1064 5783 1080 5828 ;
1111 5780 1328 5837 praestat
1362 5771 1635 5839 καμήλου.

2085 5339 2194 5398 τοῖς
2227 5335 2368 5390 οὕτω
2427 5338 2686 5400 κοπιῶσι,
2745 5340 2836 5390 καὶ
2891 5339 3348 5406 πεφορτισμένοις
3379 5335 3677 5405 ἔρχεσθαι,

2088 5431 2185 5481 καὶ
2211 5429 2589 5482 ἀναπαύεσθαι
2613 5429 2742 5498 παρ’
2775 5429 2944 5498 αὐτῷ.
2975 5430 3082 5482 Καὶ
3107 5428 3472 5496 ἀντάλλαγμα
3505 5426 3674 5479 τοῦτο

2091 5521 2234 5588 σχὼν
2257 5522 2463 5582 ἐκεῖνος
2496 5521 2780 5590 ἀσκήσεως
2809 5523 2904 5572 καὶ
2937 5520 3128 5587 μισθὸν
3157 5517 3386 5586 ἀρετῆς,
3425 5519 3677 5587 μάλιστα

2100 5613 2198 5681 μὲν
2247 5609 2338 5662 οὖν
2371 5610 2502 5664 ὥνια
2556 5611 2726 5664 ταῦτα
2787 5612 3007 5680 βαθείας
3061 5610 3239 5662 λαϐὼν
3293 5610 3676 5680 ὑποκρίσεως,
