3908 6546
216 383 317 447 233

1349 374 1449 432 AD
1485 371 1865 433 STYLITAM
1893 329 2298 443 'QUEMDAM.

3341 369 3448 433 234

217 495 372 566 ᾤχετο
399 488 562 551 αὐτὸς
595 488 696 558 μὲν
728 487 956 558 χαίρων,
1011 482 1305 554 κλαύματα
1336 485 1392 538 δὲ
1424 485 1502 554 τῷ
1534 487 1632 555 τῆς
1665 501 1763 537 πα·

1880 493 2124 538 servatur
2175 484 2380 538 lerrum
2447 485 2632 549 istud,
2686 484 2826 542 risus
2885 487 3099 555 quidem
3161 487 3441 538 materiam

224 586 456 656 ραθήκης
518 580 761 650 δεσπότῃ
810 576 1149 632 καταλιπών.
1205 577 1374 630 Πόσον
1424 578 1496 647 »δὴ
1531 577 1775 642 κάλλιον,

221 674 638 745 λαμπρειμονεῖν
664 673 898 731 ἐκεῖνον,
925 671 1018 722 καὶ
1050 669 1352 739 ἱματισμὸν
1379 668 1560 736 εὐαφῆ
1613 683 1777 735 περι-

224 767 442 828 κεῖσθαι,
469 765 566 817 καὶ
597 765 922 834 σωφρονεῖν,
951 763 1098 832 ἥπερ
1131 761 1275 814 οὕτω
1307 761 1510 831 σιδήρῳ
1541 759 1774 830 βαρυνό-

225 873 370 929 μενον
397 856 569 926 μυρία
601 857 748 908 κακὰ
767 851 1182 923 ἐπαχθίζεσθαι.
1209 852 1320 904 Καὶ
1343 849 1778 918 νῦνκειμηλιοῦ-

217 965 297 1004 ται
326 948 452 1017 παρ’
477 949 611 1016 ἡμῖν
643 947 856 1008 ἐκεῖνος
884 948 912 998 ὁ
938 944 1180 1013 σίδηρος,
1209 942 1388 1012 θέαμα
1416 940 1614 1010 σεμνὸν
1650 938 1774 992 ἐσό-

219 1057 384 1110 μενος,
414 1039 614 1110 μνοῦν
653 1055 714 1106 γε
740 1038 980 1109 χορηγία
1002 1037 1237 1104 γέλωτος
1263 1034 1362 1104 μὲν
1381 1034 1496 1096 τοϊς
1527 1031 1766 1097 πολλοῖς,

215 1129 534 1197 ἐπιστροφῆς
561 1129 620 1181 δὲ
652 1131 766 1190 τοῖς
800 1127 1048 1195 ἀγαθοῖς.
1087 1125 1349 1178 Κείσεται
1390 1124 1500 1194 γάρ
1534 1123 1768 1193 ὑποκρί-

216 1235 336 1280 σεως
385 1217 678 1289 θρίαμϐος,
716 1219 963 1287 ἐλέγχων
1021 1216 1227 1286 ἀρετὴν
1272 1213 1767 1283 ψευδεπίπλαστον,

216 1312 298 1362 καὶ
346 1311 855 1380 παραδειγματίζων
912 1311 1007 1362 τὸν
1065 1311 1167 1362 οὐκ
1228 1307 1453 1374 ἀγαθὸν,
1492 1304 1632 1375 τάχα
1658 1303 1767 1356 οὐδ’

215 1401 521 1472 ἀπορριφεὶς
572 1403 678 1454 ὑπὸ
727 1403 822 1456 τοῦ
851 1403 1061 1472 φαύλου
1084 1403 1374 1471 ζωγράφου
1403 1398 1504 1466 τῆς
1542 1397 1766 1467 ἀρετῆς,

1872 578 2056 631 multis
2087 578 2458 646 suppeditans,
2482 592 2870 632 conversurum
2906 594 3034 634 vero
3067 581 3254 634 bonos.
3290 580 3445 634 lace-

1871 670 1950 724 bit
1980 670 2123 724 enim
2157 670 2456 738 hypocrisi-3
2480 671 2812 740 triumphus,
2860 676 3114 729 virtutem
3136 676 3444 732 simulatam

1869 775 2124 828 arguens,
2159 775 2394 830 eumque
2423 763 2517 830 qui
2544 777 2650 816 non
2679 773 2764 817 cst
2810 764 2982 818 bonus
3012 767 3292 836 detegens,
3339 781 3444 819 non

1878 853 2142 920 spoliatus
2174 868 2202 905 a
2233 853 2324 906 vili
2360 854 2577 907 virtutis
2606 854 2842 920 ﬁctione,
2875 861 2967 911 sed
2998 859 3170 912 virum
3218 861 3446 914 insidia-

1871 951 2041 998 torem
2097 943 2316 996 evitans
2351 959 2416 998 ne
2451 943 2658 998 inutilis
2695 945 2810 1000 tiat.
2862 946 3108 1016 Sigillum
3149 962 3232 1005 est
3260 957 3442 1022 proba:

1867 1031 2160 1097 asperioris
2192 1031 2314 1084 vitae
2360 1031 2662 1100 symbolum
2714 1048 2950 1090 mercem
2987 1039 3304 1096 adulterans
3335 1043 3444 1096 vir-

1869 1119 1999 1174 tutis
2046 1121 2258 1175 beatam
2306 1135 2509 1177 sortem
2546 1125 2598 1177 in
2633 1124 2851 1182 homine
2891 1128 3080 1184 doloso
3123 1141 3178 1185 et
3223 1133 3445 1188 malitia:

1867 1212 2236 1281 prostituens;
2272 1213 2472 1268 multos
2512 1217 2567 1270 in
2600 1218 2768 1285 ipsam
2809 1219 3036 1275 lenones
3064 1223 3282 1279 adducit
3304 1241 3444 1295 prte-

1868 1301 2059 1357 sertim
2091 1303 2376 1359 desideriis
2420 1305 2586 1360 honos
2625 1309 2913 1364 desideriis
2939 1313 3254 1382 subjugntos
3279 1325 3335 1367 et
3367 1318 3445 1369 vi-

1867 1392 2037 1447 litatis
2071 1397 2388 1463 apparentia
2431 1397 2665 1452 delusus.

213 1498 313 1550 ἀλλ*
339 1499 494 1561 αὐτὸς
520 1498 836 1568 διεκφυγὼν
867 1500 1035 1568 ἄνδρα
1071 1497 1378 1559 ἐπίϐουλον,
1415 1495 1610 1563 ἵναμὴ
1660 1492 1757 1544 καὶ
1796 1491 2076 1560 ἀχρειοῖτο
2101 1506 2114 1520 ·
2161 1492 2474 1564 σήμαντρον
2546 1496 2646 1564 μὲν
2696 1497 2770 1549 ὢν
2815 1502 3067 1571 ἐναρέτου
3108 1504 3276 1575 ζωῆς,
3345 1509 3442 1562 καὶ

212 1593 522 1659 τραχυτέρου
546 1591 663 1659 βίου
688 1590 979 1659 σύμϐολον,
1003 1589 1336 1658 καπηλεύων
1397 1587 1454 1640 δὲ
1513 1587 1611 1655 τῆς
1637 1584 1837 1654 ἀρετῆς
1873 1583 1934 1636 τὸ
1971 1583 2246 1652 μακάριον
2281 1587 2339 1638 ἐν
2366 1587 2524 1656 ἀνδρὶ
2581 1589 2838 1660 κιϐδήλῳ,
2903 1595 2998 1646 καὶ
3045 1603 3441 1666 μαστροπεύων

211 1679 304 1734 οἷον
349 1684 412 1750 τῇ
443 1682 637 1752 κακίᾳ,
682 1674 788 1735 ’καὶ
821 1683 1052 1744 πολλοὺς
1097 1684 1181 1744 εἰς
1214 1680 1385 1748 αὐτὴν
1421 1678 1761 1746 ἐπαγόμενος
1801 1675 2042 1745 φαύλους
2070 1677 2330 1743 ἐραστὰς.
2361 1679 2564 1745 μᾶλλον
2598 1684 2696 1750 μὲν
2725 1682 2817 1736 οὖν
2869 1686 3107 1753 ἀγαθοὺς
3171 1691 3442 1760 ξτλλωτὰςι

211 1774 579 1842 δουλουμένους
632 1774 732 1845 τὴν
778 1773 1074 1844 ἐπιθυμίαν
1100 1815 1116 1839 ,
1177 1774 1270 1826 καὶ
1303 1770 1768 1840 φενακιζομένους
1805 1769 1882 1838 τῷ
1907 1769 2334 1838 προφαινομένῳ
2362 1773 2458 1839 τῆς
2489 1773 2846 1844 φαυλότητος.

716 1834 738 1874 δ

269 1867 368 1930 λς’.
393 1866 602 1935 Μηδεὶς
621 1860 998 1934 εἴη’τοιοῦτος,
1027 1865 1218 1936 μηδεὶς
1237 1863 1381 1917 οὓτω
1402 1861 1754 1934 ,βαρυνέσθιιν

1927 1860 2016 1916 56.
2056 1860 2227 1915 Nemo
2271 1862 2396 1918 talis
2439 1873 2576 1931 esto;
2625 1881 2689 1919 ne
2729 1870 2810 1921 sic
2851 1882 3146 1940 gravetur;
3197 1880 3288 1932 sed
3328 1881 3442 1937 alas

214 1958 334 2013 ἀλλὰ
373 1957 432 2011 τὸ
463 1957 564 2027 τῆς
605 1958 1005 2026 ἁνυποκρισίας
1039 1956 1225 2026 φέρων
1279 1955 1503 2025 πτερὸν,
1558 1952 1762 2021 κοῦφος

215 2049 454 2120 αἰρέσθω,
489 2052 588 2102 καὶ
615 2047 754 2119 πρὸς
775 2047 916 2103 Θεὸν
942 2047 1304 2113 άναϐαινέτω,
1349 2046 1526 2113 εἰδὼς,
1559 2046 1632 2110 ὡς
1667 2063 1764 2099 κα·-

214 2142 292 2206 λὸς
322 2143 416 2213 μέν
438 2144 534 2194 καὶ
567 2143 596 2195 ὁ
627 2143 891 2214 ἁσίδηρος
927 2143 1023 2196 καὶ
1049 2141 1204 2209 ψιλὸς
1235 2140 1370 2212 βίος,
1399 2141 1565 2204 καλὸς
1586 2139 1646 2194 δὲ
1670 2140 1763 2194 καὶ

209 2237 238 2289 ό
260 2236 655 2306 καταφράσσων
691 2235 931 2305 σίδηρος,
961 2235 1011 2288 ει
1053 2232 1237 2298 καλῶς
1270 2235 1513 2306 φοροίτο,
1542 2233 1638 2285 καὶ
1669 2247 1764 2299 γεη

212 2329 506 2398 γανωμένος
526 2329 594 2398 τῇ
619 2325 890 2398 ἁπλότητι
917 2326 1154 2393 στίλϐει,
1186 2327 1284 2382 καὶ
1309 2327 1387 2399 μὴ
1428 2325 1522 2382 τὸν
1548 2323 1643 2379 τοῦ
1665 2324 1762 2378 τύ-

214 2436 301 2488 φου
329 2421 402 2472 ίὸν
433 2419 831 2492 προϐέϐληται.

273 2509 361 2574 λζ’.
390 2511 459 2564 Τί
492 2512 604 2583 γάρ
632 2528 720 2582 μοι
748 2512 848 2565 καὶ
880 2509 1149 2583 ἱστορίαις
1179 2511 1545 2580 ἑνδιατρίψαι,
1577 2509 1658 2574 ὡς
1695 2511 1762 2564 ἂν

215 2601 436 2674 ἐντρέψω
469 2603 561 2656 τὸν
588 2603 657 2656 ἐκ
691 2603 788 2657 τοῦ
832 2603 1213 2675 σιδηροφορεῖν
1239 2603 1446 2673 τῦφονς
1480 2601 1547 2690 Τί
1583 2603 1640 2656 δέ

218 2694 338 2746 ἐθῶν
364 2695 743 2764 ἀναμνηστέον
773 2695 1022 2750 παλαιῶν
1043 2696 1140 2749 καὶ
1164 2695 1354 2763 ἐθνῶν,
1389 2697 1450 2749 ἐν
1476 2689 1558 2760 οἷς
1593 2693 1763 2765 εὓρη-

219 2802 296 2839 ται
317 2787 374 2839 τὸ
397 2787 792 2857 στρατιωτικὸν
834 2789 1021 2852 ὅπλοις
1050 2789 1456 2859 ἐπηχθισμινυν
1489 2789 1584 2843 διὰ
1615 2788 1760 2859 βίου,

218 2877 270 2930 ἐν
288 2895 340 2931 τε
363 2878 439 2948 τῷ
464 2880 872 2948 ἐκκλησιάζειν,
899 2880 958 2934 ἐν
981 2899 1042 2935 τε
1071 2880 1150 2950 τῷ
1180 2880 1592 2950 συμποιάζειν,
1623 2881 1681 2934 ἐν
1703 2897 1764 2933 τε

221 2970 360 3035 ὁδοῖς,
389 2974 483 3026 καὶ
507 2972 646 3034 ὅλως
690 2974 1000 3043 πανταχοῖν
1034 2973 1108 3036 ὼς
1139 2973 1206 3027 ἂν
1239 2973 1411 3036 οὕτως
1445 2971 1676 3043 εὔφορον
1703 2972 1764 3024 τὸ

220 3062 302 3131 τῆς
329 3064 629 3125 πανοπλίας
659 3062 824 3133 βάρος
854 3064 1038 3127 αὐτοῖς
1064 3064 1158 3133 εῐη
1181 3065 1277 3118 καὶ
1306 3063 1617 3134 περίϐλημε.
1643 3064 1767 3117 σύν-

223 3153 362 3221 ηθες,
423 3156 567 3208 καθὰ
620 3156 716 3208 καί
747 3173 830 3218 τις
883 3157 1201 3225 ἱματισμὸς,
1253 3160 1765 3227 ἐγγυμνασαμένοις

219 3245 284 3312 τῷ
308 3249 518 3314 συνεχεῖ
552 3247 648 3300 τοῦ
679 3247 1046 3318 συνεθισμοῦς
1081 3251 1146 3302 Τί
1189 3250 1246 3302 δὲ
1282 3250 1759 3320 προσιστορητέον,

221 3339 301 3388 καὶ
323 3338 435 3390 ὅσοι
459 3340 596 3407 πρὸς
623 3341 742 3402 τοῖς
773 3340 965 3403 ὅπλοις
1009 3341 1104 3394 καὶ
1133 3340 1282 3394 λίθον
1317 3341 1466 3404 ἄξιον
1496 3340 1654 3408 λόγου
1683 3341 1764 3402 είς

221 3428 395 3495 φόρτον
414 3429 625 3501 ἔφερον,
654 3431 712 3484 ὃν
743 3431 913 3502 ἐχρῆν
936 3433 994 3485 ἐν
1012 3432 1188 3502 καιρῷ
1202 3432 1574 3503 ἀπερῤιφότας
1602 3431 1761 3500 ἔργου

221 3520 469 3574 ἅπτεσθαι
507 3524 886 3593 γενναιότερόν
920 3541 978 3576 τε
1012 3526 1108 3577 καὶ
1139 3526 1522 3595 ἐλαφρότερον,
1556 3524 1630 3584 ὡς
1669 3522 1763 3576 ἐὰν

226 3611 290 3680 μὴ
313 3614 694 3684 κατάφρακτός
732 3633 815 3678 τις
843 3611 933 3686 ἦν,
961 3615 1097 3669 ἀλλὰ
1124 3617 1299 3686 ψιλὸς,
1330 3617 1363 3686 ἢ
1397 3617 1490 3669 καὶ
1511 3615 1762 3685 ἡμίγυμ-

221 3719 329 3768 νοςς
370 3707 429 3758 Τί
453 3708 583 3774 γοῦν
632 3725 724 3778 μοι
753 3710 849 3762 καὶ
878 3710 1141 3772 τοιούτοις
1183 3709 1520 3780 ἐνδιατρίψαι
1559 3710 1758 3777 λόγοις,

223 3794 338 3847 ἔνθα
365 3799 528 3850 εἰπεῖν
563 3800 804 3870 ἀπόχρη,
839 3801 908 3854 τὰ
941 3803 1127 3871 μακρὰ
1167 3801 1499 3872 ἐπιτεμόντα
1524 3801 1598 3863 ὡς
1621 3802 1761 3870 φιλῶ

228 3887 318 3955 μὲν
352 3889 454 3956 ἐγὼ
479 3891 569 3945 τὸν
597 3893 842 3946 τοιοῦτον
881 3893 1102 3964 σίδηρον
1129 3895 1224 3947 καὶ
1250 3894 1558 3964 ὑπερφιλῶ,
1583 3896 1762 3946 ἐκεῖνο

231 3983 681 4052 συνεννοούμενος,
709 3985 786 4047 ὼς
823 3983 952 4037 οὔτε
1003 3984 1236 4054 πόλεμος
1266 3989 1294 4039 ὁ
1322 3987 1458 4056 πρὸς
1505 3985 1762 4052 αἴσθησιν

225 4072 342 4140 ῥᾷον
365 4075 786 4146 κατεργασθείη,
816 4077 893 4147 μὴ
952 4077 1046 4132 καὶ
1095 4078 1299 4148 σιδήρῳ
1330 4077 1755 4148 βραϐευόμενος,

224 4162 309 4214 καὶ
330 4165 507 4233 νοητὸς
529 4166 586 4218 δὲ
606 4166 782 4220 δέοιτο
812 4169 878 4222 ἄν
910 4184 1042 4222 ποτε
1062 4169 1156 4222 τοῦ
1189 4169 1408 4240 σιδήρου
1442 4168 1638 4222 τούτου
1663 4185 1764 4221 κα-

222 4249 347 4318 ὶῶςς
378 4256 478 4308 Καὶ
505 4258 534 4309 ὁ
557 4255 748 4310 τοῦτον
773 4259 954 4329 φορῶν
979 4260 1117 4329 μετὰ
1143 4260 1304 4328 λόγου
1325 4259 1490 4329 ὀρθοῦ
1510 4258 1644 4313 ὡσεὶ
1666 4259 1763 4312 καὶ

228 4339 363 4408 βέλος
385 4346 635 4402 ἐκλεκτὸν
655 4349 932 4416 λογίζεται
965 4350 1043 4421 τῷ
1071 4351 1194 4422 Θεῷ
1214 4351 1292 4423 τῷ
1316 4351 1501 4422 πτερῷ
1533 4352 1632 4422 μὲν
1659 4351 1763 4420 τῆς

228 4435 397 4499 νοερᾶς
424 4435 824 4507 άνωφορήσεως
853 4439 1274 4511 κουφιζόμενος,
1316 4439 1762 4511 προϐεϐλημένος

1863 1953 1930 2007 ab
1975 1954 2244 2023 hypocrisi
2287 1954 2491 2009 alienas
2515 1972 2732 2026 gerens,
2775 1963 3023 2020 sublimis
3047 1968 3267 2024 tollatur
3291 1981 3344 2025 et
3374 1975 3444 2028 ad

1869 2045 2036 2099 Deum
2077 2049 2353 2110 ascendat,
2423 2048 2604 2103 sciens
2667 2053 2809 2118 quod
2861 2056 2906 2108 si
2955 2058 3176 2124 pulchra
3225 2063 3441 2132 quidem

1871 2135 2078 2204 absque
2105 2135 2251 2191 ferro
2304 2149 2359 2192 et
2416 2139 2633 2194 humilis
2665 2142 2798 2209 vita,
2831 2146 3116 2213 pulchrum
3159 2155 3322 2206 etiam
3358 2167 3445 2208 cst

1864 2240 2140 2284 armorum
2173 2227 2374 2284 ferrum
2425 2231 2468 2285 si
2521 2233 2658 2288 bene
2689 2246 2958 2304 gestatum
2991 2241 3101 2296 erit
3132 2252 3187 2296 et
3221 2245 3443 2314 simpli-

1862 2318 2030 2376 citate
2081 2321 2307 2390 politum
2358 2322 2626 2392 splendet,
2675 2341 2775 2382 nec
2802 2345 3039 2401 unquam
3083 2350 3194 2404 pra:
3231 2351 3290 2393 se
3321 2338 3444 2394 tulit

1861 2411 2131 2479 superbia:
2163 2427 2452 2470 venenum.

1932 2500 2020 2556 57.
2063 2503 2174 2557 Cur
2201 2515 2380 2560 autem
2408 2511 2814 2569 narrationibus
2840 2520 3052 2584 tempus
3077 2525 3211 2581 tero,
3231 2528 3289 2574 ut
3312 2521 3439 2575 ferri

1863 2593 2093 2663 superbe
2163 2599 2364 2667 portati
2429 2605 2792 2670 arrogantiam
2865 2606 3168 2664 incutiam?
3219 2609 3331 2666 Cur
3384 2613 3439 2668 iu

1865 2688 2180 2744 memoriam
2217 2691 2470 2762 antiquos
2491 2710 2674 2752 mores
2711 2699 3041 2768 populosque
3084 2716 3352 2770 revocem,
3384 2705 3440 2759 in

1862 2781 2062 2850 quibus
2121 2783 2470 2841 inveniuntur
2521 2803 2619 2858 per
2653 2791 2822 2846 vitam
2877 2794 3074 2848 armati
3126 2795 3440 2859 bellatores,

1866 2870 1920 2924 in
1949 2872 2201 2937 cmtibus,
2223 2871 2276 2928 iu
2315 2879 2604 2946 conviviis,
2629 2880 2682 2934 in
2714 2882 2840 2939 viis.
2866 2883 3106 2952 ubique;
3141 2888 3294 2956 quasi
3326 2887 3443 2942 leve

1865 2975 2012 3018 esset
2036 2975 2325 3022 armaturae
2355 2971 2520 3024 totius
2553 2985 2692 3027 onus
2718 2984 2771 3026 et
2802 2975 3020 3030 solitum
3041 2977 3438 3044 indumentum,

1867 3057 2008 3110 sicut
2068 3063 2464 3117 consuetudine
2517 3063 2847 3122 indesinenti
2898 3070 3289 3128 circumdatis?
3331 3075 3442 3129 Cur

1868 3163 1998 3204 vero
2025 3150 2249 3220 insuper
2276 3153 2452 3208 dicam
2486 3167 2754 3226 quotquot
2789 3171 2988 3226 praeter
3028 3177 3179 3217 arma
3222 3175 3275 3219 et
3314 3182 3442 3234 pre-

1871 3240 2038 3294 tiosos
2089 3243 2292 3310 lapides
2325 3249 2636 3314 portabunt,
2661 3264 2824 3318 quem
2859 3261 3099 3322 tempore
3139 3269 3444 3324 Opportuno

1869 3333 2135 3398 projicere
2189 3338 2471 3403 oportebat
2520 3341 2769 3394 nobiliori
2825 3355 2880 3397 et
2939 3344 3122 3400 leviori
3163 3362 3442 3418 assumpto

1869 3436 2050 3492 opere,
2084 3433 2140 3478 ut
2163 3426 2207 3480 si
2233 3427 2356 3495 quis
2398 3443 2503 3482 non
2539 3438 2682 3485 tutus
2715 3433 2973 3490 loricatus
3005 3449 3147 3493 esset
3177 3449 3270 3494 aut
3309 3442 3442 3495 levis

1867 3525 2018 3570 ossct
2059 3523 2393 3574 armatura}?
2439 3520 2548 3576 Cur
2598 3536 2778 3578 autem
2841 3527 3034 3582 talibus
3099 3535 3441 3590 sermonibus

1879 3613 2090 3672 tempus
2126 3617 2264 3672 tero,
2320 3611 2409 3664 ubi
2452 3612 2635 3666 dicere
2662 3615 2855 3669 suilieit
2890 3617 3145 3687 breviter,
3177 3635 3437 3692 quantum

1873 3696 1979 3749 tale
2021 3696 2225 3750 ferrum
2271 3714 2394 3752 amo
2426 3711 2477 3754 et
2513 3702 2699 3772 diligo,
2741 3705 2869 3762 illud
2916 3725 3126 3764 mecum
3184 3726 3439 3781 reputans

1871 3790 2016 3858 quod
2057 3789 2263 3843 nullum
2311 3791 2528 3848 facilius
2580 3809 2988 3855 consummatur
3034 3805 3230 3858 bellum
3279 3822 3436 3875 quam

1868 3880 2017 3934 ferro
2047 3881 2114 3935 ad
2139 3881 2403 3952 judicium
2457 3897 2771 3957 assumpto;
2816 3901 2870 3946 et
2926 3895 3206 3962 spirituale
3241 3897 3436 3953 bellum

1867 3976 2070 4042 optime
2102 3972 2249 4029 ferro
2281 3975 2384 4032 hoe
2409 3979 2574 4048 eget?
2603 3981 2706 4046 Qui
2748 3983 2893 4038 istud
2929 3997 3076 4041 recta
3102 3990 3309 4046 ratione
3337 3994 3441 4046 l'ert

1871 4061 1964 4114 teli
1995 4061 2156 4116 electi
2198 4064 2375 4119 instar
2395 4066 2507 4122 Deo
2543 4072 2785 4126 destinat
2811 4075 3114 4142 spiritualis
3145 4080 3439 4136 exultatio-

1869 4153 1956 4206 nis
1993 4153 2077 4206 ala
2129 4155 2395 4222 sublatus,
2437 4159 2525 4213 teli
2562 4176 2693 4216 vero
2729 4164 2899 4219 instar
2934 4179 3150 4222 acutum
3198 4172 3340 4227 istud
3379 4184 3439 4229 et

1870 4244 2053 4299 hostes
2100 4259 2338 4304 enecans
2383 4250 2526 4304 inter
2580 4255 2814 4320 pericula
2865 4272 3046 4312 secum
3078 4275 3269 4328 gerens
3331 4263 3439 4318 fer-

1870 4350 2013 4402 rum,
2037 4345 2096 4392 et
2118 4339 2199 4394 sic
2225 4340 2366 4395 alata
2398 4346 2592 4414 sagitta
2624 4358 2923 4416 opportune
2975 4352 3178 4406 vibrata
3220 4366 3273 4408 et
3303 4373 3436 4409 cun-

1871 4436 1952 4482 tra
1989 4429 2262 4487 diabolum
2317 4434 2516 4488 intorta
2565 4437 2617 4490 in
2655 4441 2907 4508 sagittam
2943 4444 3213 4498 volantem
3265 4450 3316 4500 in
3347 4448 3438 4503 die

229 4517 274 4572 δὲ
299 4523 381 4575 τὸν
425 4522 536 4578 οἷον
565 4526 799 4598 ὀξυϐελῆ
830 4529 1020 4582 τοῦτον
1054 4531 1150 4583 καὶ
1184 4530 1456 4601 τμητικὸν
1482 4531 1594 4584 τῶν
1627 4532 1761 4584 ἀπε-

1869 4516 2064 4574 fertur.
2096 4520 2187 4576 Sic
2225 4524 2438 4592 quidem
2473 4525 2601 4582 ferri
2631 4533 2983 4598 gestationem
3006 4539 3242 4593 maxime
3277 4555 3433 4608 amo;

232 4615 424 4678 ναντίας
463 4617 750 4686 δυνάμεων
793 4620 1048 4692 σίδηρον·
1089 4622 1187 4677 καὶ
1221 4621 1401 4685 ὀϊστὸς
1445 4621 1590 4675 οὕτω
1631 4640 1768 4676 πτε-

235 4699 370 4766 ρόεις.
402 4709 593 4778 καίρια
623 4710 856 4779 βάλλων,
900 4713 1000 4766 και
1047 4714 1191 4768 κατὰ
1223 4712 1320 4766 τοῦ
1351 4713 1600 4768 διαϐόλου
1625 4730 1766 4783 πεμ-

233 4787 454 4860 πόμενος,
501 4800 600 4851 καὶ
630 4800 707 4867 τῷ
736 4817 1026 4874 πετομενῳ
1066 4804 1282 4874 ἡμέρας
1311 4805 1458 4874 βέλει
1485 4807 1764 4860 ἀντιπετό-

234 4890 386 4941 μενος.
443 4889 551 4941 Καὶ
584 4891 730 4944 οὕτω
777 4892 880 4961 μὲν
935 4894 1034 4964 τὴν
1068 4895 1323 4965 τοιαύτην
1377 4896 1760 4968 σιδηροφορίαν

1866 4619 1992 4673 dico
2005 4635 2131 4676 vero
2149 4621 2541 4693 desperandum
2567 4643 2670 4683 non
2686 4645 2806 4686 esse
2820 4636 2962 4703 quod
2978 4637 3138 4692 aliter
3153 4640 3299 4695 salus
3322 4653 3437 4698 ten-

1867 4711 2025 4766 tanda
2047 4713 2136 4768 sit.
2161 4713 2294 4768 Nam
2314 4731 2505 4788 pugnae
2535 4721 2715 4776 multa
2748 4734 2802 4778 et
2833 4725 3065 4782 hostium
3096 4734 3277 4786 clades
3305 4750 3437 4788 cou-

1863 4801 2276 4862 licerentursine
2289 4805 2454 4863 ferro.
2476 4809 2672 4868 Multos
2687 4831 2815 4884 ergo
2827 4827 2881 4871 et
2895 4818 3096 4889 lapides
3115 4824 3436 4887 adiuverunt

1858 4904 1914 4949 et
1932 4895 2162 4963 trophaea
2185 4897 2459 4954 innumera
2487 4917 2778 4961 erexerunt
2797 4919 2850 4963 et
2867 4913 3074 4979 publice
3089 4925 3144 4969 et
3161 4920 3432 4986 privatim.

233 4968 488 5042 δτερφιλῶ
508 4995 522 5007 ·
562 4985 706 5048 λέγω
749 4987 828 5051 δὲ,
872 4987 947 5057 μὴ
975 4990 1177 5058 χρῆναι
1203 4993 1610 5059 ἀπεγνωκέναι,
1646 4991 1789 5045 εἶναι
1829 4997 1922 5044 καὶ
1948 4992 2124 5052 άλλως
2156 4992 2448 5057 σώζεσθαι.
2485 4997 2588 5050 Καὶ
2617 5002 2726 5074 γάρ
2755 5022 2838 5058 τοι
2867 4968 2987 5061 ’καὶ
3030 4968 3200 5082 μάχαι
3239 5018 3433 5080 πολλαὶ

233 5063 309 5116 καὶ
336 5067 604 5137 πολεμίων
629 5077 927 5132 καταϐολαὶ
953 5080 1199 5134 άνύοιντο
1251 5083 1342 5148 ἂν,
1367 5083 1574 5153 σιδήρῳ
1622 5082 2095 5154 ἀμεταχείριστοι.
2131 5085 2367 5148 Πολλοὺς
2390 5087 2521 5155 γοῦν
2560 5063 2656 5144 καλ
2695 5063 2854 5149 ’λίθοι
2920 5063 3234 5173 καταμόνας
3292 5063 3432 5182 δὺνηὶ

229 5175 328 5220 σαν,
354 5162 439 5213 καὶ
469 5164 642 5233 μυρία
665 5164 928 5235 ὤρθωσαν
955 5174 1212 5241 τρόπαια,
1253 5177 1349 5228 καὶ
1392 5176 1568 5229 ταῦτα
1597 5179 1751 5247 κοινῇ
1792 5194 1852 5229 τε
1888 5178 1981 5231 καὶ
2014 5177 2144 5248 ίδίᾳ.

281 5253 372 5322 λη’.
405 5254 466 5307 Ei
503 5257 640 5324 γοῦν
678 5262 772 5313 καὶ
802 5263 830 5314 ὁ
875 5264 1060 5328 ἱκανὸς
1088 5271 1154 5336 τῇ
1205 5269 1356 5338 χειρὶ
1396 5268 1558 5322 Δαυῒδ
1608 5270 1758 5341 ὅπλῳ

225 5343 419 5413 τοιούτῳ
451 5352 592 5401 κατὰ
636 5353 873 5419 μεγάλου
922 5357 1120 5427 ἐχθροῦ
1177 5360 1537 5430 ἐνελάμψατο,
1595 5364 1644 5416 εἰ
1691 5363 1755 5434 δὴ

227 5432 377 5498 τοῦτο,
423 5444 745 5505 γινωσκέτω
789 5446 818 5496 ὁ
851 5447 1205 5521 σιδηροφόρος
1271 5453 1540 5522 ἀσκητὴς,
1590 5432 1759 5508 καλὸν

228 5528 428 5594 πρᾶγμα
457 5538 633 5585 ποιεῖν
657 5550 672 5564 ·
702 5537 996 5609 ἀπεχέσθω
1023 5543 1080 5596 δὲ
1125 5543 1226 5613 τῆς
1273 5546 1384 5598 τῶν
1421 5546 1624 5599 λοιπῶν
1661 5565 1760 5602 κα-

226 5617 513 5683 τακρίσεως,
544 5626 641 5679 καὶ
677 5628 772 5681 τοῦ
805 5629 990 5685 λαλεῖν
1029 5634 1209 5704 ὑψηλᾶ
1247 5638 1342 5689 καὶ⁸
1401 5640 1754 5707 φρονεῖν,⁴ἴνα

230 5706 293 5801 ξιῆ
319 5710 464 5777 μόνον
491 5714 598 5778 ἔξω
649 5722 842 5791 φοροίη
890 5725 980 5777 τὸν
1028 5727 1269 5798 σίδηρον,
1309 5731 1401 5783 καὶ
1449 5706 1755 5801 νπροφαίνοι

231 5796 480 5869 ἐπιπολῆς.
517 5806 653 5859 ἀλλὰ
681 5811 773 5861 καὶ
805 5814 883 5874 εἰς
938 5817 1101 5881 βάθος
1137 5796 1294 5890 φέροι
1357 5823 1416 5874 ὲν
1465 5796 1532 5894 τῇ
1565 5796 1734 5897 ψυχῇ,

402 5896 666 5963 Parnm"
706 5903 822 5964 (in.
857 5905 1195 5973 CXXXVI.

1936 5269 2026 5327 58.
2068 5270 2124 5326 Si
2159 5287 2289 5340 ergo
2315 5285 2370 5328 et
2403 5291 2562 5330 inanu
2595 5279 2748 5334 fortis
2773 5281 2940 5339 David
2975 5287 3076 5343 isto
3111 5292 3216 5346 telo
3243 5310 3428 5352 contra

1856 5376 2107 5431 magnum
2138 5366 2345 5420 hostem
2379 5368 2597 5434 effulsit,
2620 5372 2665 5426 si
2702 5374 2828 5427 illud
2861 5390 3193 5449 rcputamus,
3219 5391 3429 5444 noscito

1855 5449 1987 5506 ferri
2029 5466 2272 5522 gestator
2298 5472 2503 5524 asceta,
2539 5463 2825 5528 pulchrum
2853 5484 2910 5521 se
2939 5487 3077 5540 opus
3105 5472 3318 5542 facere;
3368 5496 3429 5534 se

1855 5559 1988 5599 vero
2030 5562 2058 5599 a
2108 5548 2338 5618 reliquis
2362 5551 2676 5620 iudicandis
2715 5557 3008 5627 abstineat,
3039 5579 3067 5615 a
3106 5565 3426 5624 sublimibus

1854 5638 2035 5692 verbis
2076 5650 2127 5693 et
2158 5643 2602 5713 cogitationibus,
2640 5663 2706 5702 ne
2733 5652 2903 5704 solum
2935 5655 3276 5715 extrinsecus
3312 5662 3424 5716 fer-

1852 5742 1970 5781 rum
2018 5741 2171 5799 gerat
2217 5744 2267 5787 et
2315 5735 2450 5791 foris
2490 5739 2708 5806 fulgeat,
2763 5745 2857 5796 sed
2911 5759 2960 5800 et
3007 5747 3190 5802 intima
3247 5755 3423 5809 anima

1847 5825 1987 5882 ferat
2019 5837 2074 5883 et
2102 5829 2181 5884 sic
2217 5829 2524 5888 incurvetur
2547 5837 2782 5907 humilis,
2804 5839 2910 5895 imo
2927 5840 3425 5916 undcquaquelori-

2989 5938 3030 5996 8
