3908 6558
396 379 506 442 235

1089 374 1512 436 EUSTATHII
1551 373 2307 439 THESSALONICENSIS
2347 375 2912 438 METROPOLITAE

3541 372 3652 439 236

311 497 314 500 ’
397 504 550 545 tatus
582 488 815 543 hostium
835 485 1014 541 victor
1029 499 1258 542 evauat.
1291 487 1398 542 Sed
1438 488 1517 543 sic
1549 489 1762 558 quidem
1794 487 1982 544 militis

2095 490 2179 544 καὶ
2211 489 2353 545 οὕτω
2399 491 2550 544 κάτω
2607 489 2914 557 κάμπτοιτο
2971 485 3417 558 ταπεινούμενος.
3450 488 3656 558 μᾶλλον

397 581 559 635 turris
597 578 838 634 custodis
897 578 1070 633 locum
1100 587 1282 640 tenes.
1315 594 1348 632 ο
1406 579 1621 634 excelse
1669 578 1853 643 homo,
1883 591 1984 631 cu-

394 674 484 743 jus
519 682 571 728 te
590 681 804 740 oportet
839 672 1127 740 imaginem
1175 668 1411 734 referre;
1449 684 1548 724 nec
1578 669 1706 724 illud
1739 677 1979 733 tantum,

399 766 492 817 sed
523 763 797 818 caelestem
825 762 1015 817 urbem
1054 771 1109 814 et
1145 775 1325 815 arcem
1365 761 1611 815 habitare
1645 762 1871 814 sortitus
1901 773 1980 814 es.

400 853 478 908 Ne
510 868 640 923 ergo
686 853 823 906 civis
863 855 1027 906 abeas
1055 851 1244 922 quales
1275 853 1552 905 damnavit
1583 852 1982 906 sanctissimum

401 942 774 1008 Evangelium,
815 954 992 1010 neque
1041 942 1254 995 deserta
1285 952 1556 1009 pererres,
1585 940 1635 994 in
1678 940 1872 1008 quibus
1898 948 1989 1010 jus

402 1035 560 1088 civile
591 1036 891 1088 secundum
934 1034 1099 1087 Deum
1136 1033 1395 1086 mentitur
1426 1032 1624 1100 aliquis
1653 1041 1709 1086 et
1737 1048 1988 1086 mansuc-

414 1128 652 1180 tudinem
687 1133 744 1180 et
794 1125 1138 1179 charitatetn.
1181 1123 1470 1178 Civitatem
1520 1137 1678 1177 serva
1728 1134 1984 1193 perpetuo
2021 1161 2025 1166 .

402 1215 807 1287 propugnaculo
832 1217 1174 1276 indomitam.
1223 1231 1251 1266 ιι
1291 1229 1420 1269 casu
1455 1215 1603 1268 omni
1658 1225 1853 1279 tutam,
1890 1216 1984 1268 lir-

404 1323 570 1372 tnam,
601 1324 667 1362 ne
696 1307 898 1362 limites
913 1307 1309 1377 angnstiaveris
1333 1309 1386 1360 in
1418 1315 1470 1361 te
1486 1306 1621 1370 solo,
1641 1306 1836 1362 bonum
1861 1321 1986 1384 spo-

405 1399 565 1464 iians,
603 1409 657 1454 et
696 1411 870 1454 morte
908 1408 994 1452 tua
1041 1397 1096 1451 in
1136 1405 1336 1452 terram
1379 1398 1642 1467 optimum
1673 1398 1984 1468 projiciens.

412 1489 519 1544 Sed
553 1505 583 1543 a
611 1489 721 1545 Deo
771 1491 1066 1560 inspiratus
1105 1489 1252 1544 zelus
1285 1505 1380 1560 per
1407 1505 1620 1545 omnem
1667 1500 1864 1545 terram
1893 1505 1986 1544 ca-

411 1583 600 1637 tendet
633 1583 776 1637 illam
809 1599 978 1652 usque
1014 1583 1081 1636 ad
1126 1590 1394 1652 posteros.
1434 1582 1676 1648 Quorsus
1705 1583 1849 1637 enim
1897 1583 1982 1637 ei-

410 1675 560 1730 vitati
595 1675 938 1744 supervivere
980 1683 1052 1739 te,
1088 1687 1189 1729 nec
1240 1689 1368 1728 vero
1395 1674 1606 1729 beatam
1639 1676 1704 1729 iis
1739 1675 1828 1745 qui
1853 1689 1980 1730 suc-

409 1766 603 1822 cedent
653 1768 970 1821 memoriam
1004 1766 1329 1836 relinquere,
1379 1766 1505 1820 dum
1543 1768 1808 1821 memoria
1840 1768 1986 1837 juste

407 1859 461 1914 in
491 1859 867 1915 benedictione
891 1866 993 1924 est,
1016 1859 1112 1914 sed
1135 1874 1165 1913 e
1187 1867 1374 1912 contra
1407 1867 1721 1930 contemptu
1747 1860 1992 1929 dignam,

405 1959 662 2020 tanquam
695 1950 879 2020 sepulc
893 1951 1077 2015 hrutn,
1105 1964 1228 2003 mox
1252 1964 1448 2004 vanum
1473 1951 1692 2020 pulvere
1723 1960 1992 2021 opertam,

2083 583 2139 635 δὲ
2165 581 2503 650 πανταχόθεν
2553 581 2942 651 κατάφρακτος
2985 580 3084 645 ὢν,
3113 581 3222 632 τῶν
3272 579 3656 648 πολεμούντων

2085 675 2437 743 περιγίνοιτο.
2483 671 2624 725 mw
2647 671 2791 724 οὕτω
2820 673 2918 736 μὲν
2958 670 3289 739 στρατιώτου
3313 673 3480 724 τόπον
3521 673 3654 724 επέ-

2085 785 2200 838 χεις
2253 767 2696 836 πυργοφύλακος,
2726 760 2775 818 ὧι
2801 763 2971 835 ὑψηλὲ
3037 764 3316 833 ἄνθρωπε,
3360 766 3456 818 καὶ
3487 764 3570 817 δεῐ
3594 780 3654 816 σε

2085 859 2387 912 τυποῦσθαι
2416 858 2554 928 πρὸς
2617 859 2815 912 αὐτόν’
2869 858 2962 911 καὶ
2993 857 3052 910 οὐ
3093 857 3253 908 τοῦτο
3303 857 3486 925 μόνον,
3513 855 3655 908 ἀλλὰ

2089 950 2181 1003 καὶ
2209 946 2568 1018 οὐρανόπολιν
2613 949 2708 1001 καὶ
2745 949 2951 1016 ταύτην
2987 946 3192 1016 ὀχυρὰν
3221 948 3500 999 κατοικεῖν
3523 946 3654 998 Eia-

2087 1056 2201 1108 χες.
2235 1040 2389 1107 Μήτε
2414 1038 2596 1090 τοίνυν
2634 1037 2860 1108 πολίτης
2884 1037 3176 1106 ἀποσαίης,
3197 1035 3416 1100 ὁποίους
3448 1037 3654 1105 όστραη

2086 1131 2227 1196 κίζει
2253 1131 2311 1183 τὸ
2334 1131 2637 1198 ἁγιώτατον
2667 1129 3026 1196 Εὑαγγὲλιον,
3070 1130 3206 1198 μήτε
3257 1128 3364 1198 μὴν
3408 1131 3491 1190 εἰς
3526 1132 3660 1197 ἐρη-

2090 1225 2221 1292 μίας
2247 1220 2716 1292 ἀποπλανηθείης,
2751 1224 2809 1272 ὲν
2837 1214 2925 1282 αἷς
2979 1218 3236 1288 ψεύδεται
3266 1203 3349 1280 τις
3401 1218 3463 1272 τὸ
3509 1222 3654 1270 κατὰ

2083 1317 2176 1367 τὸν
2197 1315 2329 1367 Θεὸν
2347 1314 2626 1366 πολιτικὸν
2653 1314 2746 1365 καὶ
2775 1313 2984 1380 ἥμερον
3013 1313 3106 1364 καὶ
3131 1308 3458 1378 φιλάλληλον
3482 1325 3497 1341 ο
3525 1326 3625 1360 συν
3643 1340 3654 1348 -

2083 1409 2242 1476 τήρει
2267 1405 2324 1458 δὲ
2349 1404 2555 1473 ταύτην
2587 1405 2647 1456 ιν
2669 1403 2960 1472 ὀχυρότητι
2997 1402 3236 1470 διηνεκεῖ
3251 1400 3652 1466 ἀκατάϐλητον,

2084 1497 2509 1559 άκατάπτωτον,
2545 1495 2797 1565 μόνιμον,
2823 1493 2899 1555 ὡς
2947 1494 3012 1546 ἂν
3051 1491 3126 1561 μὴ
3185 1491 3536 1560 περιγράψῃς
3596 1497 3655 1541 εν

2089 1592 2170 1641 σοὶ
2201 1589 2294 1641 καὶ
2329 1588 2478 1657 μόνῳ
2506 1588 2566 1639 τὸ
2613 1585 2819 1654 ἀγαθὸν
2860 1583 3241 1654 ἐξερημώσας,
3287 1583 3382 1634 καὶ
3430 1581 3510 1651 τῷ
3573 1582 3654 1648 σῷ

2087 1683 2306 1752 θανάτῳ
2367 1679 2822 1749 συγκατενεγκὼν
2879 1680 2940 1732 τὸ
3003 1678 3189 1731 καλόν.
3233 1674 3373 1730 ’Ἀλλ’
3410 1677 3437 1728 6
3469 1675 3656 1736 haec;

2083 1775 2244 1845 ζῆλος
2279 1775 2365 1838 εἰς
2391 1775 2723 1844 οίκουμένην
2758 1774 3091 1843 παρεκτενεῐ
3142 1771 3349 1842 ταύτην
3389 1767 3486 1822 καὶ
3539 1770 3654 1829 τοῖς

2092 1867 2247 1936 ἑξῆς.
2281 1868 2346 1919 Τί
2379 1868 2488 1938 γὰρ
2526 1866 2724 1936 χρεὼν,
2761 1865 2849 1919 ἐπ’
2884 1866 3053 1933 αὐτῆς
3086 1866 3183 1924 μὲν
3234 1862 3520 1918 διαόιῶναί
3570 1875 3654 1920 σε,

2095 1959 2174 2029 μὴ
2207 1957 2596 2026 ἐγκαταλιπεῖν
2617 1957 2673 2011 δὲ
2708 1959 2927 2028 μνήμην
2962 1956 3242 2027 μακαρίαν
3272 1955 3367 2008 καὶ
3396 1955 3510 2014 τοῖς
3540 1951 3661 2003 eis-

414 2054 471 2098 et
537 2059 656 2111 qth
707 2044 865 2112 digna
916 2053 1035 2099 erat
1080 2043 1238 2111 cujus
1298 2056 1405 2096 non
1465 2054 1765 2097 remaneret
1821 2045 1987 2114 lapis!

2095 2055 2306 2116 ἔπειτα,
2340 2051 2502 2106 όποία
2529 2053 2562 2121 ἡ
2589 2052 2684 2104 τοῦ
2707 2052 2922 2104 δικαίου
2955 2051 2987 2120 ἡ
3021 2049 3142 2117 μετ’
3161 2047 3454 2117 ιτκωμίων
3472 2060 3487 2074 ο
3521 2041 3658 2096 ἀλλὰ

411 2135 738 2192 Servahitur
770 2151 897 2192 vero
924 2151 1046 2203 arx,
1084 2145 1139 2191 et
1167 2151 1382 2207 semper
1427 2136 1612 2200 stabit,
1646 2131 1987 2192 siDomiuus

2095 2143 2307 2211 ἀφεῖναι
2349 2140 2504 2205 ἀξίαν
2565 2140 2902 2209 καταδολῆς,
2969 2139 3112 2192 καθὰ
3161 2136 3256 2191 καί
3288 2153 3411 2188 τινα
3459 2134 3660 2202 τάφον,

410 2231 692 2284 invocatus
727 2243 847 2282 eam
887 2230 1226 2293 custodierit,
1272 2243 1339 2284 ne
1373 2230 1426 2282 in
1472 2242 1674 2282 vanum
1714 2237 1767 2280 tu
1803 2238 1987 2285 custos

2095 2232 2188 2287 ιίτ’
2211 2232 2306 2286 οῦν
2343 2233 2602 2301 κινήριον
2636 2232 2716 2294 είς
2741 2231 2919 2300 μάτην
2955 2228 3368 2299 κεκονιαμένον.
3407 2227 3505 2280 καὶ
3545 2219 3666 2277 οἷον

409 2319 736 2390 vigilaveris.
775 2319 867 2374 Sic
896 2318 1039 2374 enim
1069 2322 1369 2375 ascendens
1399 2333 1518 2374 eam
1554 2333 1661 2373 non
1697 2319 1912 2388 perdet.

2085 2323 2236 2390 ἄξιον
2260 2320 2402 2377 εἶναι
2427 2324 2502 2393 μὴ
2532 2324 2714 2390 μεῖναι
2742 2321 2890 2374 λίθον
2919 2319 3006 2374 ἐπ’
3029 2319 3195 2373 αὑτοῦ
3225 2334 3242 2384 ;
3318 2314 3668 2385 Συντηρηθῄ-

409 2431 560 2467 σεται
591 2414 645 2466 δὲ
675 2413 985 2484 όχυρὰ,καὶ
1016 2415 1191 2466 εἰσαεὶ
1245 2413 1553 2483 ἑστήξεται,
1587 2415 1748 2482 εἰπερ
1801 2415 1830 2467 6
1890 2414 2091 2484 Κύριος
2146 2418 2478 2488 προκληθεὶς
2524 2405 2752 2484 φυλάξει
2811 2415 3006 2484 αὐτὴν,
3059 2398 3147 2466 ἵνα.
3215 2411 3290 2481 μὴ
3333 2412 3414 2474 εἷς
3483 2410 3668 2474 μάτην

410 2507 474 2560 σὺ
501 2506 528 2558 6
570 2505 853 2574 φυλάττων
891 2505 1201 2575 ἀγρυπνῇς.
1234 2504 1393 2559 Οὕτω
1418 2505 1528 2575 γὰρ
1556 2505 1656 2559 οὐκ
1695 2507 1762 2559 ἂν
1789 2507 1818 2560 ό
1837 2506 2146 2563 ἀναϐαίνων
2181 2509 2437 2580 ὲπιλείψῃ
2463 2512 2658 2578 αὑτήν.

479 2597 567 2654 ὅθ.
601 2595 726 2650 llaec
746 2609 873 2664 ergo
901 2597 981 2650 sic
1001 2610 1119 2666 age.
1139 2597 1204 2650 Ει
1220 2599 1473 2666 quoniam
1504 2597 1705 2666 pharus
1735 2599 1992 2653 salutaris

409 2705 578 2766 luces,
597 2702 665 2742 ne
693 2687 872 2741 lumen
894 2688 1230 2758 exstinguas,
1254 2704 1351 2742 nec
1371 2690 1648 2757 permittes
1667 2699 1822 2744 nocte
1845 2690 1999 2746 illuni

409 2791 600 2838 errent
615 2780 707 2849 qui
733 2779 798 2832 ad
827 2788 877 2833 te
899 2781 1160 2843 tendunt,
1184 2795 1252 2834 ne
1274 2794 1370 2848 per
1391 2791 1568 2836 tectas
1587 2782 1890 2836 eminentes
1909 2799 1999 2836 ru-

410 2874 840 2945 pesincidentes,
856 2873 1072 2944 quando
1093 2873 1384 2943 navigandi
1404 2883 1615 2944 tempus
1631 2877 1735 2942 est,
1755 2878 1806 2930 in
1819 2878 1996 2947 abyssi

410 2963 735 3036 profundum
754 2965 950 3019 cadant
973 2979 1074 3019 nec
1093 2947 1325 3035 amplius
1352 2966 1502 3035 pbari
1523 2969 1734 3021 accensi
1759 2969 1995 3038 signum,

409 3059 504 3113 sed
529 3057 670 3124 ignis
703 3057 948 3111 homines
973 3058 1284 3113 decorantis
1301 3057 1552 3113 clibanus
1573 3069 1848 3112 cernatur.
1885 3059 1991 3113 Sed

412 3163 514 3204 nec
544 3147 1022 3218 contemplationis
1047 3149 1259 3218 igneam
1281 3149 1590 3204 columnam
1612 3150 1993 3220 contemptibi-

2171 2602 2269 2657 λθ’.
2311 2600 2496 2654 Ταῦτά
2529 2617 2590 2654 τε
2614 2597 2707 2654 οὖν
2729 2599 2873 2653 οὕτω
2925 2598 3090 2651 ποίει.
3122 2598 3230 2650 Καὶ
3260 2597 3342 2648 ὃτι
3376 2595 3434 2647 δὲ
3469 2612 3491 2646 ι
3530 2609 3669 2661 πυρ-

2102 2695 2192 2758 σὸς
2233 2713 2252 2746 ι
2295 2695 2542 2765 ἀνήφθης
2571 2691 2808 2747 ἐνταῦθα.
2837 2695 3126 2761 σωτήριος,
3172 2687 3247 2760 μὴ
3281 2687 3342 2740 τὸ
3377 2688 3492 2755 φῶς
3525 2685 3669 2739 άπο-

2099 2787 2318 2858 σσέσῃς,
2373 2787 2469 2840 καὶ
2511 2785 2589 2849 ὡς
2623 2789 2682 2838 ὲν
2733 2785 3044 2853 σκοτομήνη
3105 2781 3414 2834 πλανᾶσθαι
3469 2778 3670 2838 δώσεις

2096 2882 2221 2943 τοὺς
2267 2879 2590 2948 ἀφορῶντας
2621 2879 2699 2940 είς
2728 2877 2808 2941 σὲ,
2857 2878 3070 2946 μήποτε
3107 2877 3202 2928 καὶ
3257 2874 3382 2935 ταῖς
3435 2870 3672 2940 ὑφάλοις

2095 2973 2190 3026 καὶ
2209 2973 2327 3035 ταῖς
2359 2971 2578 3042 ῥαχίαις
2621 2969 3016 3038 ιγκύρσαντες,
3049 2967 3139 3020 ὅτε
3171 2964 3264 3019 τοῦ
3318 2963 3508 3018 πλέειν
3542 2979 3672 3016 και-

2097 3065 2208 3136 ρὸς,
2253 3064 2521 3131 γένωνται
2549 3061 2692 3115 κατὰ
2733 3060 2923 3130 βυθοῦ,
2957 3059 3051 3113 καὶ
3107 3057 3290 3111 οὐκέτι
3323 3054 3671 3125 φρυκτωρῶν

2096 3156 2305 3227 πυρσὸς
2351 3156 2422 3209 τὰ
2459 3155 2697 3208 ενταῦθα
2729 3152 3031 3223 λογισθείη,
3067 3150 3370 3222 φρύγοντος
3397 3148 3457 3202 δὲ
3490 3148 3670 3217 πυρὸς

410 3241 514 3298 lem
536 3241 726 3297 reddas
744 3215 883 3295 sicut
898 3241 999 3295 sub
1019 3215 1283 3295 obruente
1301 3241 1518 3306 sabulo,
1552 3255 1724 3310 neque
1750 3215 1987 3295 retianti-

2095 3215 2550 3320 ἀνθρωποφλόγου
2581 3215 2852 3309 κλίϐανος.
2897 3215 3058 3298 Ἀλλά
3078 3215 3222 3313 μηδὲ
3273 3241 3368 3294 τὸν
3406 3243 3504 3310 τῆς
3527 3215 3670 3293 θεω-

412 3335 516 3390 bus
541 3336 712 3389 ventis
736 3331 970 3401 dispergi
1010 3331 1155 3386 sinas
1185 3347 1288 3385 non
1313 3340 1603 3396 servatam,
1623 3343 1672 3386 et
1695 3331 1986 3400 exstingui,

411 3439 466 3482 et
498 3428 734 3482 viatores
765 3439 862 3495 per
893 3425 1147 3478 tenebras
1193 3425 1507 3480 incedentes
1554 3424 1888 3494 relinquere,
1918 3437 1988 3480 ne

416 3521 555 3575 forte
588 3515 1041 3588 persequentibus
1067 3519 1245 3585 praeda
1274 3516 1452 3572 facilis
1488 3517 1622 3571 ﬂant
1643 3527 1697 3571 et
1735 3517 1990 3571 salutaris

413 3612 553 3681 ignis
601 3613 719 3663 loco
778 3609 916 3677 ignis
963 3609 1225 3678 gehennae
1279 3607 1554 3675 castigans
1592 3605 1978 3660 inilammetur.

415 3701 471 3752 lu
543 3699 878 3755 habitatione
933 3700 1022 3754 illa
1076 3697 1157 3752 sol
1212 3711 1441 3765 appares
1511 3712 1527 3748 :
1589 3697 1816 3764 desuper
1864 3709 1990 3764 ergo

413 3790 588 3843 etnica
620 3798 676 3843 et
699 3790 868 3844 adure
885 3800 1145 3859 quantum
1169 3802 1305 3857 opus
1334 3795 1438 3852 est,
1459 3787 1624 3840 vitam
1655 3800 1784 3840 vero
1800 3800 1991 3855 sparge

416 3878 487 3933 iis
538 3879 666 3945 quid
701 3879 998 3933 secundum
1057 3877 1224 3933 Deum
1275 3876 1459 3929 vivere
1506 3875 1799 3928 debebunt.
1836 3873 1990 3929 Visus

415 3976 500 4022 est
533 3967 683 4022 locus
739 3970 841 4022 iste
879 3977 1004 4022 tuus
1049 3966 1247 4021 domus
1283 3962 1380 4018 Dei
1420 3964 1588 4033 :qnia
1638 3963 1690 4017 iu
1738 3979 1799 4018 ea
1851 3961 1992 4016 Deus

428 4059 672 4129 quidam,
706 4060 914 4115 scilicet
945 4060 1000 4114 in
1029 4074 1087 4113 se
1112 4056 1279 4112 Deum
1324 4055 1548 4119 habens,
1584 4054 1786 4124 Deique
1823 4054 1990 4122 parti-

417 4166 546 4222 ceps
575 4153 644 4207 ob
679 4152 862 4222 ligurte
891 4149 1328 4206 similitudinem.
1362 4146 1466 4210 Qui
1513 4145 1678 4200 Deum
1701 4145 1852 4208 dicit,
1878 4159 1993 4198 me-

423 4245 533 4300 lius
586 4243 788 4314 aliquid
844 4244 1050 4298 aliusve
1107 4243 1346 4308 cngitare
1397 4251 1504 4292 non
1538 4237 1688 4298 sinit,
1745 4246 1800 4291 et
1837 4238 1893 4289 in
1934 4248 1992 4288 se

429 4337 597 4392 Deum
631 4338 924 4392 habentem
971 4336 1282 4396 nominans,
1329 4330 1438 4385 Deo
1482 4330 1782 4400 propiorem
1811 4328 1991 4381 vivunt

418 4431 719 4486 collocavit.
751 4428 984 4484 Omnino
1003 4426 1180 4489 decet,
1203 4423 1246 4478 si
1279 4423 1350 4476 ita
1385 4436 1445 4477 se
1469 4435 1556 4475 res
1575 4421 1755 4483 habet,
1782 4429 1836 4472 et
1861 4427 1995 4472 tem-

419 4523 565 4592 plum
599 4529 847 4576 sanctum
883 4519 1272 4573 habitationem
1311 4518 1470 4570 istam
1518 4526 1716 4565 vocare
1741 4519 1794 4564 et
1823 4511 1990 4565 mira-

2097 3341 2221 3413 ρίας
2267 3359 2286 3393 ι
2327 3341 2556 3412 πύρινον
2581 3339 2774 3392 στύλον
2809 3357 2831 3391 s
2857 3335 3222 3409 ταπεινώσῃς,
3249 3338 3324 3399 ὡς
3358 3337 3440 3398 εις
3458 3333 3674 3404 ἐπιχω-

2098 3447 2206 3495 σιν,
2240 3430 2394 3501 ἧκαὶ
2432 3431 2768 3490 καταπνοαίς
2827 3427 3099 3490 ἐναντίαις
3166 3425 3335 3495 ἐάσῃς
3387 3425 3673 3495 διαρῤιπι-

2099 3520 2290 3590 σθῆναι
2360 3518 2691 3587 ἀφύλακτον,
2741 3515 2841 3570 καὶ
2902 3515 3222 3584 σϐεσθῆναι,
3286 3515 3380 3566 καὶ
3442 3512 3670 3579 ἀφεῖναι

2097 3609 2223 3671 τοὺς
2253 3607 2652 3678 όδηγουμένους
2704 3604 2848 3660 κατὰ
2909 3604 3100 3659 σκότον
3147 3601 3498 3666 ὲλάσιιεσθαι,
3562 3599 3672 3669 μή·

2101 3717 2231 3754 ποτε
2267 3703 2380 3761 τοῖς
2414 3697 2795 3751 ἐπιδιώκουσιν
2849 3696 3171 3766 εὐχείρωτοι
3217 3693 3509 3762 γένωνται,
3568 3689 3672 3744 καὶ

2102 3791 2223 3846 ἀντὶ
2252 3789 2522 3860 σωτηρίου
2556 3791 2724 3858 πυρὸς
2765 3788 2876 3858 πῦρ
2911 3788 2948 3840 Γ
2952 3787 3143 3857 είννης
3186 3782 3467 3854 ἐξαναφθῇ
3495 3782 3670 3835 καλα-

2101 3882 2342 3952 στήριον.
2400 3879 2756 3950 Τεθεώρησαι
2809 3879 2903 3933 καὶ
2959 3877 3035 3940 ὡς
3091 3895 3113 3929 ι
3168 3877 3372 3949 ηλιοςι
3431 3877 3490 3928 ἂν
3529 3874 3668 3942 οἴκῳ

2098 3972 2298 4040 τούτῳο
2345 3972 2531 4041 λάμπε
2552 3972 2734 4024 τοίνυν
2761 3969 2978 4038 ὑψόθεν,
3037 3972 3132 4024 καὶ
3163 3967 3488 4036 κατάφρυγε
3541 3964 3670 4032 μὲν,

2095 4066 2201 4118 ὅσα
2239 4064 2434 4133 χρεών·
2471 4063 2727 4129 ζωογόνει
2747 4063 2825 4130 δὲ,
2858 4062 2960 4116 ὅσα
2986 4078 3045 4115 τε
3085 4062 3226 4115 κατὰ
3251 4061 3386 4114 Θεὸν
3405 4058 3508 4129 ζῇν
3541 4061 3667 4112 ἑπι-

2105 4156 2336 4210 δίονται.
2374 4154 2692 4225 Ἐθεωρήθη
2723 4154 2816 4206 καὶ
2845 4171 2865 4206 ι
2900 4152 3037 4206 Θεοῦ
3059 4151 3212 4215 οἰκος
3250 4171 3271 4206 ι
3315 4153 3344 4204 6
3375 4152 3467 4213 σὸς
3495 4151 3670 4210 τόπος

2099 4241 2253 4308 οὗτος
2273 4262 2286 4274 θ
2325 4245 2454 4308 Θεός
2484 4263 2568 4308 τις
2607 4247 2716 4316 ἄρα
2749 4246 2845 4300 καὶ
2873 4246 2901 4298 ό
2931 4248 2990 4300 ἂν
3026 4245 3203 4316 αὐτῷ,
3233 4239 3321 4298 οἷα
3343 4243 3555 4311 ἔνθεος,
3573 4244 3676 4296 καὶ

2099 4334 2235 4386 Θεοῦ
2278 4337 2521 4403 μετέχων
2547 4335 2638 4388 διὰ
2669 4335 2770 4401 τὴν
2820 4335 3124 4406 μιμητικὴν
3163 4337 3300 4407 πρὸς
3333 4337 3548 4388 ἐκεῖνον
3571 4335 3670 4387 ὲκ-

2101 4425 2370 4479 τύπωσιν.
2423 4443 2450 4478 ι
2492 4426 2626 4478 Θεὸν
2664 4444 2685 4479 a
2720 4426 2777 4478 δέ
2802 4443 2886 4488 τις
2915 4425 3107 4490 εἰπὼν,
3150 4428 3252 4480 οὐκ
3281 4425 3511 4495 ἀφίησιν
3547 4428 3674 4478 hmo

2101 4513 2342 4567 νοεῖσθαι
2373 4514 2622 4581 κρεῖττόν
2650 4530 2703 4566 τι
2735 4517 2828 4568 καὶ
2867 4514 3204 4584 ὑψηλότερον
3223 4529 3238 4544 ⁶
3273 4517 3368 4567 καὶ
3397 4532 3418 4564 ε
3445 4515 3669 4567 ἔνθεον»

420 4571 586 4668 bilem
623 4613 792 4668 aedem
828 4611 1022 4666 merito
1065 4617 1288 4678 propter
1345 4604 1738 4659 iuhahitantem
1784 4603 1987 4672 justum

2097 4602 2154 4654 δέ
2193 4619 2276 4664 τις
2305 4571 2580 4672 ὀνομάσας
2603 4605 2744 4667 τινὰ,
2785 4571 3026 4674 Θεῷπὸν
3083 4571 3252 4674 άνδρα
3286 4605 3662 4674 παρέστησεν.

420 4715 472 4761 et
501 4715 746 4761 sanctum
775 4704 1070 4766 hominem,
1110 4702 1234 4770 quia
1269 4699 1450 4767 justus
1492 4706 1546 4750 et
1574 4705 1793 4749 sanctus
1827 4693 1987 4757 Deus,

2099 4691 2313 4747 Οίκείον
2343 4693 2401 4744 δὲ
2435 4692 2669 4758 πάντως,
2708 4691 2756 4746 εἰ
2784 4693 2939 4748 ταῦθ’
2960 4693 3130 4756 οὕτως
3163 4695 3298 4764 εχει,
3337 4697 3434 4760 καὶ
3477 4713 3496 4746 ε
3541 4692 3666 4744 ναὸν

419 4801 576 4867 cujus
593 4797 997 4852 similitudinem
1020 4796 1072 4848 in
1093 4795 1293 4862 templo
1318 4791 1420 4845 isto
1439 4790 1492 4843 in
1518 4803 1576 4842 se
1593 4795 1774 4842 asceta
1803 4785 1986 4840 refert.

2099 4784 2253 4850 ἅγιον
2286 4801 2305 4835 ι
2347 4783 2436 4834 τὸν
2484 4778 2630 4837 οἷκον
2668 4782 2852 4837 τοῦτον
2891 4787 3208 4855 προσειπεῖν
3233 4824 3249 4849 ,
3302 4787 3398 4838 καὶ
3456 4785 3666 4847 θαυμα-

421 4892 546 4944 στὸν
577 4891 632 4943 δὲ
669 4891 725 4942 ἐν
767 4887 1088 4955 δικαιοσύνῃ
1117 4885 1206 4938 διὰ
1227 4884 1316 4936 τὸν
1339 4883 1396 4935 ἐν
1427 4879 1574 4950 αὐτῷ
1592 4879 1800 4932 δίκαιον
1825 4875 2109 4945 ἄνθρωπον
2135 4876 2228 4927 καὶ
2263 4875 2410 4926 ὅσιον
2431 4890 2444 4904 ⁶
2494 4875 2577 4928 ὅτι
2615 4875 2710 4928 καὶ
2733 4874 2941 4939 δίκαιος
2983 4877 3076 4929 καὶ
3141 4877 3288 4939 ὅσιος
3343 4879 3373 4929 ό
3433 4872 3668 4942 Κύριος.

419 4983 591 5056 οῦπερ
615 4985 712 5054 τὴν
738 4983 1076 5053 ἁφομοίωσιν
1103 4982 1131 5034 6
1180 4982 1273 5034 ἐπὶ
1328 4977 1457 5032 ναοῦ
1489 4977 1682 5029 τούτου
1738 4974 1989 5041 ἀσκητὴς
2030 4970 2366 5038 ἐκμάττεται

488 5081 580 5135 40.
601 5079 656 5132 Si
683 5078 760 5133 sic
783 5076 848 5130 ad
875 5077 1036 5129 Deum
1061 5071 1518 5142 contemplatione
1536 5070 1780 5122 elevatus
1803 5081 1860 5120 es
1885 5079 1987 5118 neu

2170 5059 2244 5128 μ’.
2275 5061 2336 5113 Εἰ
2369 5061 2415 5113 δ’
2452 5061 2594 5116 οὕτω
2629 5062 2764 5132 πρὸς
2798 5065 2931 5118 Θεὸν
2958 5065 3200 5132 άνήχθης
3231 5065 3298 5131 τῇ
3337 5062 3565 5134 θεωρίᾳ,
3605 5065 3668 5117 οὐ

421 5171 650 5230 circuitu
688 5183 824 5238 Opus
850 5177 954 5230 est,
996 5174 1052 5220 ut
1079 5167 1134 5218 in
1168 5165 1364 5217 \irtute
1388 5171 1643 5230 tanquam
1684 5159 1739 5212 in
1775 5158 1987 5225 speculo

2096 5151 2254 5218 χρεία
2285 5151 2534 5220 περιόδου
2559 5152 2722 5218 τινὸς,
2753 5156 2844 5207 καὶ
2870 5157 2950 5214 είς
2971 5154 3140 5222 αὐτὴν
3179 5154 3440 5223 ἄντικρυς
3462 5156 3676 5224 ἀρετὴν

429 5273 482 5318 te
531 5258 940 5328 contempleris,
967 5257 1118 5327 cujus
1163 5255 1380 5308 virtutis
1434 5252 1698 5306 habitatio
1743 5248 1987 5303 columna

2095 5242 2369 5312 θεωρῆσαί
2417 5260 2480 5296 σε
2518 5244 2845 5306 ἀκολούθως,
2889 5243 2971 5308 οἷς
3005 5247 3099 5298 καὶ
3133 5264 3150 5296 ι
3193 5246 3401 5315 ἀρετῆς
3442 5249 3670 5315 οἰκητή-

421 5353 686 5409 cernitur.
757 5349 1000 5415 Namque
1059 5347 1363 5402 divinorum
1438 5342 1826 5397 charismatum
1886 5335 1987 5404 ple-

2097 5352 2211 5405 ριον
2243 5337 2270 5386 ὀ
2303 5333 2490 5396 στύλος
2529 5353 2547 5384 ι
2580 5334 2853 5390 τεθέαται.
2896 5335 2955 5387 '0
2989 5337 3094 5406 γὰρ
3125 5336 3285 5388 θείων
3307 5342 3669 5406 χαρισμάτων

421 5461 523 5499 nus
547 5445 727 5504 homo,
751 5450 804 5494 et
832 5440 910 5494 sic
940 5441 1048 5494 Deo
1065 5439 1222 5507 cujus
1245 5439 1422 5492 virtus
1450 5434 1620 5488 cazlos
1645 5430 1777 5498 tegit.
1800 5429 1987 5497 plenus

2097 5425 2347 5494 ἔμπλεως
2376 5426 2683 5494 ἄνθρωπος,
2714 5429 2810 5480 καὶ
2846 5427 2990 5480 οὕτω
3029 5428 3165 5480 Θεοῦ
3190 5429 3398 5496 γέμων,
3422 5423 3600 5498 οῦπερ
3633 5430 3666 5497 ἠ

420 5543 567 5586 totus
593 5544 726 5584 sane
757 5529 926 5582 virtus
965 5539 1066 5595 est,
1118 5543 1290 5599 pauca
1329 5524 1481 5580 carni
1518 5521 1852 5589 relinquens.
1887 5515 1987 5580 Qui

2095 5514 2256 5583 ἁρετὴ
2283 5515 2545 5568 καλύπτει
2571 5517 2696 5579 τοὺς
2725 5517 3009 5587 οὐρανοὺς,
3041 5519 3161 5582 ὅλος
3203 5520 3477 5588 δήπουθέν
3518 5522 3667 5573 ἐστιν

421 5638 550 5691 ει·βο
578 5631 630 5674 te
662 5619 862 5686 vident,
897 5619 1154 5675 virtutem
1175 5620 1357 5673 videre
1385 5631 1444 5670 se
1474 5612 1826 5672 arbitrentur;
1849 5607 1987 5660 unde

2095 5604 2276 5672 ἁρετὴ,
2319 5603 2474 5670 ὀλίγα
2523 5606 2981 5676 προλογιζόμενος
3031 5613 3098 5678 τῇ
3133 5612 3324 5679 σαρκί.
3373 5613 3436 5660 Li
3484 5609 3673 5663 τοίνυν.

429 5715 497 5768 ad
532 5714 820 5780 imaginem
857 5713 1014 5766 istam
1045 5711 1310 5767 ellormati
1342 5710 1408 5762 ad
1451 5705 1701 5760 ultimum
1732 5698 1987 5766 archety-

2095 5694 2375 5763 βλέποντές
2417 5713 2475 5747 σε
2503 5698 2892 5780 νομιζέτωσαν,
2921 5700 3126 5769 ἀρετὴν
3167 5698 3301 5752 αὐτὸ
3347 5698 3508 5750 τοῦτο
3538 5697 3663 5767 βλέο

423 5821 547 5872 pum
573 5803 929 5858 adducantur.
960 5801 1282 5874 Speculator
1305 5796 1517 5870 positus
1539 5793 1595 5848 in
1617 5788 1840 5862 specula
1876 5787 1983 5841 ista

2095 5803 2208 5839 πειν
2234 5802 2246 5814 ·
2285 5785 2359 5848 ὡς
2407 5789 2472 5839 ἂν
2504 5789 2833 5858 τυπούμενοι
2865 5779 3002 5852 πρὸς
3052 5789 3344 5858 six/manet
3391 5788 3669 5852 τοιοῦτον,
