3908 6548
283 407 384 474 237

1431 410 1530 469 AD
1569 403 1941 466 STYIITAM
1976 401 2380 475 QUEMDAM.

3419 399 3524 462 238

284 515 576 582 ἀνάγοιντο
622 516 764 585 πρὸς
790 518 852 569 τὸ
887 532 1119 586 μγιστον
1153 515 1484 586 ἀρχέτυπον.
1523 533 1542 564 ι
1577 514 1785 576 Σκοπὸς
1827 531 1844 563 ι

1964 511 2174 580 penitus
2205 525 2312 564 non
2344 509 2506 564 debes
2532 508 2772 563 dormire
2816 508 2885 560 ad
2927 513 3153 562 mortem
3201 522 3301 562 nec
3329 509 3524 562 cadere

281 606 529 660 τέθεισαι
550 610 611 661 ἐν
649 627 669 660 ι
701 611 1084 680 σκοπευτηρίῳ
1112 628 1132 660 ι
1169 610 1418 679 τοιούτῳ,
1455 608 1550 662 καὶ
1587 608 1696 679 χρὴ
1725 608 1862 660 πάν-

287 715 393 760 τως
430 698 510 768 μὴ
557 701 701 771 πρὸς
749 701 976 754 θάνατόν
1021 719 1079 754 σε
1123 703 1472 770 ἀφυπνῶσαι,
1513 699 1855 754 ἀναπεσόντα

281 789 368 840 ἐπ’
402 791 598 855 αὐτοῦ,
631 795 724 845 καὶ
763 793 1153 863 κατενεχθέντα
1197 797 1275 858 είς
1329 795 1490 864 κῶμα
1519 791 1841 862 βαθύτατον,

1967 605 2023 658 in
2051 602 2380 672 profundum
2415 615 2688 670 soporem,
2731 601 2824 655 sed
2865 598 3092 669 teipsum
3139 599 3432 661 custodire,
3458 613 3526 651 ne

1962 695 2016 748 in
2069 694 2304 748 hostium
2347 707 2539 747 manus
2579 694 2742 748 cadas
2787 702 2841 746 et
2893 700 3068 746 tecutn
3108 700 3373 760 quotquot
3417 692 3526 746 tuis

1951 784 2230 840 conﬁdunt
2245 784 2511 839 excubiis.

277 879 418 935 enat
439 885 670 936 σεαυτόν
706 898 764 936 τε
788 885 1170 952 φυλάττεσθαι,
1190 886 1271 956 μὴ
1292 886 1398 938 ὑπὸ
1433 889 1588 955 χεῖρα
1609 886 1721 946 τοῖς
1744 877 2022 947 πολεμίοις
2047 878 2244 946 πέσῃς,
2262 876 2492 940 καὶτοὺς
2505 875 2619 928 ὅσοι
2633 874 2711 945 τῷ
2732 875 3163 945 σῷξσκοπεύματι
3181 875 3520 928 πεποίθασιν.

365 975 482 1042 μα’.
530 975 847 1044 Ἐξεγένετό
886 993 969 1030 σοι
1004 996 1026 1029 ι
1060 978 1494 1048 μετεωρισθῆναι
1531 995 1577 1041 ι,
1621 975 1718 1029 καὶ
1759 975 1858 1043 οὐχ

285 1067 503 1132 ἁπλῶς,
559 1069 823 1124 ἀλλὰκαὶ
878 1070 952 1132 ὡς
988 1075 1069 1133 εἰς
1125 1071 1356 1141 οὐρανοῦ
1407 1069 1631 1139 ὕψωμα,
1653 1069 1748 1121 καὶ
1778 1069 1859 1128 εις

284 1161 610 1230 κυριότητος
660 1161 820 1225 ἀξίαν
883 1161 1290 1232 κατανοηθῆναι
1349 1159 1624 1231 ἀνθρώπῳ
1669 1157 1858 1226 τελείῳ

285 1252 630 1320 πρέπουσαν.
657 1253 840 1314 ὁποῖος
865 1254 892 1305 ό
920 1252 1024 1322 πρὸ
1063 1251 1299 1320 βραχέος
1333 1248 1627 1320 θεωρηθεὶς
1653 1247 1854 1309 ἔνθεος.

281 1340 375 1410 Μὴ
408 1341 598 1396 τοίνυν
651 1342 912 1412 ἐθελήσῃς
940 1343 1218 1413 χθαμαλὸς
1255 1341 1534 1411 γενέσθαι,
1570 1340 1664 1393 καὶ
1689 1338 1858 1393 άκοῦο

285 1435 378 1485 σαί
406 1433 604 1500 ποθεν,
633 1435 746 1488 ἄνω
771 1435 1098 1505 καταϐῆναι,
1128 1437 1241 1488 εἴτε
1270 1435 1365 1487 καὶ
1389 1433 1566 1496 ἄλλως
1593 1432 1858 1500 ἀναϐῆναι

285 1527 458 1590 κάτω,
500 1522 582 1588 οἷς
635 1527 712 1594 τῷ
747 1527 848 1595 μὲν
879 1547 900 1579 ι
947 1527 1125 1597 στύλῳ
1154 1546 1174 1578 ι
1215 1527 1347 1591 ἄνω,
1379 1529 1447 1597 τῇ
1480 1525 1536 1577 δὲ
1587 1524 1718 1593 περὶ
1755 1525 1858 1593 γῆν

288 1618 634 1688 προσπαθείᾳ
663 1618 815 1670 κάτω
840 1617 1095 1688 βέϐηκας.
1129 1637 1150 1669 ι
1177 1619 1538 1688 Περιφρονείν
1571 1635 1594 1668 a
1625 1613 1860 1683 ἐτάχθης

289 1725 308 1757 ι
346 1709 447 1778 τὴν
487 1710 592 1777 γῆν
615 1727 626 1738 ’
661 1709 905 1780 tacens,
945 1728 965 1762 ι
1012 1711 1156 1763 εἴποι
1203 1709 1269 1762 ἂν
1295 1709 1480 1775 Δαυῖδ,
1539 1708 1614 1770 ώς
1651 1726 1669 1759 ι
1707 1707 1863 1758 ἐκλε-

285 1800 408 1860 κτὸς
453 1819 472 1850 ι
509 1802 576 1852 ἐκ
600 1801 698 1853 τοῦ
733 1801 863 1854 λαοῦ
891 1801 983 1855 τοῦ
1014 1801 1172 1855 Θεοῦ.
1207 1820 1228 1852 ι
1264 1799 1648 1870 Λίθεροϐατεῖς
1679 1815 1699 1850 ι
1730 1797 1850 1867 ἤδη,

282 1888 390 1940 τῶν
412 1891 622 1957 γηΐνων
640 1891 1091 1963 ὑπεραιρόμενος.
1119 1892 1211 1961 Μὴ
1235 1891 1298 1961 δὴ
1326 1892 1384 1944 τὺ
1408 1891 1606 1961 πτερὸν
1626 1887 1855 1960 expauit-

285 1995 402 2050 σῃς,
435 1979 506 2032 δι’
532 1977 702 2052 οὗπερ
734 1984 849 2035 ἐστι
890 1999 974 2036 σοι
1023 1982 1305 2038 πέτεσθαι.
1367 1981 1631 2053 Οὐράνιος
1672 1977 1742 2043 εί,
1791 1983 1851 2033 οὐ

281 2074 475 2141 μόνον,
508 2073 594 2126 ὅτι
627 2093 648 2126 ι
687 2075 851 2142 φυτὸν
884 2077 1132 2146 οὐράνιον
1168 2093 1186 2126 ι
1220 2076 1400 2136 (τοῦτο
1444 2074 1550 2145 γὰρ
1585 2076 1680 2128 καὶ
1710 2074 1854 2135 ἄπας

283 2164 604 2235 ἄνθρωπος,
641 2167 785 2220 καθά
830 2184 913 2231 τις
966 2167 1443 2237 πεφιλοσόφηκεν),
1474 2165 1612 2219 ἀλλὰ
1650 2166 1744 2219 καὶ
1775 2164 1854 2217 ὅτι

281 2255 384 2324 τῆς
421 2259 528 2327 γῆς
570 2254 969 2328 ἁπορῤιζωθεὶς
1019 2258 1352 2328 παραδείσου
1398 2258 1564 2328 φυτὸν
1601 2257 1855 2325 γενέσθαι

282 2348 633 2416 φιλονεικετς.
666 2351 880 2419 Κάτεχε
921 2345 1013 2404 οὖν
1064 2352 1124 2402 τὸ
1164 2351 1435 2420 οὐράνιον,
1484 2349 1858 2419 ύποϐλεπόμε-

283 2456 370 2501 νος
394 2440 490 2492 τὸν
518 2441 616 2495 ἀπ’
652 2443 898 2506 ἐναντίας
921 2440 1216 2511 τάρταρον.
1247 2441 1431 2494 Ταῦτα
1460 2442 1640 2495 πάντα
1666 2456 1858 2508 συντη-

283 2529 419 2598 ρῶν,
445 2531 738 2602 περιποιοῦ
768 2532 830 2584 τὸ
866 2535 924 2584 ἐν
955 2531 1366 2600 θαυμαστότητι
1411 2551 1431 2584 ι
1471 2529 1773 2602 μετέωρον,
1797 2532 1857 2582 τὸ

285 2625 569 2691 ούρανιον,
607 2623 672 2678 τὸ
698 2623 962 2694 ἀρχικόνο
994 2641 1011 2674 ι
1044 2625 1141 2677 καὶ
1173 2623 1342 2693 μηδέν
1371 2640 1424 2676 τι
1453 2623 1563 2676 τῶν
1603 2621 1858 2675 τοιούτων

285 2714 752 2784 παραδειγμάτων
781 2716 943 2786 ῥίψῃς
966 2714 1070 2782 ἔξω
1089 2717 1393 2786 μιμήσεως,
1419 2715 1506 2768 ἵνα
1531 2715 1662 2785 πρὸς
1683 2714 1858 2784 ἄκραν

283 2804 606 2873 τελειότητα
635 2805 891 2875 ἐξαρθῇς.

355 2893 469 2962 μβ’.
502 2893 569 2946 Ei
614 2893 670 2946 δέ
699 2895 788 2948 διά
833 2895 1045 2948 πολλῶν
1100 2894 1390 2964 συμϐόλων
1435 2897 1462 2948 ὁ
1494 2894 1650 2961 λόγος
1701 2893 1857 2964 ἐρχόο

295 3001 458 3052 μενος
521 2986 553 3037 ὁ
609 2986 884 3056 ὁριστικὸς
941 2990 1036 3042 κα).
1099 2988 1180 3050 είς
1217 3005 1237 3037 ι
1275 2987 1420 3040 θεῖον
1454 3005 1473 3037 ι
1510 2986 1748 3057 ἀνήγαγέ
1799 3001 1858 3037 σε

297 3094 318 3127 ι
353 3075 602 3145 ἀξίωμα,
636 3095 660 3130 ι»
691 3078 784 3129 καὶ
803 3078 960 3130 τοῦτό
994 3095 1053 3131 σε
1076 3080 1236 3148 τυχὸν
1259 3076 1494 3149 ἁρπάζει
1521 3079 1657 3148 πρὸς
1685 3077 1858 3146 ἔπαρο

1961 1016 1974 1026 ,
2025 967 2115 1021 41.
2157 968 2275 1022 Tibi
2309 967 2488 1022 evenit
2533 976 2589 1021 ut
2615 966 2884 1023 entitatos
2913 967 3008 1032 sis,
3041 979 3137 1019 nec
3171 967 3397 1031 modice,
3425 970 3522 1021 sed

1955 1073 2125 1128 usque
2152 1063 2219 1114 ad
2247 1060 2442 1115 ctelum
2471 1069 2526 1114 et
2560 1060 2627 1115 ad
2673 1059 3006 1115 Domitticam
3042 1061 3361 1130 dignitatem
3403 1078 3524 1130 qum

1955 1153 2231 1206 hominem
2287 1151 2586 1219 perfectum
2626 1153 2803 1216 decet,
2837 1162 2897 1206 ut
2923 1154 3017 1222 qui
3051 1162 3133 1206 est
3161 1168 3190 1205 a
3223 1152 3332 1206 Deo
3353 1153 3523 1223 inspi-

1955 1250 2124 1296 ratus.
2161 1240 2280 1294 Noli
2314 1256 2446 1311 ergo
2499 1242 2648 1295 humi
2681 1257 2889 1312 repere,
2917 1254 2971 1298 et
2997 1244 3184 1298 audire
3213 1257 3272 1298 ut
3302 1233 3536 1299 descen-'

1953 1332 2134 1401 tiores,
2169 1331 2282 1386 sive
2312 1333 2472 1386 aliter
2490 1334 2837 1400 ascenderes,
2856 1335 2984 1403 quia
3002 1336 3252 1389 columna
3284 1336 3336 1390 in
3357 1337 3522 1390 altmu

1957 1436 2142 1476 eorum
2207 1437 2326 1491 quae
2373 1422 2508 1477 ﬁunt
2557 1439 2721 1494 super
2775 1435 2969 1479 terram
3025 1429 3372 1484 miseratione
3426 1435 3524 1484 de-

1952 1511 2234 1565 scendisti.
2274 1510 2573 1566 Terrestria
2615 1527 2961 1570 contemnere
2998 1518 3292 1585 appellatus
3318 1531 3374 1574 et
3416 1521 3524 1573 elc.

1959 1609 2117 1657 vatus
2145 1618 2226 1669 es,
2262 1613 2320 1657 ut
2357 1605 2434 1658 ait
2467 1603 2656 1669 David,
2689 1611 2843 1675 quasi
2874 1622 2904 1661 e
2933 1609 3130 1676 populo
3175 1610 3267 1664 Dei
3292 1612 3520 1665 electus.

1951 1694 2054 1749 Per
2083 1709 2207 1750 aera
2253 1696 2369 1766 jam
2405 1697 2669 1767 gradieris
2693 1700 3046 1754 terrestribus
3092 1704 3521 1771 supereminens.

1955 1784 2036 1840 Ne
2058 1787 2198 1841 alam
2219 1787 2468 1842 inutilem
2497 1789 2707 1854 reddas,
2743 1805 2847 1860 qua
2877 1791 2972 1846 tibi
3003 1793 3180 1848 volare
3208 1794 3386 1848 datum
3417 1808 3522 1850 εει.

1953 1878 2200 1934 Οωίρειίε
2215 1893 2293 1943 es,
2317 1895 2420 1934 nou
2446 1881 2618 1934 solum
2645 1883 2772 1950 quia
2802 1882 3039 1937 caelestis
3067 1884 3248 1952 planta
3279 1899 3337 1939 es
3367 1887 3522 1955 (iliu.l

1951 1969 2095 2023 enim
2139 1968 2318 2038 quivis
2350 1970 2512 2024 homo
2542 1979 2646 2036 est,
2681 1983 2836 2040 prout
2879 1973 3245 2042 philosophice
3275 1981 3526 2044 exposuit

1953 2060 2222 2131 quidam),
2241 2064 2332 2117 sed
2349 2070 2402 2118 et
2419 2063 2544 2132 quia
2570 2074 2760 2118 aterra
2791 2065 3053 2131 revulsus,
3082 2068 3314 2136 paradisi
3345 2068 3524 2138 planta

1954 2152 2071 2206 fieri
2108 2154 2408 2207 contendis.
2445 2154 2697 2208 Calestia
2743 2169 2872 2222 ergo
2919 2157 3116 2223 retine,
3147 2166 3403 2212 tartarum
3440 2145 3524 2214 re;

1955 2244 2214 2312 spic’iens.
2269 2243 2394 2299 Haec
2444 2255 2638 2299 cuncta
2690 2251 3008 2314 observans,
3042 2250 3265 2318 acquire
3300 2251 3440 2320 quod
3469 2253 3519 2302 in

1956 2335 2262 2389 admirabili
2307 2336 2523 2406 negotio
2581 2346 2664 2391 est
2721 2337 3014 2405 elevatum,
3073 2341 3218 2409 quod
3275 2340 3521 2406 caeleste,

1955 2427 2097 2493 quod
2143 2441 2412 2480 summum
2456 2436 2558 2493 cst,
2597 2442 2774 2496 neque
2808 2429 2935 2497 quid
2970 2431 3038 2484 de
3070 2430 3156 2484 his
3191 2434 3526 2485 documentis

1958 2526 2162 2570 temere
2211 2518 2494 2586 proiicias,
2577 2527 2634 2572 ut
2689 2518 2755 2574 ad
2815 2535 3080 2575 summam
3133 2521 3523 2590 perfectionem

1958 2607 2188 2664 tollaris.
2707 2615 2709 2617 ’

2030 2871 2117 2925 42.
2161 2872 2218 2926 Si
2251 2887 2381 2928 vero
2412 2874 2598 2929 multis
2632 2875 2820 2944 ﬁguris
2844 2874 3111 2931 deﬁniens
3153 2892 3335 2932 sermo
3377 2887 3427 2932 te
3459 2882 3524 2930 ad

1960 2961 2196 3016 divinam
2215 2963 2530 3032 dignitatem
2552 2965 2862 3031 adduxit,et
2879 2966 3009 3022 illud
3037 2977 3087 3022 te
3107 2966 3248 3023 forte
3273 2972 3336 3023 ad
3359 2969 3528 3025 subli-

1961 3053 2207 3108 mitatem
2258 3055 2440 3109 evexit
2481 3065 2703 3125 propter
2753 3057 3078 3112 conditionis
3117 3063 3527 3128 supereminen-

279 3183 370 3219 τιν
413 3167 507 3219 διὰ
552 3170 615 3219 τὸ
659 3167 1007 3238 ὑπεροχικδν,
1047 3145 1592 3238 ἀλλῖἐπὶ-λογισμού
1645 3167 1733 3235 ἔχε

1964 3145 2115 3209 tiam,
2152 3158 2329 3201 mente
2361 3150 2540 3217 cogita
2585 3164 2694 3203 non
2733 3149 2908 3204 solum
2941 3165 3061 3204 eum
3099 3155 3188 3220 qui
3211 3155 3276 3206 ad
3307 3155 3524 3207 tertium

283 3258 448 3326 μόνον
479 3259 575 3310 τὸν
620 3260 701 3321 είς
731 3260 912 3331 τρίτον
944 3260 1044 3330 μὲν
1099 3260 1328 3331 οὐρανὸν
1373 3259 1711 3330 ἁρπαγέντα,
1755 3260 1852 3328 μέ-

280 3364 442 3401 νοντα
481 3349 541 3401 δὲ
569 3352 634 3420 τῇ
666 3351 994 3404 ταπεινώσει
1027 3352 1196 3418 κάτω,
1245 3351 1384 3404 ἀλλὰ
1429 3351 1525 3404 καὶ
1552 3350 1649 3421 τὴν
1680 3368 1699 3401 ι
1740 3351 1851 3419 είρ-

279 3439 442 3509 κτην,
477 3457 504 3491 ε
545 3441 626 3504 είς
662 3441 728 3512 ἢν
762 3444 795 3512 ἡ
824 3445 881 3495 ἐν
909 3443 1052 3512 λόγῳ
1089 3443 1291 3512 θεωρία
1342 3441 1759 3514 περιαγαγοῦσά
1794 3458 1854 3492 σε

259 3515 695 3596 Ἰγκατέκλεισε.
734 3533 841 3585 Καὶ
891 3533 968 3602 τῷ
1001 3535 1143 3602 λόγῳ
1173 3533 1348 3603 τούτῳ
1395 3535 1546 3587 κάτω
1592 3532 1776 3602 βάλλε,
1805 3534 1857 3586 εἰ

288 3637 390 3673 που
422 3623 519 3674 καὶ
563 3623 877 3676 ἀνασπᾶται.
904 3624 964 3675 τὸ
1003 3640 1100 3692 της
1132 3626 1332 3693 ὀφρύος
1373 3623 1508 3678 πολύ
1535 3638 1548 3654 '
1583 3624 1676 3676 καὶ
1719 3623 1854 3675 ἁνα-

284 3713 619 3783 ϐαίνωνέως
646 3715 744 3768 καὶ
766 3716 856 3777 είς
889 3715 1113 3785 οὐρανὸν
1139 3719 1204 3785 τῇ
1239 3715 1372 3784 πρὸς
1396 3713 1529 3766 Θεὸν
1562 3714 1628 3767 δι’
1657 3714 1854 3784 ἀρετῆς

290 3808 575 3878 ὲγγύτητι,
621 3807 918 3862 κατάϐαινε
948 3809 1044 3862 καὶ
1078 3807 1183 3870 ἕως
1211 3807 1318 3861 τῶν
1345 3807 1598 3861 ἀϐύσσων
1625 3805 1702 3876 τῷ
1725 3807 1856 3858 ἀνυ-

289 3898 538 3968 ποκρίτῳ
583 3899 982 3968 ταπεινώματι.
1031 3900 1174 3966 Λέγε
1221 3900 1315 3952 καὶ
1356 3899 1520 3962 αὐτός
1545 3913 1561 3929 ·
1599 3915 1620 3949 ι
1655 3895 1766 3965 ἐγὼ
1800 3897 1858 3949 δέ

284 3990 403 4058 ειμι
453 3987 696 4058 σκώληξ,
738 3991 830 4042 καὶ
876 3991 976 4044 οὐκ
1019 3990 1338 4060 ἄνθρωπος’
1394 4009 1412 4041 ι
1463 3990 1550 4042 ἵνα
1585 4006 1667 4053 τις
1711 3991 1859 4042 ἀντι-

287 4082 615 4152 φθέγξηται,
657 4083 734 4153 μὴ
751 4082 908 4134 τοῦτο
939 4080 1080 4136 εἷναί
1117 4099 1198 4146 σε,
1230 4081 1347 4135 ἀλλ’
1378 4082 1627 4152 οὐράνιον
1651 4081 1858 4151 ἄνθρω-

290 4191 386 4227 πον
409 4190 425 4203 °
456 4174 556 4240 ὡς,
611 4175 708 4229 ἐάν
734 4192 795 4244 γε
827 4174 888 4226 τὸ
938 4174 1135 4245 σεμνὸν
1183 4173 1345 4227 τοῦτο
1375 4175 1534 4238 αὐτὸς
1585 4174 1858 4241 ἐπιλέγειν

291 4267 504 4336 σεαυτῷ
556 4266 808 4331 δικαιοῖς,
838 4268 938 4319 οὐκ
969 4267 1035 4320 ἂν
1062 4265 1288 4334 φθάνοις
1323 4267 1402 4329 είς
1441 4283 1495 4319 τι
1526 4265 1858 4336 φαυλότατον
1901 4328 1908 4339 ι

295 4360 691 4428 καταγόμενος.
746 4358 845 4411 Διὰ
900 4359 1078 4410 τοίνυν
1129 4358 1192 4410 τὸ
1244 4357 1471 4427 ἀρχικὸν
1511 4357 1605 4410 καὶ
1658 4355 1860 4426 ὑψηλὸν

290 4451 674 4522 ἐξαιρόμενος,
710 4449 866 4513 αὖθις
905 4450 991 4503 διὰ
1021 4451 1082 4502 τὸ
1129 4448 1523 4519 κατακριτικὺν
1559 4447 1858 4502 κατάϐαινε

1963 3249 2151 3307 raptus
2182 3250 2265 3293 est
2305 3241 2528 3307 cmlum,
2560 3241 2614 3295 in
2661 3241 2966 3297 humilitate
2995 3244 3156 3325 oinl'ra
3185 3259 3525 3313 permanens,

1959 3330 2052 3382 sed
2081 3339 2138 3382 et
2167 3344 2463 3398 carcerem,
2509 3331 2565 3384 in
2591 3345 2700 3399 quo
2738 3322 3017 3386 meditatio
3048 3335 3206 3404 juxta
3259 3338 3522 3390 rationem

1961 3429 2013 3475 te
2061 3421 2280 3475 adduxit
2345 3431 2401 3476 et
2455 3422 2694 3477 inclusit.
2743 3422 2809 3476 Et
2840 3425 3057 3479 ratione
3105 3426 3207 3481 ista
3259 3426 3398 3481 infra
3471 3440 3524 3482 te

1963 3510 2205 3578 projice,
2238 3511 2484 3580 quamvis
2522 3509 2748 3577 alicujus
2815 3514 3163 3581 supercilium
3208 3515 3430 3582 tollitur,
3473 3529 3528 3570 et

1963 3601 2265 3656 ascendens
2297 3603 2466 3656 donec
2499 3602 2552 3655 in
2577 3603 2716 3656 cmlo
2749 3604 2946 3658 virtute
2976 3603 3085 3658 Deo
3110 3606 3330 3674 propior
3357 3601 3526 3674 adsis,

1962 3707 2135 3762 usque
2169 3693 2236 3747 ad
2277 3694 2505 3763 abyssos
2558 3693 2825 3750 descende
2873 3709 2995 3748 cum
3041 3698 3257 3751 sincera
3308 3699 3527 3752 humili—

1961 3789 2092 3837 tate.
2129 3783 2223 3837 Dic
2265 3790 2323 3836 tu
2368 3784 2482 3852 ipse
2515 3800 2531 3836 :
2563 3781 2776 3840 Verinis
2805 3800 2946 3852 sum,
2997 3796 3050 3840 et
3093 3803 3197 3842 non
3245 3788 3424 3856 homo,
3470 3806 3529 3843 ut

1964 3875 2362 3943 respondeatur
2384 3889 2489 3929 non
2517 3875 2678 3929 talem
2709 3885 2779 3944 te,
2819 3877 2915 3930 sed
2951 3876 3224 3932 caelestem
3269 3893 3409 3946 esse,
3437 3884 3525 3950 qui

1965 3975 2136 4028 certe,
2201 3966 2246 4018 si
2283 3981 2535 4034 magnum
2579 3966 2725 4020 istud
2771 3966 2839 4020 de
2877 3978 2926 4021 te
2960 3969 3081 4037 ipso
3118 3971 3306 4023 dicens
3340 3980 3389 4024 te
3441 3971 3529 4039 jn-

1965 4058 2257 4123 stilicares,
2319 4073 2444 4111 mox
2494 4059 2564 4112 ad
2621 4059 2946 4113 vilissimum
2995 4061 3326 4128 pervenires.
3387 4060 3528 4128 Ergo

1964 4147 2031 4200 ad
2065 4162 2274 4201 summa
2306 4157 2359 4201 et
2388 4147 2602 4202 excelsa
2660 4150 2924 4212 elevatus,
2961 4164 3058 4217 per
3098 4165 3343 4203 severum
3380 4151 3528 4220 judi-

1965 4239 2106 4291 cium
2139 4237 2576 4305 in_ltumilitatem
2604 4240 2893 4294 descende.
2917 4239 3208 4292 Domorum
3232 4243 3374 4294 enim
3396 4259 3527 4309 quo-

1966 4332 2257 4385 datumodo
2295 4332 2493 4400 januas
2529 4332 2851 4386 continuant
2878 4332 3151 4386 damnatio
3197 4340 3250 4386 et
3286 4333 3529 4388 incarce-

1969 4421 2130 4487 ratio,
2164 4437 2261 4476 nec
2290 4423 2431 4476 ullus
2472 4437 2659 4478 carcer
2689 4423 2794 4476 nisi
2825 4438 2947 4477 cum
2979 4423 3225 4477 criminis
3256 4427 3525 4478 sententia

293 4545 369 4604 εἰς
392 4517 748 4594 ταπείνωσιν.
805 4537 1186 4609 Ἀγχιθυροῦσι
1220 4517 1327 4606 γάρ
1375 4552 1492 4596 πως
1539 4535 1863 4603 κατάκρισις
1893 4546 1938 4596 ι)
1968 4517 2264 4586 cogitatur-

296 4634 384 4684 καὶ
432 4630 801 4700 ἐγκάθειρξις,
849 4630 944 4682 καὶ
990 4629 1215 4697 οὓδεμία
1264 4627 1454 4698 εἱρκτὴ
1487 4625 1563 4696 μὴ
1616 4625 1737 4695 οὐχὶ
1769 4624 1862 4677 ἐπὶ

297 4721 584 4777 δικαιώσει
614 4721 960 4792 πταίσματος
985 4720 1347 4789 ἐπινενόηται.

368 4811 486 4882 μγ¹.
522 4812 790 4865 Ἐνταῦθα
831 4812 888 4865 δὲ
928 4810 1227 4877 ἀξιώσαιμι
1256 4810 1344 4871 ἂν,
1383 4807 1476 4860 καὶ
1513 4807 1572 4872 ἐξ
1604 4803 1862 4874 ἀκεραίου

301 4906 392 4956 καὶ
416 4906 672 4975 ,πλήρους
706 4900 848 4958 εἶναι
877 4904 976 4972 τὴν
1003 4901 1304 4972 κάθειρξιν,
1339 4901 1413 4962 ώς
1461 4900 1537 4969 μὴ
1568 4899 1726 4969 μέρει
1764 4897 1864 4964 μέν

299 5012 402 5047 τινι
421 4995 868 5059 κατακλείεσθαι,
893 4991 1049 5056 αὖθις
1078 4995 1134 5047 δὲ
1158 4993 1316 5063 μέρει
1341 4993 1535 5060 ἑτέρῳ,
1570 4989 1664 5042 καὶ
1691 4987 1865 5041 ταῦτα

300 5083 373 5152 τῷ
405 5085 733 5153 κυριωτέίιῳ
783 5085 972 5137 ἄνετον
1009 5079 1146 5135 εἶναι
1171 5081 1261 5134 τὸν
1313 5079 1738 5148 καθειργμένον,
1770 5079 1868 5128 καὶ

306 5175 630 5238 ¹πλανᾶσθαι,
665 5175 786 5227 ὅποι
822 5175 918 5227 καὶ
957 5173 1226 5243 βούλεται.
1259 5167 1366 5224 Ἦν
1396 5171 1503 5237 γὰρ
1533 5168 1593 5219 ού
1625 5166 1866 5228 τοιοῦτος

304 5268 328 5316 ὸ
350 5267 423 5336 τῷ
449 5267 667 5334 σώματι
700 5266 796 5334 μὲν
825 5263 1415 5335 ἐγκατέελκοδομημένος
1447 5255 1558 5312 οἷον
1585 5258 1662 5327 τῷ
1691 5275 1709 5307 ι
1743 5255 1867 5308 στύ-

303 5356 395 5427 λῳ,
431 5377 449 5409 ι
481 5360 605 5419 ταῖς
657 5357 712 5408 δὲ
749 5356 962 5424 ὀρέξεσι
1025 5355 1236 5424 βόσκων
1285 5353 1478 5405 ἑαυτὸν
1511 5349 1737 5410 ἄνετον;
1783 5345 1865 5410 ὃς,

304 5449 454 5518 εἴπερ
483 5443 597 5515 εἷχε
631 5447 706 5514 τῷ
731 5446 837 5498 τῶν
869 5444 1174 5512 ἐπιθυμιῶν
1193 5444 1379 5511 κούφῳ
1403 5437 1866 5508 συνεπτερώσθαι,

309 5539 627 5589 συνεπέτετο
667 5536 733 5588 ἂν
773 5536 1033 5600 ἐκείναις,
1058 5536 1154 5586 καὶ
1175 5533 1330 5600 ὀλίγα
1360 5532 1452 5585 τὸν
1481 5529 1722 5583 οἰκίσκον
1737 5526 1866 5580 τοῦ-

307 5643 394 5678 τον
420 5627 658 5696 ᾤκησεν.
700 5627 1074 5694 Ἐγκλειστέον
1113 5621 1229 5686 οὖν,
1262 5619 1306 5676 ὦ
1332 5616 1508 5684 οὗτος,
1539 5623 1658 5674 ὅλον
1701 5636 1865 5671 σεαυ-

308 5715 396 5765 sev
421 5715 635 5784 σώματι
661 5717 862 5785 δηλαδὴ
899 5718 991 5768 καὶ
1014 5715 1186 5785 ψυχῇ,
1216 5715 1310 5766 καὶ
1343 5713 1580 5782 μάλιστα
1609 5705 1673 5779 τῇ
1694 5707 1863 5776 ψυχῇ,

217 5817 230 5822 ‘
313 5802 443 5857 ὥστε
492 5804 551 5857 σὲ
577 5806 678 5871 μὲν
703 5805 824 5857 ὅλον
863 5805 936 5868 ὡς
973 5806 1050 5866 είς
1081 5803 1260 5873 ψυχὴν
1298 5798 1648 5872 μονάζεσθαι,
1681 5795 1868 5848 ἁπλοῖ·

2039 4780 2128 4835 45.
2166 4779 2267 4834 llic
2301 4794 2427 4834 vero
2453 4788 2815 4849 opportunum
2851 4779 3090 4832 arbitror
3122 4784 3175 4832 et
3209 4778 3276 4831 dc
3315 4777 3528 4832 sincero

1967 4881 2022 4926 ct
2055 4873 2120 4926 de
2152 4873 2416 4940 completo
2458 4886 2580 4926 esse
2619 4871 3124 4933 incarcerationem,
3178 4869 3388 4922 Scilicet
3424 4884 3526 4921 nou

1969 4964 2183 5032 quidem
2245 4963 2466 5027 includi,
2514 4978 2544 5016 e
2587 4972 2776 5016 contra
2821 4978 2948 5014 vero
2988 4976 3018 5015 ε
3062 4961 3306 5015 custodia
3353 4959 3528 5011 emitti

1968 5055 2238 5123 captivum
2266 5062 2320 5107 et
2348 5055 2530 5122 vagari
2564 5069 2672 5122 quo
2701 5054 2936 5109 libuerit.
2976 5052 3091 5106 Non
3134 5052 3275 5105 enim
3309 5050 3356 5104 is
3387 5063 3531 5104 esset

1969 5145 2060 5212 qui
2094 5159 2320 5212 corpore
2346 5144 2563 5214 quidem
2601 5144 2995 5198 habitationem
3027 5143 3272 5207 haberet,
3318 5142 3457 5194 sicut
3479 5142 3528 5192 in

1968 5235 2240 5300 columna,
2279 5235 2605 5303 appetitibus
2647 5250 2777 5288 vero
2820 5235 3104 5290 remissius
3151 5233 3567 5288 satisfaceret!

1969 5329 2083 5398 qui,
2137 5328 2261 5380 licet
2318 5327 2385 5380 ad
2435 5327 2722 5380 velandum
2778 5327 3048 5395 cupidinis
3103 5327 3324 5380 levitate
3374 5332 3531 5390 aptus

1968 5433 2133 5488 esset,
2165 5422 2249 5478 liis
2277 5421 2564 5492 indulgens
2592 5422 2824 5486 volaret,
2887 5431 2941 5476 et
2989 5435 3114 5474 raro
3144 5419 3333 5474 cellam
3369 5417 3526 5469 istam

1971 5517 2262 5572 habitaret.
2294 5514 2652 5568 lncludeudus
2714 5529 2866 5582 ergo,
2917 5527 2948 5567 ο
2977 5520 3055 5574 tu,
3093 5519 3232 5565 lotus
3273 5523 3302 5561 a
3335 5515 3386 5561 te
3411 5506 3531 5574 ipsv

1966 5625 2046 5675 es,
2071 5622 2298 5676 corpore
2324 5607 2533 5661 scilicet
2559 5616 2610 5662 et
2645 5607 2848 5669 anima,
2879 5613 2931 5658 et
2973 5601 3272 5671 praesertim
3325 5598 3527 5661 anima,

1968 5704 2042 5756 ita
2074 5708 2131 5754 ut
2163 5711 2214 5753 te
2250 5709 2418 5752 totum
2462 5697 2708 5752 includas
2746 5696 2797 5749 iu
2839 5695 3076 5749 animam
3115 5702 3370 5761 tauquam
3413 5705 3527 5745 mo-

1973 5791 2130 5845 nachi
2181 5789 2394 5850 ccll.uu,
2443 5799 2494 5841 te
2543 5788 2840 5855 simplicem
2894 5783 3205 5851 integritate
3259 5781 3524 5851 completa
