3864 6564
351 403 461 470 239
1057 407 1469 470 EUSTATHII
1509 407 2250 470 THESSALONICENSIS
2289 411 2392 470 ΜΕ
2409 408 2841 468 I‘ROPOLITAE
3446 406 3559 466 216

357 532 474 576 toto
501 517 665 575 corde
684 516 750 573 ad
773 516 993 574 virtutis
1019 519 1267 575 hravium
1298 530 1568 588 paratum,
1599 520 1905 575 columnam

2014 525 2346 591 κευσάμενον
2393 525 2451 575 τὸ
2483 525 2580 590 τῆς
2611 524 2856 591 διαρτίας
2905 523 3156 575 σύνθετον
3177 520 3254 580 είς
3297 517 3560 585 ὀλᾶψυχδν

357 625 484 665 vero
529 611 669 666 sicut
715 610 960 679 corporis
1001 610 1303 679 analogiam
1357 609 1518 662 habet
1551 622 1648 676 pro
1691 608 1910 662 homine

2014 614 2087 682 τῷ
2117 614 2215 682 τῆς
2255 613 2456 681 ἀρετῆς
2511 612 2858 681 ἑκνικήματι,
2902 611 2994 664 τὺν
3043 610 3098 664 δὲ
3127 629 3147 662 ι
3184 609 3376 662 στύλον
3409 627 3427 660 ι
3459 608 3560 659 ὅσα

355 699 448 768 qui
484 699 629 754 intus
672 707 779 766 est,
811 699 1018 768 pariter
1053 699 1416 753 ineludentem
1459 713 1554 766 pro
1586 706 1693 750 tnta
1730 697 1908 749 anima

356 797 564 847 teneas.
614 808 635 855 θ

426 874 519 931 44.
561 875 617 929 Si
675 890 802 932 vero
855 889 1079 929 necesse
1129 885 1211 930 est
1272 874 1594 942 cupiditates
1652 875 1909 943 quasdam

358 976 509 1022 extra
537 967 841 1021 columnam
873 967 1106 1029 mittere,
1175 967 1362 1019 saltem
1403 967 1730 1034 compositas
1764 968 1910 1030 volo,

361 1057 576 1124 penitus
622 1056 966 1109 rationabiles
992 1064 1046 1108 et
1076 1067 1268 1108 ascetze
1320 1055 1607 1108 reclusioni
1637 1065 1691 1108 et
1727 1071 1914 1110 enare-

360 1147 547 1199 tatioui
578 1155 990 1207 consentaneas,
1024 1153 1100 1208 ut,
1139 1144 1588 1211 quemadmodum
1635 1146 1769 1199 bona
1818 1146 1913 1198 do-

340 1239 503 1292 ‘mina
553 1239 836 1305 prudentes
887 1236 1106 1287 ancillas
1159 1235 1318 1287 mittit
1372 1249 1706 1302 quocunque
1780 1251 1914 1302 Opus

369 1337 494 1394 est;
527 1329 604 1382 sic
637 1337 689 1381 et
717 1328 891 1379 anima
920 1336 1008 1378 tua
1037 1325 1336 1378 utilioribus
1361 1325 1712 1392 cupiditatum
1755 1328 1912 1378 mini-

369 1418 548 1472 steriis
593 1426 795 1470 utatur.
830 1414 964 1467 Num
997 1415 1126 1467 nihil
1157 1424 1368 1482 appetet
1394 1416 1606 1485 stylita?
1629 1415 1790 1478 Sane,
1822 1420 1910 1484 qui

382 1522 487 1559 non
515 1507 690 1558 anima
740 1515 903 1566 caret,
937 1518 1135 1568 escam,
1169 1513 1349 1571 potum
1377 1514 1606 1572 appetet,
1635 1513 1687 1557 et
1713 1516 1915 1558 utrum-

359 1613 462 1666 que
511 1610 610 1666 pro
662 1594 982 1648 necessitate
1046 1594 1318 1646 hominum
1372 1609 1658 1648 occursum
1712 1597 1911 1664 cupiet,

355 1688 672 1757 quibuscum
696 1685 838 1754 loqui
861 1685 1065 1754 possit;
1096 1685 1196 1738 erit
1218 1685 1317 1753 ipsi
1343 1685 1564 1738 aliorum
1591 1685 1911 1740 desiderium

354 1791 475 1845 qua:
537 1777 806 1830 hominem
849 1777 1042 1829 bonum
1084 1778 1445 1842 constituent;
1479 1791 1581 1831 non
1616 1779 1756 1831 enim
1791 1791 1913 1849 pro—

353 1879 472 1938 pter
501 1869 614 1922 haac
647 1867 1032 1936 vituperandus
1062 1867 1220 1922 homo
1254 1875 1360 1922 est.

422 2045 512 2100 45.
550 2043 618 2099 Ει
663 2044 740 2099 sic
788 2042 1004 2113 quidem
1037 2045 1274 2100 celestis
1315 2059 1413 2115 per
1458 2044 1586 2100 illud
1621 2045 1909 2115 pravalere

353 2136 590 2190 videtur.
638 2133 953 2190 Custodiam
1017 2134 1298 2199 meditare,
1354 2143 1407 2189 et
1457 2135 1756 2189 humilitate
1788 2137 1913 2189 sub-

356 2225 555 2279 missus
620 2224 735 2289 ﬁas,
783 2235 1034 2292 reputans
1078 2231 1129 2278 te
1174 2231 1339 2278 totum
1394 2225 1733 2280 reconditum
1766 2241 1909 2294 esse,

355 2316 654 2371 secundum
696 2315 857 2370 talem
892 2315 1158 2370 hominem
1196 2316 1394 2384 cogita.
1425 2314 1507 2372 Ne
1533 2331 1662 2371 vero
1692 2318 1911 2373 omnino

357 2405 412 2458 iu
455 2404 795 2472 .otiositatem
833 2405 1061 2470 incidas,
1099 2414 1352 2473 reputans
1401 2415 1454 2461 te
1496 2405 1550 2461 in
1597 2410 1910 2477 spectaculo

354 2495 421 2547 ad
477 2495 730 2564 exiguum
767 2502 976 2562 tempus
1021 2493 1280 2549 athletam
1323 2509 1464 2561 esse,
1497 2505 1550 2550 et
1590 2497 1910 2554 athletarum

358 2583 455 2638 tibi
485 2599 604 2637 esse
638 2598 882 2648 arenam,
913 2584 964 2636 iu
1012 2599 1115 2652 qua
1150 2597 1200 2639 te
1238 2595 1452 2653 oportet
1493 2586 1684 2640 fortem
1712 2602 1833 2641 esse
1858 2596 1912 2642 et

353 2675 630 2727 scenicum
673 2673 865 2729 videri.
899 2674 1066 2742 Hujus
1101 2678 1412 2730 certaminis
1442 2677 1643 2730 athleta
1695 2688 1928 2751 propter_

359 2775 572 2832 sperata
618 2766 836 2833 praemia
860 2775 999 2821 esto.
1034 2765 1130 2820 llic
1160 2782 1292 2835 Opus
1322 2778 1406 2821 est
1432 2778 1485 2822 et
1519 2783 1706 2823 omnes
1739 2777 1911 2823 metas

361 2854 658 2918 transilire,
691 2855 815 2922 quia
854 2855 1205 2921 aposmlicum
1235 2865 1316 2909 est
1353 2857 1583 2912 inveniri
1619 2859 1672 2912 in
1718 2859 1912 2911 labori-

359 2945 456 2996 bus
488 2958 648 3012 supra
694 2946 930 2998 modum.
967 2945 1056 2999 Sic
1097 2947 1241 2999 enim
1272 2947 1643 3002 adversarium
1677 2959 1912 3016 proster-

363 3048 484 3098 nes,
515 3034 605 3101 qui
641 3035 903 3088 virtutum
927 3036 1105 3089 ordini
1137 3035 1363 3091 infestus
1395 3047 1446 3090 et
1475 3038 1564 3091 vili
1593 3039 1913 3093 immodera-

2012 705 2108 758 καὶ
2165 706 2426 772 ἀνάλογόν
2456 721 2510 757 τι
2544 704 2702 772 σῶμα
2737 698 2878 756 εἶναι
2903 703 2980 773 τῷ
3007 703 3114 754 ἐσω
3153 699 3448 772 ἀνθρώπῳ,
3479 696 3562 763 τῷ

2009 794 2114 864 ὅλῳ
2137 795 2306 864 ψυχῇ.

2082 883 2183 953 μδ’.
2215 884 2276 936 Et
2307 884 2362 936 δὲ
2385 884 2595 952 ἀνάγκη
2628 883 2793 945 πᾶσα,
2823 882 3111 950 ἐπιθυμίας
3144 879 3292 940 τινὰς
3323 877 3428 942 ἔξω
3459 875 3556 928 τοῦ

2018 995 2037 1028 ι
2077 976 2266 1028 στύλου
2304 993 2324 1027 ι
2366 975 2699 1043 πέμπεσθαι,
2742 975 2874 1027 ἀλλά
2906 973 3103 1035 ταύτας
3138 971 3268 1035 ἀξιῶ
3300 969 3558 1038 ἐμμελῶς

2013 1067 2175 1136 ἔχειν,
2211 1067 2303 1118 καὶ
2331 1065 2470 1118 πάνυ
2501 1065 2750 1131 ὲλλὸγως,
2785 1065 2876 1117 καὶ
2921 1064 3080 1129 ἀξίως
3110 1061 3208 1128 τῆς
3241 1060 3346 1112 ἔσω
3374 1076 3557 1111 στενοο

2011 1157 2212 1226 χωρίας
2249 1156 2340 1208 τοῦ
2367 1156 2602 1223 ἀσκητοῦ
2638 1156 2728 1206 καὶ
2758 1153 3167 1220 κατασφίγξεως
3191 1168 3204 1182 ·
3241 1151 3346 1214 ἵνα,
3388 1149 3558 1202 καθά·

2013 1263 2116 1315 περ
2177 1245 2352 1316 ἀγαθὴ
2404 1245 2653 1297 δέσποινα
2706 1243 3062 1310 θεραπανίδας
3121 1242 3392 1309 ἐκπέμπει
3448 1237 3558 1290 σώ-

2013 1352 2233 1406 φρονας,
2263 1335 2385 1387 ὅποι
2430 1334 2568 1386 δέον.
2599 1335 2735 1398 ἐστὶ,
2765 1331 2904 1386 οὕτω
2943 1331 3033 1383 καὶ
3065 1332 3097 1400 ἠ
3149 1329 3214 1398 σὴ
3247 1329 3388 1396 ψυχὴ
3438 1331 3558 1390 ταῖς

2010 1425 2396 1494 χρηστοτέραις
2436 1423 2542 1474 τῶν
2575 1421 2877 1489 ἐπιθυμιῶν
2923 1421 3212 1490 ὑπουργοῖς
3243 1418 3444 1489 χρῷτο.
3469 1416 3560 1484 Μὴ

2011 1515 2117 1584 γὰρ
2138 1515 2236 1566 οὐκ
2262 1513 2587 1582 ἐπιθυμήσει
2614 1513 2752 1574 καιὸ
2785 1528 2803 1562 ι
2839 1511 3085 1578 στυλίτης
3105 1523 3120 1539 ο
3158 1527 3176 1558 ι
3205 1510 3293 1559 ναὶ
3317 1508 3557 1567 πάντως,

2009 1604 2090 1656 ὅτι
2118 1603 2252 1671 μηδὲ
2296 1602 2519 1671 ἄψυχος,
2555 1601 2802 1672 ὀρέξεται
2838 1599 3117 1671 βρώσεως,
3163 1599 3409 1667 ὀρέξεται
3455 1597 3559 1647 πό·-

2011 1709 2169 1758 σεως,
2216 1693 2311 1746 καὶ
2348 1693 2547 1761 ἀμφοῖν
2594 1693 2652 1745 ὲν
2695 1692 2896 1744 δέοντιο
2945 1688 3270 1757 ἐπιθυμήσει
3307 1687 3561 1755 ἐντυχίας

2010 1785 2338 1856 προσώπων,
2381 1782 2462 1848 οἷς
2495 1781 2672 1854 χρεὼν
2720 1783 2883 1838 αὑτὸν
2921 1783 3164 1852 ὁμιλείνο
3213 1781 3362 1833 ἔσται
3405 1778 3560 1848 αὐτῷ

2008 1876 2189 1945 ἔφεσις
2220 1876 2313 1928 καὶ
2366 1875 2589 1945 ἑτέρων,
2623 1875 2719 1928 ὅσα
2749 1874 2838 1926 τὸν
2885 1871 3084 1940 ἀγαθὸν
3119 1870 3438 1923 συνιστῶσιν
3463 1871 3560 1924 ἀν-

2009 1966 2222 2037 θρωπον
2243 1980 2258 1995 ⁸
2318 1965 2432 2018 ἀλλ’
2463 1965 2522 2017 οὑ
2555 1964 2830 2032 μεμπτέος
2859 1962 2948 2014 διὰ
2985 1961 3160 2014 ταῦτα
3193 1963 3220 2013 ὁ
3248 1960 3556 2030 ἄνθρωπος.

2077 2054 2182 2126 με’.
2221 2057 2327 2109 Καὶ
2374 2054 2516 2108 οὕτω
2577 2054 2675 2123 μὲν
2723 2055 2752 2106 ὁ
2806 2053 3077 2125 οὐράνιος,
3129 2052 3225 2107 καὶ
3277 2053 3364 2106 διὰ
3400 2053 3561 2105 τοῦτο

2009 2149 2292 2218 ὑπερέχειν
2345 2144 2537 2202 δοκῶν.
2580 2143 2841 2214 Ἐνθυμοῦ
2891 2145 2983 2196 καὶ
3027 2142 3124 2212 τὴν
3179 2161 3198 2194 ι
3242 2141 3489 2212 εἱρκτὴν,
3526 2161 3551 2193 δ

2009 2241 2103 2295 καὶ
2129 2240 2280 2309 γίνου
2312 2241 2374 2310 τῇ
2398 2237 2722 2292 ταπεινώσει
2751 2237 2899 2291 κάτω
2918 2251 2933 2268 ο
2963 2237 3055 2289 καὶ
3077 2234 3231 2301 νοῶν,
3255 2235 3373 2296 ὅλος
3397 2236 3560 2300 ἐγκε-

2010 2324 2325 2395 κλεισμένος
2353 2321 2512 2389 εἶναι,
2562 2325 2745 2394 φρόνει
2776 2324 2917 2378 κατά
2961 2323 3198 2378 τοιοῦτον
3250 2324 3557 2395 ἄνθρωπον.

2008 2415 2101 2484 Μὴ
2132 2415 2347 2476 πάντως
2374 2413 2431 2467 δὲ
2472 2413 2564 2467 καὶ
2597 2413 2676 2475 είς
2703 2413 2898 2482 ἀργίαν
2947 2412 3194 2466 ἐντεῦθεν
3223 2414 3558 2476 κατάπιπτε,

2011 2500 2389 2569 συννοούμενος
2419 2503 2534 2567 καὶ,
2563 2501 2646 2553 ὅτι
2675 2501 2814 2553 κατά
2836 2500 2932 2570 τὴν
2959 2501 3064 2571 πρὸ
3088 2500 3286 2570 μικροῦ
3321 2500 3556 2570 θεωρίαν

2016 2609 2034 2640 ι
2073 2590 2304 2660 ἀθλητὴς
2355 2608 2374 2643 ι
2433 2586 2516 2653 εί,
2560 2590 2653 2644 καὶ
2701 2609 2718 2641 ι
2773 2591 3002 2659 σκάμμα
3061 2610 3080 2643 ι
3142 2609 3224 2644 σοι
3271 2593 3556 2660 πρόκειται

2016 2700 2034 2732 ι
2068 2681 2372 2750 ἀθλητικὸν,
2404 2700 2422 2732 ι
2453 2681 2582 2735 ενθα
2637 2681 2742 2752 χρὴ
2788 2682 3006 2751 ἐνεργὸν
3052 2678 3188 2735 εἷναί
3220 2700 3299 2749 σε,
3347 2687 3438 2735 καὶ
3478 2683 3555 2744 ὡς

2010 2773 2230 2840 ἐντρεχῇ
2260 2770 2652 2839 θεατρίζεσθαι.
2685 2773 2881 2824 Τούτου
2917 2772 3074 2840 γενοῦ
3109 2772 3202 2826 τοῦ
3234 2773 3438 2840 ἀγῶνος
3465 2775 3554 2826 διά

2009 2862 2075 2913 τὰ
2102 2863 2158 2913 ὲν
2205 2862 2413 2913 ἐλπίσιν
2470 2861 2698 2916 ἔπαθλα.
2739 2863 2996 2916 Ἐνταῦθα
3034 2865 3229 2934 χρεὼν,
3285 2866 3375 2916 καὶ
3415 2865 3552 2932 ὑπὲρ

2009 2953 2076 3002 τὰ
2123 2949 2435 3016 ἐσκαμμένα
2489 2952 2663 3022 πηδᾷν
2692 2969 2749 3004 σε
2791 2953 2882 3006 καὶ
2911 2953 3285 3021 ὑπερϐάλλειν,
3343 2955 3423 3006 ὅτι
3459 2956 3553 3006 καὶ

2012 3038 2358 3091 ἀποστολικδν
2401 3057 2420 3090 ι
2466 3040 2524 3091 τὸ
2561 3042 2616 3093 ὲν
2659 3041 2844 3101 κόποις
2868 3041 3322 3110 ὑπερϐαλλόντως.
3357 3061 3375 3093 ι
3399 3042 3557 3096 Οὕτω

359 3122 491 3176 tioni
543 3134 793 3177 assuetus
841 3128 1250 3194 temperantiam
1283 3127 1602 3180 detestatur.
1641 3129 1704 3181 Et
1733 3143 1910 3196 quam-

2014 3130 2121 3199 γὰρ
2153 3129 2242 3183 τὸν
2275 3131 2646 3199 ἀντικείμενον
2673 3131 3016 3196 καταϐαλεῖς,
3040 3133 3097 3195 ὃς
3140 3136 3254 3188 ταῖς
3282 3135 3388 3185 τῶν
3420 3135 3554 3204 ἀρε-

353 3216 439 3266 vis
494 3217 711 3268 vincere
762 3216 858 3269 tibi
893 3218 1169 3286 contingat
1201 3226 1256 3270 et
1293 3226 1586 3287 martyrum
1639 3221 1913 3287 praemium

2009 3219 2116 3270 τῶν
2148 3220 2507 3286 συμμετρίαις
2538 3220 3064 3286 ἀντιπαρακάθηται,
3105 3224 3194 3274 καὶ
3225 3223 3318 3291 τῆς
3345 3223 3556 3290 φαύλης

357 3305 601 3372 adipisci,
637 3321 740 3358 non
779 3305 906 3360 licet
935 3308 1090 3376 erigi,
1123 3318 1213 3360 aut
1261 3307 1496 3362 elatione
1532 3313 1830 3378 spernenda
1864 3319 1910 3364 et

2014 3305 2310 3374 ὑπερϐολῆς
2337 3305 2434 3368 ὣν,
2470 3307 2833 3376 ἀπεχθάνεται
2865 3313 2980 3372 ταῖς
3040 3311 3266 3379 ἰσότησι.
3307 3310 3409 3364 Καὶ
3457 3315 3553 3378 γέ-

356 3395 667 3465 arrogantia
721 3396 971 3449 exaltari.
1007 3394 1157 3450 Licet
1208 3398 1353 3451 enim
1406 3398 1659 3452 ditissimi
1707 3399 1910 3454 domini

2014 3411 2148 3447 νοιτο
2177 3395 2272 3462 μέν
2308 3412 2385 3447 σοι
2409 3401 2582 3466 νικᾷν,
2606 3398 2821 3450 καὶτῶν
2851 3399 3110 3469 βραδείων
3143 3403 3423 3471 τυγχάνειν
3445 3402 3553 3454 τῶν

361 3484 586 3536 conviva
619 3486 910 3538 secundum
945 3485 1331 3553 philosophiam
1373 3488 1426 3540 in
1465 3490 1743 3544 caenaculo
1771 3505 1910 3543 sum-

2017 3485 2380 3555 μαρτυρικῶν,
2405 3487 2474 3557 μὴ
2501 3489 2792 3559 ἐπαρθῆναι
2811 3491 2864 3541 δὲ
2887 3491 3017 3560 μηδὲ
3034 3491 3191 3555 οὕτω,
3218 3493 3348 3562 μηδὲ
3379 3510 3556 3561 παρυ-

363 3589 453 3628 ωο
497 3576 612 3640 sis;
647 3575 739 3628 sed
777 3575 1080 3628 convivium
1131 3577 1268 3627 istud
1299 3577 1646 3644 protrahitur,
1703 3577 1910 3644 quando

2014 3576 2252 3643 ψωθῆναι
2277 3577 2373 3645 τὴν
2389 3577 2485 3628 οὑκ
2504 3579 2893 3650 ἐπαινουμένην
2911 3580 3133 3649 ἔπαρσίν
3150 3599 3206 3633 τε
3218 3585 3312 3636 καὶ
3327 3582 3554 3650 ὕψωσιν.

361 3672 563 3732 paratae
605 3665 771 3734 justis
811 3663 1017 3718 delicia:
1054 3673 1107 3720 et
1138 3666 1382 3734 voluptas
1422 3667 1819 3721 revelabuutur.

2029 3663 2090 3716 Εί
2121 3664 2226 3732 γὰρ
2254 3666 2346 3717 καὶ
2382 3666 2684 3730 σύνδειπνος
2708 3668 2805 3739 ἔσῃ
2825 3671 2902 3738 τῷ
2929 3672 3310 3740 πλουσιωτάτῳ
3340 3673 3555 3722 δειπνο-

369 3756 590 3825 κλήτορι
628 3757 766 3808 κατὰ
797 3757 892 3827 τὴν
934 3757 994 3812 ὲν
1038 3756 1114 3827 τῷ
1160 3775 1178 3809 ι
1228 3756 1449 3829 ἀνωγέῳ
1500 3779 1518 3811 ι
1572 3759 1904 3827 φιλοσοφίαν,
1946 3756 2058 3809 ἀλλ’
2095 3756 2124 3807 ὁ
2158 3756 2253 3824 μὲν
2277 3757 2494 3820 ’δεῖπνος
2523 3751 2673 3820 οὗτος
2720 3757 2963 3830 ὕστερον,
3011 3763 3097 3813 ὅτε
3147 3763 3238 3814 καὶ
3305 3763 3336 3832 ἠ
3397 3779 3555 3815 τετα-

368 3848 632 3917 μιευμένη
685 3853 794 3912 τοῖς
858 3851 1080 3914 δικαίοις
1134 3853 1529 3922 ὲκφανθήσεται
1588 3853 1766 3920 τρυφὴ
1818 3853 1910 3904 καὶ
1947 3850 2258 3911 ἀπόλαυσις.

420 3940 521 3995 ‘46.
564 3939 713 3994 Nunc
752 3944 1048 3996 secundum
1076 3944 1246 3998 Deum
1289 3947 1536 4013 stigmata
1584 3947 1766 4012 cupito
1797 3959 1910 3996 cru-

2084 3948 2199 4010 pg’.
2229 3943 2385 4012 Ἀρτι
2423 3942 2478 3994 δὲ
2510 3943 2602 3995 καὶ
2639 3947 2706 3995 τὰ
2740 3945 2879 3998 κατὰ
2917 3945 3046 3998 Θεὸν
3089 3946 3357 4014 στίγματα
3395 3946 3554 3999 ἐνθυ’

357 4033 624 4087 ciﬁxionis
657 4033 808 4103 signa
835 4042 1060 4087 mortem
1096 4044 1147 4089 et
1179 4049 1343 4104 super
1365 4037 1544 4088 omnia
1578 4036 1918 4101 sepulchrum

359 4128 533 4195 cogita
553 4126 606 4179 in
629 4139 733 4193 quo
754 4125 1010 4181 columme
1033 4126 1178 4180 illius
1197 4127 1578 4196 contemplatio
1599 4130 1769 4197 quoad
1793 4130 1919 4182 vita:

360 4221 707 4274 imitationem
727 4221 1012 4274 terminum
1034 4219 1241 4284 habuit,
1257 4220 1408 4288 cujus
1420 4221 1538 4274 vita:
1553 4221 1787 4274 tumulus
1799 4222 1919 4276 linis

360 4319 461 4362 est.
520 4309 670 4363 illum
721 4311 883 4363 corde
936 4310 1138 4377 cupito,
1195 4311 1247 4362 in
1299 4324 1406 4378 quo
1460 4319 1512 4364 te
1561 4311 1800 4378 reposuit
1844 4321 1917 4376 et,

362 4407 420 4451 ut
464 4399 534 4452 ita
581 4399 782 4463 dicam,
817 4398 1062 4452 condidit
1117 4400 1276 4452 ratio.
1333 4398 1386 4452 Si
1438 4401 1579 4452 enim
1630 4401 1771 4453 infra
1805 4417 1919 4453 ma-

2016 4031 2140 4099 μοῦ,
2178 4032 2244 4084 τὰ
2291 4033 2382 4084 τοῦ
2444 4035 2818 4104 σταυρωθῆναι
2851 4035 3134 4107 δείγματα,
3189 4041 3283 4092 καὶ
3317 4039 3414 4110 τὴν
3464 4043 3554 4092 νέ-

2011 4135 2238 4188 κρωσιν,
2263 4123 2358 4174 καὶ
2403 4123 2493 4174 ἐπὶ
2539 4125 2672 4175 πᾶσι
2716 4126 2806 4175 τὸν
2837 4141 2854 4174 ι
2890 4127 3075 4192 τάφον,
3119 4143 3138 4177 ι
3175 4127 3254 4188 είς
3295 4127 3354 4179 ὃν
3383 4130 3417 4196 ὴ
3457 4127 3553 4179 τοῦ

2018 4229 2036 4262 ι
2075 4211 2265 4263 στύλον
2298 4231 2316 4263 ι
2354 4215 2534 4282 ὲκείνη
2561 4214 2760 4283 θεωρία
2786 4214 3041 4285 κατέληξε
3075 4218 3212 4268 κατά
3239 4217 3357 4285 βίου
3381 4218 3557 4286 μίμη-

2013 4316 2117 4365 σιν,
2152 4296 2213 4352 οὗ
2246 4303 2339 4352 καὶ
2389 4303 2550 4354 αὐτοῦ
2595 4305 2759 4371 τάφος
2807 4305 2866 4356 τὸ
2915 4307 3301 4376 συμπέρασμα.
3352 4307 3557 4360 Τοῦτον

2011 4389 2261 4458 ἐνθύμιον
2293 4390 2402 4459 ἔχε,
2437 4394 2493 4444 ὲν
2524 4390 2565 4460 ᾧ
2591 4395 2802 4448 τέθεικά
2834 4413 2890 4447 σε
2927 4400 2951 4449 ὁ
2996 4398 3171 4464 λόγος,
3209 4399 3300 4451 καὶ
3330 4398 3404 4461 ὡς
3442 4395 3556 4452 οἷον

361 4499 548 4541 nentes
581 4499 834 4556 tanquam
874 4504 1086 4543 sursum
1125 4491 1362 4542 ablatum
1407 4499 1460 4544 et
1499 4489 1609 4556 jam
1640 4492 1910 4545 coelestem

2017 4480 2187 4531 είπείν
2216 4481 2606 4549 ὲγκατέχωσεν.
2640 4483 2701 4534 Εἰ
2730 4487 2835 4554 γὰρ
2869 4486 2964 4537 καὶ
2993 4487 3150 4554 ἡμεῖς
3185 4491 3332 4540 κάτω
3364 4489 3555 4557 μένονο

349 4569 626 4630 hominem
663 4587 712 4631 te
742 4579 1206 4646 contemplamur,
1272 4581 1397 4633 licet
1457 4581 1510 4632 in
1562 4580 1697 4633 ccelo
1754 4592 1914 4650 caput

365 4668 682 4731 iirmaveris,
715 4683 876 4734 super
901 4675 1094 4721 terram
1132 4678 1308 4723 tamen
1341 4670 1586 4723 incedere
1620 4670 1912 4723 caelicolam

362 4765 419 4808 te
460 4759 816 4810 meminimus.
857 4758 1378 4824 thuemadmodum
1395 4759 1501 4811 alio
1521 4760 1745 4812 modoiu
1779 4759 1913 4813 coelo

363 4850 466 4902 isto
512 4847 757 4900 conditus
810 4861 891 4910 es,
939 4849 1168 4901 ascende
1215 4856 1268 4900 et
1309 4848 1524 4912 decede,
1579 4851 1672 4902 tibi
1711 4850 1911 4903 clama-

364 4952 484 4990 mus
515 4954 529 4990 :
576 4953 679 4990 non
715 4947 773 4990 ut
811 4939 1078 4989 inhabites
1107 4947 1161 4991 et
1191 4946 1456 4990 mortuum
1487 4947 1538 4992 to
1577 4954 1752 5006 geras,
1786 4941 1910 4993 licet

364 5025 470 5080 alio
507 5040 669 5080 sensu
714 5025 1096 5092 cupiditatibus
1129 5035 1370 5078 mortuus
1405 5028 1502 5092 sis,
1557 5029 1646 5081 sed
1681 5035 1737 5081 ut
1773 5027 1908 5081 divi-

361 5114 484 5168 nius
526 5123 579 5167 et
621 5116 685 5168 ad
735 5117 872 5167 bona
920 5127 1081 5181 opera
1119 5113 1340 5177 vigilans
1373 5111 1775 5180 expergefactus
1809 5131 1904 5182 :tp-

359 5218 574 5273 pareas.

427 5460 512 5512 i7.
557 5457 627 5512 Ut
650 5475 773 5512 vero
801 5460 959 5511 etiam
981 5497 994 5520 ,
1027 5460 1237 5525 quando
1267 5459 1318 5512 in
1347 5462 1592 5530 sepulcro
1622 5463 1898 5516 morientis

358 5551 762 5603 similitudinem
797 5552 1000 5615 praebet
1039 5549 1294 5601 columna:
1335 5550 1554 5617 pulchra
1596 5553 1785 5620 imago,
1813 5554 1905 5605 ite-

359 5655 478 5693 rum
547 5648 600 5693 et
656 5639 809 5690 aliter
869 5638 1013 5689 illum
1094 5640 1423 5693 venerationi
1477 5640 1895 5706 denuntieutus,

360 5739 610 5783 accurate
637 5729 1033 5782 censideremus
1070 5731 1358 5782 secundum
1388 5729 1552 5782 Deum
1597 5731 1882 5784 viventium

2011 4585 2119 4633 τες,
2151 4569 2224 4630 ὡς
2254 4571 2765 4640 ἀντιλαμϐανόμενον
2819 4575 3122 4646 θεωροῦμέν
3177 4595 3254 4640 σε,
3313 4582 3406 4631 καὶ
3451 4581 3552 4649 ἤδη

2011 4657 2256 4725 οὐράνιον
2305 4659 2603 4727 ἄνθρωπον,
2642 4660 2757 4712 ἀλλ’
2802 4665 3302 4735 ἀναμιμνήσκομεν,
3347 4669 3428 4719 ὅτι
3468 4686 3549 4730 τε,

2011 4751 2058 4800 εἰ
2094 4749 2185 4798 καὶ
2212 4748 2422 4816 οὐρανῷ
2452 4749 2735 4818 ὲστήριξας
2778 4753 2939 4822 κάρη,
2985 4755 3097 4807 ἀλλ’
3126 4757 3218 4807 ἐπὶ
3261 4757 3409 4824 χθονὶ
3437 4758 3551 4825 βαί-

2011 4853 2120 4898 νεις
2145 4835 2174 4885 ὀ
2215 4838 2621 4908 οὐρανοϐάμων.
2660 4843 2767 4893 Καὶ
2806 4844 2880 4905 ὠς
2927 4844 3083 4896 ἄλλον
3110 4846 3308 4913 τρόπον
3349 4847 3426 4915 τῷ
3455 4849 3548 4898 οὗ·

2011 4927 2154 4995 ρανῷ
2184 4927 2354 4996 τούτῳ
2389 4931 2698 4999 ἐντέθαψαι,
2732 4935 2823 4984 καί
2855 4951 2969 4996 πως
3004 4952 3022 4984 ι
3050 4935 3306 4989 ἀνάϐαινε
3333 4940 3423 4988 καὶ
3455 4918 3578 4985 τεσ-

2007 5015 2168 5067 λεύτα
2211 5034 2227 5066 ι
2263 5019 2639 5087 ὲπιφωνοῦμέν
2670 5037 2750 5072 σοι
2772 5037 2787 5051 ⁸
2823 5024 2921 5093 οὐχ
2950 5023 3087 5077 ὥστε
3114 5026 3216 5093 μὴν
3241 5027 3332 5077 καὶ
3355 5025 3548 5078 ὲναποο

2010 5109 2189 5173 μεῖναι
2233 5107 2326 5158 καὶ
2356 5113 2668 5176 νεκριμαῖον
2704 5107 2879 5175 εἶναι,
2920 5116 2969 5167 εί
3014 5116 3108 5166 καὶ
3144 5115 3300 5167 ἄλλον
3347 5117 3548 5183 τρόπον

2007 5193 2192 5260 νεκρὸν
2221 5198 2332 5257 τοῖς
2371 5197 2620 5260 πάθεσιν,
2655 5199 2786 5250 ἀλλὰ
2833 5202 3268 5271 ἀνεγηγερμένον
3314 5203 3549 5270 φανῆναι

2006 5286 2143 5337 κατὰ
2179 5286 2446 5357 θειότερον
2473 5291 2662 5352 τύπον,
2716 5293 2808 5344 καὶ
2855 5293 2934 5353 εἰς
2984 5295 3161 5362 ἁγαθά
3196 5293 3330 5360 ἔργα
3378 5295 3550 5360 νηφά-

2004 5377 2135 5429 λιον.

2076 5466 2181 5535 μζθ.
2215 5469 2330 5521 ’Ὶνα
2358 5469 2437 5535 δὲ,
2469 5472 2514 5522 εί
2545 5473 2635 5523 καὶ
2671 5490 2689 5521 ι
2732 5472 2885 5540 τάφῳ
2926 5491 2943 5524 ι
2989 5473 3245 5525 τελευτῶν
3284 5472 3546 5540 παρείκαο

2003 5574 2123 5610 σται
2149 5560 2208 5610 τὸ
2237 5559 2328 5612 τοῦ
2373 5581 2389 5611 ι
2423 5561 2611 5615 στύλου
2659 5581 2677 5613 ι
2712 5565 2891 5626 καλὸν,
2918 5563 3406 5632 σεμνολογήσωμεν
3431 5564 3542 5612 εἱσ-

2001 5648 2155 5710 αὖθις
2182 5654 2274 5701 καὶ
2300 5651 2471 5713 ἄλλως
2499 5653 2683 5716 αὑτὸν,
2712 5653 3032 5722 σκεψώμεθα
3062 5656 3154 5706 καὶ
3179 5654 3318 5722 μάλα
3344 5649 3541 5719 ὀρθῶς,

2001 5739 2072 5798 ὡς
2107 5740 2184 5790 ὅτι
2230 5740 2335 5791 τῶν
2368 5741 2505 5793 κατά
2534 5742 2663 5794 Θεὸν
2698 5743 2911 5806 ζώντων
2949 5745 3040 5796 καὶ
3089 5746 3184 5805 τὴν
3219 5743 3297 5802 είς
3343 5741 3542 5810 ἀρετὴν
