3908 6548
286 398 384 461 241

1447 405 1551 465 AD
1590 406 1809 467 STYLI
1824 405 1971 467 I‘AM
2000 405 2401 477 QUEMDAM.

3447 401 3553 465 Eﬁ

288 517 587 570 ὁδευόντων
614 515 804 570 πολλοὶ
835 517 935 587 μὲν
961 518 1010 572 οἱ
1052 518 1246 588 τρόποι
1278 517 1372 573 τοῦ
1419 519 1535 591 βίου
1563 523 1661 576 καὶ
1684 523 1741 578 ei
1771 524 1869 593 τῆς

1988 530 2027 577 ξι
2088 521 2306 578 virtutis
2357 520 2581 577 semitas
2633 516 3028 575 ambulantium
3080 519 3283 575 multos
3331 518 3549 589 quidem

291 612 516 679 πορείας
549 611 730 680 τρίὸοι
781 612 1147 683 πολυσχιδεῖς,
1183 614 1210 665 ὁ
1258 611 1316 665 δὲ
1351 613 1493 666 κατά
1552 632 1570 663 ι
1614 613 1806 668 στύλον
1847 633 1866 666 ι

296 705 402 771 βίος
475 704 742 756 ἁπάντων
806 705 1047 774 πέφηνεν
1108 707 1530 775 ἐκφανέστατος.
1587 708 1719 777 Διχῆ
1765 708 1874 776 γὰρ

294 796 629 865 διῃρημένης
655 798 753 865 τῆς
781 798 923 849 κατά
966 796 1098 849 Θεδν
1132 796 1301 866 ζωῆς,
1331 799 1409 861 είς
1439 816 1499 851 τε
1528 798 1627 869 τὴν
1667 799 1873 851 ἁπλου-

296 888 492 957 στέραν
525 889 621 939 καὶ
664 889 776 949 τοῖς
824 888 1066 942 πλείοσιν
1116 889 1303 955 ὲθάδα,
1346 890 1776 959 πολιτικωτέραν
1813 907 1879 943 τε

297 982 389 1032 καὶ
416 981 631 1049 κοινὴν,
668 982 746 1044 ei;
772 999 831 1034 τε
864 984 963 1053 τὴν
1005 985 1223 1055 ἑτέραν,
1256 985 1357 1056 τὴν
1385 986 1496 1039 εἴτε
1526 987 1872 1056 καινοτόμον,

297 1071 403 1123 εἴτε
433 1072 775 1138 ξενίζουσαν,
810 1076 922 1128 εἴτε
953 1076 1379 1147 ἀπεξενωμένην
1402 1079 1576 1131 εἰπεῖν
1609 1077 1807 1149 χρεὼν,
1841 1079 1873 1148 ἡ

301 1165 396 1232 μὲν
425 1165 621 1234 πρώτη
644 1167 703 1218 ού
731 1166 865 1221 πολὺ
892 1166 1114 1220 πλουτεῖ
1151 1170 1213 1221 τὸ
1238 1172 1485 1224 ποικίλον
1522 1188 1582 1223 τε
1611 1172 1702 1225 καὶ¹
1735 1171 1875 1235 ξενί-

296 1256 406 1323 ζον,
441 1260 475 1329 η
512 1259 568 1311 δὲ
592 1259 821 1329 δευτέρα
852 1261 931 1323 είς
964 1260 1135 1315 πολλά
1174 1263 1467 1333 καινότερα
1497 1262 1767 1333 ἔσχισται.
1823 1314 1831 1320 .

372 1436 487 1507 μη’.
522 1437 742 1508 Ταύτης
779 1440 945 1511 μέρος
978 1444 1079 1513 τῆς
1130 1443 1278 1512 ζωῆς
1316 1443 1367 1496 οἱ
1397 1443 1485 1496 διά
1515 1444 1750 1515 Χριστὸν
1778 1443 1875 1514 τὴν

299 1537 644 1604 αὑτοσοφίαν,
677 1537 773 1589 καὶ
801 1532 861 1590 οὗ
893 1536 990 1605 τῆς
1025 1537 1294 1599 συνέσεως
1318 1536 1418 1590 οὑκ
1440 1534 1589 1589 ἔστιν
1616 1536 1871 1605 ἀριθμὸς,

299 1627 747 1697 ἀπαρνησόῳενοι
780 1626 879 1697 τὴν
917 1626 1059 1679 κατά
1094 1625 1209 1697 βίον
1237 1627 1504 1681 δοκοῦσαν
1547 1628 1739 1695 σοφίαν
1782 1627 1876 1680 καὶ

298 1724 591 1789 φρόνησιν·
625 1718 830 1789 ταύτης
873 1736 891 1771 ι
930 1721 978 1771 οί
1026 1720 1311 1790 γυμνῖται,
1351 1738 1369 1771 ι
1410 1720 1461 1773 οἱ
1488 1720 1564 1789 τῷ
1592 1720 1877 1791 ἱματισμῷ

297 1812 389 1864 καὶ
436 1810 765 1880 περιεργίαν
808 1810 990 1863 πᾶσαν
1043 1810 1621 1881 συναπεκδυσάμενοι·
1670 1813 1877 1881 ταύτης

304 1923 328 1955 ο
356 1904 405 1956 οἱ
431 1904 541 1955 τῶν
571 1902 775 1972 τριχῶν
820 1901 1230 1972 ἀνεπίστροφοι,
1262 1921 1281 1954 ο
1331 1904 1416 1955 ὅτι
1462 1903 1555 1955 καὶ
1602 1903 1704 1972 τῆς
1734 1904 1879 1957 κατά

300 1998 506 2066 κόσμον
545 1996 769 2064 ἀπάσης
810 1993 1198 2065 περιττότητος
1229 1994 1323 2048 καὶ
1361 1993 1660 2064 ἁϐρότητος
1683 2008 1697 2023 ⁸
1746 1993 1877 2047 ταύ-

296 2106 396 2158 της
444 2089 495 2140 οί
536 2106 555 2136 ι
601 2086 988 2157 χαμαιεῦναι»
1041 2087 1136 2140 καὶ
1200 2104 1219 2137 r
1278 2086 1661 2152 ἀνιπτόποδες,
1716 2107 1735 2139 ι
1786 2086 1881 2151 οὓς

297 2181 515 2250 εὐφυῶς
552 2179 820 2245 ἀνέπτυξέ
873 2196 957 2241 τις
984 2179 1093 2231 τῶν
1145 2178 1495 2248 σοφωτέρων,
1546 2179 1723 2248 χαμαὶ
1779 2178 1879 2249 μὲν

295 2272 697 2341 εὐναζομένους
725 2270 914 2333 εἰπὼν,
942 2271 1342 2340 ἀνιπταμένους
1370 2270 1425 2324 δὲ
1450 2272 1530 2334 είς
1555 2273 1623 2324 τά
1649 2271 1879 2341 ὖψισταο

294 2363 499 2432 ταύτης
534 2362 584 2413 oi
623 2380 641 2411 ι
688 2360 972 2430 ῥυπῶντες
1008 2378 1026 2411 ι
1055 2360 1150 2413 καὶ
1195 2358 1587 2429 ἐντεθαμμένοι
1625 2362 1691 2429 τῇ
1718 2359 1887 2430 πηλο-

297 2456 451 2526 ﬁeri;
512 2453 710 2522 ταύτῃ.
763 2453 850 2505 ἵνα
905 2451 995 2504 τὸν
1052 2451 1279 2519 πήλινον
1329 2449 1739 2513 ἀποπλύναντες
1790 2453 1883 2503 ἁν-

296 2547 553 2617 δριάντα,
587 2544 823 2613 καθαροὶ
847 2543 945 2612 τὴν
978 2544 1208 2612 καρδίαν
1248 2542 1518 2610 γένωνται
1543 2558 1558 2572 ⁸
1594 2542 1800 2613 ταύτης
1834 2544 1883 2595 οί

302 2657 327 2690 ε
362 2639 627 2705 σιγῶντες
668 2656 685 2686 ι
720 2637 865 2706 ῆδιὰ
901 2636 1039 2702 βίου,
1069 2635 1101 2704 ἦ
1136 2633 1225 2703 ἐφ’
1247 2636 1370 2687 ὅσον
1405 2634 1470 2687 ἂν
1496 2634 1670 2696 ἄλλως
1700 2634 1884 2703 δοκοίη

296 2734 503 2794 αὐτοῖς,
537 2728 836 2781 κάντεῦθεν
868 2727 1103 2795 ἀοίδιμοι
1142 2727 1317 2791 ὄντες,
1359 2728 1453 2779 καὶ
1485 2726 1646 2795 σιγῆς
1680 2724 1884 2795 ταύτης

293 2826 357 2877 τὸ
384 2823 459 2893 μὴ
493 2821 773 2889 σιγᾶσθαι,
798 2819 936 2872 ἀλλὰ
969 2820 1037 2871 δι’
1085 2818 1381 2887 ἐγκωμίων
1415 2817 1680 2887 φέρεσθαι
1722 2817 1887 2870 ἀλλοι-

295 2917 523 2983 ξάμενοι
546 2932 559 2945 ⁸
592 2913 799 2981 ταύτης
842 2912 891 2964 οί
929 2929 947 2961 ι
982 2910 1344 2980 σπηλαιῶται,
1383 2928 1401 2962 ι
1437 2909 1484 2961 οἳ
1515 2909 1576 2960 τὸ
1602 2906 1739 2977 βαθὺ
1786 2907 1886 2976 τῆς

298 3010 439 3060 κατᾶ
484 3006 706 3075 πνεῦμα
764 3004 998 3073 θεωρίας
1049 3002 1127 3072 τῷ
1186 3002 1285 3072 βίῳ
1333 3002 1509 3070 τούτῳ
1542 2999 1887 3066 καθυποφαί-

296 3118 476 3153 νουσιο
531 3098 737 3167 ταύτης
781 3114 799 3148 ι
842 3097 890 3149 οί
933 3094 1315 3164 σιδηρούμενοι
1346 3094 1439 3146 τοῦ
1470 3092 1603 3146 Θεοῦ
1648 3095 1695 3144 οἱ
1729 3091 1886 3143 ὁπλῖ-

1982 617 2106 669 vitac
2155 614 2343 668 modos
2391 627 2512 668 esse
2555 620 2609 667 et
2643 613 2887 669 tramites
2952 611 3299 667 multifariam
3359 610 3551 673 dividi,

1979 708 2105 760 dum
2167 705 2467 761 secundum
2512 704 2820 759 columnam
2868 705 2976 759 vita
3038 704 3281 758 omnium
3345 704 3550 758 eminet

1978 798 2371 853 illustrissima.
2410 797 2467 851 In
2498 798 2629 852 duas
2668 799 2810 852 enim
2842 807 3023 866 partes
3050 795 3223 850 divisa
3256 792 3553 848 secundum

1952 889 2148 944 Deum
2194 892 2327 953 vita,
2360 891 2415 943 in
2464 904 2581 944 eam
2633 905 2751 959 quae
2785 889 3083 959 simplicior
3137 888 3409 958 plerisque
3465 893 3553 940 est

1979 994 2259 1047 consueta,
2283 983 2451 1051 magis
2471 982 2721 1037 civilibus
2740 981 3147 1036 accommodata
3174 990 3224 1034 et
3248 978 3554 1034 communis

1978 1082 2031 1126 et
2056 1073 2107 1127 in
2136 1074 2358 1127 alterum
2391 1089 2509 1143 quae
2528 1074 2643 1129 sive
2666 1074 2927 1129 innovans
2956 1083 3039 1127 est
3062 1073 3177 1127 sive
3206 1088 3313 1141 pra:
3338 1072 3556 1127 insolito

1977 1163 2338 1232 Stupefaciens
2369 1174 2421 1219 et
2447 1180 2608 1234 quam
2630 1166 2785 1233 plane
2813 1164 3135 1235 singularem
3156 1164 3380 1226 dixeris,
3409 1162 3560 1229 prior

1979 1256 2195 1326 quidem
2232 1273 2333 1311 non
2374 1259 2635 1313 varietate
2665 1270 2720 1312 et
2751 1257 3128 1325 singularitate
3162 1254 3421 1317 abundat,
3456 1268 3559 1322 p0-

1978 1350 2182 1404 sterior
2210 1364 2339 1402 vero
2371 1349 2725 1403 multifariam
2761 1349 3045 1404 dividitur.

2048 1440 2138 1495 48.
2159 1439 2329 1513 Hujus
2344 1442 2463 1495 vitae
2478 1457 2538 1509 pa
2548 1443 2697 1509 rsqui
2718 1451 2934 1510 propter
2950 1440 3223 1496 Christum
3239 1440 3330 1510 qui
3345 1438 3559 1507 sapien-

1982 1531 2052 1585 tia
2090 1533 2203 1602 ipsa
2241 1541 2409 1587 estet
2446 1533 2605 1603 cujus
2636 1531 2944 1603 prudentia:
2990 1548 3099 1587 non
3136 1540 3221 1587 est
3263 1545 3551 1592 numerus,

1978 1623 2302 1692 sapientiam
2344 1623 2594 1692 rejiciunt
2636 1638 2755 1692 quae
2784 1624 3078 1678 secundum
3122 1621 3376 1677 saeculum
3427 1634 3551 1673 esse

1977 1714 2194 1768 videtur
2228 1723 2281 1768 et
2312 1714 2741 1785 intelligentiam,
2785 1715 2963 1784 hujus,
2994 1713 3087 1783 qui
3114 1712 3241 1767 nudi
3266 1751 3282 1777 ,
3312 1726 3435 1765 cum
3464 1724 3559 1765 ve-

1979 1808 2237 1862 stimento
2267 1823 2484 1862 omnem
2519 1807 2936 1863 sollicitudinem
2977 1806 3334 1877 abjecerunt;
3376 1801 3559 1871 hujus,

1984 1900 2078 1969 qui
2128 1899 2361 1955 crinium
2394 1914 2579 1954 curam
2622 1915 2729 1954 non
2785 1899 3006 1963 habent,
3058 1898 3182 1968 quia
3215 1894 3563 1950 abundantiae

1981 1999 2035 2046 et
2086 1991 2329 2047 mollitiei
2381 1992 2678 2046 secundum
2721 1990 2980 2044 mundum
3041 1988 3170 2043 illud
3228 1996 3347 2054 est;
3398 1985 3563 2056 hujus

1981 2086 2125 2149 vitae,
2172 2086 2261 2155 qni
2294 2085 2410 2139 solo
2466 2084 2748 2151 recubant,
2796 2085 2887 2154 qui
2920 2083 3117 2139 balneo
3162 2098 3268 2136 non
3314 2090 3564 2146 utuntur,

1980 2191 2211 2246 quorum
2276 2177 2482 2246 optime
2536 2176 2774 2230 animum
2844 2175 3100 2231 revelavit
3143 2190 3174 2230 e
3223 2171 3563 2243 sapientibus

1982 2270 2204 2338 quidam
2265 2270 2453 2325 dicens
2511 2270 2655 2339 quod
2716 2270 2868 2323 humi
2916 2269 3133 2339 quidem
3192 2267 3428 2327 cubeut,
3492 2263 3564 2317 ad

1985 2362 2244 2416 altissima
2274 2378 2401 2417 vero
2434 2363 2634 2419 volent.
2676 2360 2850 2430 Hujus
2891 2362 3014 2416 vita:
3041 2360 3133 2430 qui
3166 2360 3369 2416 sordidi
3412 2367 3559 2422 sunt,

1982 2454 2099 2509 luto
2155 2456 2254 2509 hoc
2307 2456 2508 2524 aspersi
2561 2464 2619 2509 ut
2670 2455 2870 2509 luteam
2920 2455 3143 2522 figuram
3208 2451 3559 2513 mundantes.

1985 2544 2170 2597 mundi
2206 2545 2371 2598 corde
2392 2546 2557 2605 fiant,
2579 2543 2767 2612 Hujus,
2803 2544 2893 2613 qui
2926 2544 3087 2599 silent
3117 2552 3210 2596 aut
3236 2556 3329 2609 per
3363 2541 3559 2603 vitam,

1990 2645 2083 2690 aut
2122 2650 2215 2706 per
2244 2648 2502 2704 quantum
2530 2636 2635 2691 illis
2679 2638 2850 2691 visum
2873 2644 2976 2700 est,
3017 2643 3070 2690 et
3094 2635 3287 2689 exinde
3318 2633 3566 2702 insignes

1987 2743 2095 2782 non
2118 2727 2332 2782 silentio
2362 2742 2481 2782 sese
2507 2729 2931 2795 praztereundos,
2951 2726 3045 2781 sed
3070 2725 3315 2779 laudibus
3332 2722 3567 2779 efferen—

1988 2804 2085 2873 d'os
2121 2827 2440 2883 autumant;
2476 2834 2637 2888 porro
2682 2818 2853 2888 quiin
2897 2817 3144 2872 cavernis
3165 2816 3432 2879 habitant,
3468 2813 3570 2884 qui

1994 2913 2462 2983 contemplationis
2493 2913 2787 2967 secundum
2817 2912 3068 2981 spiritum
3114 2911 3319 2965 viscera
3351 2909 3405 2962 in
3456 2908 3567 2962 vita

1992 3005 2093 3060 ista
2130 3006 2459 3070 ostendunt;
2494 3002 2682 3058 ferrati
2711 3004 2804 3058 Dei
2837 3004 3069 3069 milites;
3103 3002 3284 3072 hujus,
3311 3002 3402 3071 qui
3433 3002 3567 3054 arhe

1990 3116 2107 3153 rum
2142 3114 2289 3154 more
2324 3099 2533 3164 vivunt,
2572 3099 2664 3168 qui
2716 3098 2838 3152 vita:
2868 3098 2996 3167 ligni
3034 3096 3376 3151 summitates
3406 3102 3564 3160 sunt;

295 3208 418 3245 ται⁸
462 3210 481 3243 ι
519 3190 727 3260 ταύτης
766 3208 785 3241 ι
823 3188 873 3240 οί
925 3188 1215 3257 δενδρῖται,
1258 3205 1277 3238 ι
1329 3188 1377 3239 οί
1430 3185 1524 3237 τοῦ
1576 3183 1734 3249 ξύλου
1785 3185 1880 3252 τῆς

1990 3188 2081 3257 qui
2126 3189 2414 3243 virtutibus
2446 3187 2806 3253 cinerescunt,
2829 3188 3039 3257 pulchri
3072 3188 3296 3258 spiritus
3323 3185 3567 3250 fructus;

298 3286 445 3352 ζωῆς
474 3283 807 3352 ἀκρέμονες,
851 3280 901 3332 οἱ
934 3278 1220 3341 ἀνθοῦντες
1254 3278 1311 3331 ὲν
1353 3278 1596 3347 ἀρεταῖς,
1630 3278 1679 3329 οί
1728 3275 1887 3328 καλοὶ

297 3376 507 3445 καρποὶ
540 3373 635 3428 τοῦ
668 3373 980 3443 πνεύματος
1004 3387 1018 3403 ⁸
1049 3370 1254 3440 ταύτης
1273 3371 1323 3423 οί
1353 3387 1373 3422 ο
1407 3371 1692 3437 κιονῖται,ι
1728 3372 1775 3421 οί
1798 3368 1889 3421 τδν

301 3468 427 3522 καθ’
461 3468 618 3536 ἡμᾶς
654 3465 765 3535 βίον
794 3465 1102 3533 ἀνέχοντες,
1134 3464 1227 3515 καὶ
1257 3462 1424 3533 λῆρον
1462 3461 1717 3531 ἀφιέντες
1747 3455 1888 3514 εἶναι

302 3559 394 3611 τὸν
457 3560 543 3617 είς
592 3556 821 3627 οὐρανὸν
867 3554 1084 3608 ἀνιόντα
1116 3554 1346 3624 χάλκεον
1395 3552 1551 3606 κίονα
1602 3554 1696 3605 καὶ
1760 3552 1889 3615 τοὺς

302 3648 669 3712 ἀτλαντικούς
694 3663 708 3679 ⁸
751 3646 959 3715 ταύτης
1005 3646 1120 3714 (ἵνα
1153 3646 1281 3708 τοὺς
1311 3644 1532 3708 λοιποὺς
1560 3643 1789 3715 ἀφῶμεν
1819 3644 1889 3699 τὰ

302 3738 984 3809 ἑαυτῶν-διαπράττεσθαι
1032 3738 1175 3791 κατά
1205 3736 1304 3806 τὴν
1343 3737 1531 3790 θεόθεν
1571 3737 1884 3808 ἐπίπνοιαν)

302 3836 399 3887 καὶ
436 3837 485 3886 οί
526 3852 547 3885 ι
587 3834 645 3885 ἐν
676 3832 911 3901 ἀσκήσει
944 3829 1300 3898 τεθαμμένοι.
1332 3848 1355 3881 ι

376 3927 487 3995 μθ’.
521 3924 743 3978 Τούτων
781 3924 839 3977 δὲ
886 3919 1041 3985 αὖθις
1072 3922 1331 3993 τριπλοῦς
1362 3923 1389 3975 ό
1426 3921 1625 3993 τρόπος
1646 3937 1661 3951 ⁸
1709 3924 1759 3976 οί
1788 3921 1887 3993 μὲν

297 4019 407 4087 γὰρ
439 4016 989 4085 ὲγκαταχωννύουσιν
1022 4016 1102 4077 είς
1132 4018 1236 4085 γῆν
1265 4015 1422 4077 ὅλους
1453 4014 1701 4078 ἑαυτοὺς,
1729 4014 1886 4082 ἐγγί-

300 4108 490 4172 ζοντες
532 4106 680 4161 οὕτω
714 4108 794 4178 τῷ
831 4110 930 4175 τῆς
960 4108 1136 4177 ταφῆς
1161 4107 1386 4177 ὀνόματι
1423 4108 1523 4178 (μὴ
1558 4108 1667 4177 γὰρ
1691 4110 1719 4160 ὁ
1754 4108 1887 4161 ὑπό-

298 4218 442 4269 γεως
482 4200 545 4252 οὐ
576 4200 1070 4270 μικροῦητέθαπται
1092 4200 1132 4268 ;)
1154 4214 1168 4228 ⁸
1205 4200 1255 4251 οί
1300 4199 1357 4252 δὲ
1386 4200 1489 4268 γῆν
1522 4198 1623 4269 μὲν
1650 4198 1885 4251 πατοῦν-

296 4311 409 4356 τες,
448 4293 775 4362 βραχυτάτῳ
798 4293 852 4345 δὲ
882 4291 1230 4362 καταλύματι
1260 4292 1601 4361 ὲνείρξαντες
1632 4292 1883 4358 ἑαυτοὺς,

300 4388 709 4454 ὐπεμφαίνουσι
735 4386 810 4455 τῷ
834 4387 1081 4455 ἀπροῖτῳ
1108 4384 1379 4453 τεθάφθαι
1411 4384 1504 4437 καὶ
1536 4385 1711 4437 αὐτοί.
1747 4384 1883 4454 Τρί-

300 4492 388 4537 τος
417 4476 476 4528 δὲ
507 4475 684 4543 τάφος
719 4477 748 4526 ὁ
777 4478 1050 4545 μετέωρος
1097 4471 1248 4539 οὗτος
1270 4494 1284 4508 ⁸
1320 4478 1414 4529 καὶ
1448 4479 1475 4529 ό
1519 4479 1575 4528 ὲν
1610 4476 1762 4545 αὐτῷ
1789 4494 1881 4528 τε-

1993 3282 2189 3337 deinde
2219 3281 2564 3336 columnares
2602 3282 2693 3349 qui
2729 3282 2894 3334 vitam
2929 3281 3225 3335 secundum
3256 3292 3356 3333 nos
3393 3276 3568 3331 susti-

1991 3383 2122 3429 nent
2150 3380 2205 3428 et
2246 3373 2617 3428 commentitia
2651 3372 3077 3442 praetermittunt
3120 3385 3324 3424 aeneam
3360 3368 3426 3422 ad
3456 3381 3568 3422 cm-

1989 3463 2100 3517 lum
2154 3464 2458 3519 tendentem
2505 3462 2816 3518 columnam
2864 3471 2919 3517 et
2969 3462 3259 3516 atlanticas
3310 3469 3565 3525 statuas;

1990 3556 2154 3625 hujus
2210 3555 2335 3610 vitae
2388 3554 2472 3624 (ut
2519 3555 2763 3624 reliquos
2820 3554 3305 3624 pmtermittamus
3345 3553 3567 3622 propria

1988 3647 2212 3715 exsequi
2236 3648 2540 3703 secundum
2577 3646 2994 3717 inspirationem
3033 3661 3063 3700 a
3091 3646 3249 3716 Deo),
3290 3653 3346 3701 et
3381 3646 3477 3716 qui
3510 3646 3571 3700 in

1989 3744 2077 3812 pia
2108 3742 2496 3797 exercitatione
2532 3741 2732 3813 sepulti
2761 3749 2915 3796 sunt.

2058 3924 2147 3979 49.
2190 3922 2393 3979 Horum
2426 3938 2588 3994 porro
2610 3923 2801 3993 triplex
2821 3937 2995 3996 genus
3018 3925 3146 3981 :alii
3164 3938 3225 3981 se
3251 3933 3395 3983 toto:
3420 3933 3568 3981 terra

1987 4018 2251 4082 obruunt,
2281 4017 2505 4086 propius
2535 4016 2614 4072 sic
2641 4016 2708 4071 ad
2735 4017 3028 4088 sepulturae
3055 4017 3562 4073 denominationem

1986 4108 2309 4166 accedentes
2341 4112 2544 4179 (nonne
2569 4111 2960 4165 subterraneus
2999 4111 3113 4166 fere
3145 4111 3391 4181 sepultus
3419 4111 3562 4181 est);

1985 4200 2073 4255 isti
2091 4202 2184 4270 qui
2203 4201 2255 4254 in
2279 4212 2419 4256 terra
2449 4202 2752 4267 ambulant,
2771 4201 3080 4257 arctissima
3104 4215 3235 4256 vero
3260 4208 3317 4255 in
3337 4200 3475 4256 cella
3502 4215 3565 4254 se

1987 4293 2289 4355 includunt,
2310 4292 2563 4361 sepelitos
2585 4302 2639 4347 et
2660 4294 2867 4361 seipsos
2895 4293 3131 4348 inclusos
3152 4308 3273 4348 esse
3302 4293 3564 4346 indicant.

1988 4384 2231 4439 Tertium
2264 4400 2389 4440 vero
2436 4386 2742 4455 sepulcrum
2777 4389 2991 4439 excelsa
3049 4385 3138 4439 illa
3174 4385 3426 4439 columna
3456 4400 3472 4437 :
3508 4393 3564 4436 et

1985 4476 2149 4543 quiin
2179 4491 2240 4530 ea
2258 4476 2548 4530 collocatus
2572 4486 2624 4530 et
2648 4476 2912 4545 sepultus,
2940 4475 3137 4531 virtute
3158 4476 3397 4543 reliquos
3419 4474 3565 4529 viros

299 4562 579 4631 θειμένος,
634 4564 742 4615 εἴτε
808 4567 901 4616 καὶ
954 4564 1316 4634 τεθαμμένος,
1369 4566 1475 4620 τῶν
1522 4566 1726 4620 λοιπῶν
1782 4567 1880 4637 τῆς

1991 4570 2177 4635 vincit,
2207 4570 2315 4625 alte
2333 4586 2390 4624 se
2412 4570 2630 4638 insuper
2650 4568 2735 4622 illa
2767 4568 3061 4631 collocans,
3085 4567 3272 4635 sicque
3308 4566 3563 4621 omnibus

301 4656 507 4723 ἀρετῆς
544 4656 754 4724 ἀνδρῶν
798 4657 1211 4727 ύπερφαίνεται,
1270 4661 1660 4731 ἀναστηλώσας
1692 4661 1880 4715 ἑαυτὸν

1988 4663 2220 4730 seipsum
2242 4661 2598 4729 conspicuum
2616 4659 2893 4729 .prazbens,
2913 4658 2988 4712 ita
3006 4666 3063 4712 ut
3086 4658 3361 4713 neminem
3397 4657 3566 4711 lateat

300 4750 381 4806 εἰς
437 4746 736 4815 πρόοπτον,
798 4749 891 4799 καὶ
955 4748 1079 4811 δοὺς
1118 4748 1291 4811 οὕτως
1336 4750 1541 4803 ἅπασιν
1591 4754 1672 4814 είς
1724 4752 1880 4805 αὐτὸν

1988 4763 2039 4809 ει
2064 4752 2265 4808 exinde
2282 4768 2550 4822 apparens
2567 4752 2973 4807 illustrissimus
2993 4761 3047 4805 et
3068 4752 3185 4806 visu
3217 4752 3431 4819 dignus,
3454 4764 3563 4804 non

303 4838 658 4903 ἀναϐλέπειν,
692 4842 763 4902 ὼς
797 4843 906 4903 τοῖς
944 4841 1198 4894 ἁπάντων
1230 4842 1529 4912 ὀφθαλμοῖς
1560 4844 1880 4914 ἐμπίπτειν,

1988 4862 2114 4902 sane
2128 4847 2217 4916 qui
2236 4846 2598 4899 abscondatur
2612 4846 2727 4897 etin
2748 4844 2987 4899 tenebris
3005 4844 3097 4907 sit,
3116 4859 3217 4898 nec
3232 4846 3322 4913 qui
3341 4843 3563 4897 lucerna

303 4934 400 4984 καὶ
433 4934 640 5003 μηδένα
673 4936 1032 5003 κρύπτεσθαι,
1070 4938 1371 4992 κάντεῦθεν
1403 4941 1686 5008 ἐμφαίνων
1721 4941 1880 5009 φανό-

1988 4941 2052 4993 sit
2072 4939 2172 4992 sub
2187 4937 2365 4991 modio
2386 4937 2728 5001 abscondita,
2754 4936 2879 4989 licet
2898 4935 3004 4989 alio
3024 4935 3182 4988 modo
3205 4935 3366 4988 modii
3393 4936 3564 4987 instar

301 5040 466 5087 τατος
496 5019 637 5077 εἶναι
674 5028 766 5077 καὶ
798 5025 926 5088 θέας
958 5027 1125 5092 ἄξιος,
1175 5029 1237 5081 ού
1290 5028 1399 5099 μὴν
1439 5031 1880 5098 ἐγκαλύπτεσθαι

1988 5029 2229 5083 columna
2264 5026 2355 5080 illa
2402 5036 2637 5081 ascelam
2680 5025 3011 5081 abscondere
3044 5026 3225 5089 vellet,
3265 5025 3409 5095 quod
3450 5037 3562 5079 non

302 5116 401 5164 καὶ
458 5116 682 5183 ἀφανῶς
728 5116 896 5186 ἔχειν,
957 5116 1090 5187 μηδὲ
1139 5117 1329 5188 λύχνος
1360 5113 1504 5170 εἶναι
1558 5119 1663 5172 ὑπὸ
1714 5119 1880 5189 μοδίῳ

1991 5125 2190 5186 potest,
2217 5116 2464 5171 claritate
2494 5116 2861 5172 translucente
2885 5126 2940 5172 et
2970 5117 3238 5173 inclusum
3260 5118 3556 5173 revelante.

302 5204 713 5273 κεκρυμμένος,
748 5206 851 5257 κᾶν
880 5204 1081 5274 τρόπον
1126 5204 1288 5258 ἀλλον
1326 5207 1489 5258 ὁποῖα
1533 5206 1625 5258 καί
1660 5224 1741 5270 τις
1787 5207 1967 5277 μόδιος
2029 5207 2063 5257 ό
2134 5206 2388 5270 ι-στύλος
2422 5226 2442 5258 ι
2510 5199 2665 5271 οὗτος
2722 5207 2986 5278 κρύπτειν
3030 5209 3187 5282 ἐθέλῃ
3234 5212 3328 5263 τὸν
3378 5212 3557 5272 ἀσκη-

301 5293 423 5363 την,
474 5296 523 5346 εί
556 5294 652 5348 καὶ
703 5295 777 5365 μὴ
804 5294 1057 5363 δύναται,
1092 5295 1522 5365 διεκπιπτούσης
1566 5297 1667 5366 τῆς
1706 5298 2006 5367 φανότητος
2038 5298 2131 5351 καὶ
2162 5299 2623 5369 καταμηνυούσης
2652 5299 2711 5352 τὸ
2748 5300 3178 5372 καλυπτόμενον.

371 5384 437 5439 ν’.
483 5384 545 5437 '0
578 5385 758 5439 τοίνυν
808 5387 1050 5451 τοιοῦτος
1097 5387 1383 5457 ἄνθρωπος
1420 5389 1648 5452 εἰκότως
1680 5388 1745 5442 ἀν
1796 5407 1885 5457 φι-

301 5475 596 5548 λονεικοίη,
655 5479 764 5531 τῶν
824 5480 1000 5533 ἄλλων
1060 5479 1265 5542 μείζων
1323 5480 1514 5552 ῶσπερ
1573 5480 1885 5549 φαίνεσθαι,

301 5566 451 5620 οὓτω
476 5570 570 5621 καὶ
606 5564 769 5635 εἶναι,
816 5573 915 5623 καὶ
944 5571 1003 5624 ού
1036 5571 1143 5623 τῶν
1190 5570 1396 5624 ὲθάδων
1432 5572 1525 5625 καὶ
1561 5572 1897 5643 κοινοτέρων

304 5660 403 5711 καὶ
434 5659 712 5725 πλειόνων,
757 5660 807 5713 οἳ
835 5662 935 5733 τὴν
970 5663 1069 5732 τῆς
1110 5663 1317 5733 ἀρετῆς
1345 5663 1620 5735 λεωφόρον
1662 5664 1885 5734 τρίδου-

306 5764 413 5810 σιν,
443 5749 575 5803 ἀλλὰ
628 5754 724 5804 καὶ
769 5753 949 5806 αὐτῶν
994 5754 1230 5817 πάντων,
1265 5755 1378 5807 ὅσοι
1430 5758 1542 5817 τοῖς
1583 5756 1887 5826 ἐπιτυγχά-

305 5856 459 5892 νουσι
507 5844 710 5899 σπανία
762 5843 1162 5914 προσϐάλλουσι
1216 5846 1335 5913 θέα,
1400 5847 1493 5901 καὶ
1556 5848 1879 5918 παράδοξος,

2055 5389 2143 5444 50.
2188 5390 2373 5460 Itaque
2440 5392 2561 5446 talis
2617 5393 2775 5446 homo
2815 5394 3187 5449 verisimiliter
3238 5396 3548 5459 contendet,

1986 5482 2127 5537 sicut
2156 5487 2367 5539 caeteris
2412 5484 2603 5539 melior
2631 5500 2751 5539 esse
2782 5493 3031 5555 apparet,
3072 5488 3144 5542 ita
3183 5502 3306 5543 csse
3335 5498 3391 5543 et
3442 5505 3549 5545 non

1984 5587 2371 5632 consuetorum
2428 5588 2482 5633 et
2542 5578 2930 5649 plerornmque
2982 5581 3073 5650 qui
3135 5581 3350 5637 virtutis
3406 5585 3551 5638 viam

1987 5676 2193 5733 terunt,
2223 5668 2318 5722 sed
2365 5677 2421 5722 ct
2448 5671 2686 5725 omnium
2734 5672 2826 5739 qui
2863 5672 3038 5726 obviis
3086 5686 3265 5725 rarum
3319 5674 3556 5733 offerunt

1987 5761 2357 5827 spectaculum
2389 5769 2500 5813 tum
2532 5760 2835 5829 insolitum,
2879 5770 3015 5822 tum,
3047 5772 3105 5815 ut
3132 5778 3295 5832 supra
3350 5767 3551 5822 dictum

1993 5858 2119 5917 est,
2176 5853 2474 5922 singulare.
2529 5852 2661 5908 Nam
2720 5868 2827 5908 non
2877 5853 3102 5910 omnino
3155 5858 3371 5926 negabit
3429 5873 3553 5915 esse
