3908 6558
363 392 468 460 24.3

1069 399 1480 459 EUSTATIIII
1523 401 2268 475 THESSALONICENSIS
2312 402 2894 464 METRO’POLI'IHE-

3504 402 3616 462 2H

360 518 423 559 se
460 504 758 572 sapientem
795 509 1092 564 secundum
1129 509 1296 563 Deum
1357 522 1410 564 et
1473 511 1674 579 optime
1735 511 1924 566 corda-

2038 514 2155 580 καὶ,
2181 513 2257 579 ὡς
2287 512 2512 585 ὲρῤἐθη,
2569 513 2872 577 ξενίζουσα.
2919 510 3054 564 οὔτε
3107 510 3215 580 γὰρ
3262 512 3612 566 παντάπασιν

364 605 480 649 tum
525 599 617 667 qui
665 599 743 653 sic
779 610 1034 669 operatus
1062 612 1164 665 est,
1203 613 1256 657 et
1299 603 1391 672 qui
1423 604 1683 672 optimam
1723 614 1931 672 partem

360 692 558 760 elegit;
605 708 704 748 nec
735 695 828 762 qui
882 709 1002 748 sese
1035 695 1284 748 humiliat
1328 694 1592 757 offendes,
1640 705 1697 748 ut
1736 695 1934 750 stultus

359 801 505 850 esse,
555 794 608 838 et
663 787 866 838 nudum
920 786 970 838 in
1025 787 1141 840 zelo
1187 801 1444 854 superare
1501 787 1638 840 velle
1691 786 1935 838 videatur

363 878 602 932 studium
633 892 958 946 provocans,
985 887 1043 932 ut
1083 879 1197 946 ipse
1227 879 1443 942 quidem
1491 891 1556 930 ne
1603 877 1935 944 glorificetur

363 988 422 1026 se
449 974 514 1025 ad
549 971 887 1039 spiritunletn
923 971 1116 1022 Ιιι‹·ι;ιιιι
1145 981 1197 1024 et
1239 969 1382 1024 vinci
1431 968 1703 1023 diﬂicilem
1740 969 1806 1023 ab
1842 971 1937 1023 ad-

362 1061 627 1122 versario,
657 1058 865 1126 pulchri
893 1057 1092 1127 Joseph
1138 1060 1228 1128 qui
1281 1059 1441 1128 pallio
1486 1067 1687 1113 exutus
1721 1059 1939 1128 sapien-

364 1152 494 1205 tiam
557 1151 752 1215 induit,
814 1152 1056 1220 vcsngiis
1113 1151 1464 1219 insistendoj:
1519 1151 1608 1204 ille
1657 1166 1785 1204 vero
1833 1153 1926 1220 qui

362 1238 673 1297 columnam
705 1245 1013 1298 vestimenti
1049 1244 1167 1297 loco
1201 1245 1363 1296 habet
1399 1251 1452 1296 et
1489 1245 1731 1298 vestibus
1756 1245 1936 1299 indui.

366 1347 474 1400 tur,
508 1335 770 1389 nuditatis
797 1334 1136 1404 privilegium
1180 1335 1383 1390 habere
1415 1336 1625 1404 nequit.
1657 1335 1783 1390 Ideo
1808 1353 1940 1391 con-

351 1431 551 1481 tendet
587 1427 795 1497 stylites
833 1429 1133 1482 nuditatem
1185 1428 1332 1482 clare
1391 1444 1502 1496 pra:
1530 1445 1587 1483 sc
1617 1427 1761 1483 ferre
1807 1445 1939 1499 pau-

363 1521 734 1589 pertate,quia
767 1534 864 1576 nec
915 1520 1109 1575 domus
1141 1522 1193 1573 in
1225 1521 1471 1575 columna
1509 1536 1793 1590 possessor
1833 1533 1933 1589 est,

361 1611 457 1667 sed
487 1611 728 1666 damnati
762 1613 933 1667 instar
962 1628 1183 1667 carcere
1211 1622 1426 1668 tenetur
1470 1623 1523 1668 et.
1557 1615 1790 1686 denique
1844 1632 1937 1671 ne-

359 1705 660 1758 candorum
693 1715 841 1758 sorte
865 1705 1081 1758 fruitur.
1107 1704 1250 1758 Idem
1273 1711 1324 1759 et
1356 1705 1571 1760 abunde
1590 1717 1644 1758 et
1669 1708 1937 1774 incompte

360 1794 644 1862 capillatos
672 1803 883 1865 arguet,
909 1795 1070 1864 quasi
1117 1796 1252 1849 nihil
1296 1810 1554 1862 magnum
1589 1796 1682 1860 sit,
1734 1797 1777 1852 si
1811 1797 1933 1865 quis

2037 603 2413 672 άπαρνήσεται
2455 604 2616 671 σοφὸς
2665 597 2806 655 εἶναι
2843 603 2982 654 κατὰ
3015 600 3147 654 Θεὸν
3195 601 3288 652 καὶ
3321 603 3545 663 συνετὸς
3583 605 3612 654 6

2036 694 2180 746 οὓτω
2204 695 2582 766 μελετητικδς,
2610 696 2703 748 καὶ
2733 697 2793 748 τὸ
2825 698 3074 766 κρεῖττον
3101 695 3392 764 ὲπιλέγδην
3422 695 3614 764 ἑλόμε-

2037 801 2158 847 νος·
2196 789 2306 840 οὐδ’
2348 791 2412 842 ἂν
2443 789 2804 859 προαιρεθείη
2849 789 2878 842 6
2927 789 3397 860 ὑπερφαινόμενος
3437 788 3616 851 οὕτως

2037 879 2227 932 ἑαυτὸν
2255 881 2610 944 ταπεινῶσαι,
2655 881 2731 942 ὡς
2773 881 2868 932 καὶ
2901 881 3082 950 μωρὸς
3113 877 3255 933 εἶναι
3287 881 3489 946 δοκεῖν,
3521 883 3614 934 καὶ

2037 971 2128 1023 τὸν
2160 971 2428 1040 γυμνίτην
2471 972 2528 1024 δὲ
2564 971 2900 1040 ὑπερελάσαι
2951 971 3264 1034 σπουδάσει,
3316 972 3392 1034 ὡς
3437 975 3504 1024 ᾶν
3538 971 3616 1042 μὴ

2038 1063 2242 1126 ἐκεῖνος
2272 1063 2371 1132 μὲν
2402 1064 2696 1133 αὐχήσειεν
2726 1063 3102 1118 ἀποδύσασθαι
3145 1067 3223 1128 είς
3254 1066 3351 1132 τὴν
3386 1066 3614 1134 νοουμέο

2039 1171 2136 1222 νην
2171 1156 2371 1224 πάλην,
2422 1158 2518 1210 καὶ
2553 1155 2857 1224 δύσληπτος
2887 1152 3027 1210 εἶναι
3077 1156 3155 1226 τῷ
3188 1156 3488 1224 ἀντιπάλῳ,
3520 1156 3616 1208 καὶ

2039 1247 2160 1315 κατ’
2192 1249 2312 1316 ῐχνη
2352 1249 2556 1316 βαίνειν
2596 1248 2675 1317 τῷ
2727 1248 2877 1318 καλῷ
2927 1249 3153 1318 Ἰωσὴφ,
3202 1249 3259 1310 ὃς
3312 1247 3618 1316 ἱματισμοῦ

2037 1337 2300 1406 ψιλωθεὶς
2325 1340 2426 1408 τὴν
2465 1340 2822 1410 σωφροσύνην
2852 1341 3194 1410 περιεδὲδυτο
3214 1355 3225 1367 ’
3260 1334 3413 1402 οὗτος
3440 1339 3495 1392 δὲ
3524 1341 3620 1391 τὸν

2045 1449 2062 1480 ι
2095 1431 2283 1484 στύλον
2338 1449 2356 1482 ι
2393 1448 2450 1483 τε
2483 1431 2987 1502 ἁμφιὸεὸλημένος,
3027 1433 3121 1486 καὶ
3154 1433 3378 1502 ἀμφίοις
3411 1432 3615 1485 σκεπό-

2041 1539 2225 1592 μενος,
2263 1524 2364 1575 ούκ
2417 1523 2533 1594 ἔχει
2565 1525 2631 1577 τά
2691 1523 2783 1578 τοῦ
2824 1525 3207 1594 γυμνουμένου
3259 1507 3454 1592 σεμνά.
3512 1525 3618 1577 06—

2039 1613 2170 1666 κοῦν
2219 1615 2639 1686 φιλοτιμήσεται
2671 1617 2698 1668 6
2732 1632 2755 1667 ι
2791 1615 3064 1683 στύλίτης,
3101 1635 3121 1668 ι
3153 1615 3252 1685 τὴν
3290 1616 3616 1684 γυμνιτείαν

2039 1708 2131 1758 καὶ
2173 1706 2333 1768 αὐτὸς
2369 1707 2756 1776 ἐμφανέστατα
2787 1707 3157 1772 ἐπιδείξασθαι
3187 1709 3275 1762 διὰ
3306 1707 3400 1761 τού
3436 1708 3613 1777 άκτηο

2043 1798 2246 1864 μονεῖν,
2280 1799 2372 1850 καὶ
2401 1798 2476 1869 μὴ
2513 1799 2917 1852 οἰκοδεσποτεῖν
2948 1801 3005 1852 ὲν
3034 1800 3110 1868 τῷ
3138 1819 3159 1851 ι
3187 1798 3385 1870 στύλῳ,
3419 1817 3440 1850 ι
3475 1799 3612 1852 ἀλλὰ

359 1888 681 1954 capillorum
712 1889 1038 1942 densitatem
1087 1891 1389 1944 contemnit
1435 1900 1489 1944 et
1539 1891 1693 1944 nullo
1745 1890 1926 1946 labore

2037 1887 2198 1957 δίκην
2225 1891 2604 1957 ἐγκεκλεῖσθαι
2658 1891 2973 1957 καταδίκου,
3021 1893 3114 1943 καὶ
3145 1891 3286 1943 κατὰ
3321 1892 3445 1953 τοὺς
3476 1892 3614 1943 ἀπο-

358 1982 719 2036 abundantem
737 1981 867 2034 sinit
882 1981 1176 2035 humanum
1203 1996 1397 2050 corpus
1413 1981 1583 2051 spisse
1606 1985 1846 2051 germina
1857 1999 1935 2050 re,

360 2087 462 2127 nec
511 2073 807 2143 opponitur
857 2073 993 2141 quin
1059 2083 1253 2138 sponte
1308 2081 1578 2129 crescant.
1613 2073 1798 2127 Melior
1852 2085 1935 2130 est

355 2165 502 2219 enim
533 2179 662 2219 vere
695 2164 859 2233 hujus
901 2165 1198 2218 secundum
1230 2164 1394 2218 vitam
1432 2164 1690 2234 depi-latio
1743 2175 1798 2220 et
1846 2181 1933 2220 rc-

354 2273 477 2310 rum
538 2256 878 2311 terrestrium
956 2265 1318 2325 contemptus,
1377 2271 1473 2326 per
1543 2272 1708 2326 quam
1767 2260 1931 2312 caelo-

352 2361 473 2399 rttm
519 2344 796 2414 possessio
841 2345 1012 2399 multo
1070 2356 1274 2400 conatu.
1310 2347 1538 2416 quzcsita
1597 2356 1783 2416 optato
1817 2350 1924 2403 line

349 2437 635 2501 succedit,
695 2437 849 2503 cujus
905 2437 1207 2506 exemplum
1263 2445 1348 2492 est
1402 2452 1566 2506 super
1616 2437 1922 2493 columnam

351 2529 494 2582 elata
523 2529 876 2594 constitutio,-
912 2543 1074 2598 quam
1104 2538 1158 2584 et
1191 2530 1364 2599 ipsam
1397 2531 1640 2586 victoriae
1670 2531 1920 2586 bravium

351 2625 610 2678 novimus
656 2621 800 2677 illius
853 2623 945 2691 qui
1005 2623 1284 2677 descendit
1314 2623 1381 2676 ab
1437 2623 1567 2686 alto,
1621 2631 1679 2678 ut
1725 2638 1918 2679 omnes

353 2715 422 2768 ad
449 2714 688 2781 seipsum
720 2713 997 2778 traheret;
1037 2713 1181 2782 quod
1214 2728 1376 2783 super
1421 2714 1727 2768 columnam
1776 2715 1924 2768 exal-

352 2814 500 2857 tatus
529 2802 745 2858 facilius
788 2811 1140 2872 assequctur,
1169 2818 1277 2856 non
1328 2803 1512 2856 anima
1564 2812 1772 2858 tantum
1809 2814 1921 2858 trao

347 2906 490 2959 ctus,
519 2897 696 2951 sedet
725 2911 952 2965 corpore
980 2897 1118 2951 trahi
1147 2897 1500 2950 contendens.

2037 1983 2438 2052 καρτεροῦντας
2469 1983 2730 2038 διαϐιοῦν.
2779 1982 2838 2036 '0
2872 1983 2918 2036 δ’
2952 1983 3114 2046 αύτδς
3154 1984 3250 2036 καὶ
3278 1983 3404 2046 τοὺς
3428 1983 3611 2044 δασεῖς

2035 2076 2130 2128 καὶ
2174 2075 2399 2144 ἀμελεῖς
2439 2075 2549 2128 τῶν
2602 2076 2812 2146 τριχῶν
2867 2076 3189 2143 άπελέγξει,
3241 2078 3316 2139 ὡς
3356 2074 3433 2146 μὴ
3468 2076 3614 2129 πάνυ

2035 2164 2177 2234 μέγα
2209 2164 2290 2232 δν,
2318 2166 2371 2218 εἴ
2398 2185 2479 2230 τις
2509 2171 2833 2239 περιφρονεῖ
2867 2170 2964 2236 τὴν
2997 2168 3221 2236 ἔκφυσιν
3245 2167 3353 2218 τῶν
3377 2165 3606 2236 τριχῶν,

2033 2257 2126 2308 καὶ
2159 2258 2640 2325 ἀπραγματεύτως
2676 2260 2756 2321 είς
2791 2260 2852 2312 τὸ
2884 2259 3198 2329 ἁμφιλαφὲς
3232 2255 3612 2326 πυκνούμενος

2031 2346 2228 2415 ἀφίησι
2262 2347 2349 2399 τὸν
2389 2348 2733 2417 ἀνθρώπινον
2771 2346 2900 2418 χοῦν
2934 2348 3254 2418 βλαστάνειν
3283 2344 3606 2409 ἀκωλύτως,

2033 2439 2126 2489 καὶ
2144 2437 2329 2501 αὔξειν
2348 2439 2632 2501 ἀσκύλτως
2661 2438 2727 2491 τὰ
2756 2437 2969 2492 ἑαυτοῦ.
3006 2438 3216 2501 Μείζων
3246 2438 3356 2508 γὰρ
3391 2437 3608 2508 ἀληθῶς

2029 2529 2221 2582 τούτου
2245 2531 2278 2601 ἡ
2302 2530 2441 2582 κατὰ
2472 2529 2584 2600 βίον
2615 2531 2869 2600 ψίλωσις,
2896 2531 2990 2584 καὶ
3015 2531 3125 2584 τῶν
3155 2530 3296 2584 κατὰ.
3323 2532 3426 2599 γῆν
3454 2546 3614 2598 περι-

2028 2621 2310 2690 φρόνησις,
2343 2622 2412 2674 δι*
2434 2618 2556 2694 ἦςη
2587 2623 2693 2674 τῶν
2724 2623 2991 2691 οὐρανίων
3024 2621 3486 2693 πραγματειώδης
3510 2639 3613 2674 κα-

2025 2714 2313 2784 τορθοῦται
2332 2715 2544 2785 κτῆσις,
2574 2711 2642 2786 ἦς
2666 2715 2974 2786 ὑπόδειγμα
2989 2718 3046 2768 τὸ
3067 2717 3159 2769 τοῦ
3192 2715 3448 2768 ιστύλουι
3479 2715 3614 2768 άνύ-

2026 2804 2213 2874 ψωμα,
2242 2808 2308 2875 ἣν
2333 2806 2398 2875 δὴ
2423 2808 2516 2858 καὶ
2545 2808 2716 2877 αὐτὴν
2742 2808 3018 2877 ἑκνίκημα
3048 2809 3273 2878 οῖδαμεν
3289 2807 3384 2860 τοῦ
3414 2807 3610 2859 κατελο

2029 2897 2212 2960 θὸντος
2257 2898 2486 2964 ἄνωθεν,
2522 2894 2652 2968 ὲφ⁹ᾦ
2683 2899 2974 2954 ἀνελκύσαι
3023 2903 3230 2965 πάντας
3261 2901 3342 2962 είς
3391 2900 3608 2965 ἑαυτὸν,

345 2988 485 3056 ὅπερ
518 2991 546 3042 6
587 2989 682 3044 ἐπὶ
729 3006 751 3040 ι
781 2988 974 3042 στύλου
1011 3008 1033 3041 ›
1069 2987 1372 3059 ὑψούμενος
1402 2988 1819 3061 φιλοτιμότερον
1857 2989 2136 3060 κατορθοῖ,
2171 2991 2233 3042 οὑ
2271 2991 2415 3062 ψυχῇ
2453 2993 2614 3062 μόνον
2656 2993 3039 3063 ἀνθελκόμενος,
3066 2994 3202 3048 ἀλλὰ
3236 2995 3331 3048 καὶ
3362 2995 3423 3047 τὸ
3448 2993 3609 3064 σῶμα

348 3083 672 3151 φιλονεικῶν
701 3082 1128 3137 άνελκύσασθαι.

421 3175 511 3230 5|.
553 3174 784 3228 Pulchra
828 3174 977 3228 humi
1006 3174 1226 3230 cubatio
1254 3188 1307 3228 et
1326 3175 1489 3244 pedes
1514 3173 1646 3228 illoti
1676 3182 1733 3229 et
1761 3176 1925 3230 totius

2100 3179 2204 3227 να’.
2245 3173 2422 3226 Καλῖν
2455 3173 2514 3225 τὸ
2560 3173 2733 3244 χαμαὶ
2780 3172 2882 3242 τῆς
2927 3173 3117 3240 εὐνῆς.
3167 3171 3263 3225 καὶ
3297 3173 3346 3223 οἱ
3389 3173 3606 3225 ᾶνιπτοι

347 3269 806 3338 corporissordes
837 3268 1035 3337 quibus
1080 3268 1359 3336 conspicui
1408 3268 1626 3338 quidam
1655 3267 1926 3331 feruntur,

346 3365 440 3415 tali
465 3361 573 3414 vita
596 3360 930 3416 nominative
954 3360 1226 3429 designati
1254 3369 1308 3415 et
1333 3361 1673 3430 proclamati.
1703 3359 1808 3414 Sed
1838 3375 1923 3417 se-

347 3453 532 3522 pultus
573 3451 677 3506 iste
704 3452 884 3506 dicere
916 3463 1092 3520 petest
1116 3468 1171 3508 se
1205 3466 1310 3505 non
1343 3467 1450 3522 per,
1472 3453 1614 3507 bivia
1645 3453 1926 3507 ambulare

343 3544 442 3611 qui
465 3542 710 3598 illuviem
751 3543 951 3596 exinde
991 3543 1191 3610 trahat,
1224 3551 1281 3597 et
1311 3549 1465 3612 quasi
1499 3545 1647 3597 humi
1679 3544 1926 3598 cubatio-

342 3652 471 3691 nem
503 3636 938 3706 prastantiorem
981 3635 1201 3702 habere,
1235 3648 1498 3704 perpetuo
1546 3637 1790 3706 sepultus
1836 3652 1924 3689 re-

344 3745 599 3784 manens.
629 3728 805 3783 Silere
833 3742 963 3782 vero
987 3741 1111 3782 eum
1141 3727 1236 3796 qui
1264 3741 1428 3795 super
1473 3728 1782 3782 columnam
1816 3735 1925 3782 stat

344 3839 457 3877 non
489 3822 712 3891 dignum
755 3819 1019 3883 arbitror,
1052 3823 1147 3874 sed
1177 3821 1298 3874 talis
1337 3820 1623 3875 electionis
1644 3819 1792 3874 viros
1821 3819 1924 3873 do-

344 3914 516 3969 minio
543 3927 756 3984 regere,
802 3911 930 3979 quia
955 3914 1230 3968 doctorem
1278 3926 1402 3967 esse
1434 3920 1648 3982 oportet
1679 3925 1800 3966 eum
1830 3911 1923 3979 qui

340 4020 506 4075 super
520 4005 828 4060 columnam
845 4013 972 4058 stat.
991 4002 1048 4058 In
1064 4018 1172 4073 quo
1190 4005 1330 4058 enim
1347 4019 1378 4057 a
1395 4003 1595 4058 dvitant
1621 4002 1929 4073 prodesset,

341 4102 390 4152 si
416 4097 716 4152 ex'intimis
742 4113 956 4152 sursum
997 4107 1220 4152 evectus
1255 4112 1359 4151 non
1390 4096 1621 4165 desuper
1652 4097 1834 4152 vivere
1861 4110 1922 4150 se

343 4191 689 4245 ostenderet?
705 4191 856 4244 Alias
882 4189 1187 4255 inducenda
1214 4201 1297 4244 est
1315 4191 1564 4243 columna
1589 4191 1640 4242 in
1675 4189 1920 4259 magistri

343 4283 508 4336 scalae
529 4283 780 4351 figuram,
810 4282 926 4336 sive
955 4281 1216 4352 suggesti,
1249 4279 1305 4335 in
1336 4296 1444 4350 quo
1467 4293 1684 4336 erectus
1710 4281 1921 4352 stylites

342 4389 626 4430 sermones
655 4375 828 4429 bonos
857 4373 1085 4443 profert.
1121 4371 1304 4442 ltaqnc
1325 4388 1391 4426 ex
1422 4372 1529 4426 alto
1557 4372 1738 4427 divina
1771 4381 1924 4427 tona-

342 4468 423 4521 bit
450 4476 507 4520 et
535 4467 862 4521 documenta
884 4465 1021 4519 infra
1046 4465 1395 4520 audientibus
1423 4465 1652 4527 emittet,
1677 4474 1737 4517 nt
1765 4464 1921 4533 quasi

2027 3267 2208 3334 πόδες,
2241 3269 2335 3320 καὶ
2363 3270 2390 3319 6
2429 3269 2570 3320 κατὰ
2595 3267 2796 3329 παντὸς
2831 3265 2926 3319 τοῦ
2956 3265 3208 3335 σώματος
3249 3265 3419 3336 ῥύπος
3441 3282 3455 3295 ’
3482 3265 3521 3320 ἃ
3543 3266 3610 3337 δὴ

2021 3361 2420 3429 ἐπιγράφονταί
2451 3375 2594 3421 τινες
2631 3361 2713 3421 εἰς
2761 3357 3070 3427 γνώρισμα,
3106 3360 3169 3411 ἐκ
3201 3358 3309 3410 τῶν
3346 3359 3606 3412 τοιούτων

2033 3452 2164 3522 βίων
2200 3451 2643 3521 ἐξονομακλήδην
2687 3449 3215 3520 χαρακτηριξόμενοι
3251 3450 3344 3502 καὶ
3369 3449 3605 3520 λεγόμε-

2027 3562 2131 3598 νοι.
2191 3543 2331 3597 Ἀλλ’
2385 3544 2416 3595 6
2465 3542 2808 3612 τεθαμμένος
2855 3534 3009 3603 οὗτος
3041 3541 3155 3610 ἔχοι
3182 3541 3248 3594 ἂν
3296 3542 3492 3608 εἰπεῖν,
3525 3543 3606 3606 ὡς

2023 3635 2148 3690 οὔτε
2180 3637 2277 3698 τάς
2317 3635 2595 3706 ἁμφόδους
2628 3634 2921 3704 περίεισιν,
2967 3632 3091 3686 οὔτε
3121 3635 3214 3687 τὸν
3254 3635 3465 3688 ἐκεῖθεν
3501 3636 3605 3706 ῥύ-

2028 3746 2130 3780 πον
2160 3727 2472 3797 ἐφέλκεται,
2503 3729 2598 3781 καὶ
2621 3727 2694 3788 ὡς
2717 3727 2778 3778 τὸ
2807 3725 2984 3796 χαμαὶ
3002 3726 3097 3794 τῆς
3125 3726 3289 3794 εὐνῆς
3319 3727 3419 3780 ὑπε
3431 3744 3603 3797 ρανα-

2027 3818 2203 3870 ϐαίνει
2231 3819 2308 3890 τῷ
2341 3819 2516 3872 διόλου
2560 3816 2937 3887 ὲνταφιασμῷ.
2978 3819 3147 3889 Σιγᾷν
3173 3818 3230 3872 δὲ
3262 3819 3353 3872 τὸν
3387 3820 3479 3872 ἐπὶ
3503 3818 3602 3872 τοῦ

2029 3931 2049 3964 ι
2093 3911 2288 3965 στύλον
2321 3929 2340 3963 ι
2372 3911 2472 3965 οὐκ
2497 3907 2904 3977 ἂνάξιώσαιμι,
2943 3908 3059 3962 ἀλλ’
3101 3910 3461 3980 ὑπερκεῖσθαι
3505 3914 3601 3964 καὶ

2023 4003 2151 4066 τοὺς
2189 4003 2290 4072 τῆς
2317 4001 2576 4071 τοιαύτης
2620 4001 2915 4069 ἐπιθυμίας
2946 4001 3170 4072 ἄνδρας,
3212 4003 3294 4054 δτι
3329 4005 3423 4055 καὶ
3449 4003 3602 4054 διδαο

2024 4095 2281 4149 σκαλικὸν
2311 4089 2450 4148 εἶναι
2485 4097 2592 4164 χρὴ
2623 4093 2715 4146 τὸν
2747 4093 2843 4146 ἐπὶ
2872 4092 2964 4147 τοῦ
3011 4112 3032 4146 ι
3083 4092 3300 4148 στύλον.
3339 4111 3359 4144 ι
3390 4093 3456 4146 Τί
3487 4096 3600 4164 γὰρ

2022 4187 2117 4241 καὶ
2148 4189 2421 4257 χρήσιμος
2448 4187 2602 4238 ἔσται
2631 4185 2709 4256 τῷ
2737 4185 2860 4255 βίῳ,
2911 4184 3160 4238 κάτωθεν
3188 4203 3247 4238 τε
3291 4187 3605 4254 ἀπαγαγὼν

2021 4281 2238 4344 ἑαυτὸν,
2271 4281 2367 4333 καὶ
2410 4279 2546 4351 μηδὲ
2584 4281 2794 4333 ἄνωθεν
2828 4278 3189 4348 ὑπεμφαίνων
3219 4279 3280 4331 τὸ
3309 4280 3444 4348 ζῇνς
3491 4278 3599 4333 Καὶ

2020 4372 2197 4434 ἄλλως
2225 4373 2280 4426 δὲ
2315 4373 2578 4425 ἀνακτέον
2629 4371 2720 4424 τὸν
2761 4389 2780 4422 ι
2834 4371 3027 4425 στύλον
3059 4388 3080 4421 ο
3136 4374 3215 4434 είς
3251 4371 3420 4424 τύπον
3449 4372 3602 4425 διδαι

2022 4465 2224 4518 σκάλου
2264 4463 2412 4528 τινὸς
2456 4462 2798 4533 ὀκρίσαντος,
2835 4462 2938 4516 εῖτ’
2979 4461 3073 4516 οὖν
3125 4463 3468 4534 άναὸάθμου,
3510 4467 3602 4534 ss‘

345 4561 398 4613 in
421 4559 582 4613 nubis
611 4557 885 4622 columna,
909 4557 1185 4626 conspecti
1206 4557 1348 4610 illius
1366 4556 1569 4610 excelsi
1595 4560 1921 4610 secessusnd

2031 4551 2086 4609 οὗ
2120 4555 2434 4625 ἀνεστηκὼς
2457 4555 2486 4606 6
2522 4571 2541 4606 ι
2591 4553 2848 4621 στυλίτης
2885 4573 2903 4606 ι
2947 4554 3140 4622 λόγους
3171 4556 3410 4622 ἀγαθοὺς
3441 4557 3601 4627 ἐρεύ-

342 4667 439 4706 eos
463 4650 607 4719 loqui
624 4649 1021 4705 manifestatur.
1046 4649 1198 4703 Alias
1217 4648 1283 4703 ad
1310 4648 1363 4702 id
1385 4663 1443 4702 se
1470 4648 1748 4702 ordinasse
1773 4649 1923 4704 visus

341 4751 430 4796 est
475 4741 680 4812 stylita,
719 4742 770 4796 in
811 4739 1224 4795 similitudinem
1252 4739 1410 4808 primi
1461 4747 1516 4794 et
1547 4740 1766 4793 maximi
1811 4756 1921 4794 mae

345 4833 499 4901 gistri
539 4832 839 4888 Salvatoris
863 4829 1096 4887 Christi.
1134 4829 1234 4887 Hic
1257 4832 1402 4886 enim
1433 4847 1464 4885 a
1495 4841 1636 4886 terra
1667 4833 1922 4887 reductus

344 4936 428 4980 est
476 4924 754 4994 quondam
795 4937 963 4992 super
1000 4923 1167 4976 altum
1218 4938 1388 4989 mare,
1433 4934 1703 4993 praecepta
1750 4925 1922 4980 turbis

345 5019 597 5084 daturus,
632 5032 700 5071 ne
727 5025 1066 5087 premeretur
1094 5033 1109 5071 :
1143 5025 1198 5071 et
1222 5016 1324 5070 iste
1359 5032 1386 5068 a
1420 5017 1576 5070 turba
1618 5031 1781 5085 super
1812 5027 1922 5072 ter-

345 5125 464 5164 ram
481 5125 604 5166 sese
623 5109 900 5164 abducens
913 5108 1149 5163 secernit
1169 5107 1236 5162 ad
1260 5107 1528 5164 indefesse
1546 5110 1846 5163 docendum
1864 5118 1920 5163 et

343 5203 530 5256 auditu
558 5201 698 5256 facili
728 5203 1038 5275 patendnm.
1066 5201 1130 5255 Et
1149 5201 1230 5255 sic
1243 5203 1531 5258 silentibus
1573 5202 1918 5257 benefaciens

343 5295 524 5363 stylila
565 5290 878 5360 spernetur,’
919 5295 1136 5348 cavebit
1165 5306 1344 5350 autem
1379 5312 1408 5349 a
1449 5297 1682 5367 turgidis
1719 5297 1917 5352 Phari-

341 5401 574 5440 smorum
612 5388 982 5451 sermonibus,
1031 5387 1099 5441 ab
1135 5389 1445 5458 arrogantia
1489 5390 1545 5444 in
1584 5391 1916 5446 sublimibus

337 5475 641 5530 tractandis
676 5490 747 5529 ne
792 5475 1010 5528 audiat:
1057 5474 1223 5539 Tace,
1273 5477 1614 5530 obmutesce.

2022 4647 2194 4710 ξεται.
2226 4647 2520 4716 Βροντήσει
2553 4645 2650 4715 μὲν
2670 4640 2763 4698 οὖν
2795 4643 2992 4713 ὑψόθεν
3018 4644 3087 4698 τὰ
3128 4647 3268 4710 θεῖα,
3303 4649 3399 4699 καὶ
3429 4663 3602 4703 κατα-

2021 4738 2224 4809 πέμψει
2255 4737 2354 4807 τὴν
2398 4736 2753 4791 διδασκαλίαν
2807 4739 2920 4800 τοῖς
2978 4737 3227 4791 κάτωθεν
3281 4739 3600 4800 ἀκούουσιν,

2025 4831 2112 4885 ἴνα
2147 4832 2242 4886 καὶ
2282 4831 2444 4892 αὐτὸς
2493 4831 2569 4894 ὡς
2620 4832 2678 4882 ὲν
2714 4848 2734 4882 ι
2783 4830 2962 4900 στύλῳ
2993 4830 3246 4900 νεφέλης,
3277 4848 3297 4882 a
3331 4831 3430 4901 τῆς
3460 4832 3599 4900 δρω-

2025 4927 2196 4994 μένης
2213 4923 2420 4992 ταύτης
2445 4922 2727 4993 μετεώρου
2753 4922 3140 4993 άποκρύψεως,
3159 4924 3392 4994 λέγηται
3417 4923 3598 4976 λαλεῖν

2021 5017 2159 5088 πρὸς
2195 5017 2414 5079 αὐτούς.
2455 5016 2566 5070 Καὶ
2593 5015 2770 5079 ἄλλως
2811 5015 2923 5086 γάρ
2953 5016 3133 5068 ἔοικεν
3166 5018 3246 5078 εις
3279 5015 3439 5068 τοῦτο
3466 5016 3598 5067 ἑαυ-

2025 5111 2116 5163 τὸν
2168 5110 2329 5173 τάξαι
2362 5111 2390 5161 6
2436 5127 2456 5159 ι
2499 5107 2756 5177 στυλίτης
2809 5124 2829 5158 ι
2882 5107 3005 5160 καθ’
3055 5107 3348 5176 ὁμοιότητα
3377 5106 3471 5158 τοῦ
3506 5109 3600 5160 καὶ

2026 5201 2242 5272 πρώτου
2272 5201 2366 5254 καὶ
2398 5200 2655 5271 μεγίστου
2679 5199 3021 5263 διδασκάλου,
3052 5199 3300 5270 σωτῆρος
3332 5196 3596 5269 Χριστοῦ.

2035 5296 2274 5359 Ἐκεῖνός
2310 5297 2508 5366 τεξγὰρ
2555 5295 2853 5365 ἐπανῆγεν,
2887 5295 2977 5347 ὅτε
3032 5295 3247 5365 καιρὸς,
3271 5296 3352 5355 εις
3392 5293 3599 5346 θάλασ-

2024 5404 2146 5450 σαν,
2195 5386 2268 5448 ὡς
2300 5387 2365 5439 ἂν
2398 5387 2542 5440 κατὰ
2575 5386 2771 5456 σχολὴν
2816 5385 3060 5440 διδάσκοι
3101 5387 3227 5451 τοὺς
3267 5386 3458 5458 δχλους
3495 5387 3600 5452 ἔξω

2020 5478 2115 5530 τοῦ
2145 5478 2524 5532 συνθλίὸεσθαι
2546 5496 2561 5510 ο
2595 5482 2688 5531 καὶ
2714 5471 2866 5540 οὗτος
2888 5477 2943 5530 δὲ
2970 5479 3068 5547 τῆς
3111 5480 3238 5548 περὶ
3261 5481 3366 5546 γῆν
3392 5478 3600 5550 τύρϐης

335 5567 530 5620 ἑαυτὸν
585 5566 890 5635 ἀπαγαγὼν
947 5566 1140 5631 ίδιάζει
1184 5569 1273 5622 διὰ
1323 5571 1386 5622 τὸ
1434 5570 1533 5638 τῆς
1597 5568 1949 5634 διδασκαλίας
1989 5570 2278 5634 ἄσκυλτον,
2333 5570 2438 5640 ηδη
2483 5570 2539 5622 δὲ
2587 5572 2680 5623 καὶ
2748 5569 3094 5635 ἐξάκουστον.
3151 5570 3262 5624 Καὶ
3297 5571 3442 5624 οὔτω
3499 5572 3599 5641 μὲν

333 5664 459 5725 τοὺς
519 5663 787 5730 σιγῶντας
815 5665 844 5716 6
877 5682 897 5716 ι
935 5665 1188 5735 στυλίτης
1225 5685 1244 5718 ι
1281 5661 1340 5719 εὖ
1375 5669 1543 5720 ποιῶν
1572 5665 1928 5738 ὑπερόψεται,
1968 5667 2260 5738 φυλάξεται
2284 5668 2385 5738 μέν
2420 5683 2505 5720 τοι
2549 5670 2648 5737 τὴν
2687 5667 3025 5737 Φαρισαῖκὴν
3068 5668 3435 5736 εὐρύστομίαν
3502 5685 3598 5743 και

331 5761 396 5808 τὸ
447 5756 627 5808 λαλεῖν
680 5757 861 5828 ὑψηλά
910 5763 989 5822 εἰς
1043 5759 1341 5830 ὑπεροχὴν,
1377 5760 1468 5830 ’μὴ
1519 5761 1615 5814 καὶ
1649 5763 1911 5826 ἐπιτιθεὶς
1950 5764 2159 5836 ἀκούσῃ
2190 5761 2387 5815 ποθέν·
2428 5780 2448 5812 ι
2485 5760 2693 5825 Σιώπα,
2729 5765 3036 5830 πεφίμωσο.
3077 5778 3094 5809 ι

409 5851 497 5907 52.
539 5851 596 5908 ltt
628 5870 864 5912 caverna
903 5856 1130 5914 inclusio
1171 5872 1458 5912 connnunc
1486 5857 1618 5928 quid
1649 5874 1771 5913 cum
1804 5869 1916 5928 sty-

2097 5859 2196 5928 νβ’.
2247 5876 2263 5909 ι
2306 5858 2564 5929 Σπηλαίῳ
2594 5878 2612 5910 ι
2649 5858 2703 5911 δὲ
2732 5858 2910 5910 κοινὸν
2949 5857 3106 5926 μὲνὴ
3141 5853 3412 5925 κάθειρξι,
3462 5856 3596 5928 πρός
