3864 6612
361 375 468 439 247

1102 372 1524 435 EUSTATIIII
1549 366 2319 434 'TIIESSALONICENSIS
2355 367 2916 432 METROPOLlT/E

3511 365 3632 430 218

364 491 489 556 ista,
519 488 718 542 divinis
746 486 912 542 radiis
947 485 1199 542 subtilius
1230 497 1285 541 et
1332 488 1575 542 exactius
1617 486 1935 546 illustratur,

2045 503 2141 554 νης
2173 504 2322 549 τινος
2355 487 2504 556 αὐτῷ
2528 485 2957 556 προσϐάλλοντα,
2996 484 3046 537 εἰ
3075 483 3167 538 καὶ
3197 483 3359 538 ἄλλον
3394 482 3626 551 τρόπον,

363 587 454 630 aut
502 576 656 644 quasi
711 575 994 644 spirituale
1045 584 1212 644 petra:
1263 575 1505 629 foramen
1560 583 1774 639 nactus,
1829 567 1938 627 non'

363 672 537 726 solum
568 670 662 725 Dei
698 671 1031 740 posteriora.
1067 672 1162 724 sed
1200 679 1256 725 et
1288 669 1424 724 facie
1472 671 1537 723 ad
1590 669 1778 723 faciem
1811 683 1933 724 eum

257 813 266 822 .
364 765 624 818 intuetur.
655 762 721 814 Et
752 762 805 815 hi
831 762 1047 830 quidem
1080 772 1443 831 opportunum
1468 762 1669 815 ducunt
1693 763 1937 814 viventes

360 858 554 921 videri;
577 855 668 909 ille
682 869 814 908 vero
830 868 890 907 se
908 854 1212 918 abscondit,
1229 852 1381 920 quasi
1405 861 1569 907 testes
1587 851 1937 915 erubescens;

361 958 510 1002 tctus
540 944 838 1001 mansionis
870 945 923 998 in
964 946 1284 1000 abscondito
1323 959 1548 1012 compos
1592 942 1787 1004 factus.
1823 942 1936 997 dis-

358 1045 681 1110 positionem
735 1042 1000 1097 columna:
1052 1051 1258 1110 partem
1315 1040 1578 1095 visibilem
1629 1038 1931 1103 obnubilat,

359 1135 580 1191 humilis
612 1134 860 1192 eirea-tus,
892 1133 1034 1203 quod
1075 1133 1162 1188 hic
1197 1133 1584 1200 consepelitur.

429 1401 518 1454 56.
561 1399 616 1454 Si
652 1416 780 1454 vero
817 1400 942 1454 mihi
977 1400 1151 1456 noctis
1184 1401 1356 1470 frigus
1386 1401 1438 1454 iu
1478 1398 1596 1454 istis
1625 1408 1679 1454 et
1703 1398 1808 1454 diei
1832 1398 1934 1451 oh-

353 1493 473 1558 jicit
528 1492 805 1556 ardorem,
834 1493 1137 1547 consideret
1197 1492 1587 1546 mansiuncula:
1635 1490 1932 1562 angustias,

357 1590 697 1636 contraetum
732 1596 781 1634 et
807 1591 1092 1648 angustum
1126 1597 1221 1646 os;
1255 1593 1309 1636 et
1333 1581 1470 1635 facta
1503 1581 1934 1649 comparatione,

357 1690 425 1727 ne
472 1674 668 1742 stylitzn
704 1673 853 1742 justo
887 1672 1202 1726 inferiorem
1243 1673 1514 1741 nimisque
1551 1672 1809 1726 humilem
1842 1681 1932 1724 at-

355 1751 558 1818 tribuat
592 1765 952 1818 conditioncm
993 1774 1267 1832 reputans.
1293 1762 1543 1833 .Reliquo
1587 1764 1928 1819 terrestrium

2042 580 2118 642 ὠς
2148 581 2254 632 ἀπὸ
2280 579 2538 654 διόπτρας
2571 580 2798 648 ταύτης,
2825 579 2946 641 ταῖς
2979 576 3157 638 θείαις
3182 575 3498 646 ἐντρανίζει
3521 575 3628 628 ἀκ-

2039 675 2147 726 τῖσι
2181 673 2511 743 λεπτότερόν
2544 689 2602 725 τε
2634 672 2731 725 καὶ
2753 669 3170 741 ἀκριϐέστερον,
3208 668 3356 739 ἦκαὶ
3387 669 3463 730 ὡς
3495 682 3628 735 νοη-

2041 762 2143 833 τὴν
2168 762 2376 832 ταύτην
2411 762 2551 832 ὀπὴν
2579 762 2786 832 πέτρας
2807 759 3140 831 ἐξευρηκὼς,
3173 759 3234 811 ού
3272 759 3434 827 μόνον
3479 773 3628 825 φαν-

2040 854 2264 917 τάζεται
2295 854 2431 906 Θεοῦ
2464 853 2532 906 τὰ
2560 853 2808 918 ὀπίσθια,
2843 850 2982 905 ἀλλὰ
3007 851 3100 904 καὶ
3136 850 3428 921 πρόσωπον
3484 847 3627 916 πρὸς

2041 947 2333 1016 πρόσωπον
2357 947 2520 999 αὐτὸν
2552 945 2784 1015 καθορᾷ.
2818 944 2929 998 Καὶ
2958 943 3008 996 οἱ
3035 943 3136 1013 μὲν
3163 941 3375 1005 ἀξιοῦσι
3426 938 3626 1006 φαίνε-

2042 1039 2164 1092 σθαι
2196 1037 2296 1108 ζῇν
2321 1055 2337 1068 ο
2370 1039 2397 1092 ὁ
2422 1038 2467 1090 δ’
2493 1036 2921 1105 ἐγκαλύπτεται,
2953 1037 3030 1100 ὼς
3077 1028 3190 1089 οἷον
3225 1033 3624 1102 αἰσχυνόμενος

2039 1131 2132 1184 καὶ
2159 1130 2257 1199 τὴν
2292 1128 2424 1182 θέαν
2457 1130 2628 1198 αὐτήν
2657 1145 2670 1159 ·
2709 1129 2806 1182 καὶ
2822 1128 2921 1196 τῆς
2953 1129 3011 1179 ἐν
3038 1125 3280 1198 κρυπτῶν
3299 1125 3470 1194 μονῆς
3495 1123 3623 1183 ὅλος

2039 1221 2350 1290 γινόμενος,
2381 1221 2475 1274 καὶ
2513 1220 2603 1273 τὸν
2631 1222 2696 1273 ἐκ
2717 1219 2813 1273 τοῦ
2851 1238 2869 1271 ‹
2916 1218 3110 1270 στύλου
3153 1236 3174 1268 ι
3237 1212 3632 1284 φανητιασμὸν-

2035 1314 2294 1382 ἀμαυροῖ.
2318 1311 2768 1381 ταπεινούμενος,
2783 1305 2864 1374 οἷς
2887 1309 3037 1379 αὐτῷ
3085 1307 3432 1362 ἐντέθαπται.

2101 1411 2208 1468 νς’.
2232 1405 2292 1457 Et
2331 1404 2386 1457 δέ
2422 1421 2519 1473 μοι.
2537 1403 2726 1466 νυκτὸς
2757 1402 2994 1468 παγετὸν
3019 1402 3084 1454 ἐν
3103 1399 3332 1460 ἐκείνοις
3353 1397 3453 1450 καὶ·
3471 1393 3620 1464 ἡμέ-

2035 1513 2133 1568 ρας
2161 1495 2526 1567 προϐάλλεται
2561 1512 2645 1559 τις
2704 1494 2960 1548 καύσωνα
2983 1531 3002 1557 ,
3051 1490 3339 1544 ἐννοείσθω
3396 1488 3456 1540 τι
3489 1503 3623 1538 πνι-

2030 1588 2203 1658 γηρὸν
2244 1588 2347 1655 τῆς
2388 1585 2624 1641 ἐνταῦθα
2677 1584 3015 1654 στέγης,καὶ
3069 1584 3136 1636 es.
3182 1578 3620 1646 συνεσταλμένον

2032 1680 2128 1732 καὶ
2183 1678 2450 1748 σύστομον
2472 1695 2487 1711 ·
2546 1678 2640 1731 καὶ
2683 1676 3087 1747 παρεξετάσα-ς,
3137 1673 3214 1744 μὴ
3257 1672 3422 1734 πολὺς
3471 1667 3620 1722 οὕτω

2033 1759 2264 1838 Ῡινέσθω
2323 1768 2678 1838 σοφιζόμενος
2722 1767 2800 1837 τῷ
2854 1785 2881 1818 ι·
2921 1764 3138 1835 στυλίτῃ
3179 1783 3200 1816 ›
3269 1762 3369 1832 τὴν
3425 1758 3623 1814 ὑποϐε-

355 1853 566 1908 inelnso
594 1863 940 1922 comparatus
972 1853 1236 1907 columna:
1260 1852 1343 1904 vir
1377 1852 1527 1920 large
1555 1861 1728 1906 semet
1780 1850 1926 1905 exal-

2042 1834 2213 1917 θασιν.
2267 1834 2451 1932 Δοιπῷ
2496 1834 2559 1932 δὴ
2617 1861 2691 1929 τῷ
2756 1834 2882 1929 περὶ
2915 1859 3020 1928 γῆν
3079 1834 3380 1925 ἐχκλείστῳ
3429 1868 3619 1920 παραγ·

355 1942 532 2002 tavit,
598 1941 1056 2008 quemadmodum
1094 1941 1412 2005 diversorii,
1441 1943 1520 1996 sic
1550 1950 1602 1994 et
1638 1941 1765 1995 vitae
1820 1939 1928 1994 ele-

358 2032 596 2086 vatione.
623 2031 756 2085 Nam
787 2033 878 2101 qui
916 2031 1076 2098 infra,
1103 2049 1226 2088 cum
1261 2043 1460 2087 terram
1504 2027 1927 2087 irﬂtabitantibus

355 2132 411 2176 et
443 2138 551 2192 prae
597 2125 864 2190 manibus,
892 2135 948 2177 ut
992 2125 1064 2178 ita
1115 2125 1307 2185 dicam,
1340 2125 1738 2179 consolationes
1770 2124 1930 2178 habet

357 2213 573 2282 quando
607 2214 658 2266 in
692 2212 1010 2284 cujusquam
1040 2214 1386 2286 indigentiam
1411 2217 1619 2280 incidit,
1648 2227 1701 2270 et
1733 2216 1929 2269 huma-

357 2305 481 2358 nior
529 2314 646 2369 est;
681 2305 861 2376 stylita
893 2321 1023 2361 vero
1077 2308 1259 2376 procul
1309 2310 1374 2361 ab
1429 2309 1732 2364 hominibus
1763 2307 1842 2374 fit,
1876 2316 1930 2363 et

356 2395 511 2450 tarde
542 2403 683 2464 quod
711 2397 961 2465 quaesivit
991 2399 1055 2451 ad
1087 2413 1210 2452 eum
1239 2400 1502 2453 ascendit.

427 2576 518 2630 57.
557 2575 660 2629 Sed
706 2578 819 2630 haec
862 2577 1149 2631 hactenus.
1185 2576 1333 2631 Ultra
1374 2593 1505 2632 vero
1555 2578 1933 2648 progredietur

357 2670 574 2738 aliquis,
603 2678 659 2724 et
712 2670 941 2739 amplius
977 2673 1042 2724 ad
1082 2672 1290 2743 singula
1329 2689 1386 2727 se
1419 2673 1584 2726 dabit.
1614 2673 1668 2726 Si
1716 2688 1843 2727 vero
1877 2683 1933 2728 et

355 2762 585 2817 voluerit
611 2763 676 2816 de
697 2762 1125 2818 aceidentalibus
1158 2773 1207 2819 et
1243 2767 1406 2820 certis
1432 2765 1595 2820 rebus
1621 2766 1784 2818 vitam
1819 2774 1930 2836 sty-

356 2854 559 2908 liticam
599 2853 872 2920 extollere,
905 2864 958 2910 et
1003 2869 1166 2922 supra
1211 2855 1343 2909 alias
1394 2870 1580 2910 omnes
1623 2856 1932 2909 necessario

357 2946 649 3002 exaltatum
703 2947 1010 3010 ostendere,
1049 2947 1196 3002 dicet
1247 2949 1389 3016 quod
1427 2947 1600 3002 cuivis
1629 2949 1923 3001 secundum

357 3041 612 3094 virtutem
664 3039 866 3095 viventi
918 3039 1218 3110 praesertim
1270 3039 1464 3112 stylitae
1500 3049 1774 3094 certamen
1809 3053 1930 3094 cum

359 3131 540 3200 pravis
583 3131 970 3202 cupiditatibus
999 3132 1194 3186 durum
1243 3139 1346 3187 est.
1374 3131 1511 3186 Nam
1544 3133 1632 3200 qui
1672 3133 1860 3201 procul
1897 3147 1926 3186 a
1960 3175 1989 3212 ε

359 3235 502 3277 terra
554 3222 609 3277 in
659 3223 784 3278 altis
829 3223 1097 3289 habitant,
1128 3224 1389 3278 accedere
1437 3234 1711 3292 nequeunt
1761 3223 1825 3278 ad
1873 3237 1937 3276 ea

359 3317 554 3386 quibus
577 3317 914 3374 delectentur
942 3317 1159 3383 quando
1188 3317 1422 3373 maxime
1451 3318 1660 3372 volunt.
1688 3316 1938 3385 Magnam

358 3423 490 3463 vero
541 3409 682 3463 tollit
732 3409 862 3464 illud
915 3408 1140 3463 vilitatis
1207 3417 1440 3479 partem,
1499 3423 1616 3463 nec-
1661 3407 1942 3474 cupidita-

361 3513 476 3556 tum
506 3501 711 3571 jamz's,
743 3501 1014 3567 sensibus,
1044 3501 1260 3557 licentia
1299 3508 1541 3556 remanet
1569 3501 1733 3556 nimis
1773 3510 1944 3555 teme-

362 3594 527 3651 rariis
585 3592 869 3648 desideriis
922 3591 1136 3648 facilius
1194 3592 1448 3663 expandi.
1503 3589 1614 3648 Nec
1676 3606 1944 3646 enervans

364 3698 460 3736 ros
509 3683 601 3750 qui
653 3682 707 3736 in
775 3681 1086 3738 carnalibus
1148 3681 1360 3738 deliciis
1427 3682 1616 3735 vivunt
1680 3679 1942 3744 luxuries,

363 3776 430 3828 nd
461 3789 585 3829 eum
629 3773 719 3844 qui
768 3774 822 3828 in
875 3773 1000 3828 altis
1045 3774 1257 3829 habitat
1311 3773 1589 3842 pervenit;
1645 3787 1743 3828 nec
1795 3772 1940 3827 aliud

361 3869 469 3922 v;le
537 3867 804 3935 iuveniles
877 3866 1079 3921 auditui
1153 3877 1402 3934 procreat
1468 3863 1731 3930 affectus,
1799 3867 1941 3934 quod

363 3965 570 4028 alisque
627 3969 820 4015 conatu
879 3961 934 4012 in
988 3959 1162 4027 ipsum
1222 3959 1522 4028 irrumpere
1582 3957 1778 4012 valeat.
1831 3955 1942 4013 Nec

363 4058 624 4107 odoratus
690 4051 959 4104 illecebrae
1023 4051 1235 4104 trahere
1292 4064 1415 4104 eum
1477 4048 1707 4104 faciliter
1761 4049 1943 4104 valent

361 4144 587 4199 fortuito
640 4143 934 4197 incidentes
977 4151 1030 4195 et
1062 4158 1154 4210 per
1174 4149 1431 4206 nares,ut
1469 4141 1642 4207 aiunt,
1672 4151 1936 4208 attracta,

363 4238 418 4288 in
443 4249 601 4305 quem
643 4248 743 4287 nec
767 4233 966 4300 reliqua
999 4247 1253 4286 sensuum
1288 4231 1649 4286 illectamenta
1679 4233 1942 4286 insidian-

364 4342 449 4380 ter
473 4324 785 4397 praevalent,
819 4326 908 4394 qui
937 4325 1181 4378 altiorem
1213 4325 1496 4378 constituit
1523 4323 1741 4378 domum
1775 4339 1940 4394 seque

365 4421 432 4472 ab
461 4416 700 4471 inferiori
725 4415 1126 4485 perturbatione
1156 4425 1418 4479 removet,
1443 4427 1496 4470 et
1522 4417 1938 4471 oblectamentis

2029 1954 2307 2024 τιθέμενος
2334 1955 2362 2006 ὁ
2387 1952 2483 2006 τοῦ
2518 1969 2537 2002 ι
2588 1950 2778 2004 στύλον
2818 1969 2836 2000 ι
2873 1947 3070 2018 μακρῷ
3111 1945 3204 1998 καὶ
3240 1943 3403 1996 αὑτὸν
3438 1942 3619 2008 ὑπερ-

2030 2045 2396 2115 αναὸέσηκεν,
2432 2043 2620 2114 ὥσπερ
2659 2041 2737 2111 τῷ
2764 2040 2856 2094 τοῦ
2887 2037 3269 2106 καταλύματος
3292 2033 3444 2102 ὕψει,
3467 2029 3629 2083 οῦτωι

2031 2140 2125 2192 καὶ
2148 2138 2225 2208 τῷ
2265 2139 2363 2205 τῆς
2398 2135 2667 2205 βιώσεως.
2721 2134 2780 2185 Ὀ
2817 2132 2914 2203 μὲν
2943 2130 3052 2200 γὰρ
3097 2128 3248 2181 κάτω
3302 2125 3397 2179 καὶ
3451 2119 3624 2184 αὐτὸς

2031 2230 2172 2284 κατά
2199 2229 2325 2291 τοὺς
2357 2229 2422 2280 ἐν
2443 2231 2534 2297 γῇ,
2557 2226 2652 2279 καλ⁵
2680 2224 2787 2296 πρὸ
2819 2223 3015 2293 χειρῶν
3059 2221 3132 2283 ὡς
3151 2218 3327 2272 εἰπεῖν
3383 2214 3501 2284 ἔχει
3556 2209 3621 2262 τὸ

2031 2318 2430 2386 παρηγόρημα.
2469 2315 2557 2367 ὅτε
2581 2314 2727 2374 τινὸς
2757 2309 3068 2380 παραπέσοι
3121 2304 3304 2376 χρείᾳ,
3365 2303 3460 2353 καὶ
3521 2298 3626 2350 ἀνο

2033 2406 2450 2478 θρωπικὼτερός
2477 2406 2622 2458 ἐστιν
2642 2419 2656 2432 ·
2692 2405 2719 2456 ὁ
2743 2401 2800 2454 δέ
2831 2421 2853 2453 ι
2885 2399 3134 2466 στυλίτης
3158 2415 3179 2448 ι
3218 2394 3278 2458 ἐξ
3306 2389 3623 2460 ἀνθρώπων

2029 2501 2258 2570 γίνεται,
2295 2499 2390 2551 καὶ
2418 2495 2514 2566 ὀψὲ
2538 2495 2596 2550 τὸ
2629 2493 2860 2565 ζητηθέν
2909 2491 3193 2560 ἀνέρχεται
3231 2487 3310 2554 είς
3332 2484 3520 2536 αὐτόν.

2105 2597 2202 2659 νζ’.
2241 2591 2404 2645 Ἀλλὰ
2433 2587 2657 2643 τοιαῦτα
2691 2587 2791 2657 μὲν
2817 2585 3109 2641 καὶταῦτα
3148 2582 3244 2635 καὶ
3285 2579 3380 2630 ἐπὶ
3419 2573 3622 2628 τοσοῦ-

2031 2706 2144 2742 τον.
2183 2681 2632 2755 Προσευπορήσει
2686 2681 2743 2733 δέ
2795 2698 2898 2743 τις,
2952 2680 3047 2731 καὶ
3103 2675 3273 2729 πλείω
3317 2675 3430 2735 τοῖς
3471 2669 3622 2724 κατὰ

2035 2778 2200 2848 μέρος
2229 2773 2497 2834 ἐπιδιδοὺς
2525 2773 2738 2850 ἑαυτόν.
2765 2771 2829 2824 Εἰ
2866 2769 2924 2822 δὲ
2952 2771 3045 2821 καὶ
3075 2768 3358 2838 βουληθείη
3387 2765 3619 2819 ἐπελευ-

2035 2869 2361 2938 στικὼτερον
2392 2868 2486 2919 καὶ
2514 2863 2927 2934 ἀπεριλαλήτως
2951 2862 3090 2916 κατὰ
3117 2863 3317 2921 παντὸς
3345 2859 3455 2929 βίον
3483 2858 3618 2920 ὲξᾶυ

2037 2980 2130 3033 ραι
2176 2960 2269 3013 τὸν
2301 2977 2321 3010 ι
2356 2955 2683 3021 στυλιτικόν,
2725 2975 2744 3007 ι
2781 2955 2956 3007 ἐκεῖνο
3009 2953 3148 3022 φαίη
3199 2953 3283 3017 ἂν,
3316 2952 3392 3014 ὡς
3450 2949 3628 3002 παντὶ

2035 3052 2133 3122 μὲν
2155 3050 2234 3119 τῷ
2255 3049 2378 3103 κατ’
2407 3046 2613 3118 ἀρετὴν
2644 3044 2850 3116 βιοῦντι
2877 3043 3114 3115 δύσεργα
3135 3043 3205 3095 τὰ
3237 3043 3353 3095 τῶν
3376 3040 3613 3108 σφοδρο⁴

2035 3143 2212 3212 τέρων
2240 3136 2570 3208 ἐπιθυμιῶν,
2591 3137 2700 3199 τοῖς
2718 3134 2774 3187 δὲ
2790 3131 3053 3195 τοιούτοις
3082 3132 3176 3184 καὶ
3205 3131 3464 3202 μάλιστα.
3490 3127 3614 3196 Τῆς

2043 3238 2147 3306 γῆς
2169 3252 2230 3288 τε
2258 3233 2367 3304 γὰρ
2415 3229 2804 3302 ἀνῳκισμένοι,
2842 3227 2944 3282 οὐκ
2971 3227 3156 3296 έχουσι
3212 3224 3466 3287 πελάζειν
3503 3224 3623 3285 τοῖς

2045 3327 2357 3393 θέλγουσιν,
2374 3324 2462 3378 ὅτε
2487 3321 2583 3376 καὶ
2605 3321 2840 3374 θέλουσι.
2877 3317 3048 3372 Τοῦτο
3075 3317 3134 3371 δὲ
3165 3314 3298 3370 πολύ
3346 3333 3399 3368 τι
3447 3313 3624 3383 μέρος

2045 3419 2327 3490 περιαιρεῖ
2353 3415 2454 3484 τῆς
2485 3411 2842 3484 φαυλότητος,
2877 3409 2972 3464 καὶ
2996 3410 3118 3464 οὐδὲ
3142 3411 3261 3470 ταῖς
3284 3408 3394 3461 τῶν
3423 3405 3629 3458 παθῶν

2046 3512 2264 3583 θύραις,
2323 3510 2445 3570 ταῖς
2491 3505 2828 3576 αἰσθήσεσιν,
2885 3502 3039 3556 ἄδεια
3081 3500 3441 3570 περιγίνεται,
3496 3497 3624 3558 ταῖς

2047 3601 2414 3675 θρασυτέραις
2443 3587 2764 3667 ἐπιθυμίαις
2791 3595 2923 3665 ῥᾷον
2951 3588 3446 3646 ἀναπετάννυσθαι.
3475 3587 3633 3639 Οὔτε

2045 3695 2154 3766 γὰρ
2183 3695 2216 3764 ἡ
2253 3690 2587 3747 κατακλῶσα
2617 3689 2746 3751 τοὺς
2775 3686 2843 3740 τὰ
2872 3688 3022 3740 κάτω
3073 3683 3395 3754 τρυφῶντας
3440 3679 3631 3748 ἐμμέ-

2043 3788 2162 3840 λεια
2180 3785 2516 3840 καθικνεῖται
2549 3780 2642 3835 τοῦ
2664 3779 2839 3842 οὕτως
2868 3777 3106 3847 ὑψηλοῦ,
3136 3777 3218 3829 ὅτι
3256 3774 3393 3846 μηδὲ
3426 3773 3630 3844 ῥᾴδιον

2043 3878 2122 3940 είς
2157 3875 2318 3928 αὐτὸν
2342 3873 2687 3942 ἀφικνεῖταιο
2717 3867 2839 3922 οὕτε
2859 3887 2913 3922 τι
2958 3867 3164 3937 φαῦλον
3215 3867 3401 3935 ἕτερον
3448 3865 3625 3918 ἄκου-

2046 3985 2159 4038 σμα
2196 3963 2556 4028 νεανιεύεται,
2607 3961 2820 4023 ἀπόνως
2868 3960 3202 4029 ἀναδραμεῖν
3262 3957 3384 4011 κατ’
3423 3955 3621 4012 αὑτοῦ.

2041 4061 2154 4114 Καὶ
2182 4057 2300 4110 οὐδὲ
2322 4055 2392 4109 τὰ
2419 4055 2520 4124 τῆς
2538 4054 2857 4123 ὀσφρήσεως
2880 4051 3147 4119 ἐπαγωγὰ
3201 4049 3488 4120 περιάγειν
3518 4049 3622 4120 αρ-

2041 4151 2130 4204 τὸν
2152 4146 2407 4217 εὐμαρῶς
2431 4144 2689 4215 ἐξισχύει,
2719 4141 3064 4212 ἐμπίπτοντα
3089 4141 3230 4194 κατὰ
3258 4140 3323 4222 το
3371 4139 3623 4207 αὐτόμα-

2041 4258 2153 4303 τον,
2182 4241 2276 4293 καὶ
2303 4239 2410 4294 ἀπὸ
2442 4237 2628 4308 ῥινῶν,
2667 4237 2693 4288 ὅ
2719 4251 2906 4302 φασιν,
2939 4235 3172 4288 ἕλκοντα
3193 4249 3208 4262 ο
3248 4233 3367 4285 οὐδὲ
3394 4232 3505 4301 μὴν
3545 4233 3620 4285 τὰ

2040 4333 2202 4387 λοιπὰ
2236 4331 2470 4400 αἰσθητὰ
2511 4329 2812 4390 ἐπιϐούλως
2837 4327 2980 4380 οὕτω
3009 4327 3481 4396 κατευμεγεθοῦσι
3512 4325 3618 4379 τοῦ

2041 4425 2409 4484 ἀνοικίσαντος
2434 4422 2644 4483 ἑαυτὸν,
2672 4422 2764 4475 καὶ
2787 4422 2882 4489 τῆς
2904 4421 3056 4474 κάτω
3075 4421 3387 4492 συγχύσεως
3416 4421 3619 4492 ἀφορί-

368 4508 623 4572 rcmovit,
649 4521 750 4561 nec
784 4507 1022 4576 amplius
1052 4505 1119 4560 de
1151 4516 1291 4560 terra
1324 4509 1570 4574 cst(nam
1600 4506 1760 4574 supra
1788 4515 1891 4559 stat
1919 4506 1935 4576 )

2049 4533 2264 4576 σαντος,
2297 4514 2391 4567 καὶ
2421 4513 2526 4565 τῶν
2547 4512 2902 4565 ἀπολαυστῶν
2929 4513 3360 4582 ἀποστήσαντος,
3401 4513 3495 4564 καὶ
3521 4511 3618 4563 ού-

366 4616 468 4656 nec
492 4600 557 4654 de
577 4603 867 4668 aere(nam
890 4599 1089 4652 densus
1105 4597 1231 4664 est).
1256 4611 1442 4665 parum
1469 4610 1594 4649 vero
1625 4605 1828 4650 natura:
1855 4609 1938 4652 est

367 4691 640 4764 particeps
669 4702 721 4746 et
753 4691 805 4744 in
835 4699 1096 4759 quantum
1127 4687 1230 4740 vita
1265 4687 1558 4741 secundum
1587 4701 1804 4741 carnem
1847 4688 1937 4742 fiat

368 4796 552 4841 sancta
582 4787 769 4854 piatio.
803 4783 908 4838 Sed
935 4799 1099 4838 verus
1139 4782 1355 4850 quidem
1402 4782 1583 4850 stylita
1632 4782 1938 4837 venerabile

367 4882 494 4946 quid
546 4881 731 4948 utique
781 4876 949 4933 oeulis
1002 4875 1198 4930 nostris
1243 4873 1466 4942 praebet.
1511 4872 1595 4928 Sit
1640 4874 1803 4930 etiam
1844 4874 1934 4930 alii

366 4974 491 5026 vita:
521 4986 552 5024 a
587 4971 898 5038 vulgaribus
932 4967 1175 5022 moribus
1208 4965 1470 5035 elongata:
1507 4967 1933 5029 communicatis,

366 5065 480 5118 sive
513 5064 600 5118 uni
634 5064 873 5125 cuidam,
905 5061 975 5113 ita
1000 5066 1058 5115 ut
1081 5058 1372 5129 dupliciter
1399 5059 1679 5129 pulchrum
1709 5057 1804 5123 sit,
1825 5060 1938 5113 sive

366 5157 610 5226 pluribus
645 5157 766 5210 vita:
798 5153 1119 5217 rationibus,
1153 5150 1434 5220 pulchrum
1463 5151 1542 5206 sic
1569 5151 1678 5205 erit
1703 5165 1734 5205 e
1758 5150 1939 5204 multis

368 5246 763 5316 compositum,
799 5253 926 5298 tunc
995 5244 1254 5297 virtutum
1322 5243 1491 5296 series
1553 5251 1608 5296 et
1673 5244 1937 5296 bonorum

367 5334 1043 5408 operum,etrepositarum
1061 5348 1241 5388 rerum
1259 5333 1670 5396 coacervatio,et
1683 5342 1938 5403 tanquam

370 5433 424 5486 iu
450 5431 692 5484 iuacesso
722 5428 999 5498 thesauro,
1020 5427 1071 5480 in
1097 5426 1342 5480 columna
1372 5425 1589 5496 inquam
1613 5427 1796 5480 statio.

441 5519 533 5574 58.
561 5519 697 5574 Ecce
728 5533 855 5585 ergo
886 5520 1021 5586 ipse,
1043 5533 1074 5572 ο
1104 5517 1354 5572 sublimis
1389 5517 1570 5584 homo,
1599 5517 1762 5571 babes
1790 5532 1941 5572 nova:

369 5614 495 5666 vita:
521 5612 776 5678 speciem,
800 5620 852 5664 et
884 5609 1083 5665 ferrum
1100 5611 1242 5664 circa
1263 5619 1313 5664 te
1336 5609 1585 5664 idoneum
1613 5609 1938 5673 venerabile,

375 5704 646 5773 propriam
677 5717 887 5771 semper
902 5705 1083 5758 oneris
1113 5714 1358 5758 naturam
1389 5702 1516 5756 fert.
1547 5702 1770 5757 Penitus
1795 5704 1938 5757 enim

374 5784 605 5854 ascetam
629 5805 823 5868 gravat.
848 5807 900 5853 et
931 5816 958 5852 ιι
992 5798 1253 5869 patientia
1291 5797 1346 5852 in
1403 5797 1679 5854 laboribus
1703 5796 1941 5854 ferendis

2040 4607 2159 4658 κέτι
2191 4603 2314 4658 οὔτε
2340 4603 2442 4670 τῆς
2473 4602 2762 4670 γῆςδντος
2797 4601 3140 4671 (ὑπέρκειται
3168 4599 3318 4670 γὰρ),
3349 4598 3470 4650 οὔτε
3516 4598 3618 4651 τοῦ

2039 4697 2196 4763 ἀέρος
2214 4693 2605 4764 (ἐστεγάνωται
2634 4690 2786 4760 γὰρ),
2803 4692 2996 4761 μικρὸν
3013 4690 3070 4742 δέ
3095 4708 3145 4742 τι
3177 4691 3498 4760 μετέχοντος
3513 4688 3620 4756 τῆς

2039 4787 2272 4856 φύσεως,
2291 4785 2384 4838 καὶ
2401 4784 2480 4846 είς
2495 4783 2618 4836 ὅσον
2634 4783 2696 4836 τὸ
2711 4782 2850 4835 κατὰ
2870 4783 3044 4852 σάρκα
3066 4783 3164 4850 ζῇν
3184 4780 3622 4849 ἀφοσιώσασθαι.

2053 4880 2193 4934 Ἀλλ’
2207 4877 2350 4932 οὕτω
2370 4874 2468 4946 μὲν
2482 4875 2511 4927 ὁ
2532 4873 2760 4943 ἀληθὴς(
2776 4873 3048 4937 στυλίτης,
3063 4891 3081 4924 ι
3101 4873 3296 4942 σεμνόν
3309 4890 3362 4925 τι
3382 4875 3620 4942 πρᾶγμα

2040 4969 2357 5041 καταμόνας
2381 4967 2776 5036 θεωρούμενος.
2799 4965 2857 5018 El
2887 4965 2944 5016 δὲ
2973 4964 3066 5018 καὶ
3101 4964 3287 5034 ἐτέρου
3313 4964 3620 5034 ἐπιπλοκὴν

2043 5064 2194 5135 σχοίη
2247 5062 2363 5131 βίου
2407 5060 2726 5126 ξενίζοντος,
2753 5057 2861 5110 εἴτε
2894 5059 2983 5109 καὶ
3015 5056 3136 5120 ἑνός
3163 5073 3330 5124 τινος,
3367 5057 3445 5119 ὡς
3473 5053 3619 5110 εἶναι

2039 5153 2262 5208 διπλοῦν
2292 5154 2353 5206 τὸ
2383 5150 2572 5215 καλὸν,
2592 5151 2700 5204 εἴτε
2724 5149 2818 5201 καὶ
2841 5148 3121 5206 πλειόνων.
3139 5147 3302 5200 καλὸν
3329 5147 3427 5217 ἤδη
3458 5147 3620 5200 τοῦτο

2041 5243 2454 5305 πολυσύνθετον,
2490 5241 2582 5293 καὶ
2614 5238 2821 5306 ἀρετῶν
2838 5236 3078 5309 ὀρμαθὸς
3102 5238 3196 5288 καὶ
3221 5235 3441 5304 ἀγαθῶν
3474 5236 3620 5306 πρά-

2043 5336 2200 5402 ξεων,
2231 5335 2324 5388 καὶ
2351 5330 2438 5386 οἵα
2482 5330 2578 5385 καὶ
2611 5329 2873 5402 θημονίας
2910 5329 3052 5390 τινος
3102 5327 3488 5398 ἐπισώρευσις,
3518 5329 3622 5381 καὶ

2041 5430 2117 5490 ὡς
2147 5430 2204 5480 ὲν
2236 5427 2490 5496 ἀποθήκη
2521 5422 2730 5491 ἀσύλῳ,
2761 5421 2840 5490 τῷ
2881 5438 2900 5472 ι
2949 5419 3146 5488 στύλῳ,
3195 5437 3214 5472 ι
3248 5418 3528 5482 ἀπόθεσις.

2111 5517 2213 5588 νη’.
2278 5518 2416 5571 Ἰδοὺ
2473 5515 2650 5568 τοίνυν
2727 5515 2822 5566 κοιλ⁹
2879 5513 3063 5575 αὐτὸς,
3094 5506 3140 5564 ὦ
3188 5512 3449 5580 μετάρσιε
3519 5511 3618 5565 ἄν-

2045 5611 2256 5680 θρωπε,
2286 5607 2446 5660 τοῦτό
2479 5623 2537 5659 τε
2572 5605 2720 5674 ἔχεις
2749 5605 2811 5656 τὸ
2837 5603 2939 5672 τῆς
2970 5603 3295 5671 καινοτέρας
3328 5600 3475 5670 ζωῆς
3543 5597 3620 5652 εῐ-

2041 5702 2251 5768 δος,καὶ
2278 5699 2492 5768 σίδηρος
2516 5697 2644 5766 περὶ
2676 5712 2735 5748 σε
2767 5695 2968 5758 ἱκανὸς,
3000 5693 3055 5756 ὃς
3081 5693 3196 5763 ἔχει
3229 5691 3332 5762 μὲν
3363 5691 3500 5744 πολὺ
3554 5690 3616 5744 τδ

2045 5795 2266 5866 σεμνὸν,
2287 5788 2770 5864 παρυφιστάμενον
2788 5788 2844 5841 δέ
2874 5806 2926 5842 τι
2964 5788 3057 5841 καὶ
3079 5787 3278 5859 φόρτον
3313 5788 3490 5858 φέρει.
3510 5787 3615 5840 Βα-
