3908 6582
202 395 294 459 219'
1301 394 1400 452 AD
1437 392 1817 454 STYLITAM
1854 394 2260 466 QUEMDAM.
3288 388 3408 455 250

203 515 322 582 ptiust
349 509 440 580 γὰρ
477 507 693 570 πάντως
721 507 811 560 τὸν
848 505 1116 576 ἀσκητὴν,
1141 504 1234 558 καὶ
1260 504 1359 574 τῆς
1418 507 1497 566 εἰς
1521 505 1582 557 τὸ
1619 523 1712 575 μο-
1737 558 1746 571 η

1850 504 2052 561 bducit.
2077 504 2228 560 Genu
2253 519 2380 574 ergo
2407 517 2548 574 sarpe
2587 501 2802 558 ﬂectere
2834 500 2992 556 facile
3017 500 3091 555 illi
3120 515 3223 556 non
3249 512 3393 558 esset

200 607 318 678 χθεῖν
344 600 607 664 συντονίας
637 602 861 667 ἀπάγει.
903 601 1036 652 Γόνυ
1103 599 1232 667 γοῦν
1292 599 1492 652 κλίνειν
1539 598 1708 668 συχνὰ

1853 599 2027 652 iet-mi.
2058 597 2170 652 Hoc
2211 613 2337 668 ergo
2376 607 2586 667 oportet
2638 605 2690 650 te
2741 594 3058 663 adimplere,
3090 596 3392 664 superbiam

199 698 272 747 ηὖκ
297 695 349 746 ἂν
373 692 653 761 ἐγγένηται
683 691 760 760 τῷ
789 690 1014 760 τοιούτῳ
1041 689 1236 761 ῥᾳδίως
1277 691 1420 743 κατά
1452 691 1542 743 τὸν
1588 689 1711 743 ἀσί-

1852 702 2086 756 rangere,
2119 697 2174 742 et
2223 691 2406 742 carnis
2448 688 2784 757 prudentiam
2822 687 2970 739 humi
3023 685 3310 753 projicere,
3342 694 3395 738 et

198 783 335 848 δηρον.
360 781 519 832 Τοῦτο
551 778 731 831 τοίνυν
757 779 872 831 δέον
910 796 967 830 σε
997 777 1172 842 ἄλλως
1201 777 1573 848 ἀναπληροῦν,
1608 796 1706 832 κα·

1854 793 2044 833 ennutn
2077 780 2495 847 prostrationem
2531 777 2724 834 animae
2750 776 2981 831 ﬂexione
2999 787 3054 831 et
3077 778 3397 832 contritione

197 870 424 925 τακλῶντα
453 869 515 922 τὺ
538 869 906 940 ὑπερήφανον.
933 869 1024 920 καὶ
1045 868 1197 920 κάτω
1217 868 1477 938 βάλλοντα
1507 869 1567 922 τὸ
1584 869 1715 938 φρόο

1857 871 2055 924 ancire.
2089 869 2145 924 Si
2180 872 2321 924 enim
2360 871 2704 925 exaltatiouis
2734 877 2787 924 et
2825 870 3167 924 ascensionis
3196 869 3400 924 colum-

198 984 310 1034 νημσ.
333 964 423 1034 τῆς.
449 961 674 1030 σαρκὸς,
707 962 800 1015 καὶ
865 961 964 1030 τὴν
1015 960 1124 1012 τῶν
1195 962 1436 1027 γονάτων
1483 960 1710 1014 δκλασιν

1857 978 1884 1014 a
1921 971 2024 1017 Ista
2062 963 2366 1034 symbolum
2405 973 2512 1028 est,
2543 971 2687 1016 certe
2721 962 3046 1018 conditionis
3090 961 3156 1016 ad
3204 961 3394 1029 Deum,

197 1054 489 1116 ὰνασὼζοντα
515 1056 582 1123 τῇ
618 1051 964 1122 κατακάμψει
991 1053 1082 1105 καὶ
1113 1052 1373 1122 συντριϐῇ
1426 1052 1526 1121 τῆς
1591 1052 1709 1118 ψυ..

1827 1069 1932 1109 non
1973 1057 2037 1109 ad
2070 1056 2236 1122 aliud,
2269 1069 2645 1126 quamcunque
2677 1054 2876 1110 dixerit
2905 1055 3051 1110 illam
3085 1054 3303 1124 aliquis.

197 1153 288 1222 χῆς.
324 1149 506 1217 Είγάρ
538 1149 630 1200 καὶ
650 1147 997 1210 ἀνατάσεωςο
1026 1148 1122 1201 καὶ
1159 1146 1420 1216 ύψώσεως
1477 1147 1570 1199 καὶ
1642 1145 1956 1214 ἀναϐάσεως
2023 1152 2049 1202 ὁ
2088 1169 2106 1200 ι
2154 1151 2348 1214 στύλος
2377 1169 2396 1201 ι
2430 1141 2584 1213 οὗτος
2647 1150 2938 1222 σύμϐολον,
2980 1150 3117 1205 ἀλλὰ
3168 1149 3267 1218 τῆς
3319 1144 3401 1202 είς

197 1243 296 1295 θεὸν
320 1240 546 1301 πάντως,
571 1238 632 1291 ού
663 1238 1006 1306 τῆς,λοιπῆς,
1034 1238 1228 1290 ὁποίαν
1252 1237 1318 1291 ἂν
1371 1238 1586 1306 ἐκείνην
1642 1238 1786 1291 εἴποι
1820 1258 1926 1305 τις.

244 1333 320 1386 νϐ’.
351 1331 486 1384 Ἀλλ’
512 1331 627 1401 ἅμα
678 1349 697 1382 ι
745 1331 1018 1400 σύμϐολον
1057 1350 1076 1384 ι
1113 1325 1290 1396 εἷπον,
1323 1326 1367 1384 ὧ
1431 1331 1715 1400 παρόντες,

1895 1334 1985 1391 59.
2011 1336 2115 1392 Sed
2151 1338 2315 1393 simul
2347 1339 2649 1412 symbolum
2684 1337 2818 1400 dixi,
2845 1337 3136 1393 auditores.
3173 1345 3228 1390 et
3266 1335 3403 1389 ratio

197 1423 266 1476 καί
288 1439 356 1484 τις
383 1420 543 1488 λόγος
593 1420 924 1492 θεωρητικὸς
969 1422 1339 1492 ἀναπέφηνεν,
1365 1421 1440 1484 ὡς
1494 1415 1606 1474 οἷόν
1663 1438 1718 1475 τι

1863 1429 2066 1484 ιιωιιιιιη
2093 1431 2260 1501 logica
2291 1433 2344 1486 in
2374 1442 2609 1487 mentem
2643 1432 2811 1498 venit,
2846 1440 3096 1500 tanquam
3122 1429 3403 1486 conclusio

198 1517 395 1584 πόρισμα
445 1513 507 1566 οὐ
561 1515 708 1568 πάνυ
752 1513 951 1567 πίπτον
1019 1515 1236 1584 μακράν
1288 1513 1718 1584 γλαφυρότητος.

1860 1537 1889 1576 e
1914 1536 2051 1576 novo
2074 1522 2326 1587 deducta,
2349 1539 2452 1579 non
2477 1525 2594 1582 sine
2615 1525 2904 1595 elegantia.
2925 1522 3242 1593 Tripliciter
3258 1523 3403 1577 enim

197 1607 329 1675 Τριχῆ
355 1604 461 1674 γὰρ
495 1605 527 1675 ἡ
559 1604 669 1657 τῶν
721 1605 1006 1674 συμϐόλων
1065 1605 1268 1675 Θεωρία
1314 1605 1717 1675 διανενέμηται.

1862 1614 2191 1684 ymbolornm
2209 1617 2430 1671 scientia
2450 1618 2724 1672 dividitur.
2745 1618 2837 1673 Sic
2855 1617 2943 1672 alii
2966 1618 3182 1687 quidem
3203 1617 3254 1670 in
3276 1617 3405 1686 ipsis

195 1699 277 1751 Καὶ
313 1699 352 1749 oi
387 1698 486 1766 μὲν
535 1697 720 1758 αὐτοῖς
755 1696 982 1760 ἐκείνοις
1013 1698 1333 1767 ἐμμένουσι,
1362 1697 1526 1767 μηδέν
1545 1713 1598 1750 τι
1626 1714 1722 1750 πε·-

1860 1715 2131 1770 emanent,
2169 1708 2309 1763 ultra
2350 1724 2459 1764 non
2496 1709 2927 1779 progredientes,
2964 1723 3064 1764 nec
3097 1723 3130 1763 e
3161 1707 3403 1763 sensibili

197 1792 384 1860 patréptu
411 1787 823 1858 προϐαίνοντες,
843 1790 968 1861 μηδ’
1009 1792 1074 1844 ἐκ
1114 1789 1214 1859 τῆς
1267 1787 1536 1859 αἰσθητῆς
1579 1788 1724 1840 εικό-

1864 1801 2065 1870 nagine
2107 1800 2159 1855 in
2211 1801 2506 1869 cogitatum
2542 1801 2888 1870 archetypum
2928 1801 3237 1862 redeuntes,
3268 1800 3407 1854 sicut

196 1899 261 1942 in;
279 1882 344 1942 είς
375 1879 434 1932 τὸ
455 1879 642 1948 νοητὸν
661 1880 968 1950 ἀρχέτυπον
1006 1881 1415 1950 ἀνατρέχοντες,
1443 1881 1624 1934 ὁποῖον
1661 1877 1720 1932 τὸ

1861 1894 2126 1946 udaeorum
2150 1893 2317 1955 natio,
2341 1894 2434 1962 qui
2457 1893 2507 1947 in
2528 1894 2712 1947 umbra
2738 1895 2950 1958 sedent,
2972 1892 3212 1946 veritatis
3237 1894 3404 1946 solem

205 1971 450 2025 Ἰουδαϊκὸν
480 1968 722 2047 φῦλον,οἳ
753 1973 817 2040 τῇ
849 1974 975 2042 σκιᾷ
1001 1971 1433 2042 προσκάθηνται,
1464 1972 1564 2026 ούκ
1593 1975 1726 2027 ἀνα-

1864 1981 2102 2050 tspicere
2128 1982 2394 2037 nolentes.
2424 1983 2465 2036 A
2498 1983 2681 2051 lepore
2701 1982 2930 2043 edendo.
2955 1979 3184 2050 exempli
3210 1979 3407 2048 gratia,

197 2064 370 2118 ελέπειν
408 2067 488 2125 είς
514 2064 604 2115 τὸν
634 2066 732 2133 τῆς
762 2064 1019 2133 ἀληθείας
1063 2065 1211 2134 ἥλιον
1253 2064 1517 2127 θέλοντες.
1561 2062 1729 2116 Δασύ-

1867 2073 2301 2142 ιιειίιιετθῙιιεειδι
2329 2071 2548 2130 Iudaeus
2572 2089 2679 2128 non
2711 2074 2940 2143 symboli
2971 2073 3147 2127 velum
3175 2071 3409 2125 detrahit

197 2159 317 2220 ποδός
337 2161 444 2229 γὰρ
475 2163 606 2230 φέρε
647 2161 825 2214 εἰπεῖν
877 2156 1179 2225 ἀπέχεσθαι
1233 2155 1549 2220 κελευσθεὶς
1593 2157 1728 2210 Ἰου-

1865 2173 1884 2218 ῑ
1913 2165 2242 2220 relucentem
2272 2166 2618 2237 margaritam
2646 2166 2698 2218 in
2727 2165 2971 2235 symbolo
2990 2163 3407 2231 contemplatur,

196 2251 322 2312 δαῖος,
348 2251 447 2303 ούκ
474 2250 536 2302 ἂν
567 2249 846 2319 ἀναπτύξη
867 2249 930 2300 τδ
954 2246 1046 2300 τοῦ
1076 2246 1348 2316 συμϐόλου
1371 2246 1614 2316 ἔλυτρον,
1634 2246 1729 2300 καὶ

1869 2257 1923 2310 ed
1952 2256 2108 2325 longe
2145 2272 2470 2326 persequens
2499 2257 2811 2312 cuniculum
2837 2271 2942 2310 non
2964 2255 3196 2323 amplius
3221 2254 3412 2308 littere

197 2340 264 2391 τὸν
286 2343 333 2394 ἐν
362 2342 506 2411 αύτῷ
536 2343 787 2412 θεωρήσῃ
821 2337 1216 2408 φωσφορούντα
1240 2337 1523 2407 μάργαρον
1544 2354 1560 2371 ο
1590 2337 1728 2391 ἀλλὰ

1863 2363 2048 2402 ensum
2087 2347 2324 2417 indagat,
2354 2362 2452 2404 nec
2489 2362 2598 2416 quo
2631 2347 2988 2418 symbolicum
3025 2347 3406 2400 documentum

199 2433 351 2497 διώξας
387 2433 627 2505 μακρὰν,
666 2435 762 2486 καὶ
787 2431 1009 2500 φεύγειν
1054 2429 1214 2498 ἀφεὶς
1237 2429 1332 2496 ἀφ’
1383 2426 1580 2481 ἑαυτοῦ
1640 2428 1729 2482 τὸν

1871 2440 2082 2506 rcipiat,
2115 2439 2240 2493 inde
2274 2438 2637 2504 recognoscit,
2673 2447 2727 2491 et
2758 2436 3146 2491 indiﬂerentem
3188 2435 3409 2489 lubrici-

198 2525 442 2590 δισύπουν,
465 2528 562 2579 οὐκ
589 2526 654 2579 ἂν
675 2526 755 2587 είς
785 2523 948 2576 πλέον
965 2520 1059 2574 τοῦ
1085 2521 1414 2591 γράμματος
1435 2520 1728 2593 ἀνιχνεύσῃ

1867 2538 1997 2586 item
2054 2531 2239 2602 lugere
2276 2547 2394 2600 quae
2449 2532 2500 2584 in
2551 2530 2771 2584 animali
2829 2531 2933 2584 isto
2985 2529 3316 2591 dominatur,
3357 2535 3410 2580 et

200 2619 347 2681 σύτῆν,
379 2617 574 2670 ούδ“ἂν
595 2618 870 2686 ὲπιγνοίη,
918 2612 1260 2684 συμϐολικῶς
1326 2613 1535 2664 ἐκεῖθεν
1587 2612 1730 2664 διδσὶο

1875 2623 1942 2676 ssi
1969 2623 2118 2691 pedis
2150 2622 2554 2676 distinctionem
2579 2637 2742 2690 quam
2771 2621 3112 2688 simplicitate
3135 2620 3293 2688 longe
3320 2618 3414 2671 ab-

201 2709 410 2772 ωιλσθαι,
440 2711 538 2779 τήν
566 2727 622 2762 τε
679 2709 970 2778 ἀδιάφορον
1006 2703 1264 2773 λαγνείαν
1302 2703 1597 2772 φεύγειν,ἦ
1647 2721 1732 2767 τις

1868 2723 1916 2768 st
1949 2723 2004 2767 et
2031 2729 2134 2782 qua
2159 2729 2264 2768 non
2286 2727 2422 2779 opus
2451 2713 2606 2768 habet
2629 2712 2909 2780 prudentia
2934 2718 3120 2764 sancta
3147 2717 3200 2763 et
3231 2709 3409 2761 timor.

199 2803 258 2868 τῷ
277 2801 484 2870 τοιούτῳ
513 2801 639 2871 ζὼῳ
671 2800 859 2871 βαθεῖα
903 2799 1170 2866 ἔγκειται,
1219 2801 1316 2852 καὶ
1345 2799 1406 2850 τὸ
1462 2798 1728 2864 πολυσχι-

1867 2806 1925 2860 iic
1953 2805 2172 2875 quidem
2219 2813 2574 2873 supernatant
2607 2804 2659 2857 in
2702 2803 3072 2873 symbolorum
3103 2799 3410 2868 superficie,

203 2897 285 2956 δὲε,
320 2895 345 2947 ὃ
372 2895 580 2963 μακράν
604 2897 719 2946 ἐστι
746 2894 847 2961 τῆς
879 2892 1203 2960 ἁπλότητος,
1223 2891 1317 2944 καὶ
1341 2891 1400 2943 τὸ
1441 2889 1528 2956 ἐφ’
1555 2882 1636 2949 οἷς
1664 2886 1724 2938 ού

1867 2913 1936 2952 nec
1977 2896 2212 2964 amplius
2243 2897 2368 2966 quid
2415 2905 2467 2950 et
2518 2896 2752 2964 penitius
2796 2904 3140 2962 perspectum
3197 2900 3410 2962 parant.

201 2988 340 3054 χρεὼν
369 2985 587 3048 εὐλαϐὲς
608 2984 702 3038 καὶ
733 2984 926 3037 δειλόν.
953 2985 1058 3037 Καὶ
1082 2983 1222 3036 οὕτω
1251 2982 1354 3053 μέν
1381 2982 1518 3034 εἰσιν
1546 2981 1594 3032 οἱ
1614 2981 1735 3030 ἐπιο

1871 2995 2032 3042 ’arnm
2058 2988 2221 3056 aliqui
2243 2988 2322 3042 vel
2351 2988 2571 3042 minime
2593 2988 2820 3058 symboli
2844 2987 3040 3043 littera:
3063 2984 3302 3046 student,
3319 2981 3414 3036 sed

203 3077 445 3144 νηχόμενοι
471 3074 548 3144 τῷ
575 3076 634 3126 έν
665 3075 953 3142 συμϐόλοις
988 3072 1373 3136 έπιπολάζοντι
1400 3085 1417 3102 ο
1478 3070 1632 3124 οὐδέν
1681 3086 1736 3122 τι

1872 3096 1932 3135 os
1952 3081 2194 3136 siuentes
2214 3079 2303 3149 q'ui
2323 3095 2540 3133 sensum
2563 3079 2937 3133 absconditum
2956 3077 3268 3132 clamatoria
3292 3075 3415 3129 tuba

204 3167 335 3219 πλέον
374 3165 825 3236 περιεργάζονται
877 3164 972 3217 καὶ
1012 3163 1333 3234 βαθύτερον.
1375 3162 1437 3216 Οί
1466 3162 1525 3214 δέ
1579 3176 1734 3224 τινες

1872 3173 2100 3236 mulcent,
2143 3172 2242 3240 ipsi
2302 3171 2356 3225 in
2411 3171 2694 3240 :enigmate
2749 3169 3077 3240 propositam
3139 3167 3415 3221 veritatem

207 3259 451 3328 συμϐόλων
479 3259 580 3330 μὲν
609 3257 806 3328 μικρὸν
837 3255 1046 3326 ἢούδέν
1075 3275 1126 3310 τι
1159 3257 1518 3326 προσδέονται
1551 3258 1660 3310 τῶν
1677 3259 1734 3311 ὲν

1966 3280 2044 3318 um
2076 3237 2333 3327 retinent,
2354 3237 2676 3332 sapientiam
2697 3237 3028 3332 (Christiana
3056 3262 3248 3332 tribus)
3267 3275 3421 3316 exer-
3483 3260 3509 3274 ‘

206 3352 508 3420 γράμμασιν,
540 3348 671 3402 ἀλλ’
704 3347 955 3416 ἀφιέντες
972 3347 1063 3401 τὸν
1101 3349 1232 3419 περὶ
1287 3348 1429 3402 αύτά
1468 3367 1734 3421 προφορι-

1878 3367 2058 3423 entes;
2090 3366 2144 3411 et
2177 3355 2245 3409 ad
2272 3354 2430 3409 bona-
2449 3364 2674 3409 strenue
2704 3353 3012 3418 exercitati,
3043 3367 3142 3408 nec
3173 3353 3226 3407 in
3265 3352 3421 3407 dolos

206 3442 282 3492 τὸν
307 3439 519 3494 κώδωνα
541 3441 673 3502 τοὺς
695 3438 1056 3508 βουλομένους
1083 3442 1396 3509 περιηχεῖν,
1429 3441 1587 3495 αὐτοὶ
1635 3441 1736 3510 τῆς

1879 3463 1903 3502 c
1932 3447 2151 3501 fraudes
2183 3446 2306 3502 vitae
2342 3446 2682 3502 itinerarium
2728 3444 3056 3509 scindentes,
3117 3444 3422 3513 prohibitos

209 3530 684 3600 σίνιγματιζομένης
707 3527 968 3600 ἀληθείας
1001 3527 1170 3598 μόνης
1207 3529 1478 3598 γίνονται,
1524 3547 1738 3600 σωφρο-

1882 3557 1892 3593 ι
1938 3538 2054 3610 lege
2093 3537 2304 3606 lepores
2331 3538 2396 3591 ad
2431 3552 2490 3592 se
2517 3537 2698 3592 venire
2723 3537 2926 3601 sinunt,
2977 3545 3033 3590 et
3079 3536 3159 3591 sic
3209 3537 3425 3607 symbo-

211 3620 344 3690 σύνην
367 3619 493 3687 γοῦν
515 3619 598 3691 (τὸ
624 3619 1010 3690 Χριστιανικδν
1033 3616 1219 3691 φῦλον)
1251 3620 1585 3691 ἀσκούμενοι
1604 3639 1619 3654 ·
1638 3625 1737 3678 καὶ

1884 3644 1954 3684 ca:
1982 3627 2173 3684 litterae
2205 3627 2491 3683 medullam
2519 3627 2831 3697 seligentes,
2862 3641 2967 3680 non
3003 3627 3197 3683 littera:
3236 3627 3427 3681 immo-

213 3714 274 3773 εἱς
296 3711 480 3779 ἀγαθὸν
510 3711 569 3765 δὲ
593 3709 988 3778 ἀνδριζόμενοι,
1051 3711 1148 3764 καὶ
1200 3710 1262 3762 οὐ
1308 3712 1737 3780 κατασχίζοντες

1880 3731 2024 3776 antes
2063 3719 2142 3775 rei
2190 3719 2398 3775 viscera
2437 3727 2491 3774 et
2521 3717 2945 3789 perpetuitatem
2983 3715 3272 3787 arripiunt.
3331 3713 3423 3770 Sic

215 3805 275 3865 εἰς
302 3802 610 3872 πανουργίας
635 3804 694 3854 τὸ
722 3801 864 3855 κατά
929 3799 1046 3870 βίον
1113 3801 1462 3870 πορευτικδν,
1505 3802 1632 3866 τοὺς
1681 3805 1739 3857 ἑν

1882 3809 2061 3864 uidetn
2107 3809 2182 3864 illi
2213 3811 2277 3864 de
2323 3808 2546 3881 symboli
2587 3822 2815 3878 corpore
2858 3822 3025 3876 pauca
3069 3817 3425 3872 assumentes,

215 3897 330 3965 νόμῳ
347 3896 718 3964 κωλυομένους
749 3893 1056 3956 δασύποδας
1085 3893 1246 3947 ἐῶσιν
1268 3893 1523 3964 ἔρχεσθαι
1547 3897 1626 3958 είς
1646 3898 1744 3948 αύ-

1890 3913 2082 3956 tteram
2109 3911 2455 3956 attenuantes
2478 3911 2534 3956 et
2557 3909 2884 3966 resecantes,
2908 3901 3180 3954 internum
3206 3913 3424 3956 sensum

215 3989 328 4052 τοὺς,
347 3993 432 4041 καὶ
451 3988 594 4042 οὕτω
622 3988 713 4041 τὸν
740 3986 834 4040 τοῦ
860 3985 1191 4056 συμϐολικοῦ
1233 3986 1562 4056 γράμματος
1608 3988 1744 4040 ἀνα-

1883 3991 2128 4047 ιὶιιίιιοηι.
2187 3991 2289 4044 Alii
2351 4001 2532 4044 autem
2591 3998 2821 4059 utraque
2882 4005 2976 4059 per
3029 3989 3426 4043 observantiam

215 4075 457 4147 λεγόμενοι
488 4078 683 4146 μυελὸν
704 4078 804 4130 οὐκ
829 4077 886 4128 ὲν
916 4077 1059 4146 λόγῳ
1091 4076 1357 4138 τίθενται,
1389 4079 1516 4129 ὅσον
1571 4077 1746 4129 ὀστῶ-

1888 4092 2039 4151 gunt,
2064 4091 2120 4135 et
2166 4081 2468 4152 symbolum
2503 4090 2744 4146 servant,
2777 4089 2831 4135 et.
2862 4095 2974 4135 rem
3023 4079 3180 4149 cuius
3214 4080 3430 4151 symbo-

217 4173 385 4229 δεςκαὶ
421 4171 716 4241 ἄμϐροτον.
752 4169 860 4220 Καὶ
912 4167 1053 4220 οὕτω
1088 4167 1186 4236 μὲν
1228 4169 1323 4220 καὶ
1375 4163 1520 4222 οὗτοι
1570 4169 1619 4222 οἱ
1651 4167 1748 4220 τοῦ
1870 4172 2102 4226 lumest.

219 4264 385 4332 πάχους
414 4263 510 4332 μὲν
538 4263 649 4314 τῶν
681 4259 964 4330 συμϐόλων
1013 4258 1168 4327 ὀλίγα
1203 4261 1676 4330 ἐπιστρεφόμενοι,
1714 4261 2171 4332 λεπτοτομούντες
2205 4265 2260 4317 δὲ
2299 4265 2359 4316 τὸ
2393 4266 2570 4317 ἐκεῖσε
2606 4264 2841 4334 γρέιμμα
2874 4265 2966 4317 καὶ
3011 4261 3428 4330 ἀνατέμνοντες,

221 4358 290 4409 καὶ
313 4355 403 4425 τῆς
432 4355 540 4408 ἔσω
567 4353 802 4424 θεωρίας
831 4353 1130 4422 γινόμενοι.
1163 4353 1382 4425 Ἕτεροι
1433 4354 1488 4406 δὲ
1527 4354 1697 4424 ἄμφω
1734 4355 1820 4408 διὰ
1853 4356 2102 4428 φυλακῆς
2138 4357 2349 4426 ἄγουσι,
2380 4356 2442 4410 τό
2471 4373 2531 4408 τε
2573 4356 2840 4426 σύμϐολον
2883 4355 3290 4425 συντηρούντες,
3333 4358 3431 4408 καὶ

221 4442 352 4521 ιῦπερ
381 4449 506 4503 αὐτό
531 4452 645 4502 ἐστι
667 4446 952 4517 σύμϐολον.

273 4547 327 4610 ξ’.
355 4546 712 4616 Παραδέδοται
743 4543 834 4597 οὖν
858 4546 988 4613 ἡμῖν
1016 4543 1153 4613 πρὸς
1207 4542 1440 4613 δρόμους
1489 4543 1745 4608 ἑωθινοὺς
1779 4553 1816 4606 D

1922 4545 2009 4599 60.
2046 4543 2207 4597 Nobis
2249 4541 2558 4596 mandatum
2605 4549 2684 4594 est
2738 4536 3153 4607 inspicicutibus
3190 4537 3255 4588 ad
3303 4536 3435 4589 solis

221 4635 386 4698 δρῶσιν
411 4637 564 4705 ἡλίου
619 4634 903 4687 ὁσιοῦσθαι
951 4633 1030 4703 τῷ
1092 4635 1429 4704 παμϐασιλεί
1491 4636 1611 4706 Θεῷ
1640 4638 1750 4706 τὴν

1894 4637 2147 4693 rientales
2173 4650 2368 4690 cursus
2397 4634 2526 4703 Regi
2561 4647 2743 4700 regum
2775 4632 2882 4685 Deo
2905 4629 3216 4686 adoratione
3239 4629 3437 4682 sancti-

224 4729 580 4798 προσκύνησιν.
613 4727 787 4780 Τοῦτο
838 4726 1164 4797 συμϐολικὸν
1224 4729 1610 4798 περικάρπιον.
1667 4731 1758 4783 Πι-

1899 4729 2042 4794 cari;
2068 4727 2399 4799 sytnbniicus
2432 4726 2518 4779 hic
2546 4733 2751 4778 cortex.
2787 4721 2986 4792 Regem
3011 4734 3138 4773 vero
3165 4720 3436 4774 credimus

227 4815 452 4885 στεύομεν
479 4818 536 4871 δὲ
563 4817 624 4870 τὸ
654 4816 819 4869 αὑτὸν
866 4816 1093 4886 βασιλέα
1148 4817 1239 4869 τὸν
1263 4821 1362 4888 τῆς
1413 4818 1758 4888 δικαιοσύνης

1892 4822 2078 4877 ,ιειίιὶαι
2111 4821 2275 4874 solem
2312 4819 2472 4873 nobis
2513 4832 2658 4881 esse,
2688 4816 2778 4885 qui
2809 4815 2862 4868 in
2909 4813 3081 4882 ipsqu
3117 4813 3435 4882 aspicimus,

226 4906 482 4980 ἦλιονπρδς
502 4907 659 4979 ἡμῶν
681 4901 842 4970 εἶναι,
858 4908 1016 4978 εἰπερ
1031 4908 1325 4978 ἀφορῶμεν
1343 4926 1402 4961 τε
1425 4910 1561 4980 πρὸς
1576 4911 1758 4974 αύτὺν,

1896 4913 2106 4966 tDeum
2141 4911 2314 4980 ipsum
2352 4918 2764 4980 cognoscentes,
2803 4922 2927 4962 cum
2967 4904 3287 4960 adoratione
3316 4911 3438 4957 ante

227 5001 303 5050 καὶ
327 5001 478 5054 αὑτὸν
516 5000 651 5054 Θεὸν
681 5000 906 5064 εἰδότες,
929 5000 1300 5070 λατρευτικῶε
1328 5002 1476 5072 αύτῷ
1497 5002 1758 5073 ἐντυγχά-

1964 5018 2008 5067 ri,
2045 5013 2204 5071 caput
2238 5010 2292 5056 et
2331 5015 2471 5070 genu
2513 4999 2844 5054 inclinantes
2881 4996 3180 5051 adstamus.
3215 4993 3315 5049 Hic
3353 5002 3439 5049 est
3499 5025 3507 5035 -

227 5105 378 5158 νομεν,
405 5092 643 5163 κεφαλὴν
678 5094 777 5146 καὶ
800 5093 930 5162 γόνυ
964 5092 1326 5163 κάμπτοντες.
1381 5094 1552 5147 Τοῦτό
1611 5095 1758 5148 ἐστιν

1894 5091 2088 5165 ymboli
2122 5091 2366 5157 fructus;
2401 5099 2457 5145 et
2489 5097 2716 5158 utraque
2746 5100 3032 5142 servamus
3061 5094 3116 5139 et
3145 5083 3437 5138 adorantes

226 5183 250 5232 ό
276 5182 356 5236 τοῦ
393 5185 657 5255 συμϐόλου
714 5185 924 5255 καρπός
952 5201 968 5217 ·
1025 5185 1118 5238 καὶ
1141 5185 1508 5255 ,φυλάττομεν
1560 5184 1750 5252 ἄμφω,

1899 5202 1964 5241 ua
1997 5187 2153 5241 nobis
2181 5183 2496 5238 mandatum
2529 5189 2615 5237 est
2641 5189 2696 5234 et
2731 5180 2858 5234 lacti
2899 5178 3160 5233 rationem
3193 5176 3435 5230 retinen-

229 5277 626 5340 προσκυνοῦντές
646 5293 732 5343 τε,
755 5277 879 5330 ὅποι
909 5278 1379 5347 παρηγγυήμεθα,
1417 5277 1516 5331 καὶ
1541 5277 1632 5331 τὸν
1661 5277 1758 5332 τοῦ

1890 5294 1960 5333 es.
1987 5276 2078 5331 Sic
2109 5285 2164 5332 et
2198 5275 2361 5329 illud:
2393 5272 2692 5337 Lavamini,
2724 5271 2906 5326 nzundi
2937 5278 3101 5324 estote
3130 5267 3433 5332 audientes,

229 5366 476 5434 γινομένου
505 5368 706 5422 σκοπὸν
731 5368 1080 5436 κατέχοντες.
1107 5367 1262 5421 Οὕτω
1291 5368 1384 5421 καὶ
1421 5387 1443 5419 ι
1468 5366 1755 5428 λούσασθε,

1892 5369 2115 5422 mundam
2151 5375 2260 5420 tum
2297 5363 2491 5420 stolam
2523 5363 2772 5418 festivam
2800 5375 3078 5415 assumere
3103 5357 3267 5426 jussi,
3290 5355 3435 5409 iava«

230 5455 432 5525 καθαροὶ
457 5457 681 5526 γένεσθε
721 5477 740 5509 ι
779 5459 1098 5528 ἀκηκοότες,
1135 5459 1229 5510 καὶ
1256 5458 1504 5528 καθαρὰν
1543 5457 1598 5510 δέ
1626 5475 1758 5510 ποτε

1896 5461 2068 5514 iouem
2092 5457 2320 5512 facimus
2350 5455 2659 5511 sensibilem
2693 5453 2907 5524 quidem
2938 5459 2992 5506 et
3020 5448 3249 5506 visibilis
3273 5445 3439 5502 vestis

230 5547 396 5615 στολὴν
423 5551 624 5617 έόρτιον
656 5549 1068 5619 διατεταγμένοι
1089 5549 1434 5620 μεταλαϐεῖν,
1469 5551 1526 5603 τό
1553 5568 1609 5602 τε
1639 5550 1766 5602 λου-

1897 5550 2240 5612 rmtationem,
2255 5549 2556 5617 spiritualia
2579 5561 2706 5602 vero
2721 5559 3001 5602 servamus
3020 5543 3184 5596 nitida
3210 5540 3440 5594 reddet:-

229 5629 334 5707 τρδν
355 5641 646 5712 ποιούμεθα
675 5641 737 5694 τὸ
761 5642 896 5712 πρὸς
929 5641 1204 5712 αἴσθησιν,
1237 5643 1332 5696 καὶ
1351 5643 1449 5712 τὴν
1488 5642 1586 5712 τῆς
1621 5644 1761 5712 ὁρω-

1723 5661 1761 5694 ι·
1873 5649 1953 5697 tes
1983 5642 2050 5695 de
2079 5641 2238 5697 nobis
2265 5649 2322 5696 et
2344 5655 2467 5710 quae
2489 5639 2638 5694 intus
2663 5648 2716 5693 et
2743 5652 2862 5708 qum
2891 5635 3091 5690 deforis
3122 5643 3266 5688 sunt.

232 5732 375 5801 μένης
402 5735 623 5803 ἐσθῆτος
653 5734 961 5802 ὲξάλλαξιν,
1001 5737 1096 5789 καὶ
1123 5735 1191 5790 τά
1224 5734 1360 5807 πρὸς
1422 5734 1549 5790 νούν
1600 5735 1657 5788 δὲ
1709 5733 2110 5806 φυλαττόμεθα,
2177 5731 2564 5805 φαιδρύνοντες
2623 5729 2848 5791 ἑαυτοὺς
2914 5725 2988 5780 τά.
3057 5724 3105 5777 τ’
3155 5723 3328 5791 ἔνδον,
3371 5732 3452 5788 τιτι

231 5836 274 5872 τε
295 5823 498 5891 θύραζε.
