3908 6558
448 406 550 476 231

1127 404 1550 466 EUSTATHII
1589 399 2039 463 THESSALON

2152 400 2297 461 DNS]
2311 400 2350 461 S
2392 399 2957 462 METROPOLITAZ
3606 400 3723 463 25?

524 516 616 572 61.
654 512 726 569 Ut
757 527 891 568 vero
928 521 982 568 ct
1012 514 1076 567 de
1114 528 1306 568 recens
1344 513 1475 567 visis
1513 512 1784 582 quoddam
1824 510 1877 564 in
1910 525 2040 563 con-

2216 512 2314 575 ξα’.
2352 512 2468 565 ἰνα
2498 511 2630 565 δέτι
2660 512 2885 565 καὶτῶν
2926 510 3050 580 ἄρτι
3101 508 3452 580 βλεπομένων
3490 510 3571 573 είς
3616 514 3713 581 τὴν

455 607 861 679 templationem
914 606 1072 661 istam
1113 604 1542 669 iutroducamus,
1573 604 1783 674 qualem
1818 602 2040 655 loricam

455 714 682 771 magnus
712 697 907 752 Paulus
936 695 1160 750 induere
1184 695 1355 764 jubet,
1389 696 1635 749 novimus
1662 710 1851 748 omnes
1876 712 1890 747 :
1920 693 2047 762 Sty-

455 793 552 847 ltta
607 804 733 844 vero
784 789 877 843 ilie
933 784 1244 843 sensibilem
1304 788 1478 841 induit
1538 786 1752 854 penitus
1815 793 2044 853 utraque

459 898 703 946 servans,
739 897 849 937 non
876 881 1106 935 alterum
1144 889 1385 934 tantum.
1416 878 1556 934 Sunt
1585 893 1715 932 vero
1766 878 1881 932 inec
1931 886 2040 929 tum

460 975 760 1048 symbolice
793 973 1023 1045 prolata,
1056 981 1168 1027 tum
1205 987 1370 1041 Opere
1398 979 1454 1025 et
1489 970 1681 1040 spiritu
1717 968 2041 1039 excogitata.

528 1159 620 1213 6‘2.
649 1156 707 1214 Si
757 1172 886 1213 vero
915 1156 1078 1212 rebus
1104 1156 1361 1211 suavibus
1395 1154 1597 1209 nostris
1625 1151 1853 1209 miscere
1886 1170 2047 1220 opor-

463 1262 542 1307 tet
573 1252 750 1304 minus
780 1265 1004 1316 suaves,
1027 1264 1127 1303 nec
1159 1257 1337 1301 tamen
1373 1247 1617 1301 convivis
1646 1247 1891 1302 discendi
1943 1262 2042 1302 cu—

463 1341 604 1409 pidis
650 1356 757 1395 non
814 1339 1155 1407 injucundas,
1202 1337 1371 1393 multa
1400 1348 1453 1394 et
1487 1338 1786 1393 alienorum
1823 1341 2042 1409 symbo-

460 1436 637 1488 lornm
661 1432 748 1488 hic
779 1433 954 1487 locum
997 1441 1202 1486 tenent.
1228 1434 1418 1500 itaque
1449 1446 1545 1487 cor
1575 1447 1679 1486 non
1717 1432 2044 1487 manducate

459 1524 813 1595 syntbolicum
833 1532 952 1599 erat
978 1541 993 1577 ε
1022 1523 1165 1591 quod
1188 1533 1317 1578 tunc
1339 1524 1435 1593 qui
1449 1525 1700 1580 audiebat
1727 1524 2042 1595 perficiebat

463 1622 518 1673 (a
570 1615 750 1670 cordis
802 1615 1215 1670 manducatione
1263 1617 1640 1688 abstinebat);
1694 1617 2039 1672 manifestum

462 1717 595 1757 vero
649 1704 969 1758 observabat
1002 1713 1366 1773 praeceptum:
1400 1706 1649 1761 videlicet
1686 1722 1790 1761 non
1826 1709 2044 1776 angori-

380 1866 385 1871 .
461 1791 563 1847 bus
599 1794 834 1861 seipsum
873 1794 1070 1848 dedere
1099 1803 1153 1850 et
1184 1795 1262 1850 sic
1304 1796 1641 1866 absumptum
1681 1798 1825 1852 intus
1884 1798 2039 1852 tabe-

457 1897 638 1939 scere.
675 1884 874 1940 lterum
900 1886 1105 1941 audivit
1153 1886 1394 1956 quidam,
1424 1888 1604 1957 gladio
1635 1889 1816 1958 ignem
1849 1903 1916 1944 ne
1947 1903 2046 1944 ex-

462 1978 694 2041 suscita,
731 1986 847 2040 aut.
883 1978 1062 2032 album
1100 1991 1167 2032 ne
1197 1979 1342 2033 domi
1368 1979 1575 2033 nutrias
1607 1980 1841 2050 gallum:
1876 1980 1926 2035 id
1961 1989 2044 2035 est

462 2067 947 2122 excandescentem
995 2069 1128 2122 iram
1170 2071 1569 2139 provocatoriis
1615 2072 1961 2136 sermonibus
1990 2082 2046 2127 et

461 2157 938 2225 esacerbantibus,
968 2169 1025 2212 ιιι
1058 2160 1127 2214 ita
1157 2161 1354 2224 dicam.
1378 2164 1688 2219 secantibus
1711 2179 1815 2218 non
1849 2179 2045 2219 accen-

462 2253 626 2320 dere;
660 2266 758 2308 nee
802 2253 857 2308 in
911 2254 1070 2309 domo
1118 2253 1375 2310 clamosis
1431 2257 1508 2311 uti
1569 2257 1833 2312 ministris
1882 2267 2047 2328 atque

463 2345 610 2400 intus
632 2347 840 2415 nigrum
873 2353 927 2400 et
951 2348 1205 2416 mysterio
1228 2347 1534 2403 redundans
1556 2349 1735 2403 album
1766 2348 2046 2417 proferen-

463 2436 610 2490 tibus
641 2437 948 2491 consilium.
986 2439 1051 2493 Et
1073 2448 1302 2509 utraque
1331 2440 1599 2494 faciebant
1629 2440 1742 2506 isti,
1769 2456 1867 2496 nec
1900 2456 2045 2512 sym-

464 2524 649 2580 bolum
680 2527 1198 2598 tergiversabantur,
1227 2531 1335 2585 imo
1367 2530 1568 2586 ﬂebant
1601 2531 1654 2585 in
1684 2533 1874 2602 primis
1902 2547 2051 2603 sym-

466 2615 576 2670 boli
618 2617 810 2674 litterae
841 2619 1061 2674 addicti.

540 2797 629 2853 6'5.
658 2797 717 2853 Et
748 2813 814 2852 ne
845 2799 1010 2853 multa
1043 2799 1220 2855 adhuc
1250 2801 1475 2856 dicenda
1514 2803 1720 2858 habens
1758 2817 2050 2873 suspensos

464 2897 679 2943 teneam
703 2900 753 2943 et
782 2897 1041 2959 pertaesos
1070 2892 1368 2958 auditores,
1404 2893 1492 2947 hic
1526 2902 1638 2949 tres
1665 2902 1792 2947 sunt
1816 2894 2046 2964 sytnboli

464 2980 767 3047 sectiones,
807 2994 1052 3037 seorsum
1111 2968 1367 3053 symboli,
1404 2992 1497 3037 aut
1552 2995 1609 3039 ut
1664 2984 1821 3039 aliter
1859 2985 2046 3059 eadem

467 3070 671 3135 dicam,
725 3070 1028 3143 a‘nigmatis
1061 3071 1352 3139 identitas;
1413 3074 1528 3128 sola
1558 3059 1626 3128 in.
1668 3075 1841 3144 seipsa
1904 3074 2049 3130 litte-

2144 601 2381 668 θεωρίαν
2412 601 2618 672 ταύτην
2648 598 3110 672 παηρελκύσωμεν,
3140 602 3326 653 ὁποῖον
3352 600 3452 670 μὲν
3486 597 3713 668 θώρακα

2144 696 2172 747 ό
2204 693 2379 761 μέγας
2417 692 2630 753 Παῦλος
2670 693 2955 760 νομοθετεῖ
2999 694 3208 761 φορεῖν,
3265 692 3491 754 οἴδαμεν
3544 691 3718 744 ἃπαν-

2144 801 2236 846 τες
2264 800 2279 815 ο
2318 786 2345 836 ό
2369 783 2425 836 δὲ
2464 801 2483 836 ι
2517 783 2774 852 στυλίτης
2812 802 2829 834 ι
2874 775 3032 844 οὗτος
3065 781 3218 851 φέρει
3249 783 3343 834 καὶ
3367 780 3462 834 τὸν
3497 779 3719 832 κατάἵο

2144 875 2355 946 σθησιν,
2388 874 2573 944 τηρῶν
2600 873 2818 937 πάντως
2843 872 3131 943 ἀμφότερα
3156 889 3170 903 ’
3206 872 3266 925 ού
3290 871 3400 941 γὰρ
3433 870 3609 938 δήπου
3655 870 3718 922 τὸ

2141 966 2229 1020 Ere
2237 983 2348 1038 ρον.
2368 966 2487 1019 Εἰσὶ
2507 964 2563 1019 δὲ
2587 964 2726 1019 αὐτὰ
2750 967 2872 1018 τότε
2901 964 3306 1035 προφερόμενον
3335 981 3398 1016 συ
3407 962 3721 1029 μϐολικῶς,-

2141 1057 2203 1111 τό
2222 1073 2282 1112 τε
2312 1056 2598 1127 νοούμενον
2625 1058 3025 1127 πραγματικῶς
3045 1055 3139 1111 καὶ
3161 1058 3571 1125 πνευματικῶς.

2216 1148 2317 1218 ξβν.
2355 1148 2415 1200 Ei
2445 1147 2503 1201 δέ
2527 1164 2581 1201 τι
2602 1148 2709 1218 χρὴ
2730 1146 2807 1217 τῷ
2832 1146 3025 1214 γλυκεῖ
3051 1145 3145 1199 καὶ
3165 1145 3420 1217 ἡμετέρῳ
3474 1145 3719 1215 κεραμί.

2146 1240 2234 1304 εαι
2264 1240 2359 1294 καὶ
2390 1241 2463 1310 μὴ
2493 1240 2737 1294 τοιοῦτον
2795 1239 2914 1309 μιν,
2965 1237 3027 1291 ού
3051 1238 3192 1293 πάνυ
3222 1236 3279 1290 δὲ
3331 1236 3727 1291 δυσξντσυκτον·

2142 1333 2429 1404 δαιτυμόσι
2468 1332 2889 1402 φιλακροάμοσι,
2939 1331 3107 1409 πολλά
3155 1330 3251 1385 καὶ⁸
3298 1333 3408 1385 τῶν
3460 1330 3719 1402 ἐξωτεριο

2144 1426 2257 1479 κῶν
2292 1423 2580 1495 συμϐόλων
2607 1425 2851 1478 τοιούτου
2877 1425 3043 1478 τόπου
3074 1423 3306 1493 ἔχονται.
3345 1441 3364 1475 ι
3414 1422 3663 1493 Καρδίαν
3692 1441 3711 1474 ι
3772 1454 3787 1464 ο

2143 1512 2236 1571 οῦν
2267 1535 2287 1569 ι
2331 1517 2404 1588 μὴ
2457 1516 2681 1582 ἐσθίειν,
2719 1535 2737 1569 ι
2779 1516 3108 1586 συμϐολικδς
3133 1512 3200 1587 ἦν
3241 1532 3373 1570 ποτε
3388 1515 3584 1584 λόγος’
3612 1516 3717 1570 ὁδὶ

2143 1612 2266 1665 τότε
2295 1609 2508 1665 ἀκούων
2540 1610 2673 1664 αὐτό
2727 1627 2787 1664 τε
2838 1609 3013 1674 οῦτως
3074 1609 3245 1663 ἐποίει
3277 1607 3562 1680 (ἀπείχετο
3611 1607 3718 1679 γὰρ

2142 1703 2237 1759 τοῦ
2271 1702 2704 1776 καρδιοφαγεῖν),
2735 1703 3021 1771 συνετήρει
3047 1700 3105 1754 δὲ
3137 1702 3228 1755 καὶ
3279 1701 3340 1755 τὸ
3385 1702 3723 1771 ἐμφαινόμε-

2146 1811 2237 1847 νον
2264 1792 2630 1846 διδασκάλιον.
2666 1791 2740 1844 Τὸ
2776 1790 2834 1845 δὲ
2889 1786 2957 1860 ἦν
2988 1791 3062 1862 μὴ
3111 1790 3312 1855 λύπαις
3371 1790 3561 1844 ἔαυτόν
3593 1807 3718 1846 τινα

2145 1882 2435 1947 ἐκδιδόναι,
2463 1882 2554 1936 καὶ
2585 1879 2727 1935 οῦτω
2744 1881 3137 1950 δαπανώμενον
3164 1882 3427 1954 τήκεσθαι
3449 1882 3518 1935 τὰ
3542 1881 3721 1945 ἐντός.

2147 1977 2389 2030 Ἤκουσέ
2415 1993 2500 2039 τις
2530 1972 2686 2038 αὖθις
2723 1995 2743 2029 ι
2792 1975 3039 2048 μαχαίρᾳ
3068 1978 3178 2047 πῦρ
3214 1977 3287 2046 μὴ
3334 1977 3639 2044 σκαλεύειν,
3683 1976 3718 2049 ἦ

2149 2071 2224 2143 μὴ
2253 2069 2446 2124 λευκδν
2474 2071 2824 2141 οἰκοτραφεῖν
2841 2069 3161 2139 ἀλέκτορα.»
3189 2069 3262 2122 Τὸ
3283 2068 3339 2123 δὲ
3359 2065 3427 2140 ἦν
3459 2071 3595 2141 μήτε
3622 2070 3689 2125 Ou
3708 2102 3720 2112 -

2149 2162 2250 2233 μὲν
2280 2162 2469 2219 ζέοντα
2500 2161 2842 2216 ύπανάπτειν
2864 2160 3047 2229 λόγοις
3076 2159 3435 2230 ὲρεθιστικοϊς
3464 2162 3560 2215 καὶ
3580 2180 3729 2232 παρ-

2148 2255 2417 2321 οξύνουσι,
2462 2257 2557 2310 καὶ
2608 2253 2684 2316 ὡς
2715 2255 2888 2307 εἰπεῖν
2914 2255 3227 2325 τμητικοτς,
3262 2257 3396 2325 μήτε
3431 2254 3538 2325 μὴν
3587 2257 3733 2325 χρᾶ-

2148 2346 2269 2400 σθαι
2298 2345 2420 2400 κατ’
2449 2341 2599 2400 οἷκον
2627 2346 2921 2418 ύπουργοῖς
2946 2346 3304 2417 κεκράκταις,
3335 2347 3429 2401 καὶ
3457 2348 3517 2401 τὸ
3543 2350 3605 2401 ὲν
3627 2348 3738 2417 βά.-Δ

2147 2438 2231 2492 θει
2263 2437 2430 2507 μέλαν
2457 2437 2550 2490 καὶ
2580 2437 2951 2507 μυστηριῶδες
2964 2437 3397 2503 διαλευκαίνουσι
3422 2437 3737 2509 βούλευμα.

2147 2531 2256 2585 Καὶ
2276 2529 2492 2584 ἐποίουν
2514 2529 2711 2582 ἐκεῖνοι
2747 2529 2935 2598 ἄμφω.
2963 2529 3058 2583 καὶ
3076 2528 3197 2583 οὔτε
3219 2528 3287 2582 τὰ
3316 2528 3559 2597 σύμϐολα
3579 2547 3729 2601 παρ-

2147 2621 2419 2693 εωρῶντο,
2462 2621 2703 2690 ἐγίνοντο
2748 2620 2804 2674 δὲ
2836 2622 2932 2674 καὶ
2980 2621 3073 2675 τοῦ
3115 2621 3725 2692 συμϐολογραφήματος

2149 2714 2406 2781 μάλιστα.

2219 2805 2323 2873 ξγν.
2358 2805 2468 2859 Καὶ
2504 2805 2592 2859 ἵνα
2621 2804 2697 2877 μὴ
2726 2804 2894 2860 πολλὰ
2922 2807 3098 2862 εἰπεῖν
3144 2806 3222 2861 ἔτι
3244 2806 3382 2877 ἔχων
3410 2809 3744 2878 παρατείνει.

2147 2896 2243 2950 καὶ
2283 2896 2563 2950 ἀποκναίω
2594 2897 2722 2959 τοὺς
2778 2898 3077 2968 ἀκροατὰς,
3120 2898 3260 2952 οὕτω
3312 2899 3413 2966 μὲν
3464 2899 3595 2969 τρία
3654 2900 3730 2954 τὰ

2150 2988 2459 3059 συμϐολικά
2486 2990 2772 3060 τμήματα,
2806 2990 3179 3060 ἡκαταμόνας
3209 2990 3410 3061 ἀντοχὴ
3443 2991 3539 3046 τοῦ
3578 3009 3729 3062 συμ-

2148 3078 2327 3145 ϐόλου,
2360 3082 2536 3134 εἰπεῖν
2560 3079 2616 3133 δὲ
2647 3082 2842 3134 ταυτὸν
2913 3082 3254 3153 αἰνίγματος,
3310 3084 3343 3154 ἡ
3370 3082 3491 3136 καθ’
3524 3084 3735 3156 ἑαυτὴν

466 3171 544 3212 rae
579 3158 893 3228 symbolice
925 3163 1248 3227 assumptio,
1277 3171 1334 3217 et
1370 3164 1651 3218 amborum
1692 3164 1851 3219 simul
1893 3179 2045 3220 usus.

2154 3168 2353 3241 ἐκλογὴ
2407 3170 2466 3223 τὸ
2537 3171 3184 3242 συμϐολογραςρουμένου,
3232 3173 3328 3228 καὶ
3372 3175 3404 3243 ἡ
3447 3176 3731 3246 ἑκατέρων

368 3254 385 3263 “
466 3246 669 3304 Tertiae
717 3248 1002 3305 divisionis
1058 3260 1147 3306 est
1196 3252 1461 3308 Columna:
1517 3255 1871 3324 propositum.
1908 3254 2043 3311 Nam

464 3338 765 3409 symbolum
782 3341 1001 3412 quidem
1032 3344 1352 3400 elevatiouis
1387 3346 1811 3401 et'celsitudinis
1848 3348 2054 3403 inveni-

460 3435 578 3487 tur.
606 3428 798 3502 Stylita
834 3447 961 3488 vero
994 3436 1260 3490 ntutuavit
1289 3436 1529 3507 figuratae
1577 3440 2051 3507 contemplationis

470 3522 657 3587 Iidem,
685 3532 740 3578 et
771 3524 893 3580 loco
921 3541 1136 3595 semper
1164 3543 1379 3583 sursum
1412 3529 1539 3594 erit,
1567 3539 1622 3584 et
1649 3531 1888 3588 divinius
1911 3547 2051 3587 con-

465 3611 656 3668 abitur
682 3615 900 3669 tendere
922 3616 1082 3685 quasi
1115 3616 1167 3670 in
1185 3617 1382 3672 caelum
1409 3628 1466 3672 et
1498 3619 1550 3671 in
1578 3619 1840 3675 altissima
1861 3636 2050 3676 ascen-

468 3704 618 3758 dere.
656 3702 775 3761 Non
814 3719 947 3761 sane
994 3705 1159 3761 nimis
1205 3721 1264 3763 se
1303 3711 1562 3763 extendet
1607 3709 1660 3763 iu
1710 3709 2045 3765 altitudinem

467 3794 566 3863 qui
601 3809 706 3849 non
752 3797 927 3867 longis
970 3797 1277 3868 unguiculis
1330 3797 1517 3870 (parvi
1553 3801 1709 3868 pretii
1757 3802 1923 3871 illud)
1955 3802 2047 3856 sed

469 3886 562 3952 qui
583 3886 649 3940 ad
695 3888 892 3942 caelum
919 3889 1217 3944 ambitione
1264 3893 1660 3961 progrediatur,
1682 3894 1880 3949 exinde
1912 3893 2048 3948 nihil

462 3975 747 4031 aestimans
772 3991 867 4033 eos
888 3978 978 4049 qui
1012 3977 1154 4033 circa
1187 3979 1361 4050 ipsmn
1392 3989 1536 4035 sunt.
1571 3979 1626 4036 Si
1656 3982 1798 4036 enim
1832 3984 1972 4039 circa
1998 3993 2049 4040 te

466 4066 909 4134 conspiciendum
968 4076 1072 4134 est,
1131 4084 1239 4122 non
1296 4071 1565 4137 homines,
1616 4084 1649 4126 ο
1680 4071 1893 4137 dilecte,
1946 4085 2045 4128 nec

463 4156 718 4213 similiter
744 4159 854 4214 vita
878 4167 1113 4227 utentes,
1140 4177 1240 4216 nec
1265 4163 1502 4232 reliquos
1532 4163 1877 4230 consideres;
1909 4165 2046 4221 bene

467 4265 598 4305 vero
642 4265 707 4306 ea
755 4267 877 4320 qua:
920 4262 1050 4309 sunt
1097 4270 1259 4324 super
1305 4264 1527 4321 terram,
1555 4271 1677 4326 qua:
1731 4257 2043 4327 deseruisti,

461 4342 667 4411 quibus
691 4345 1019 4413 valedixisti,
1045 4361 1073 4400 a
1105 4347 1303 4416 quibus
1335 4348 1629 4405 recessisti.

2155 3257 2443 3328 σύλληψις.
2469 3258 2675 3313 Τούτου
2708 3259 2803 3313 τοῦ
2836 3261 3021 3331 τρίτου
3069 3259 3414 3332 διαιρέματος
3444 3265 3538 3316 καὶ
3569 3265 3601 3335 ἡ
3630 3263 3731 3318 τοῦ

2156 3366 2175 3400 ι
2209 3348 2404 3403 στύλου
2444 3366 2464 3402 s
2498 3351 2650 3403 ἐστὶν
2679 3349 2917 3406 ἐπίνοια.
2961 3351 3238 3423 Σύμϐολον
3297 3353 3396 3424 μὲν
3431 3354 3540 3423 γάρ
3591 3355 3731 3409 αύτδ

2151 3441 2471 3505 ἀνατάσεως
2537 3441 2772 3514 εὕρηται
2800 3446 2893 3497 καὶ
2953 3443 3123 3514 ὕψους
3145 3443 3314 3509 τινός.
3358 3445 3417 3501 '0
3454 3446 3512 3500 δὲ
3550 3465 3571 3498 ι
3605 3464 3737 3502 στυ-

2146 3532 2321 3602 λίτης,
2355 3550 2377 3585 s
2405 3532 2835 3603 ἀπομαξάμενος
2861 3534 2959 3606 τὴν
2989 3537 3088 3606 τῆς
3145 3536 3419 3606 εἰκονικῆς
3485 3536 3733 3609 θεωρίας

2152 3623 2464 3696 ἀκρίϐειαν,
2499 3626 2594 3679 καὶ
2650 3626 2727 3697 τῷ
2789 3627 2941 3699 τόπῳ
2989 3628 3100 3682 ἄνω
3159 3627 3247 3682 ἀεὶ
3292 3627 3463 3693 ἔσται,
3496 3629 3594 3683 καὶ
3650 3630 3732 3703 τῷ

2152 3716 2339 3788 τρόπῳ
2367 3716 2425 3770 δὲ
2473 3718 2957 3789 πραγματεύσεται
3019 3718 3292 3790 θειότερον
3348 3717 3737 3776 ἀνατείνεσθαι

2150 3807 2226 3870 ὡς
2264 3808 2344 3873 εἰς
2370 3809 2621 3879 οὐρανὸν,
2647 3815 2741 3864 καὶ
2787 3809 3057 3880 ύψοῦσθαι
3104 3810 3387 3879 ἀνωτάτω,
3441 3812 3539 3866 καὶ
3593 3815 3735 3866 ἀνα-

2154 3899 2361 3955 ϐαίνειν
2391 3902 2471 3965 εἰς
2495 3901 2597 3955 τὸνΔ
2620 3901 2880 3956 ἁπάντων
2910 3900 3264 3970 ὑπερέκεινα.
3296 3902 3368 3956 Ού
3408 3902 3519 3973 μὴν
3548 3901 3736 3968 ἄλλως

2153 3991 2348 4045 ἑαυτὸν
2402 3992 2822 4063 ύπερανατενεῖ,
2865 3994 2958 4046 καὶ
2993 3992 3251 4064 ύψίλοφος
3296 3991 3456 4058 εἶναι,
3504 3994 3602 4048 καὶ
3654 3995 3734 4066 μὴ

2153 4082 2245 4134 ἐπὶ
2270 4082 2475 4152 ὀνύχων
2501 4084 2685 4156 ἄκρων
2716 4084 2938 4154 (μικρὸν
2973 4085 3080 4156 γάρ
3114 4101 3167 4138 τι
3208 4084 3412 4152 τοῦτο),
3464 4084 3587 4137 ἀλλ’
3654 4085 3734 4149 ὡς

2154 4171 2248 4225 ἐπὶ
2318 4171 2548 4242 ούρανοῦ
2608 4173 2812 4245 βαίνειν
2853 4175 2932 4246 τῷ
2987 4174 3159 4246 τύφῳ,
3218 4174 3515 4229 κάντεῦθεν
3562 4175 3735 4247 μηδὲν

2155 4262 2413 4332 ἡγεῖσθαι
2449 4260 2573 4328 τοὺς
2602 4267 2724 4321 κατ’
2755 4267 2938 4322 αὐτόν.
2995 4267 3059 4321 Ei
3087 4267 3192 4337 γὰρ
3252 4267 3345 4321 καὶ
3396 4284 3736 4341 περιφρονη-

2153 4355 2300 4421 τέον,
2336 4356 2455 4411 ἀλλ’
2490 4358 2593 4412 ούκ
2645 4356 2990 4429 ἀνθρώπους,
3043 4354 3089 4413 ὦ
3138 4359 3360 4428 ἀδελφὲ,
3419 4359 3547 4413 οὒτε
3602 4361 3738 4424 τοὺς

460 4438 796 4508 δμοιοϐιους,
840 4441 963 4497 οὔτε
984 4445 1108 4508 τοὺς
1125 4442 1345 4508 λοιπούς
1366 4462 1383 4478 ο
1409 4462 1475 4499 πε
1485 4444 1833 4517 ριφρονητέον
1858 4446 1916 4501 δὲ
1934 4446 2004 4501 τὰ
2020 4451 2149 4519 περὶ
2169 4451 2294 4519 γῆν.
2319 4451 2460 4523 άπερ
2499 4453 2738 4524 ἀφῆκας,
2762 4449 2840 4518 οἷς
2867 4454 3011 4526 ἔχεις
3031 4454 3464 4526 ἀποταξάμενος,
3497 4449 3576 4510 ὧν
3591 4454 3741 4526 ἀφέ-

458 4548 693 4605 στηκας.

531 4627 625 4683 64.
657 4628 977 4684 Columnam
1010 4630 1065 4684 in
1101 4631 1206 4684 alta
1243 4631 1530 4687 ducentem
1567 4632 1763 4703 cogita,
1791 4636 1966 4707 cogita
1993 4645 2045 4693 et

2221 4635 2316 4702 ξδ’.
2345 4638 2455 4691 Καὶ
2494 4634 2730 4705 ἐνθυμοῦ
2761 4636 2861 4707 μὲν
2887 4637 2983 4691 καὶ
3014 4637 3105 4691 τδν
3138 4656 3158 4689 ι
3193 4636 3405 4702 στύλον,
3437 4653 3458 4689 ι
3489 4636 3570 4700 ὡς
3592 4630 3735 4706 ὑψοῦ

464 4717 675 4774 ferrum
732 4723 1118 4790 ponderosum.
1167 4724 1481 4795 Symbolum
1532 4725 1601 4779 sit
1641 4724 1770 4781 illud
1831 4727 1898 4783 de
1939 4742 2055 4783 co:-

461 4811 697 4868 lestibus
752 4815 1143 4883 meditationis,
1174 4827 1230 4871 et
1279 4817 1359 4873 sic
1410 4827 1464 4871 tu
1499 4819 1802 4886 meditare;
1836 4818 2056 4875 humili-

460 4904 593 4960 tatis
618 4919 751 4959 vero
784 4905 1029 4961 ferrum:
1064 4909 1144 4964 sic
1177 4909 1404 4979 teipsum
1440 4910 1691 4965 deorsum
1731 4910 1904 4977 mitte,
1939 4925 2045 4966 non

387 5018 395 5026 -
460 5005 522 5050 ut
554 4998 814 5053 vermium
863 5013 1015 5055 more
1042 5014 1206 5070 super
1252 5010 1456 5056 terram
1490 5002 1787 5057 secundum
1824 5014 2047 5057 carnem

460 5100 666 5158 reptes,
703 5105 770 5144 ne
805 5076 943 5148 forte
975 5092 1097 5162 quis
1128 5094 1323 5150 merito
1352 5093 1580 5151 irrideat
1608 5098 1753 5166 quod
1785 5094 2050 5165 magnetis

458 5179 636 5235 instar
658 5182 780 5236 vitae
799 5194 961 5249 opera
992 5192 1191 5240 asceta:
1215 5185 1417 5241 ferrum
1448 5186 1725 5242 attrabaot
1751 5186 1817 5240 ad
1842 5186 2044 5256 seipsa.

460 5270 690 5328 lllnstris
739 5275 989 5330 columna
1038 5277 1162 5343 ista,
1198 5293 1303 5333 non
1353 5279 1480 5348 quia
1517 5279 1730 5335 excelsa
1772 5284 1855 5334 est
1884 5277 2046 5349 (quid

458 5365 605 5419 enim
636 5380 887 5435 magnum
938 5378 1018 5423 est
1057 5371 1200 5439 quod
1235 5380 1426 5425 natura
1472 5386 1568 5427 sua
1601 5372 1802 5427 eminet
1822 5372 1891 5438 7),
1946 5370 2041 5425 sed

458 5454 588 5519 quia
648 5457 943 5512 secundum
989 5460 1370 5516 meditationes
1416 5461 1482 5516 de
1528 5461 1759 5517 excelsis
1820 5470 2038 5515 sursum

459 5542 603 5601 tollit
626 5556 680 5602 et
703 5549 848 5604 ducit
892 5551 957 5604 ad
983 5549 1166 5606 Deum.
1195 5552 1260 5606 Et
1287 5552 1506 5625 Egypti
1541 5553 1845 5625 pyramides
1876 5553 1927 5608 in
1959 5550 2045 5608 1ιί-

2160 4729 2463 4795 ὰνάγοντα·
2503 4724 2740 4796 ἐνθυμοῦ
2795 4725 2853 4780 δὲ
2905 4728 3000 4781 καὶ
3062 4727 3155 4781 τὸν
3192 4746 3211 4779 ι
3239 4728 3456 4798 σίδηρον
3501 4745 3521 4779 ι
3578 4728 3735 4782 κάτω

2159 4817 2481 4889 βαρύνοντα.
2517 4818 2724 4871 Ἐκεῖνο
2757 4816 3025 4888 σύμϐολον
3054 4818 3195 4873 ἔστω
3224 4818 3316 4872 τοῦ
3350 4820 3417 4871 τὰ
3444 4819 3557 4874 ἄνω
3593 4837 3738 4891 φρο-

2154 4912 2303 4965 νεῖν’
2363 4910 2460 4965 καὶ
2502 4910 2692 4980 φρόνει
2735 4910 2901 4965 οὕτω.
2972 4912 3035 4964 '0
3089 4912 3144 4965 δὲ
3190 4911 3410 4983 σίδηρος
3456 4911 3747 4965 ταπεινώ-

2154 5020 2293 5067 σεως
2318 5016 2333 5033 °
2370 5003 2467 5058 καὶ
2489 5002 2650 5074 βάλλε
2674 5002 2902 5056 σεαυτὸν
2931 5002 3074 5056 οὕτω
3102 5002 3275 5067 κάτω,
3308 5003 3408 5073 οὐχ
3451 5001 3597 5055 ὥστε
3656 5000 3734 5075 μὴ

2149 5095 2279 5165 περὶ
2325 5094 2431 5166 γῆν
2471 5094 2799 5148 ίλυσπᾶσθαι
2837 5096 2950 5158 τοῖς
3009 5094 3159 5149 κατὰ
3214 5094 3395 5164 σάρκα
3456 5095 3731 5164 νοήμασι,

2153 5188 2227 5257 μή
2254 5187 2385 5239 ποτέ
2434 5203 2516 5249 τις
2556 5185 2654 5240 οὐκ
2679 5184 2871 5255 ἀφυῶς
2906 5185 3223 5258 ὲπισκώψῃ,
3248 5185 3323 5249 ὡς
3355 5184 3463 5256 ἄρα
3507 5185 3734 5257 μαγνή-

2147 5278 2483 5350 τιδος’δίκην
2513 5278 2581 5334 τὰ
2609 5279 2750 5332 κατὰ
2802 5278 2918 5349 βίον
2946 5276 3256 5349 πράγματα
3282 5278 3375 5330 τὸν
3421 5277 3730 5345 ἀσκητικὸν

2149 5369 2367 5439 σίδηρον
2403 5371 2707 5424 ἐπισπᾶται
2746 5370 2881 5439 πρὸς
2896 5368 3087 5422 ἑαυτά.
3123 5369 3391 5439 Λαμπρόν
3418 5383 3469 5421 τι
3488 5369 3731 5439 πρᾶγμα

2149 5465 2176 5514 ό
2217 5480 2238 5512 ι
2294 5461 2486 5525 στύλος
2553 5457 2775 5525 iob-reg,
2837 5463 2936 5532 οὐχ
2997 5461 3187 5531 ὅτιπερ
3233 5460 3435 5532 ὑψηλὸς
3490 5460 3572 5529 (τί
3616 5460 3735 5532 γὰρ

2155 5552 2319 5622 μέγα.
2374 5552 2404 5606 δ
2453 5553 2547 5606 καὶ
2619 5552 2920 5623 προϐλῆτες
2972 5546 3291 5623 εὐτυχοῦσιν
3366 5551 3656 5618 αὐτοφυῶς

456 5638 629 5692 storia
658 5638 877 5696 famosa:
914 5643 1122 5713 magnis
1158 5645 1413 5714 impensis
1435 5654 1489 5701 et
1526 5646 1697 5717 longis
1740 5645 1947 5701 umbris
1976 5645 2044 5701 ob

2152 5643 2265 5697 ἀλλ’
2294 5644 2376 5697 ὅτι
2424 5644 2568 5698 κατά
2616 5647 2717 5706 τὰς
2748 5646 3009 5717 ἀνωτέρω
3043 5646 3278 5717 θεωρίας
3332 5644 3595 5715 ύψοποιδς
3632 5647 3732 5698 καὶ

456 5727 833 5800 altitudinem;
868 5740 925 5788 et
949 5734 1090 5805 apud
1122 5734 1355 5791 Cnidum
1391 5735 1598 5791 Eudoxi
1635 5737 1875 5806 specula,
1903 5736 2045 5792 unde

2152 5736 2437 5804 ἀναγω·;δς
2469 5739 2551 5797 είς
2610 5737 2897 5790 Θεόν.Καί
2949 5738 3257 5808 πυραμίδες
3309 5738 3409 5808 μὲν
3468 5738 3528 5789 αἱ
3582 5735 3729 5804 περὶ

461 5833 613 5877 astra
647 5824 1007 5892 observabat;
1052 5834 1106 5882 et
1156 5827 1444 5897 Babylonis
1498 5829 1730 5898 pensiles
1788 5826 2036 5894 borti,ct

2156 5828 2448 5897 Αἴγυπτον.
2489 5829 2543 5882 αἱ
2575 5830 2715 5883 κατὰ
2746 5827 2843 5898 τὴν
2889 5828 3148 5895 ἱστορίαν,
3208 5829 3301 5882 καὶ
3351 5826 3729 5881 πολυδάπανοι
