3908 6584
141 413 226 479 εδει
1197 424 1200 426 τ
1261 411 1361 472 Al)
1393 410 1771 474 STYLITAM
1811 415 2214 487 QUEMDAM.
3268 420 3380 483 254

145 529 220 581 καὶ
249 524 587 595 μακρόσκιοι,
625 524 709 577 ὅτι
759 525 856 576 καὶ
893 523 1276 595 περιμήκετοι,
1330 527 1424 579 xui.
1474 529 1507 597 ἡ
1543 532 1682 582 κατὰ

1836 551 1842 584 ι
1876 530 2065 584 Rhodo
2097 529 2266 582 multo
2289 543 2398 584 tere
2419 538 2568 583 stans
2594 544 2764 584 vanus
2793 528 3058 594 colossus,
3086 540 3140 584 et
3169 531 3211 587 si
3241 534 3379 601 quid-

146 621 308 675 Κνίδον
337 617 560 683 Εὐδόξου
588 618 815 682 σκοπια,
845 617 967 670 ὅθεν
1023 619 1229 681 ἐκεῖνος
1279 619 1575 672 ἐσκέπτετο
1604 621 1674 673 τὰ

1830 620 2090 673 »θοιοουίο
2122 619 2341 687 dignum
2395 619 2666 674 habebant
2716 619 2955 686 antiqui;
3000 633 3056 676 ut
3100 621 3248 675 aiunt
3273 637 3373 675 an-

150 713 358 784 οὐράνια,
388 712 481 762 καὶ
511 709 828 778 κρεμαστὸς
859 712 1034 780 κῆπος
1067 713 1096 762 6
1159 709 1523 777 Βασυλώνιος,
1583 702 1686 766 καῖ

1828 728 1909 774 ιηι,
1949 711 2129 764 stultis
2159 711 2424 780 prodigia.
2453 711 2618 766 Nobis
2671 726 2798 766 vero
2855 715 3148 766 secundum
3202 713 3371 767 Deum

150 810 174 873 ἡ
203 808 251 856 ἐν
284 802 441 870 Ῥόδῳ
474 801 769 871 ὑνῷιὸἀμων
797 801 894 854 τοῦ
945 801 1144 854 πολλοῦ
1177 803 1379 872 χαλκοῦ
1416 805 1679 875 φλυαρία,

1824 808 2152 874 agitantibus
2184 819 2235 861 et
2271 809 2457 862 talium
2511 823 2678 876 pauca
2730 808 2910 860 animo
2941 807 3367 871 revnlveutibus,

150 897 228 949 ui
254 896 301 947 εἰ
339 911 387 945 τι
413 893 626 946 τοιοῦτο
683 893 811 956 θέας
872 894 1044 958 ἄξιον,
1105 894 1264 962 λόγον
1303 896 1473 948 πολὺν
1537 891 1684 965 εἶχον

1827 899 2092 972 rodigittm
2136 914 2392 964 magnum
2428 908 2731 967 praeruptus
2770 899 3036 952 columna;
3068 913 3228 966 apex,
3262 913 3365 951 non

149 986 289 1039 παλαι
317 984 476 1036 ποτέο
506 981 649 1054 ἦσαν
673 984 750 1046 δὲ,
782 987 810 1038 ὅ
839 1003 993 1053 φασι,
1028 985 1214 1057 θαῦμα
1263 989 1486 1057 μωροῖς.
1521 987 1685 1056 Ἡμῖν

1838 989 1916 1041 uia
1951 990 2140 1058 longus
2169 988 2498 1060 fastigiatur,
2538 991 2631 1043 sed
2687 990 2812 1058 quia
2864 1004 3084 1059 gravem
3117 1000 3170 1042 et
3201 998 3370 1042 terre—

148 1080 193 1132 δὲ
219 1080 319 1139 τοῖς
350 1076 488 1128 κατὰ
513 1075 648 1128 θεὸν
681 1077 965 1144 φρονοῦσι,
1023 1079 1117 1130 xui
1166 1078 1326 1146 ὀλίγα
1367 1079 1478 1131 τῶν
1507 1079 1686 1131 τοιού·

1833 1096 1960 1132 'rem
1990 1082 2186 1136 allevat
2213 1093 2267 1136 et
2311 1082 2376 1136 ad
2425 1082 2590 1136 Deum
2647 1082 2818 1150 ipsum
2872 1081 3088 1135 adducit
3115 1091 3369 1151 tanquam

153 1185 247 1222 των
297 1167 804 1238 ιπιστρεφομένοις,
863 1168 1047 1237 θαῦμα
1097 1169 1258 1222 τοῦτο
1313 1170 1458 1240 μέγα
1521 1171 1549 1224 6
1595 1169 1690 1222 τοῦ

784 1190 804 1234 π,
863 1168 1047 1237 θαῦμα
1097 1169 1258 1222 τοῦτο
1313 1170 1458 1240 μέγα
1521 1171 1549 1224 ὁ
1595 1169 1690 1222 τοῦ
1806 1172 2047 1226 caeleStis
2078 1173 2327 1227 clevatio.

155 1281 172 1314 ι
206 1261 378 1313 στῦλου
416 1278 437 1313 ι
478 1260 775 1331 ὑψίκρανος
802 1262 986 1329 λόφος,
1022 1263 1122 1332 οὐχ
1154 1263 1236 1316 ὃτι
1293 1263 1506 1335 μακρὸς
1559 1263 1946 1331 ἐξανέστηκεν,
1975 1264 2090 1320 ἀλλ’
2149 1268 2232 1320 ὃτι
2291 1266 2383 1319 τὸν
2457 1267 2611 1321 κάτω
2653 1267 2943 1338 βεϐριθότα
3020 1269 3116 1322 xui.
3183 1270 3372 1338 γήϊνον

151 1353 388 1420 κουφίζει,
428 1353 526 1405 xui
564 1353 759 1421 ἀνάγει
813 1354 950 1423 πρὸς
977 1355 1142 1408 αὐτὸν
1171 1355 1330 1420 Θεὸν,
1382 1355 1458 1418 ὡς
1487 1350 1576 1409 οἷά
1627 1373 1680 1407 τι
1721 1357 1977 1425 οὐράνιον
2001 1355 2238 1426 ἔξαρμα.

88 1523 93 1527 _
205 1449 284 1515 ξε’.
309 1450 428 1519 Χρὴ
448 1449 634 1501 τοίνυν
661 1448 754 1502 τδν
813 1450 1057 1520 ἁσκητὴν
1111 1452 1431 1504 ἀντιδιδόναι
1488 1469 1540 1504 τι
1593 1469 1626 1503 κ

1866 1452 1957 1506 65.
1992 1453 2180 1520 Itaque
2207 1463 2445 1508 ascetam
2491 1467 2700 1524 oportet
2733 1458 2936 1525 aliquid
2977 1459 3068 1511 tali
3100 1459 3369 1512 columnae

149 1542 282 1594 αὑτὸν
307 1542 380 1609 τῷ
418 1541 648 1612 τοιούτῳ
679 1560 698 1592 ι
738 1541 934 1611 στόλῳ,
1003 1561 1022 1594 ι
1068 1543 1156 1596 ἵνα
1201 1543 1479 1598 κάνταῦθα
1529 1547 1686 1615 χάρις

1822 1545 2115 1610 etribuere,
2142 1556 2198 1599 ut
2222 1547 2394 1615 gratia
2418 1550 2643 1617 gratiam
2669 1552 2846 1620 pariat
2872 1560 2926 1617 et
2946 1551 3086 1604 sicut
3111 1551 3365 1604 columna

147 1636 278 1701 χᾶριν
308 1634 609 1704 ἁπογεννᾷ,
637 1636 730 1686 καὶ
754 1634 944 1705 ὥσπερ
964 1637 992 1688 ὁ
1030 1654 1047 1686 ι
1117 1636 1311 1700 στύλος
1345 1656 1362 1688 ι
1416 1638 1684 1706 ἀναφέρει

1823 1635 1942 1689 llum
1992 1637 2044 1688 in
2073 1637 2241 1690 altum
2283 1637 2463 1692 evehit
2493 1650 2548 1694 et
2596 1642 2662 1692 ad
2723 1642 3120 1695 venerationem
3173 1641 3366 1702 elevat.

146 1725 305 1777 τοῦτον
359 1725 498 1792 ὑψοῦ
543 1727 642 1779 xui.
705 1727 917 1798 ἐξαίρει
967 1728 1101 1797 πρὸς
1147 1729 1460 1798 τιμιότητα,
1509 1728 1685 1791 οὕτως

1825 1728 1868 1780 ic
1896 1727 2152 1782 vicissim
2185 1729 2500 1797 praecellens
2531 1733 2598 1787 ab
2647 1731 2762 1796 ipso
2809 1733 3057 1785 columna
3108 1733 3368 1784 reddatur

144 1816 487 1886 ἁιεθυᾲοῦσθαι
523 1815 680 1882 αὖθις
715 1819 809 1872 τὸν
872 1837 892 1869 ι
933 1821 1122 1874 στύλον
1173 1839 1190 1870 ι
1227 1821 1319 1873 ὑπ’
1354 1820 1542 1888 αὐτοῦ,
1605 1827 1681 1884 ὡς

1820 1819 2248 1872 emuuerationis
2279 1819 2420 1873 loco.
2475 1819 2628 1885 Quod
2668 1820 2790 1883 erit,
2823 1824 2865 1874 si
2912 1821 3066 1875 bonis
3098 1823 3363 1874 celebrem

144 1906 235 1960 οἷον
255 1909 626 1972 ἀντιδοτικῶς.
654 1908 728 1962 Τὸ
757 1911 814 1964 δὲ
846 1911 1022 1975 ἔσται,
1051 1912 1144 1964 ἐὰν
1176 1912 1266 1966 ἐπ’
1314 1913 1542 1980 ἀγαθοῖς
1569 1915 1681 1965 ἀοί-

1823 1923 1966 1962 ιουιη
2032 1921 2213 1964 aseeta
2270 1910 2400 1965 facit
2452 1912 2705 1965 continua
2752 1913 2916 1977 serie,
2968 1924 3027 1964 ut
3082 1911 3196 1981 pari
3249 1911 3366 1964 zelo

143 2003 272 2070 ἔιμον
296 2002 385 2055 τδν
421 2004 589 2056 τόπον
616 2004 645 2056 6
678 2004 922 2074 ἀσκητὴς
983 2005 1207 2072 ποιῆται
1233 2007 1352 2068 ταῖς
1387 2006 1680 2076 διαδοχαῖς,

1821 2011 1836 2053 t
1875 2009 1996 2070 post
2043 2001 2215 2070 ipsum
2271 2004 2406 2057 alter
2455 2002 2671 2065 similis,
2715 2013 2767 2056 et
2809 2003 3003 2055 iterum
3057 2011 3178 2070 post
3220 2000 3364 2054 hunc

145 2097 214 2147 Iv:
236 2095 308 2164 τῷ
341 2095 440 2165 ῑσφ
476 2095 625 2165 ζήλῳ
657 2099 752 2150 xui.
779 2096 896 2164 μετ’
923 2096 1086 2149 αὑτὸν
1105 2095 1297 2168 ἔτερος
1327 2097 1536 2165 ὅμοιος,
1585 2100 1684 2152 xui

1819 2096 1980 2146 artius
2008 2093 2170 2158 alius,
2206 2103 2260 2146 et
2299 2093 2378 2146 sic
2429 2103 2690 2161 perpetuo
2745 2094 2810 2145 ad
2846 2093 3153 2147 columnam
3205 2092 3362 2145 istam

144 2185 272 2250 αὖθις
305 2189 420 2258 μετ’
451 2189 662 2240 ἐκεῖνον
705 2186 971 2253 τοιοῦτος,
998 2189 1095 2241 xui
1136 2189 1296 2242 τοῦτο
1343 2189 1523 2242 εἰσαεὶ
1587 2188 1682 2242 τὸν

1822 2181 2101 2235 sveudant.
2159 2180 2295 2246 Quid
2353 2196 2480 2251 ergo
2517 2183 2746 2249 loquor?
2803 2182 2924 2235 Fias
2955 2185 3094 2236 alter
3133 2181 3296 2241 Elius.
3331 2195 3365 2235 ο

147 2298 167 2334 σ
185 2281 352 2333 στύλον
375 2298 394 2331 ι
415 2279 604 2334 τοῦτον
620 2279 1041 2334 ὲπαναὸαίνωσι.
1059 2281 1125 2333 Τί
1143 2281 1322 2334 τοίνυν
1337 2281 1430 2334 xui.
1449 2281 1684 2334 ἐνταῦθα

1822 2274 1995 2343 Iylita,
2019 2283 2072 2326 et
2096 2273 2384 2344 aliquando
2426 2274 2747 2342 discipulum
2789 2289 3094 2336 assumens,
3119 2289 3226 2327 non
3255 2270 3365 2325 dis-

145 2373 262 2440 ᾳημί
285 2392 297 2437 ;
323 2371 484 2426 Γενοῦ
523 2373 704 2426 Ἦλιοῦ
731 2375 934 2443 τρόπον
963 2375 1106 2438 τινὰ,
1136 2369 1182 2427 ὧ
1216 2393 1234 2426 ι
1268 2375 1510 2438 στυλῖτα,
1539 2393 1559 2428 ι
1590 2377 1684 2429 xui

1818 2364 2015 2418 imilcm
2037 2365 2087 2418 in
2113 2365 2446 2419 mirabilibus
2472 2366 2702 2429 dimitte,
2724 2375 2782 2417 ut
2799 2372 2987 2419 eadem
3010 2365 3094 2418 via
3113 2364 3177 2416 ad
3204 2363 3361 2416 finem

147 2465 637 2535 ἁναλαμϐανόμενός
668 2485 798 2521 ποτε
856 2467 992 2536 ἄφες
1029 2469 1280 2537 μαθητὴν
1309 2469 1462 2522 οὐδὲν
1497 2469 1656 2522 ἁπεοι

1822 2464 2044 2510 ecurrat
2072 2467 2127 2510 et
2169 2458 2292 2510 οωιὶ
2339 2458 2612 2526 particeps
2652 2457 2816 2511 simili
2851 2459 3011 2511 modo
3041 2455 3364 2509 mirabiliter

151 2555 259 2609 κόξα
285 2559 359 2617 εἰς
387 2557 448 2609 τὸ
491 2557 815 2627 θαυμάσιον,
861 2558 947 2612 ῖνα
992 2559 1086 2612 xui
1141 2561 1351 2623 ἐκεῖνος
1395 2559 1488 2612 τὸν
1522 2560 1682 2612 αὐτὸν

1818 2557 2048 2611 ranseat,
2097 2557 2152 2601 et
2202 2549 2282 2603 sic
2327 2549 2585 2603 emissum
2628 2550 2701 2602 sit
2737 2549 3019 2618 pulchrum
3052 2548 3180 2602 illud
3233 2564 3361 2618 per-

148 2651 315 2712 ὶὶάσας
331 2650 549 2720 δρόμον,
577 2651 670 2705 καὶ
698 2649 794 2704 τοῦ
822 2647 1048 2720 οὐρανοῦ
1074 2651 1385 2722 γενόμενος,
1415 2653 1482 2705 τὰ
1503 2653 1668 2720 ὅμοια

1814 2654 2064 2703 everans,
2090 2640 2230 2708 quod
2251 2649 2410 2694 antea
2444 2655 2694 2694 sermone
2725 2639 2937 2709 egregie
2960 2639 3357 2709 proclamatum

149 2741 604 2811 Ouupuordicqsut,
642 2744 735 2796 xui
774 2743 951 2807 οὕτως
981 2746 1188 2798 ὲσεῖται
1241 2745 1303 2797 τὸ
1337 2745 1504 2798 καλὸν
1530 2746 1681 2798 τουτὶ

1817 2738 1887 2783 st.
1924 2729 2039 2783 Non
2089 2733 2235 2784 enim
2265 2722 2603 2786 'dubitamus
2655 2734 2706 2784 in
2742 2733 2924 2786 multis
2974 2734 3357 2801 cogitationum

151 2837 520 2906 παραμόνιμον,
589 2835 619 2888 6
661 2836 726 2907 δὴ
783 2837 878 2890 xui
929 2837 1120 2890 ἁνόπιν
1165 2837 1243 2906 τῷ
1294 2838 1440 2908 λόγῳ
1507 2841 1682 2891 εἰπεῖν

1824 2833 1993 2873 resses
2023 2820 2221 2874 iterum
2277 2835 2588 2890 peragrare,
2623 2821 2675 2873 in
2718 2821 2915 2889 quibus
2960 2823 3362 2890 germinaturos

151 2927 500 2997 εὖηρέστηται.
559 2929 695 2982 Οὐδὲ
754 2930 863 3000 γὰρ
919 2929 1190 2999 ὀκνοῦμεν
1246 2931 1304 2983 ὲν
1364 2930 1580 2994 πολλοῖς
1612 2931 1682 2983 τὰ

1818 2923 1902 2964 sse
1927 2910 2138 2966 fructus
2167 2912 2332 2981 spicis
2359 2912 2694 2966 abundantes
2712 2923 2768 2966 et
2788 2912 3071 2966 animabus
3089 2912 3361 2982 iucundos

150 3017 234 3068 τῶν
301 3019 515 3072 ἐννοιῶν
574 3021 973 3085 ἀναπολοῦντες
1032 3023 1181 3093 λήῖα,
1261 3021 1392 3076 ἔνθα
1467 3023 1680 3093 καρπὸν
1785 3015 1937 3060 ceno
1967 3007 2368 3062 θοηιθηάίιηῑλεο

154 3107 434 3180 βλαστήσειν
498 3110 922 3182 φιλονεικοῦμεν
989 3109 1258 3182 εῦσταχυν
1319 3112 1415 3165 καὶ
1478 3112 1681 3181 ψυχαῖς

149 3198 354 3269 εὔχαριν.

211 3263 302 3357 ἐξ.
340 3295 480 3348 Ἀλλ’
509 3295 657 3350 οὕτω
711 3296 812 3367 μιν
861 3288 1262 3368 ἐσεμνολογήθη
1296 3299 1322 3351 6
1364 3296 1548 3360 ἁπλῶς
1586 3297 1677 3349 xui
1703 3263 1750 3322 α

1851 3287 1941 3342 66.
1968 3286 2073 3342 Sed
2123 3290 2200 3344 sic
2249 3290 2465 3359 quidem
2516 3292 2918 3346 venerationem
2961 3295 3358 3352 commendavit

149 3383 195 3433 ἐν
219 3384 284 3453 τῷ
310 3387 534 3440 καθόλου
568 3389 856 3458 νοούμενος
891 3408 910 3440 ι
951 3389 1149 3460 στύλῳ,
1190 3407 1208 3440 ι
1242 3390 1303 3441 τό
1344 3405 1406 3456 γε
1442 3391 1521 3451 είς
1546 3390 1680 3459 ἡμε-

1821 3382 1868 3431 ιιί
1903 3380 2222 3446 simpliciter
2259 3392 2311 3433 et
2343 3383 2652 3436 summatim
2704 3383 2756 3435 itt
2786 3383 3038 3438 columna
3083 3389 3355 3457 excogita-

147 3475 283 3542 τέραν
311 3473 441 3548 ἧκον
463 3480 697 3547 δύναμιν
718 3496 733 3512 ο
766 3483 796 3533 6
843 3481 899 3534 δὲ
930 3482 1261 3552 βλεπόμενος
1289 3477 1464 3545 οὗτος,
1498 3482 1526 3533 6
1555 3482 1677 3534 καθ’

1812 3489 1866 3525 us
1893 3484 1973 3526 est
2014 3484 2400 3538 serum,utpro
2428 3475 2631 3530 viribus
2675 3477 2880 3532 nostris
2911 3477 3161 3533 fecimus:
3192 3493 3355 3548 quam

149 3565 291 3630 ἡμᾶς.
324 3568 430 3639 ἔχει
470 3587 522 3623 τι
557 3573 652 3625 xui
707 3573 869 3626 πλέον
929 3573 1315 3643 σεμνύνασθαι,
1384 3573 1678 3626 κάντεῦθεν

1816 3581 1908 3620 ero
1937 3566 2076 3637 apud
2121 3581 2219 3620 nos
2269 3567 2500 3621 vidimus
2547 3569 2632 3622 illa
2672 3571 2902 3640 amplius
2929 3573 3057 3641 quid
3085 3573 3244 3627 habet
3263 3588 3356 3627 ve-

155 3659 422 3725 παρακαλιῖ
468 3663 567 3714 xui
618 3663 792 3727 ἄλλως
827 3665 906 3727 είς
935 3665 1123 3733 ἀγῶνα
1153 3665 1324 3734 μείζω
1353 3665 1443 3717 τὸν
1464 3665 1553 3718 ἐπ’
1585 3666 1680 3717 αἰ-

1811 3659 2038 3723 γεῖθιὶὶίθ,
2098 3667 2153 3712 et
2201 3657 2399 3711 exinde
2461 3659 2526 3712 ad
2585 3659 2842 3728 majorem
2903 3677 3130 3732 agonem
3189 3677 3354 3733 supra

155 3747 231 3800 mi
256 3751 508 3822 ἀσκητήν.
544 3755 618 3806 Οὐ
651 3755 757 3827 γὰρ
787 3756 1026 3810 τέθειταί
1053 3773 1154 3810 που
1184 3757 1557 3827 παράϐυστός,
1583 3758 1679 3810 xui.

1813 3757 2013 3803 tantem
2076 3759 2312 3803 ascetam
2368 3751 2583 3804 invitat.
2649 3749 2764 3805 Non
2825 3755 2968 3807 enim
3019 3755 3214 3809 alicubi
3271 3771 3356 3810 reo

157 3833 245 3902 οἷος
273 3842 303 3911 ἢ
331 3844 664 3911 ἀγνοεῖσθαι,
691 3847 724 3916 ἢ
753 3847 889 3900 ἀλλὰ
918 3849 1118 3917 ὀλίγοις
1152 3850 1311 3920 ἥκειν
1344 3853 1422 3912 εἰς
1452 3850 1675 3918 γνῶσιν.

1815 3843 2027 3894 auditur
2083 3851 2141 3894 ut
2191 3849 2284 3896 aut
2329 3843 2606 3913 ignoretur
2655 3852 2749 3898 aut
2797 3847 2983 3913 paucis
3049 3847 3357 3902 innotescat

157 3930 371 3986 Πόλειδὲ
425 3937 655 4010 τοιαύτῃ
707 3940 955 4009 ἀμφαδὸν
1010 3941 1438 4012 παραπὲπηγεν,
1500 3943 1580 4005 εἰς
1612 3941 1680 4012 ἦν

1808 3921 1920 3987 inte
1975 3935 2161 3988 urbem
2215 3934 2353 3988 hanc
2403 3936 2676 4004 propalam
2717 3937 2892 3990 locata
2937 3947 3021 3992 est
3070 3939 3138 3994 ad
3187 3954 3351 4006 quam

157 4021 255 4091 δίχα
283 4043 339 4092 γε
379 4028 488 4081 τῶν
515 4031 779 4100 γνησίων,
811 4033 905 4085 xui
934 4028 1018 4094 οἷς
1047 4034 1107 4084 τὸ
1155 4033 1438 4101 αὐθιγενὲς
1474 4033 1678 4102 ἀγαθὸν

1814 4026 2070 4092 rparatim
2103 4040 2130 4077 a
2179 4026 2513 4100 vulgaribus,
2543 4035 2596 4081 et
2624 4027 2825 4095 quibus
2853 4029 3121 4096 peculiare
3149 4030 3357 4084 bonum

161 4116 408 4188 ὲλλάμπει,
461 4124 558 4174 xui
601 4123 652 4174 οί
703 4124 1040 4193 πανταχόθεν
1089 4125 1532 4194 παραϐάλλουσιν
1590 4127 1681 4178 ἄν·

1815 4117 2019 4187 t'l‘ulget,
2064 4127 2118 4170 et
2155 4120 2514 4187 nndequaque
2556 4119 2849 4172 adventant
2873 4119 3142 4174 homines.
3173 4120 3236 4174 Et
3264 4120 3357 4175 hic

162 4206 354 4277 θρωποι.
388 4214 493 4265 Καὶ
519 4215 626 4284 χρὴ
656 4215 748 4267 τὸν
787 4215 1033 4285 ἀσκητὴν
1062 4215 1152 4268 τὸν
1193 4216 1427 4280 ἐνταῦθα
1477 4219 1677 4289 (ὀλίγου

1812 4220 2030 4263 ιεοειιιιιι
2066 4218 2281 4278 oportet
2318 4209 2580 4280 (parvum
2615 4212 2766 4264 abest
2823 4211 2951 4280 quin
2991 4212 3206 4282 dicam)
3233 4215 3355 4265 uni-

160 4297 439 4373 δέωείπεῖν)
471 4307 821 4376 παγκόσμιον
857 4310 1266 4378 ἀναπεφηνέναι
1323 4310 1506 4364 καλόν.
1545 4311 1682 4382 Συρ-

1815 4301 2067 4356 ersaliter
2088 4301 2366 4370 pulchrum
2392 4316 2672 4371 apparere.
2702 4301 2780 4354 Ad
2802 4302 2941 4357 hanc
2962 4304 3236 4373 regionem
3267 4303 3353 4358 af-

165 4394 342 4458 ιίίουιςιν
368 4399 560 4467 ἄνδρες
591 4399 826 4451 ἐνταῦθα
857 4399 985 4468 γῆς,
1021 4402 1084 4453 οὐ
1148 4402 1309 4470 μόνον
1367 4405 1560 4469 γένους
1616 4400 1676 4456 εὖ

1822 4405 1951 4448 uunt
1980 4395 2060 4448 vir
2083 4397 2208 4449 inon
2233 4396 2405 4448 solum
2443 4395 2637 4448 nobilis
2661 4396 2898 4463 generis,
2923 4397 3017 4449 sed
3049 4404 3103 4448 et
3130 4394 3360 4450 alterius

160 4483 356 4553 ίχοντες,
385 4489 519 4542 ἀλλὰ
549 4490 641 4542 xui
673 4489 905 4560 θατέρου
946 4492 1167 4560 μέρους,
1193 4493 1287 4546 xui
1318 4493 1377 4545 οῦ
1413 4494 1573 4563 μόνον
1588 4495 1679 4546 λό-

1815 4486 2133 4550 auditionis,
2160 4501 2260 4540 nec
2287 4486 2458 4540 solum
2483 4487 2698 4556 egregie
2725 4485 2894 4548 docti,
2923 4485 3015 4540 sed
3054 4495 3108 4540 et
3133 4485 3354 4553 reliquae

158 4592 261 4642 γιοι,
290 4580 416 4633 ἀλλὰ
447 4582 541 4634 xui
568 4582 661 4634 τοῦ
697 4581 887 4635 λοιποῦ
916 4583 1055 4653 βίου,
1103 4584 1198 4637 xui
1227 4584 1286 4636 οῦ
1324 4584 1484 4652 μόνον
1517 4602 1671 4638 συνε-

1819 4579 1904 4632 ita:
1923 4596 1938 4644 ;
1959 4593 2056 4632 nec
2085 4576 2253 4633 solum
2278 4579 2586 4647 prudentes,
2607 4577 2698 4630 sed
2719 4584 2774 4629 et
2798 4575 2928 4646 lapsi
2951 4593 2966 4642 ;
2991 4586 3048 4630 ut
3071 4576 3252 4630 omnia
3273 4575 3354 4628 di-

156 4671 241 4731 τοὶ,
277 4673 406 4726 ἀλλὰ
458 4675 553 4727 καὶ
596 4675 870 4728 ἀνάπαλιν
922 4676 1231 4738 πίπτοντες.
1272 4678 1383 4730 Kui.
1451 4678 1511 4730 τὸ
1557 4677 1677 4730 ὅλον

1811 4686 1897 4725 am
1921 4686 1986 4726 ex
2017 4671 2163 4725 omni
2187 4684 2384 4741 genere
2413 4679 2468 4725 et
2493 4670 2614 4725 loco
2643 4669 2911 4724 homines.
2943 4669 3147 4736 Quibus
3166 4676 3353 4720 osten-

157 4761 318 4826 εἰπεῖν,
356 4765 510 4832 γένος
543 4767 689 4820 ᾶπαν
720 4768 814 4820 xui
842 4768 1185 4837 πανταχόθεν
1211 4767 1516 4838 ἄνθρωποι.
1539 4771 1677 4822 Τού-

1817 4775 1939 4820 etur
1985 4764 2167 4835 stylita
2218 4764 2308 4818 ille
2354 4773 2514 4832 prout
2547 4777 2682 4833 opus
2730 4762 2857 4828 erit,
2887 4776 2993 4815 uno
3040 4760 3227 4823 verbo,
3253 4774 3356 4828 pro

155 4866 248 4915 τοις
285 4857 772 4928 προσενεχθήσεται
811 4860 839 4910 6
901 4876 919 4908 ι
956 4857 1208 4928 στυλίτης
1248 4878 1266 4912 ι
1325 4855 1501 4923 οὗτος,
1537 4860 1680 4913 καθὰ

1811 4871 1930 4910 nore
1960 4857 2276 4926 apostolico.
2311 4853 2440 4910 Nam
2470 4855 2722 4910 omnibus
2748 4855 2928 4908 omnia
2962 4853 3051 4906 ﬁet
3077 4862 3136 4905 ut
3161 4865 3354 4906 omnes

156 4943 233 4993 καὶ
255 4945 434 5013 χρεὼν,
468 4951 561 5000 καὶ
587 4948 646 5000 τὸ
678 4950 786 5002 πᾶν
821 4949 1013 5018 φάναι,
1048 4949 1444 5014 ἀποστολικῶς.
1467 4952 1678 5006 Ἀπασι

1808 4949 1848 5001 (Ι
1919 4948 2010 5002 Dei
2069 4949 2294 5017 gloriam
2353 4948 2627 5012 lucretur;
2691 4961 2795 4999 non
2846 4945 2962 4998 sine
3024 4943 3351 4996 necessitate

156 5033 243 5102 γὰρ
261 5040 320 5088 τὰ
350 5041 522 5092 πάντα
550 5042 867 5110 γενήσεται,
901 5041 988 5094 ἵνα
1007 5042 1247 5114 κερδήσῃ
1272 5043 1397 5103 τοῦς
1431 5046 1679 5108 ἅπαντας

1807 5040 2104 5105 ιιαηςιίειυτ,
2145 5054 2241 5092 nec
2285 5039 2567 5092 veritatem
2600 5036 2770 5104 pretio
2800 5035 3025 5098 vendet;
3077 5048 3182 5086 non
3227 5048 3350 5085 cum

159 5123 222 5186 είς
242 5126 386 5190 δόξαν
414 5131 572 5184 Θεοῦ·
603 5132 664 5184 οὐ
688 5132 1016 5187 κολακεύσει
1040 5135 1098 5188 ἑν
1130 5133 1205 5202 μὴ
1251 5133 1444 5195 δέοντι,
1477 5134 1553 5197 ὡς
1613 5136 1678 5188 ἂν

1804 5132 2030 5184 uunibus
2057 5129 2280 5183 acerbus
2299 5132 2422 5194 erit,
2443 5143 2508 5180 ne
2528 5136 2786 5196 arguatur
2807 5124 3074 5178 liberioris
3101 5121 3347 5193 loquelae,

161 5216 220 5282 μὴ
244 5224 325 5272 καὶ
354 5223 675 5296 καπηλεύσῃ
703 5223 802 5294 τὴν
835 5223 1114 5290 ἀλήθειαν·
1143 5223 1254 5277 οὐδ’
1283 5223 1350 5279 αὖ
1384 5225 1522 5294 πρὸς
1547 5227 1681 5278 παν-

1808 5239 1884 5277 ιοο
1923 5237 2108 5276 omnes
2160 5221 2404 5276 laudibus
2457 5227 2704 5288 asperget
2747 5219 3031 5286 (captator
3077 5215 3221 5270 enim
3270 5214 3351 5268 sic

157 5321 235 5371 τας
286 5315 642 5383 ἁγριανεῖται,
704 5318 778 5386 μὴ
838 5319 933 5370 xui
1001 5317 1404 5386 κατεγκληθεῐη
1462 5319 1522 5370 τὸ
1577 5320 1679 5388 τῆς

1805 5314 1954 5384 isset)
1985 5331 2000 5381 ;
2041 5328 2140 5368 nec
2170 5314 2238 5366 ab
2268 5312 2378 5365 alto
2407 5311 2499 5364 illo
2531 5310 2760 5378 injurias
2789 5305 3170 5378 grandinabit(
3197 5303 3348 5357 ferox

157 5406 434 5473 πκρῤησίας
460 5409 691 5478 ἄκαιρον
713 5422 728 5438 ⁸
761 5411 858 5463 xui.
907 5407 1030 5462 οὔτε
1064 5411 1268 5471 πάντας
1308 5409 1548 5472 ἐπαίνοις
1576 5427 1678 5463 κα-

1804 5407 1928 5459 inim
1972 5407 2055 5460 hic
2089 5403 2317 5459 allectus
2354 5410 2436 5456 est
2469 5403 2524 5472 ).
2557 5403 2759 5457 Forsan
2798 5414 2930 5454 vero
2973 5399 3078 5451 tale
3125 5396 3347 5449 verbum

156 5495 369 5562 ταδρέξει
398 5501 648 5568 (ἄρεσκος
675 5501 784 5570 γὰρ
814 5500 988 5564 οὕτως
1021 5499 1196 5568 ἔσται)
1216 5517 1233 5534 ο
1263 5501 1372 5554 οὐδ’
1404 5497 1472 5553 αὖ
1509 5501 1678 5570 χαλα-

1803 5497 1926 5549 Iicat
1972 5510 2082 5563 quo
2131 5496 2338 5563 prolato
2367 5494 2540 5546 virmn
2579 5492 2844 5546 illustrem
2888 5488 3206 5546 confundat,
3236 5483 3346 5549 jam

158 5582 398 5659 ζῡδολήσει
423 5593 494 5655 ὡς
523 5592 619 5660 ἀφ’
647 5592 813 5662 ὕψους
844 5597 1039 5646 τούτου
1064 5596 1186 5657 ταῖς
1221 5593 1414 5662 ὕϐρεσι
1444 5594 1676 5663 (θηριῶη

1803 5599 1832 5641 et
1878 5588 2279 5642 damnationem
2312 5585 2534 5640 habebit
2565 5594 2818 5652 tanquam
2849 5578 3197 5647 blasphemia:
3229 5587 3346 5625 ma-

158 5674 222 5737 δες
242 5680 335 5748 γὰρ
385 5684 443 5734 τὸ
489 5685 706 5753 πάθος).
755 5685 908 5753 Τάχα
967 5685 1024 5736 δέ
1087 5701 1189 5736 που
1245 5687 1337 5737 καὶ
1400 5679 1512 5736 οἷον
1547 5669 1688 5746 ἔπος

1803 5684 1972 5740 tister.
1994 5681 2106 5750 Ego
2137 5696 2265 5735 vero
2293 5680 2415 5734 novi
2449 5678 2596 5731 illum
2634 5691 2740 5729 non
2771 5674 2835 5726 ad
2870 5683 3092 5724 munera
3120 5665 3346 5722 surdum

159 5765 276 5836 εἴπῃ,
303 5773 437 5823 τοῖον
486 5773 811 5842 ἐπακηκοὼς
871 5776 1118 5843 αἰσχυνεῖ
1175 5775 1266 5826 τὸν
1312 5771 1520 5838 ἔνδοξον
1587 5773 1677 5826 ἄν-

1809 5790 1898 5828 ore
1928 5789 2025 5844 pro
2054 5771 2472 5828 ferventioribus
2493 5771 2637 5823 circa
2671 5766 2800 5820 illud
2831 5762 2984 5826 viris,
3013 5759 3104 5828 qui
3135 5759 3186 5810 in
3210 5755 3352 5810 elec-

159 5852 336 5924 θρωπον
363 5878 376 5892 ο
403 5863 500 5936 ήδη
530 5865 586 5917 δὲ
637 5865 730 5917 καὶ
764 5867 1088 5938 κατάκριμα
1137 5865 1270 5934 ἕξει,
1322 5864 1394 5927 ὡς
1428 5863 1671 5936 βλασῨτΓ

1808 5883 2005 5938 uosyna
2041 5863 2324 5921 exercitati
2361 5877 2552 5916 manus
2583 5858 2868 5928 porrigunt
2917 5853 2983 5908 iis
3011 5866 3147 5923 quos
3181 5851 3351 5907 bonos
