3864 6568
536 385 649 449 259

1207 379 1640 441 EUSTATIIU
1681 375 2440 439 THESSALONICENSIS
2479 375 3040 436 METROPOIJTJE

3685 377 3776 440 ἱζῧῦ

541 498 939 567 persuasivttm,
1001 509 1124 548 esse
1165 493 1217 548 in
1260 496 1366 549 vita
1419 495 1683 564 quosdam
1717 511 1747 548 a
1781 495 1914 548 mari
1968 494 2111 547 circa

2238 491 2425 556 ιὲνειν,
2461 493 2556 544 καὶ
2591 491 3008 560 καθεστηκότως
3045 489 3334 560 ήδρᾶσθαι,
3369 490 3461 542 καὶ
3489 490 3593 556 τῆς
3622 495 3777 561 καλῆς

535 592 691 660 ipsos
710 597 974 646 aestuante
992 588 1225 652 ablutos,
1247 596 1388 641 tutos
1408 603 1533 640 vero
1555 597 1608 640 et
1629 594 1961 640 constantes.
1983 585 2116 639 Ecce

543 684 687 738 enim
717 693 914 736 terram
934 681 1180 747 quatiens
1203 694 1350 734 mare
1375 678 1572 732 multas
1593 677 1814 732 inclusit
1843 677 2112 748 regiones,

547 784 653 823 non
691 770 1020 823 eradicatas.

2225 583 2301 653 μὴ
2332 583 2754 653 παρακινεῖσθαι
2785 583 3050 644 στάσεως.
3089 581 3441 650 Κατάπεμπε
3473 581 3531 634 δὲ
3561 582 3776 635 καὶτοῖς

2224 675 2614 743 ἐντυγχάνουσι
2639 674 3014 737 διδασκαλίαν,
3039 674 3116 737 ὡς
3156 675 3215 726 οὐ
3253 676 3392 726 πάνυ
3434 672 3709 739 δύσκολον,
3729 679 3776 727 ἐν

2225 768 2326 838 βίῳ
2353 768 2451 838 μὲν
2485 763 2623 820 εἶναι
2646 769 2798 830 τινὰς
2829 769 2921 820 καὶ
2956 769 3022 836 τῇ
3051 765 3168 820 κατ’
3195 765 3359 818 αὑτὸν
3389 765 3636 835 θαλάσσῃ
3662 766 3775 818 κλύε

537 865 754 932 ζεσθαι,
779 864 1036 932 ἀσφαλῶς
1065 863 1120 915 δὲ
1138 863 1282 932 ἔχειν
1307 865 1399 916 καὶ
1420 863 1708 932 φυλάττειν
1735 865 1797 916 τὸ
1824 863 2111 934 στάσιμον.
2167 864 2296 917 Ίῖοὺ
2328 865 2438 935 γὰρ
2481 870 2575 917 καὶ
2627 867 2658 934 ἡ
2706 863 3000 934 ἐνοσίχθων
3065 860 3208 931 αὕτη
3279 862 3529 916 θάλασσα
3573 864 3778 926 πολλοὺς

545 962 874 1030 ὲναπείληφε
921 962 1143 1025 τόπους,
1193 960 1286 1022 οὒς
1312 958 1497 1012 οὐκᾶν
1531 957 1818 1027 διατινάξῃ
1854 955 2317 1028 ἁναμοχλεύουσα.

617 1055 704 1110 75.
752 1055 844 1109 Hic
875 1055 1168 1125 patientem
1207 1055 1308 1109 Job
1333 1055 1554 1118 exhibe,
1578 1064 1631 1108 et
1652 1062 1919 1124 quotquot
1949 1055 2122 1122 ipsius

548 1147 721 1202 instar
739 1148 1004 1217 (sexcenti
1027 1146 1172 1216 suntv)
1194 1147 1245 1200 in
1273 1147 1498 1200 istarum
1523 1147 1894 1202 testimonium
1920 1161 2121 1199 rerum.

535 1240 742 1294 Coram
803 1238 974 1294 oculis
1025 1238 1130 1292 tuis
1163 1237 1344 1306 jaceut
1373 1247 1427 1294 et
1466 1237 1679 1292 diverse
1727 1238 2024 1307 piscantes,
2069 1247 2124 1290 et

547 1331 643 1384 tibi
696 1328 817 1384 inde
863 1329 1159 1384 similitudo
1207 1332 1554 1394 assumenda,
1615 1331 1737 1384 inde
1771 1333 1838 1383 ab
1873 1330 1987 1382 alto
2022 1329 2122 1383 do-

537 1423 790 1478 cumenti
823 1422 933 1476 vim
965 1423 1216 1476 emittere
1241 1434 1292 1476 et
1319 1423 1616 1496 apostolico
1648 1422 1894 1476 homines
1925 1421 2122 1491 piscari

536 1525 599 1568 tot
632 1530 662 1569 e
690 1513 813 1568 vita;
837 1512 1110 1582 salsugine
1137 1514 1369 1582 optimos
1396 1515 1680 1567 extrahere
1715 1513 1894 1581 pisces
1927 1527 2126 1580 eosque

546 1608 647 1674 -qui
676 1605 1047 1676 evangelicum
1089 1615 1343 1659 staterem
1371 1616 1567 1675 gertmt
1593 1604 1657 1658 ad
1690 1604 2008 1659 solvendum
2029 1604 2118 1658 di-

555 1697 836 1760 tlracltma,
870 1706 922 1752 et
951 1711 1087 1766 Quos
1112 1697 1336 1752 dixerim
1381 1697 1714 1767 pinguiores,
1745 1697 1834 1766 qui
1863 1699 1985 1752 vitae
2009 1698 2127 1766 pin-

539 1786 780 1854 gnedine
812 1786 1068 1842 fruuntur
1110 1796 1164 1842 et
1207 1797 1362 1856 aptos
1412 1789 1504 1859 qui
1551 1787 1666 1844 sale
1693 1798 2048 1843 asserventur
2071 1795 2125 1843 et

541 1878 644 1943 vqui
679 1893 869 1933 carnes
914 1879 1233 1934 calefaciant
1263 1890 1446 1949 utpote
1495 1881 1584 1950 qui
1617 1881 1800 1935 carnis
1828 1881 2118 1936 humorem

557 1970 969 2038 temperantiam
999 1982 1052 2026 et
1075 1972 1506 2026 exsiccationem
1535 1980 1853 2040 provocant.

625 2229 714 2283 Ἰό.
754 2229 958 2284 Fremit
1002 2249 1168 2297 mare,
1216 2249 1376 2300 snper
1417 2233 1594 2288 vicina
1638 2237 1814 2297 saltat,
1847 2235 1904 2289 in
1939 2237 2124 2291 termi-

549 2335 680 2372 num
717 2321 829 2373 vult
876 2321 1183 2387 incurrere;
1217 2339 1248 2377 α
1279 2324 1456 2377 furore
1482 2324 1534 2380 si
1569 2326 1884 2394 reprimitur
1915 2327 2120 2382 iterum

549 2411 607 2464 in
639 2413 874 2481 seipsum
913 2415 1300 2477 retrogreditur
1323 2425 1385 2470 et
1418 2415 1553 2469 ultra
1587 2426 1822 2472 statutos
1859 2419 2125 2475 terminos

546 2503 1056 2572 transgrediendum
1111 2521 1214 2558 non
1267 2521 1385 2560 esse
1426 2508 1610 2563 discit.
1667 2508 1782 2563 Hoc
1814 2509 2125 2566 documenti

546 2604 813 2660 punctum
845 2595 1020 2664 pande
1047 2605 1232 2650 contra
1262 2613 1356 2653 eos
1386 2599 1475 2668 qui
1509 2599 1809 2654 vicinorum
1844 2602 1983 2657 bona
2007 2617 2127 2657 sur-

549 2683 728 2750 ripere
778 2684 1000 2748 volunt,
1054 2698 1108 2740 et
1161 2690 1425 2743 terminos
1472 2690 1772 2747 inscribere
1818 2701 1872 2747 et
1928 2693 2127 2749 ulceris

550 2788 707 2826 more
732 2773 966 2828 fatuisve
1021 2775 1342 2832 insatiabilis
1377 2779 1552 2834 aliena
1588 2779 1866 2838 aﬂ'ectare.
1898 2783 2127 2854 Salsugo

555 2863 773 2930 quidem
808 2880 974 2930 mare,
1006 2867 1146 2921 unde
1175 2869 1417 2922 ascendit
1452 2881 1610 2937 potus
1651 2871 1954 2929 abundans.
1991 2874 2127 2930 Mul-

559 2963 642 3008 tos
667 2956 800 3010 doce
823 2959 1089 3025 quomodo
1113 2971 1333 3027 possunt
1362 2975 1554 3015 omnes
1585 2964 1829 3017 homines
1860 2964 1982 3018 boni
2009 2980 2128 3021 esse

546 3051 610 3097 et
647 3047 844 3100 ammni
887 3047 1004 3101 ﬁeri
1040 3049 1409 3118 potabilesque
1446 3052 1496 3104 in
1537 3052 1726 3108 usibus
1767 3054 1911 3117 vitae,
1943 3066 1997 3111 et
2028 3057 2128 3112 ite.

552 3150 677 3189 rum
725 3137 998 3192 subatnari
1051 3148 1106 3194 et
1149 3141 1576 3198 inaccessibiles.
1625 3143 1778 3199 Tunc
1830 3161 1960 3202 vero
2017 3165 2129 3204 tne-

558 3229 783 3283 mineris
812 3232 1080 3300 quomodo
1108 3247 1272 3302 rapax
1317 3234 1399 3288 leo
1435 3246 1488 3290 et
1515 3237 1733 3307 rugiens
1763 3239 2005 3298 dicatur:
2033 3241 2126 3297 sed

2290 1050 2389 1120 στ’.
2429 1053 2674 1122 Πρόφερε
2709 1052 2803 1105 καὶ
2841 1052 2934 1105 τὸν
2982 1050 3313 1122 καρτερικὸν
3373 1051 3496 1104 Ἰὼϐ
3539 1039 3775 1108 ὲνταῦθᾶ.

2223 1143 2317 1196 καὶ
2349 1143 2477 1206 τοὺς
2513 1144 2626 1196 ὅσοι
2664 1143 2787 1197 κατ’
2825 1143 2988 1197 αὐτὸν
3033 1143 3244 1212 (μυρίοι
3296 1143 3355 1196 δὲ
3395 1143 3616 1212 ἐκεῖνοι)
3661 1148 3778 1213 πρὲις

2226 1236 2388 1302 λόγου
2439 1236 2759 1306 μαρτύριον.
2806 1234 3130 1305 Πρόκεινται
3168 1251 3252 1288 σοι
3286 1233 3387 1303 τῆς
3415 1233 3600 1302 Mem;
3631 1237 3712 1287 xui
3737 1240 3778 1288 ai

2223 1327 2577 1394 πολυτρόπως
2607 1325 2934 1390 ἁλιεύοντες,
2959 1323 3108 1377 ἔστιν
3132 1317 3193 1376 οὗ
3223 1323 3317 1376 καὶ
3349 1325 3434 1376 σοὶ
3458 1324 3582 1376 καθ’
3605 1327 3772 1392 όμοιόυ

2225 1435 2388 1488 τητα,
2416 1417 2666 1508 ἐντεῦθεν
2691 1417 2789 1486 ἀφ’
2823 1417 2992 1484 ὕψους
3021 1416 3270 1471 καθιέναι
3297 1417 3397 1486 τὴν
3419 1417 3522 1486 τῆς
3538 1416 3778 1470 διδασκα-

2227 1511 2348 1573 λίας
2378 1511 2599 1579 ὁρμιὰν,
2627 1511 2722 1563 καὶ
2759 1509 3003 1564 ἁλιεύειν
3032 1509 3359 1579 ἀνθρώπους
3396 1509 3774 1572 ἁποστολικῶς,

2229 1603 2325 1656 καὶ
2350 1603 2606 1672 ἁνασπᾷν
2642 1604 2708 1655 ἐκ
2744 1601 2847 1671 τῆς
2894 1599 3040 1655 κατὰ
3097 1600 3212 1670 βίον
3242 1598 3578 1670 ἁλυκότητα(
3611 1601 3777 1669 Ιχθύις

2226 1693 2534 1762 νοστίμους,
2570 1696 2665 1748 καὶ
2709 1695 2836 1756 τοὺς
2884 1692 2976 1746 τὸν
3023 1693 3378 1761 εὐαγγελικδν
3417 1693 3518 1762 μὲν
3557 1693 3778 1762 σταθῆρα

2229 1785 2495 1856 φέροντας
2521 1786 2599 1848 εις
2627 1785 2886 1850 διάδοσιν,
2919 1785 3013 1837 καὶ
3039 1783 3114 1848 ὡς
3143 1786 3320 1840 εἰπεῖν
3351 1785 3772 1853 εὐλιπεστέρους,

2225 1872 2306 1940 οἷς
2355 1875 2586 1945 πιότητα
2635 1875 2752 1944 βίου
2805 1876 3167 1945 περίκεινται,
3202 1877 3296 1930 καὶ
3341 1876 3472 1939 τοὺς
3517 1878 3598 1935 εις
3636 1893 3776 1944 sapt-

2226 1966 2384 2036 χειαν
2412 1966 2470 2020 δὲ
2507 1965 2743 2034 μάλιστα
2786 1964 3038 2028 εὐθέτους
3085 1976 3181 2020 και
3217 1967 3439 2036 σαρκῶν
3486 1965 3772 2030 στάθευσιν,

2225 2057 2316 2111 διὰ
2339 2057 2398 2110 τὸ
2417 2055 2838 2127 ὲγκρατευτικδν
2859 2056 2956 2110 xui.
2973 2054 3298 2127 ξηραντικὸν
3322 2057 3424 2120 τῆς
3453 2057 3595 2112 κατὰ
3620 2058 3773 2126 σάρκα

2229 2150 2549 2221 ὑγρότητος.

2297 2245 2386 2298 οδ¹.
2434 2243 2686 2314 Ὠρύεται
2717 2244 2750 2313 ὴ
2777 2242 3044 2302 θάλασσα,
3086 2241 3181 2293 καὶ
3215 2239 3440 2309 ἐμπηδᾷ
3468 2242 3535 2310 τῇ
3564 2239 3772 2306 γείτονι·

2230 2340 2324 2390 καὶ
2356 2337 2718 2407 κατατρέχειν
2760 2337 2858 2406 μὲν
2891 2335 3060 2406 αὐτὴν
3091 2336 3170 2398 εις
3203 2335 3353 2397 τέλος
3387 2333 3660 2403 βούλεται,
3683 2335 3777 2400 εἱρ-

2229 2446 2385 2496 γεται
2425 2430 2479 2480 δὲ
2516 2429 2612 2496 τῆς
2661 2429 2883 2497 μανίας,
2927 2428 3022 2482 καὶ
3073 2426 3367 2494 στρέφεται
3427 2423 3549 2477 καθ’
3602 2423 3775 2490 ἑαυτῆς

2235 2519 2626 2589 παλίντροπος,
2663 2519 2761 2572 καλ⁵
2815 2518 3079 2588 μανθάνει
3112 2517 3187 2587 μὴ
3217 2516 3284 2570 τὰ
3311 2514 3604 2584 τεθειμένα
3633 2514 3778 2582 ὑπερ-

2233 2611 2438 2664 ϐαίνειν
2467 2611 2616 2679 ὅρια.
2669 2612 2846 2664 Τόπον
2896 2611 3088 2664 τοῦτον
3137 2608 3493 2670 διδασκαλίας
3539 2607 3624 2677 ἔχε
3655 2608 3774 2660 κατὰ

2229 2702 2341 2756 τῶν
2371 2703 2632 2757 θελόντων
2668 2703 3019 2757 ὑποσπᾶσθαι
3065 2703 3134 2756 τὰ
3173 2703 3281 2755 τῶν
3331 2701 3530 2764 πέλας,
3563 2703 3653 2753 καὶ
3676 2701 3777 2766 ipo-

2231 2793 2478 2861 γλυφεῖν,
2509 2797 2602 2846 καὶ
2655 2795 2798 2847 κατά
2844 2811 2966 2847 τινα
3013 2793 3232 2863 ἐρπητα
3273 2792 3432 2861 ἢκαὶ
3475 2792 3776 2858 φαγέδαιναν

2232 2883 2586 2952 ἐπινέμεσθαι
2614 2884 2675 2936 τὸ
2701 2885 3002 2954 ἀλλότριον.
3056 2882 3306 2951 Ἀλμυρὰ
3337 2883 3440 2950 μὲν
3469 2883 3503 2952 ὴ
3535 2882 3774 2943 θάλασσα,

2233 2974 2294 3040 ἐξ
2319 2975 2492 3044 αὐτῆς
2534 2973 2591 3026 δὲ
2625 2972 2888 3040 ἀνάγεται
2917 2975 2977 3026 τὸ
3008 2973 3240 3042 πότιμον
3267 2972 3528 3026 ἄπλετον.
3564 2971 3774 3024 [Isiacos

2231 3065 2357 3125 τοὺς
2413 3062 2662 3125 πολλοὺς,
2707 3062 2782 3125 ὡς
2837 3062 3091 3117 δύνανται
3149 3063 3244 3115 καὶ
3281 3062 3484 3125 πάντες
3530 3061 3777 3129 ἅνθρωποι

2233 3153 2429 3221 ἀγαθοὶ
2459 3171 2518 3206 τε
2552 3149 2714 3220 εἶναι,
2753 3154 2849 3207 καὶ
2897 3155 3120 3220 γλυκεῖς
3154 3154 3421 3223 ἐντυχεῖν,
3458 3154 3554 3206 καὶ
3586 3153 3778 3221 πότιμηι

2233 3245 2302 3298 τὰ
2332 3246 2412 3308 εἰς
2440 3244 2698 3309 διάδοσιν,
2730 3245 2822 3298 καὶ⁵
2849 3240 3005 3308 αὖθις
3050 3245 3342 3314 ὑπόπικροι
3369 3247 3467 3298 καὶ
3498 3243 3776 3314 ἀπρόσιτοι.

552 3321 802 3376 novimus
857 3323 1019 3377 etiam
1075 3327 1343 3393 quomodo
1375 3327 1501 3380 olim
1544 3343 1608 3382 ex
1656 3329 1975 3388 devoratore
2029 3335 2129 3389 mel

2247 3336 2516 3390 Ἐνταῦθα
2555 3336 2613 3388 δὲ
2643 3337 3049 3406 ἀναμιμνησκε,
3093 3337 3187 3388 καὶ
3229 3335 3304 3399 ὡς
3341 3337 3606 3406 ἁρπάξων
3646 3335 3779 3403 μὲνὸ

556 3411 706 3466 exiit.
746 3414 810 3467 Et
838 3413 1040 3471 Graeca
1083 3417 1366 3486 sapientia:
1395 3434 1678 3475 sermones
1723 3421 1776 3475 hi
1809 3424 2026 3491 quidem
2074 3425 2128 3479 in

556 3503 794 3568 ruinam,
847 3505 898 3560 in
949 3509 1173 3562 alteram
1215 3520 1424 3578 partem
1468 3511 1545 3565 illi
1585 3513 1784 3568 multos
1813 3516 2126 3570 ducebant:

550 3603 612 3648 et
645 3596 894 3650 universe
926 3599 1236 3665 dicendum,
1266 3603 1344 3656 sic
1385 3615 1438 3658 et
1485 3606 1563 3658 sic
1591 3607 1886 3660 secundum
1915 3589 2134 3677 opposi-

555 3695 669 3740 tam
702 3686 1098 3746 ordinationem
1133 3695 1314 3765 quivis
1340 3695 1501 3750 homo
1531 3705 1729 3767 potest.

637 3961 728 4016 75.
770 3963 1067 4022 Considera
1117 3970 1244 4023 mihi
1284 3971 1448 4026 maris
1491 3986 1711 4040 spumas
1745 3991 1759 4028 :
1807 3973 1940 4028 nihil
1981 3984 2130 4041 sunt,

565 4055 665 4109 nisi
692 4055 912 4112 forsitan
945 4061 1162 4116 subtilis
1194 4053 1476 4131 cujusdam
1509 4064 1736 4132 spiritus
1770 4069 2134 4136 repercussio,

561 4161 683 4212 quae
732 4149 1068 4216 perlucidum
1127 4153 1272 4220 quod
1331 4163 1558 4223 apparet
1619 4156 1685 4208 ad
1728 4157 1913 4211 album
1961 4158 2135 4214 addu-

558 4232 679 4299 cit;
713 4235 816 4289 boc
854 4238 1202 4292 accommoda
1244 4242 1309 4294 ad
1348 4257 1525 4296 minas
1563 4242 1617 4298 in
1655 4245 1764 4298 vita
1800 4259 1989 4299 eorum
2040 4247 2132 4315 qui

565 4331 633 4383 ad
685 4331 884 4386 bonum
924 4333 1054 4386 nihil
1113 4335 1498 4400 con-tribuunt;
1552 4346 1605 4392 et
1639 4337 1772 4392 doce
1832 4337 1964 4391 nihil
2014 4354 2136 4395 esse

564 4419 704 4486 illas,
722 4422 815 4476 sed
844 4422 1070 4478 forsitan
1095 4425 1342 4493 spiritum
1373 4425 1424 4479 in
1448 4427 1720 4481 excelsum
1751 4444 1814 4481 ex
1835 4427 2137 4484 sumatione

563 4513 944 4580 prodeuntem,
997 4530 1104 4570 non
1143 4515 1431 4571 habentem
1466 4517 1606 4571 unde
1637 4528 1957 4574 moveantur
2005 4535 2136 4574 con-

558 4611 772 4658 stantes
803 4615 855 4660 et
892 4622 921 4660 a
957 4606 1210 4662 ﬁrmitate
1235 4608 1315 4662 vel
1347 4622 1374 4660 a
1407 4608 1685 4677 proposito
1712 4608 1989 4666 decidant.

2231 3425 2371 3480 λέων
2399 3429 2494 3481 καὶ
2516 3427 2830 3498 ὠρυόμενος
2851 3427 3068 3498 εἴρηται
3086 3445 3098 3460 ·
3127 3427 3244 3480 ἀλλ’
3273 3428 3501 3496 οἴδαμεν
3525 3427 3634 3488 καὶ,
3655 3428 3778 3486 ὅπως

2232 3519 2422 3586 ἐξῆλθὲ
2457 3536 2588 3572 ποτε
2624 3519 2748 3588 μέλι
2780 3518 2839 3583 ἐξ
2887 3517 3154 3581 έσθοντος.
3203 3519 3314 3570 Καὶ
3345 3517 3498 3584 λόγοι
3526 3517 3581 3569 δὲ
3615 3516 3777 3584 σοφίας

2242 3610 2589 3679 Ἑλληνικῆς,
2627 3610 2676 3662 οἱ
2723 3611 2825 3679 μὲν
2859 3609 2955 3679 τὴν
3001 3610 3082 3672 εἰς
3115 3607 3365 3678 δλεθρσν,
3402 3609 3454 3660 οἱ
3483 3609 3540 3661 δὲ
3573 3607 3666 3676 τὴν
3700 3609 3776 3658 ἐπὶ

2233 3702 2436 3770 θάτερα
2469 3702 2696 3762 πολλοὺς
2731 3701 2940 3770 ἡγαγον
2970 3715 2986 3731 ·
3023 3700 3114 3752 καὶ
3159 3699 3295 3759 ὅλως
3335 3701 3534 3760 εἰπεῖν,
3563 3698 3634 3760 ὡς
3659 3699 3777 3750 οὕτω

2233 3796 2330 3848 καὶ
2360 3793 2505 3848 οὕτω
2552 3791 2696 3846 κατά
2744 3791 2998 3845 ἐναντίαν
3031 3791 3273 3845 διάθεσιν
3321 3791 3468 3853 ἅπας
3526 3791 3779 3861 ἅνθρωπος

2231 3887 2479 3942 δύναται.

2304 3975 2398 4030 οε’.
2434 3976 2775 4031 Διασκέπτου
2809 3974 2905 4028 xati.
2937 3974 3061 4036 τοὺς
3094 3971 3413 4036 θαλαττίους
3447 3973 3670 4043 ἀφροὺς,
3699 3988 3781 4041 pr;

2232 4068 2320 4120 δὲν
2345 4067 2524 4130 ὄντας,
2559 4066 2675 4118 ἀλλ’
2701 4065 2732 4134 ἦ
2781 4063 2980 4117 λεπτοῦ
3012 4082 3157 4128 τινος
3200 4064 3512 4134 πνεύματος
3543 4063 3782 4129 ἐναπολη-

2231 4160 2345 4230 ψιν,
2381 4160 2624 4227 ἄγουσαν
2653 4157 2715 4211 τὸ
2739 4157 3167 4226 ἐπιφαινόμενον
3185 4155 3444 4224 διαφανὲς
3475 4156 3558 4217 εἰς
3582 4155 3639 4208 τὸ
3659 4156 3784 4222 ἐνερ-

2233 4253 2360 4321 γείᾳ
2392 4249 2586 4302 λευκόν
2613 4265 2629 4280 ⁸
2661 4248 2756 4302 καὶ
2782 4246 3091 4318 συμδίδαζε
3124 4247 3296 4299 ταῦτα
3333 4249 3470 4317 πρὸς
3502 4247 3600 4308 τὰς
3625 4248 3678 4298 ὲν
3701 4245 3782 4312 βίῳ

2234 4341 2463 4404 ἀπειλὰς
2499 4341 2607 4393 τῶν
2655 4341 2756 4392 οὐκ
2802 4340 2883 4400 εἰς
2931 4339 3137 4405 ἀγαθὸν
3165 4337 3482 4407 δυναμένων
3503 4355 3517 4369 ο
3549 4339 3641 4391 κιιλ⁵
3665 4338 3784 4390 δίδα-

2237 4451 2355 4495 σκε,
2391 4433 2560 4502 μηδὲν
2593 4432 2763 4494 αὑτὰς
2796 4429 2910 4484 ἀλλ’
2960 4431 2992 4500 ἢ
3046 4428 3265 4500 πνεῦμα
3294 4429 3630 4495 ἐπιπολάζον
3668 4423 3783 4480 εἶναι

2235 4523 2668 4592 φυσὶγναθον,ὼς
2694 4520 2768 4590 μὴ
2786 4519 2928 4589 ἔχειν
2955 4521 3280 4590 παρακινεῖν
3297 4520 3422 4582 τοὺς
3442 4538 3529 4572 στε
3539 4518 3784 4590 ρεμνίους,

2237 4619 2445 4684 καὶτῆς
2477 4615 2694 4684 βεϐαίας
2729 4614 2966 4680 ἀπάγειν
3003 4611 3242 4676 στάσεως
3277 4611 3309 4680 ἢ
3360 4613 3454 4665 καὶ
3485 4612 3785 4682 ἐνστάσεως,

637 4704 725 4757 76.
746 4699 919 4756 Habet
936 4703 1095 4753 etiam
1112 4700 1315 4769 piratas
1337 4700 1589 4754 sensibile
1609 4716 1776 4766 mare,
1800 4703 1964 4759 multo
1982 4705 2129 4772 plura

2311 4715 2417 4772 ος·’.
2450 4708 2603 4776 Ἔχει
2628 4707 2723 4759 καὶ
2743 4705 3003 4775 πειρατὰς
3029 4705 3061 4774 ἠ
3097 4704 3221 4757 κατ’
3253 4703 3506 4773 αἴσθησιν
3545 4703 3784 4761 θάλασσα,

564 4799 624 4845 et
651 4791 772 4845 vitae
803 4792 1099 4858 piratarum
1129 4789 1388 4858 pericula.
1419 4787 1605 4858 itaque
1632 4789 1825 4846 tiliolos
1846 4793 2142 4847 secundum

567 4884 818 4953 spiritum
865 4891 986 4938 tuos
1030 4897 1174 4954 rege,
1239 4891 1332 4935 aut
1381 4882 1519 4950 fuga:
1553 4882 1694 4935 viam
1740 4895 2006 4952 monstra,
2045 4897 2140 4940 aut

570 4976 728 5030 aliter
763 4975 872 5043 jam
922 4975 1097 5043 lapsos
1128 4975 1337 5029 solvere
1373 4975 1724 5030 novissimum
1757 4977 2137 5046 quadrantem,

569 5077 626 5121 et
656 5069 734 5122 sic
769 5077 921 5122 extra
953 5075 1243 5134 piratarum
1273 5066 1585 5120 tnolitiones
1619 5084 1836 5122 manete
1867 5072 2138 5138 vitantque

569 5162 765 5229 degere
801 5159 1086 5227 placidam.

646 5342 731 5394 77.
762 5341 872 5395 Alit
909 5341 1160 5394 animalia
1211 5357 1357 5396 mare
1387 5343 1528 5412 quod
1572 5345 1815 5398 videmus
1849 5357 1992 5396 mnta
2019 5345 2140 5413 qui-

573 5434 720 5496 dem,
753 5432 1028 5488 esculenta
1062 5448 1217 5487 vero:
1248 5449 1478 5501 quorum
1513 5436 1612 5487 alia
1663 5435 1903 5488 viriliora
1957 5444 2136 5488 creata

576 5537 704 5582 sunt
741 5537 793 5583 et
820 5527 1129 5593 audaciora,
1159 5543 1387 5595 quorum
1417 5528 1626 5583 insidiis
1662 5527 1766 5582 alia
1829 5527 2135 5590 subiacent.

577 5619 750 5675 Habet
771 5629 823 5674 et
856 5620 962 5674 vita
995 5637 1078 5675 me
1105 5630 1372 5690 raptorem
1401 5632 1454 5676 et
1478 5637 1750 5685 vorarent,
1802 5620 1894 5673 sed
1925 5627 1977 5673 et
2031 5634 2143 5668 mu-

577 5719 715 5776 τοι-η,
765 5712 896 5767 nihil
945 5714 1144 5783 justum
1203 5713 1387 5768 dicere
1437 5714 1743 5779 habentem,
1790 5711 2140 5782 impossibilia

583 5803 914 5880 mul'entem,
936 5817 983 5861 et
1005 5807 1094 5875 qui
1116 5807 1167 5861 in
1197 5807 1369 5862 ruinae
1397 5815 1638 5862 ventrem
1670 5807 1952 5864 cadentem
1980 5803 2148 5857 traliit

2245 4796 2422 4866 πολλῷ
2453 4795 2507 4848 δὲ
2536 4794 2706 4864 πλείῳ
2755 4794 2824 4849 τὰ
2868 4793 3096 4864 βιωτικὰ
3151 4792 3506 4862 πειρατήρια.
3553 4789 3783 4859 Ῥύθμιζε

2241 4891 2422 4942 τοίνυν
2461 4888 2586 4950 τοὺς
2641 4886 2782 4940 κατὰ
2819 4885 3042 4953 πνεῦμά
3081 4901 3163 4935 σοι
3220 4882 3497 4951 παῖδας,ῆ
3535 4880 3784 4949 διαδιδρά-

2241 4997 2393 5035 σκειν
2429 4980 2570 5032 αὐτὰ
2599 4980 2774 5042 διδοὺς
2805 4977 2901 5030 καὶ
2940 4975 3219 5046 μεθόδους,
3254 4974 3287 5042 ἦ
3319 4973 3433 5025 ἀλλ’
3472 4972 3784 5042 ἐμπεσόντας

2239 5074 2726 5129 ἀποτιννύεινικαὶ
2753 5072 2842 5124 τὸν
2876 5069 3101 5138 ἔσχατον
3148 5067 3472 5136 κοδράντην,
3515 5067 3611 5119 καὶ
3663 5063 3785 5118 οὕτω

2245 5168 2428 5237 μένειν
2461 5166 2564 5233 ἔξω
2595 5163 2687 5218 τοῦ
2752 5160 3070 5230 πειρᾶσθαι,
3125 5159 3218 5212 καὶ
3269 5159 3384 5228 βίον
3438 5156 3618 5210 ἕλκειν
3669 5155 3785 5223 ἡσύ-

2239 5276 2376 5328 χιον.

2309 5346 2406 5410 (ιζ’.
2439 5346 2640 5414 Τρέφει
2672 5343 2765 5394 καὶ
2797 5341 2910 5406 ζῶα
2940 5341 2972 5409 ἡ
3019 5336 3326 5407 βλεπομένη
3390 5335 3628 5388 θάλασσα
3650 5376 3664 5398 ,
3690 5350 3785 5400 φω-

2241 5438 2338 5506 νὴν
2375 5438 2473 5505 μὲν
2515 5436 2589 5504 μὴ
2642 5434 2920 5504 προϊόντα,
2965 5427 3201 5500 ἐδώδιμα
3233 5429 3288 5482 δέ
3314 5447 3328 5460 ο
3380 5430 3472 5480 καὶ
3503 5427 3701 5480 τούτων
3732 5424 3787 5474 τὰ

2249 5528 2348 5597 μὲν
2379 5526 2753 5596 ἀνδρικώτερα
2781 5525 3087 5576 πέπλασται
3112 5520 3208 5573 καὶ
3238 5517 3546 5583 ἑπιθετικέι,
3575 5520 3637 5568 τὰ
3656 5516 3703 5566 δὲ
3724 5515 3787 5573 εἰς

2247 5618 2537 5686 ἐπιϐουλὴν
2567 5618 2682 5678 τοῖς
2727 5614 2987 5675 τοιούτοις
3032 5613 3297 5666 ἔκκειται.
3333 5614 3483 5680 Ἔχει
3519 5613 3609 5664 καῖ
3641 5611 3666 5661 ὁ
3694 5608 3788 5674 βίος

2252 5711 2348 5780 ἐμὲ
2379 5710 2602 5779 ἅρπαγα
2631 5709 2722 5760 καὶ
2751 5707 2927 5777 βορὸν,
2963 5707 3096 5759 ἀλλὰ
3133 5709 3229 5759 καὶ
3269 5705 3499 5774 ἄφωνον,
3535 5703 3680 5754 οὐδὲν
3710 5699 3788 5764 μὲν

2257 5801 2432 5854 εἰδότα
2466 5799 2644 5851 λαλεῖν
2667 5798 2900 5860 δίκαιον,
2925 5795 3320 5865 ἐπεγχαὶνοντα
3343 5794 3397 5848 δὲ
3431 5793 3512 5862 τῷ
3539 5790 3787 5857 ἀδυνάτῳ,
