3908 6544
222 422 323 484 965

1333 419 1431 479 DE
1476 420 1533 480 S.
1583 421 1885 482 ALPHEO
1910 423 2007 483 ET
2044 422 2308 483 SOClIS.

3352 429 3461 492 Ξαῦ

218 533 344 591 εἶναι
389 536 483 587 καὶ
536 531 903 603 σκορπιώδεις
937 533 1036 602 τὴν
1088 533 1360 598 γλῶσσαν.
1419 536 1537 587 ei)?
1584 538 1660 599 ὡς
1706 540 1769 591 τὰ

1878 542 2089 594 similes
2135 548 2278 605 esse,
2310 537 2402 593 sed
2451 536 2565 593 fere
2618 552 2834 607 semper
2898 538 3268 612 benedicere).
3332 539 3455 596 Jam

216 630 373 684 πολλὰ
427 626 830 697 εὐλογητικοῖ),
885 627 1278 697 παρετύχομεν
1336 629 1433 682 καὶ
1488 629 1723 683 ἐνταῦθα
1756 673 1772 698 ,

214 724 334 775 ὅπου
361 721 419 772 τὸ
453 720 549 773 καὶ
583 719 732 787 μέγα
756 719 849 770 καὶ
878 719 1169 772 κάλλιστον
1200 720 1333 789 ἡμῖν
1360 721 1656 790 κατάλυμα
1674 722 1775 790 τῆς

216 814 456 885 βιωτικῆς
510 814 634 866 ὀδοῦ
685 811 1075 883 ἀπεκληρώθη,
1131 812 1269 866 θεοῦ
1323 813 1657 881 ἀνθρώποις,
1690 809 1774 877 οἷς

215 910 264 960 ἐν
290 904 399 975 χρῷ
432 907 531 973 μὲν
566 904 773 973 ζωῖκῆς
816 904 951 966 Θέας
999 905 1223 975 καὶτῆς
1254 905 1505 959 ἐντεῦθεν
1539 905 1775 977 ἐγγύτη-

213 1018 291 1061 τος
326 1000 382 1051 ού
418 998 652 1050 δέδωκεν
683 999 818 1067 ἡμῖν
860 999 889 1049 ό
926 998 1117 1067 χρόνος
1150 997 1403 1066 γενέσθαι
1433 998 1549 1067 (ἀφ’
1586 998 1773 1052 ἱκανοῦ

214 1096 307 1162 γὰρ
351 1093 449 1162 ήδη
505 1094 828 1160 προχρόνιοι
873 1090 953 1159 τῷ
1004 1090 1130 1159 Θεῷ
1171 1090 1585 1163 παρίστανται),
1627 1093 1661 1161 ἡ
1714 1092 1773 1144 δὲ

215 1185 407 1253 ἱστορία
436 1182 718 1236 διεϐίϐασε
769 1182 869 1253 μὲν
914 1184 995 1245 εἰς
1044 1181 1238 1252 ἀκοὴν,
1271 1179 1415 1254 πλὴν
1441 1184 1543 1238 οὐκ
1580 1183 1773 1237 εὐσύν-

212 1293 407 1329 τακτον.

272 1372 333 1432 γ’.
366 1367 473 1418 Καὶ
512 1366 704 1435 ἐπειδὴ
762 1365 1065 1431 ἀναγκαῖον
1095 1360 1164 1436 ἦν
1216 1364 1567 1432 τεταγμένως
1600 1365 1772 1431 ἐκμα-

211 1462 306 1512 Θείν
334 1459 455 1521 τοῦς
488 1457 792 1522 τοιούτους,
825 1458 952 1510 ὅθεν
983 1474 1042 1509 τε
1074 1458 1331 1524 γεγόνασι
1366 1457 1463 1509 καὶ
1489 1456 1553 1508 ἐκ
1577 1457 1767 1519 τίνων,

212 1552 297 1605 καὶ
320 1545 426 1605 οἷον
456 1552 520 1603 τὸ
553 1553 680 1605 κατ’
712 1551 915 1614 αὐτοὺς
961 1551 1104 1620 ὑπὲρ
1146 1549 1284 1603 Θεοῦ
1312 1549 1608 1619 ἀγώνισμα
1642 1549 1773 1616 (εἰσὶ

209 1645 257 1696 δὲ
288 1644 432 1695 αὐτοὶ
478 1641 861 1711 Ἀλέξανδρος,
899 1640 1153 1709 meae;
1187 1641 1284 1693 καὶ
1312 1640 1563 1710 Ζώσιμος
1611 1641 1773 1694 ἀδελ-

211 1738 307 1805 φοὶ,
336 1736 633 1804 μάρτυρες,
682 1735 734 1785 oi
783 1733 1173 1803 ἐπιλεγόμενοι
1225 1732 1603 1805 Καλυτηνοὶ),
1643 1734 1773 1802 ἐμε-

213 1832 537 1896 ριμνήσαμεν
580 1825 884 1894 ἐπιγιῶναι
915 1827 982 1879 τὰ
1013 1825 1137 1879 κατ’
1164 1825 1364 1888 αὐτοὺς
1393 1826 1457 1878 ἐκ
1490 1824 1601 1877 τῶν
1641 1827 1769 1896 περὶ

1878 645 2011 685 vero
2041 630 2149 693 ilic,
2184 630 2273 683 ubi
2312 644 2568 700 magnum
2608 630 3150 703 ptilclierriiiitttitqtie
3212 635 3461 689 diverso-

1878 720 2023 774 rium
2049 721 2103 773 in
2132 719 2297 789 hujus
2319 720 2443 774 vita:
2476 719 2675 775 itinere
2711 722 2870 775 nobis
2929 722 3183 793 contigit,
3239 725 3462 777 deveni-

1879 826 2003 866 mus
2032 812 2098 865 ad
2144 811 2236 866 Dei
2289 811 2567 879 homines,
2620 828 2759 881 quos
2810 815 3027 881 quidem
3079 828 3255 884 neque
3307 815 3461 870 vivos

1877 920 2055 975 neque
2088 904 2341 961 cominus
2366 906 2613 976 aspicere
2643 910 2920 976 potuimus
2972 906 3101 975 (jam
3134 907 3269 961 satis
3313 909 3459 962 enim

1876 995 1971 1050 diu
2001 996 2108 1050 Deo
2130 996 2393 1067 adstant),
2428 997 2651 1052 historia
2705 1007 2914 1063 autem,
2939 998 3070 1053 licet
3099 1000 3281 1053 minus
3323 1014 3459 1052 enu-

1873 1091 2058 1153 cinne,
2082 1090 2299 1145 illorum
2342 1092 2658 1147 memoriam
2692 1093 2760 1149 ad
2802 1106 2988 1148 nosn-a
3035 1104 3283 1165 tempora
3318 1109 3455 1148 cou-

1873 1193 2139 1239 εει-νονιι.

1946 1362 2001 1413 5.
2031 1360 2163 1414 Cum
2229 1362 2394 1429 igitur
2450 1364 2568 1418 illos
2627 1376 2885 1420 accurate
2942 1382 3276 1436 cognoscere
3322 1382 3463 1437 opus

1874 1464 2048 1515 esset,
2090 1454 2235 1507 unde
2263 1455 2525 1509 nimirum
2564 1466 2617 1510 et
2643 1474 2671 1511 a
2702 1459 2905 1528 quibus
2932 1462 3182 1530 prognati
3246 1462 3376 1521 sint.
3403 1472 3461 1515 et

1875 1546 2037 1613 quale
2074 1560 2170 1615 pro
2214 1547 2321 1600 Deo
2345 1549 2711 1604 sustinuerint
2764 1559 3042 1605 certamen
3075 1550 3227 1621 (sunt
3275 1562 3460 1608 autem

1874 1636 2070 1692 fratres
2087 1638 2414 1703 Alexander,
2431 1640 2669 1710 Alpheus
2693 1652 2748 1696 et
2780 1642 3058 1708 Zosimus,
3082 1656 3349 1716 martyres
3373 1662 3466 1702 co-

1874 1732 2174 1800 gnominati
2209 1732 2501 1803 Calyteni),
2561 1749 2784 1804 operam
2842 1736 3093 1790 dedimus
3154 1747 3213 1790 ut
3267 1751 3459 1792 eorum

1876 1836 1965 1875 res
1999 1830 2183 1892 ge.tas
2208 1838 2313 1875 non
2354 1836 2461 1876 tam
2499 1838 2563 1877 ex
2599 1823 2941 1890 hominibus,
2996 1843 3164 1896 quam
3220 1829 3404 1897 potius
3432 1848 3464 1881 e

210 1920 407 1983 αὐτοὺς,
437 1920 541 1971 οῦκ
573 1917 883 1990 ἀνθρώπων
917 1917 1063 1985 λέγω
1090 1933 1103 1947 ⁸
1134 1918 1255 1981 πῶς
1290 1918 1401 1987 γὰρ
1429 1918 1531 1981 ἄνς
1582 1918 1646 1970 ὲκ
1694 1917 1769 1985 βι-

1880 1913 2035 1968 libris
2053 1914 2121 1968 de
2148 1915 2257 1969 illis
2293 1916 2625 1986 conscriptis
2656 1933 3138 1987 peruosceremus.
3168 1923 3308 1975 Ante
3335 1936 3461 1974 om-

211 2011 422 2079 σλιακῆς
464 2010 523 2062 δὲ
553 2013 902 2079 συγγραφῆς.
952 2009 1060 2062 Καὶ
1090 2008 1230 2070 τέως
1284 2009 1478 2078 πρῶτα
1524 2007 1769 2077 ζητήσας

212 2104 325 2170 ἐγὼ,
354 2103 451 2155 καὶ
483 2102 753 2171 μηδέποτε
794 2098 1002 2169 μαθὼν,
1036 2098 1209 2169 ὁποίῳ
1234 2098 1424 2169 τρόπῳ
1448 2096 1593 2166 ἅγιοι
1626 2092 1773 2150 οὗτοι

210 2197 296 2249 οὐκ
332 2196 648 2266 Εὐρωπαῖοι
679 2196 737 2247 ἐν
768 2192 1144 2265 Θεσσαλονίκῃ
1174 2192 1264 2246 διὰ
1292 2192 1541 2260 σπουδῆς
1568 2190 1773 2259 πολλῆς

213 2290 440 2357 ἐγένοντο
472 2287 619 2357 (ναός
648 2302 708 2337 τε
746 2284 854 2353 γάρ
880 2284 1064 2345 αὐτοῖς
1094 2284 1397 2353 ἐγήγερται
1424 2282 1647 2343 ἀστεῖος
1676 2280 1774 2332 καὶ

212 2378 298 2431 οὑκ
336 2378 554 2441 ἀνάξιος
580 2375 773 2440 λόγου,
828 2375 925 2426 καὶ
968 2376 997 2425 ό
1046 2374 1147 2436 τῆς
1197 2371 1593 2442 μητροπόλεως
1622 2364 1772 2432 οἶκος

213 2471 354 2522 αὐτὸν
387 2470 683 2539 ἀμφέπει),
741 2468 1148 2535 ἐστοχασάμην,
1203 2463 1491 2533 μετοίκους
1524 2464 1675 2523 τινάς
1707 2462 1774 2514 ἐκ

213 2563 295 2629 τῆς
321 2562 523 2624 Ἄσίας,
551 2554 632 2621 οἷς
661 2560 712 2611 oi
747 2558 979 2611 τοιοῦτοι
1002 2557 1149 2624 ἆγιοι
1180 2557 1410 2626 ἑγχωροι
1440 2551 1603 2626 ἦσαν,
1636 2571 1771 2608 κατ-

215 2656 415 2724 αρτίσαι
464 2654 596 2704 ποτὲ
649 2653 730 2712 είς
760 2652 861 2719 τὴν
892 2649 1159 2719 λαμπρὰν
1212 2647 1424 2716 ταύτην
1457 2646 1635 2710 πόλιν,
1678 2648 1776 2700 καὶ

214 2746 464 2816 ίνιδρύσαι
486 2743 665 2816 ταύτῃ
717 2743 779 2794 τὸ
832 2742 941 2795 τῶν
1001 2740 1252 2808 ἀθλητῶν
1311 2738 1539 2792 ἐκείνων
1589 2738 1776 2807 τίμιον

213 2838 361 2908 ὄνομα
396 2840 470 2899 είς
525 2836 885 2904 ἐξεικόνισμα
934 2834 1373 2904 παρακλήσεως,
1402 2830 1479 2893 ὡς
1513 2830 1582 2883 ἂν
1630 2827 1775 2882 οὕτω

212 2930 393 2981 δοκοῖεν
447 2932 522 2998 μὴ
576 2927 919 2995 μετανάσται
968 2925 1070 2993 τῆς
1120 2922 1455 2991 ἀνατολικῆς
1490 2915 1635 2974 εἶναι
1670 2936 1776 2972 πα-

212 3020 371 3088 τρίδος
409 3020 505 3071 καὶ
540 3017 835 3088 ἐπήλυδες,
864 3017 1002 3069 ἀλλὰ
1031 3016 1131 3085 τὴν
1161 3013 1330 3080 αὐτὴν
1363 3014 1461 3067 καὶ
1501 3012 1671 3066 πάλαι
1698 3013 1778 3065 οἰ-

218 3117 338 3169 κεῖν.
370 3116 461 3165 καὶ
512 3112 639 3173 τοὺς
688 3110 887 3171 αὐτοὺς
947 3108 1337 3178 θεομάρτυρας
1377 3108 1646 3168 δεσπότας
1677 3106 1775 3157 αὺ-

215 3223 333 3274 χειν.

1876 2007 1965 2060 uia
1989 2014 2173 2061 autem
2210 2008 2462 2077 quaasivi,
2495 2024 2672 2078 neque
2728 2012 3035 2080 comperire
3092 2014 3265 2081 potui,
3320 2014 3465 2065 umle

1875 2099 2081 2155 factum
2111 2102 2183 2155 sit
2220 2112 2277 2155 ut
2318 2102 2517 2166 sancti,
2582 2103 2710 2157 licet
2766 2117 2875 2157 nou
2936 2103 3208 2174 Europari,
3264 2120 3465 2173 magna

1874 2194 2191 2248 colerentur
2238 2195 2448 2248 honore
2502 2194 2910 2250 Thessalonicae
2961 2194 3245 2268 (templum
3302 2198 3451 2251 enim

1872 2286 2149 2355 egregium
2180 2296 2592 2356 memoratuque
2621 2286 2845 2356 dignum
2881 2287 2963 2343 eis
3013 2287 3326 2342 dedicatum
3349 2300 3455 2349 est,

1872 2385 2039 2445 atque
2079 2376 2444 2446 metropolens
2473 2377 2670 2431 domus
2700 2378 2832 2431 illud
2857 2378 3167 2447 veneratur)
3192 2395 3206 2431 :
3245 2377 3457 2448 conieci

1875 2469 2063 2537 igitur,
2100 2470 2243 2524 \irns
2275 2470 2564 2538 quosdam,
2597 2479 2914 2524 sanctormu
2967 2470 3188 2524 illorum
3228 2472 3461 2541 papula-

1876 2577 1985 2623 res,
2018 2562 2145 2615 olim
2180 2576 2247 2615 ex
2283 2562 2409 2615 Asia
2435 2560 2784 2615 incelebrem
2814 2560 2957 2616 banc
3013 2561 3201 2614 urbem
3270 2570 3455 2615 trans~

1875 2655 2162 2725 migrasse,
2189 2664 2241 2708 et
2277 2653 2647 2708 venerandum
2696 2654 2930 2709 istorum
2966 2654 3206 2723 pugilum
3259 2667 3455 2707 nomen

1874 2748 2267 2801 consolationis
2300 2760 2469 2801 causa
2504 2746 2612 2801 huc
2675 2744 2987 2813 pertulisse,
3056 2755 3117 2799 ut
3152 2746 3253 2799 hoc
3298 2744 3459 2797 modo

1876 2842 2191 2894 viderentur
2220 2856 2328 2893 non
2361 2840 2628 2917 alieni‘ex
2685 2840 2938 2894 orientali
2991 2839 3171 2909 patria
3237 2838 3460 2892 advena:

1873 2949 2018 2994 esse,
2054 2933 2145 2986 sed
2182 2932 2323 2987 banc
2352 2933 2542 2987 urbem
2592 2932 2898 3001 antiquitus
2951 2930 3194 2986 incolere
3246 2930 3463 3000 illisque

1880 3027 1969 3080 hei
2000 3026 2331 3095 martyribus
2367 3036 2627 3094 tauquam
2656 3025 2892 3081 dominis
2924 3023 3040 3078 suis
3071 3022 3319 3092 gloriari.

271 3296 306 3351 δ’
313 3338 326 3351 .
353 3299 455 3351 Καὶ
486 3298 648 3351 τοῦτο
694 3297 797 3365 μὲν
837 3293 1013 3357 οὕτως
1071 3295 1135 3346 ἐκ
1183 3294 1293 3348 τῶν
1329 3294 1561 3346 εἰκότων
1609 3292 1769 3343 κατέ.

1902 3317 1909 3349 l
1945 3299 2000 3352 4.
2032 3296 2158 3352 lliec
2188 3297 2356 3366 igitur
2383 3298 2485 3350 hoc
2520 3299 2682 3350 modo
2735 3295 3043 3350 secundum
3093 3294 3462 3349 verisimilitu-

217 3405 372 3460 στησα
403 3392 459 3444 ἐν
491 3392 640 3459 ἐμοὶ,
689 3391 788 3441 καὶ
844 3386 1167 3457 ἐμακάρισα
1218 3386 1348 3449 τοὺς
1377 3384 1580 3454 ἄνδρας
1625 3384 1771 3436 ἐκεί-

216 3496 343 3544 νους,
376 3479 441 3533 δι’
479 3473 558 3533 ὧν
589 3477 933 3547 μετακομιδή
969 3493 1054 3538 τις
1103 3474 1198 3527 καὶ
1233 3473 1374 3543 αὕτη
1420 3472 1769 3544 ἐσεμνύνατο

217 3572 486 3643 ἁγιαστικὴ
517 3573 629 3626 τῶν
666 3571 791 3625 καθ’
824 3570 993 3637 ἡμᾶς·
1028 3564 1149 3621 εἷτα
1178 3569 1275 3620 καὶ
1299 3567 1410 3620 τῶν
1432 3566 1597 3637 ίερῶν
1630 3584 1770 3620 πτυο

217 3667 331 3735 χίων
361 3668 683 3736 γενόμενος.
740 3658 823 3725 οἷς
882 3664 1217 3733 ἁνάγραπτα
1272 3659 1647 3715 ἐντετύπωται
1700 3660 1771 3712 τὰ

218 3756 310 3809 τῶν
336 3756 422 3808 τοῦ
448 3756 582 3808 θεοῦ
631 3755 807 3820 ἁγίων
833 3754 1041 3805 τούτων
1084 3753 1183 3806 καὶ
1211 3752 1455 3822 ὀνόματα
1481 3752 1576 3803 καὶ
1615 3750 1769 3803 πολι-

218 3848 453 3918 τεύματα,
479 3848 604 3904 καθ’
636 3848 694 3901 ἓν
728 3850 827 3917 μὲν
856 3848 1038 3900 αὐτῶν
1073 3845 1450 3914 σκιαγραφίαν
1485 3838 1646 3915 εὖρον
1669 3844 1769 3897 οὐκ

217 3944 573 4007 εὒδιάπτωτον,
606 3942 744 3995 ἀλλὰ
775 3941 961 4011 ἰσχνὴν
1006 3940 1187 4007 πάντη
1213 3939 1309 3990 καὶ
1337 3937 1620 4007 ἀμυδράνο
1653 3937 1771 3988 ἐτέ-

220 4053 286 4104 pip
322 4038 372 4088 δὲ
394 4037 635 4106 δευτέρῳ
670 4034 770 4103 τὴν
798 4034 929 4086 θέαν
965 4030 1251 4084 ἐπιϐαλὼν
1275 4029 1476 4099 ἔμαθόν
1508 4046 1564 4081 τι
1594 4028 1770 4081 εὐδια-

219 4130 543 4200 κριτώτερον.
582 4128 673 4190 Ὠς
709 4126 766 4179 δὲ
788 4126 885 4179 καὶ
910 4126 1095 4197 τρίτον
1126 4142 1181 4178 τι
1212 4123 1559 4194 τεθεώρηκα,
1596 4122 1767 4174 ἐπλαο

218 4221 385 4272 τύνατῦ
432 4238 519 4289 μοι
576 4218 648 4272 τὰ
712 4217 815 4288 τῆς
857 4217 1224 4283 διακρίσεως,
1282 4216 1376 4268 καὶ
1422 4214 1517 4268 τοῦ
1573 4213 1765 4267 λοιποῦ

219 4317 392 4381 σπόρον
424 4312 615 4366 τοῦτον
657 4310 1039 4380 πνευματικὸν
1090 4307 1304 4362 ἐκεῖθεν
1346 4307 1764 4376 ἐρανισάμενος,

218 4407 412 4476 κλὶτὴν
460 4405 702 4475 ψυχικὴν
754 4403 970 4456 αὔλακα
1022 4402 1234 4464 νεώσας
1289 4401 1365 4463 ὼς
1402 4402 1481 4462 εἰς
1509 4399 1768 4470 τρίπολον

218 4500 421 4569 ἄρουραν
450 4541 464 4563 ,
505 4500 741 4567 ἔρχομαι
794 4498 903 4550 ἰδοὺ
944 4496 1229 4565 σπείρων,
1274 4494 1652 4562 εὐαγγελικῶς
1692 4494 1768 4545 εί-

1871 3383 2055 3438 dinem
2092 3386 2237 3453 apud
2272 3398 2359 3438 me
2389 3384 2646 3438 constitui
2686 3392 2740 3437 et
2773 3383 2968 3439 beatos
2997 3386 3285 3452 praedicari
3312 3387 3458 3440 viros

1875 3477 1996 3531 illos
2016 3477 2109 3546 qui
2140 3476 2299 3531 nobis
2327 3479 2465 3530 lianc
2500 3493 2614 3531 rem
2644 3477 3012 3531 venerandam
3073 3487 3455 3548 apportarunt.

1877 3570 1977 3625 Ubi
2020 3580 2203 3625 autem
2234 3585 2392 3626 sacra
2426 3571 2601 3626 evolvi
2634 3569 2938 3636 volumina,
2970 3570 3174 3640 quibus
3233 3579 3457 3625 saneto~

1874 3680 1996 3718 rum
2030 3673 2085 3719 et
2115 3664 2339 3719 nomina
2366 3672 2421 3717 et
2455 3679 2543 3718 res
2593 3671 2757 3733 gestae
2814 3672 3171 3724 enarrantur,
3224 3663 3281 3716 in
3345 3677 3457 3718 uno

1872 3755 2092 3811 illorum
2122 3757 2303 3810 inveni
2326 3754 2847 3825 descriptiunculam
2874 3769 3059 3809 veram
3078 3756 3322 3825 quidem,
3362 3758 3459 3811 sed

1872 3851 2168 3904 obscuram
2194 3848 2359 3902 simul
2395 3858 2451 3903 et
2508 3848 2676 3903 nimis
2738 3848 3121 3903 succinctam:
3169 3861 3459 3917 postquam

1875 3942 2111 3996 alterum
2171 3942 2408 4011 inspexi,
2443 3940 2689 4011 planiora
2722 3950 2776 3996 et
2806 3941 3101 4009 prolixiora
3159 3943 3463 4011 deprehen-

1870 4033 1949 4087 di.
2008 4032 2144 4087 Cum
2179 4043 2361 4087 autem
2393 4033 2459 4085 ad
2484 4032 2705 4086 tertium
2745 4032 3126 4097 accessissem,
3158 4031 3345 4085 omnia
3392 4031 3459 4085 ad

1872 4140 1987 4178 rem
2039 4125 2463 4194 dignoscendam
2507 4124 2819 4179 necessaria
2864 4124 3062 4192 reperi.
3086 4123 3268 4190 Quare
3291 4139 3459 4186 nunc,

1871 4216 2084 4271 semine
2109 4217 2201 4271 illo
2231 4216 2503 4285 spirituali
2536 4216 2687 4270 illinc
2709 4218 2902 4286 petito,
2944 4224 3000 4271 et
3026 4217 3225 4271 anima:
3284 4217 3457 4272 sulcis

1872 4310 2043 4365 veluti
2085 4309 2151 4363 ad
2213 4323 2447 4364 messem
2506 4309 2771 4373 triplicem
2835 4310 3175 4378 praeparatis,
3239 4311 3455 4374 adsum,

1875 4414 1933 4454 ut
1977 4401 2291 4468 evangelice
2341 4400 2553 4469 loquar,
2609 4403 2673 4452 :ul
2725 4401 3099 4454 seminaudam
3154 4413 3455 4456 set..-entem

1875 4508 2075 4554 lateam,
2099 4494 2563 4561 quemadmodum
2601 4492 2837 4560 agricola
2870 4492 3109 4546 cwlvsuis
3144 4494 3208 4546 ad
3247 4509 3449 4547 munus

219 4594 340 4652 πεῖν,
368 4592 456 4644 τοῦ
487 4595 705 4660 σπεῖραι
737 4590 829 4643 τὸν
864 4590 1068 4659 σπόρον
1098 4585 1258 4656 ἐμοῦ,
1285 4586 1359 4649 ὡς
1381 4589 1409 4638 ὁ
1448 4586 1767 4653 ἐπουράνιος

1877 4587 1980 4638 boc
2024 4587 2370 4647 subeundum
2422 4586 2672 4639 dot-trina
2714 4583 2783 4639 ad
2838 4585 3050 4640 fructus
3100 4585 3456 4656 proferendos

218 4684 429 4753 γεωργὸς
460 4685 540 4746 είς
580 4685 780 4751 τέχνην
807 4681 1018 4751 ταύτην
1072 4678 1400 4733 συνεϐίὸασε
1437 4679 1629 4746 λόγους
1678 4680 1764 4729 ἐν-

219 4774 312 4839 θείς
355 4795 435 4846 μοι
477 4776 909 4846 σπερματικούς.

280 4876 332 4924 ε’.
359 4872 477 4932 Teii;
507 4868 823 4939 εἰρημένοις
876 4868 1026 4937 τρισὶ
1074 4865 1532 4935 μεγαλομάρτυσι
1563 4862 1765 4932 πατρὶς

222 4960 434 5023 Κάλυτος
462 5002 474 5026 ,
517 4964 551 5031 ἡ
582 4960 729 5014 κατὰ
758 4960 980 5028 ἐτέρους
1009 4957 1258 5025 Καλύτη’
1302 4958 1397 5009 καὶ
1431 4954 1670 5008 Καλυτὼ
1699 4955 1758 5008 δὲ

223 5054 343 5106 ἄλλοι
369 5055 461 5124 τὴν
500 5053 759 5122 τοιαύτην
811 5051 1098 5104 καλεῖσθαι
1150 5050 1416 5112 θέλουσι,
1456 5049 1652 5118 κώμην
1676 5048 1765 5101 οὗ·

224 5162 304 5196 σαν
337 5147 679 5217 Ἀντιοχείας,
720 5145 892 5213 αὐτῆς
918 5144 975 5196 δὲ
1015 5142 1139 5195 οὕτε
1188 5142 1286 5211 τῆς
1310 5141 1610 5212 Συριακῆς,
1642 5141 1765 5194 οὐδὲ

228 5236 313 5303 μὴν
345 5236 497 5305 ἀλλης
528 5237 697 5300 τινὸς,
731 5236 789 5286 αἳ
824 5233 890 5303 δὴ
918 5232 1117 5286 πολλαὶ
1162 5232 1471 5285 κοινοῦνται
1520 5230 1620 5298 τὴν
1651 5247 1762 5282 τοι·

226 5326 368 5394 αὐτην
398 5327 607 5397 κλῆσιν,
664 5323 801 5378 ἀλλὰ
841 5323 942 5391 τῆς
1000 5324 1133 5392 περὶ
1190 5322 1466 5383 Πισιδίαν,
1508 5324 1619 5373 εἴτε
1656 5321 1764 5391 μὴν

225 5416 653 5485 ΐρνγογαλατίαν.
688 5417 887 5479 Ἔθνος
907 5416 964 5469 δὲ
992 5418 1041 5467 oi
1080 5414 1294 5467 Πισίδαι
1323 5414 1601 5485 βάρϐαρον
1639 5416 1762 5483 μὲν,

231 5510 503 5579 ’τερξφημον
557 5512 639 5573 δὲ,
675 5508 770 5572 οὒς
805 5509 962 5575 λόγος
1016 5508 1110 5560 καὶ
1156 5506 1443 5576 Σολύμους
1477 5506 1763 5560 καλεῖσθαί

231 5614 348 5651 ποτε.
385 5602 443 5653 Ἠ
490 5602 715 5670 τοιαύτη
760 5600 985 5668 Καλύτη
1029 5600 1269 5667 ἀγαθοὺς
1301 5599 1531 5662 τούτους
1570 5602 1764 5669 κωμὴ-

224 5706 303 5746 τις
333 5694 570 5763 ήνεγκεν,
604 5694 836 5755 ἀστείως
868 5691 1525 5760 πεπολιτογραφημένους
1552 5691 1631 5755 εἰς
1664 5690 1763 5761 τὴν

228 5784 315 5832 inn
347 5787 690 5855 μητρόπολιν.
735 5787 844 5837 Καὶ
880 5787 938 5835 τὸ
980 5784 1442 5851 πολιτογράφημοι
1490 5778 1558 5852 ἦν
1586 5784 1765 5835 τοιοί-

226 5888 319 5927 τον.

505 5972 771 6032 Pyram"
813 5972 928 6030 Gn.
979 5966 1317 6027 CXXXVI.

1872 4678 2071 4732 idonea
2137 4693 2221 4731 me
2255 4679 2533 4731 instruxit.

1940 4850 1995 4902 5.
2030 4847 2151 4901 Fuit
2179 4857 2362 4901 autem
2410 4847 2589 4901 tribus
2646 4846 2752 4902 illis
2798 4846 3132 4914 martyribus
3178 4846 3455 4914 praeclaris

1869 4940 2045 5010 patria
2066 4940 2310 5010 Calytus,
2344 4940 2425 4993 vel
2449 4939 2752 4994 secundum
2787 4939 2927 4993 alios
2949 4938 3162 5009 Calyta,
3180 4940 3264 4991 vel
3287 4940 3451 4993 etiam

1866 5033 2060 5104 Calyto
2091 5034 2176 5101 (ut
2204 5031 2426 5101 quidam
2461 5031 2692 5102 volunt),
2729 5030 3059 5086 suburbium
3120 5029 3451 5093 Antiochia},

1871 5144 1978 5184 non
2010 5126 2232 5197 quidem
2267 5125 2505 5196 Syriacae
2528 5136 2620 5178 aut
2646 5126 2789 5179 alius
2825 5125 2978 5180 urbis
3022 5124 3335 5194 cujusdam,
3381 5127 3453 5178 si-

1870 5221 2090 5291 quidem
2122 5219 2309 5271 multze
2338 5216 2751 5285 lioqinsignita:
2795 5220 3145 5287 reperiuntur
3207 5218 3447 5279 nomine,

1867 5314 1963 5368 sed
1990 5312 2297 5366 Antiochiae
2326 5312 2379 5365 in
2411 5310 2611 5364 Pisidia
2664 5309 2780 5365 sive
2829 5309 3246 5379 Pbrygogalatia
3311 5310 3446 5363 sitaz.

1865 5406 2016 5462 Gens
2041 5422 2204 5477 porro
2233 5402 2541 5459 Pisidarum
2567 5403 2801 5457 barbara
2837 5402 3085 5471 quidem,
3120 5400 3213 5455 sed
3262 5414 3452 5467 [ιρι-ειε-

1870 5500 2059 5562 lebris,
2103 5499 2233 5554 olim
2288 5496 2635 5568 Solymorum
2681 5495 2952 5552 vocabulo
3003 5492 3272 5562 appellata
3328 5502 3455 5545 esse

1866 5596 2089 5651 dicitur.
2138 5590 2249 5645 llos
2276 5590 2468 5659 Calyta
2490 5589 2613 5643 tulit
2647 5589 2842 5643 heroas
2873 5584 3185 5656 prmcluros.
3217 5582 3269 5633 in
3323 5597 3455 5634 cen-

1868 5704 1985 5741 sum
2010 5685 2211 5740 civium
2237 5680 2477 5737 cmlestis
2515 5680 2882 5749 metmpoleos
2906 5676 3193 5743 ascriptos.
3223 5672 3289 5727 Et
3363 5671 3452 5726 hic

1871 5780 1970 5833 fuit
1994 5790 2209 5830 cetisus.

2994 5942 3034 6003 9
