3864 6552
439 417 552 483 267
1161 412 1579 474 EUSTATHII
1619 405 2381 471 THESSALONICENSIS
2421 403 2989 468 METROPOLITIE
3586 410 3689 472 ‘268

509 525 566 580 6.
589 521 817 580 Vivebat
857 521 917 576 in
937 520 1032 577 illa
1085 535 1308 590 regione
1344 517 1562 574 Marcus
1589 517 1836 588 quidam,
1897 513 2016 583 qui,

2191 521 2267 580 ς’.
2298 515 2525 584 Μαρκος
2571 509 2640 582 ἦν
2689 531 2774 577 τις
2825 516 2886 568 ἐν
2930 515 3046 578 τοῖς
3072 513 3190 567 ἐκεῖ
3224 513 3387 584 ἀνὴρ.
3420 515 3469 567 εί
3497 517 3594 569 καὶ
3621 520 3688 585 μὴ

435 618 561 673 licet
582 617 724 672 haud
752 612 1163 670 saeerdotaliter
1201 619 1426 673 unctus,
1454 617 1635 663 tamen
1661 607 1802 660 inter
1849 604 2020 659 laicos

2131 609 2482 678 κεχρισμένος
2516 609 2839 676 ἱερατικῶς,
2875 607 3050 668 ἄλλως
3077 607 3123 660 δ’
3165 604 3260 661 οὖν
3291 608 3349 658 ἐν
3380 607 3582 670 λαῐκοῖς
3609 626 3689 662 τε·-

437 710 546 766 Deo
577 716 930 766 consecratus
969 713 1023 760 et
1051 703 1282 775 gratiam
1339 700 1608 755 divinitus
1647 706 1846 752 nactus
1904 703 2022 750 erat

2131 702 2439 770 τελεσμᾶνος
2487 702 2565 770 τῷ
2619 701 2763 772 Θεῷ,
2812 701 2908 755 καὶ
2961 701 3128 772 χάριν
3190 701 3252 766 ἐξ
3309 700 3520 754 ἐκείνου
3557 702 3688 771 σχὼν

437 801 812 873 apostolicam,
845 814 949 869 qua
987 805 1272 862 permotus
1295 793 1366 849 ab
1395 791 1541 847 omni
1574 789 1840 860 pravitate
1898 801 2024 856 quae

2131 780 2508 866 ὶποστολικήν·
2558 793 2630 847 δι’
2679 790 2748 867 ἦς
2807 793 3156 864 ἐπιθυμήσας
3211 793 3687 863 ἀνακεχωρηκέναι

437 895 610 949 civem
649 892 761 948 Deo
807 905 1064 960 perosum
1119 889 1321 954 reddit,
1377 885 1633 940 recedere
1679 880 2020 940 desideravit

2131 886 2252 939 ποτὲ
2305 887 2561 955 ἁπάσης,
2619 881 2688 957 ἦς
2763 885 2796 955 ἡ
2849 885 3126 955 φαυλότης
3187 883 3412 954 πολίτην
3459 885 3687 954 παράγει

437 1001 608 1056 seque
637 985 692 1040 in
724 986 840 1039 loca
864 981 1097 1038 contulit
1128 981 1368 1043 deserta,
1404 976 1496 1032 ubi
1519 976 1615 1031 Dei
1647 975 1846 1042 planta:
1870 976 2018 1030 haud

2131 979 2456 1049 μισούμενον
2497 977 2640 1048 Θεῷ,
2674 978 2904 1048 ἐρήμοις
2930 978 3118 1039 τόποις
3150 976 3450 1030 ἐκδέδωκεν
3481 977 3684 1040 ἐαυτὸν,

439 1095 566 1133 raro
596 1078 937 1132 incrementa
963 1075 1211 1143 capiunt.
1255 1069 1528 1124 Montibus
1548 1067 1695 1122 enim
1750 1067 2024 1138 gaudebat

441 1171 496 1226 in
528 1170 727 1239 quibus
750 1168 912 1222 etiam
973 1179 1165 1234 greges
1187 1161 1356 1216 divini
1407 1160 1607 1214 nutriri
1665 1161 1809 1215 haud
1864 1158 2021 1213 dedi-

437 1275 692 1337 gnantur.
723 1260 984 1330 siquidem
1009 1257 1060 1309 iu
1089 1255 1283 1309 iisdem
1328 1253 1491 1307 etiam
1543 1253 1762 1309 Veteris
1827 1251 2022 1305 Testao

428 1356 608 1412 menti
639 1351 806 1414 atavi,
840 1348 994 1413 Abel,
1027 1346 1324 1416 prophetae,
1364 1345 1556 1407 David,
1582 1355 1636 1399 et
1671 1344 1804 1396 Novi
1831 1340 2023 1397 Frede-

443 1446 523 1502 ris
577 1444 770 1499 cei-bes
806 1440 978 1493 sancti
1041 1450 1341 1504 eorumque
1395 1435 1530 1489 socii
1583 1432 1890 1488 rationabili
1933 1446 2023 1497 pa-

433 1537 627 1594 scendi
665 1535 830 1588 modo
866 1532 1172 1585 doctrinam
1201 1528 1542 1598 spiritualem
1576 1525 1916 1580 tradiderunt
1937 1532 2023 1577 at-

438 1646 548 1701 que
571 1627 976 1697 cxplicuerunt,
1003 1619 1321 1676 carnalibus
1366 1617 1672 1686 spiritualia
1690 1624 2022 1685 exponentes

434 1729 493 1777 et
559 1726 754 1789 praeter
808 1712 1054 1782 corporis
1109 1710 1328 1766 labores
1388 1708 1626 1763 divinam
1709 1707 2019 1762 animarum

440 1811 825 1884 perfectionem
881 1806 1194 1861 edocentes.
1264 1799 1357 1856 Sic
1422 1801 1682 1870 pascebat
1739 1797 1831 1854 Dei
1884 1814 2020 1855 oves

437 1863 739 1976 agnosque,
797 1897 1129 1968 cupiditates
1185 1863 1592 1949 irrationabiles
1666 1889 1884 1957 stolide,
1938 1890 2015 1945 uti
2051 1863 2092 1923 Β

440 1997 552 2052 fors
583 1992 789 2053 tulerit,
817 1991 1278 2043 circumerrantes
1297 1984 1666 2054 pabulumque
1684 1991 2016 2052 quaerentes,

441 2082 1018 2156 saltusquedelicatos.
1061 2091 1399 2148 persequens
1454 2077 1655 2144 (neque
1716 2075 1861 2128 enim
1926 2074 2018 2142 qui

440 2179 643 2236 saliunt
702 2176 770 2230 ad
823 2174 1026 2228 bonum
1097 2171 1258 2223 linem
1322 2167 1679 2237 perungunt).
1761 2174 2018 2234 praeterea

441 2272 692 2329 homines
715 2267 992 2337 simplices
1022 2273 1076 2319 et
1095 2261 1188 2332 qui
1215 2275 1312 2332 per
1343 2261 1508 2315 vitam
1531 2262 1620 2314 Dei
1650 2260 1827 2329 gratia
1871 2261 2018 2329 pas-ri

439 2365 781 2422 desiderant.

509 2545 567 2599 7.
601 2542 706 2598 Sed
737 2545 854 2595 luce
884 2536 1092 2607 tropice
1120 2534 1268 2590 dicta
1300 2540 1431 2588 sunt
1461 2541 1517 2587 et
1553 2532 1927 2601 metaphorice
1955 2533 2022 2587 de

441 2645 663 2706 pastore
696 2635 881 2687 ovium
911 2631 1020 2684 Deo
1072 2627 1267 2681 charo.
1320 2624 1537 2680 Marcus
1599 2634 1804 2686 autem,
1863 2626 2022 2692 cujus

443 2729 552 2784 vita
592 2726 784 2796 paucis
812 2719 1214 2788 verbisnequit
1261 2717 1517 2784 describi,
1567 2727 1625 2772 et
1685 2717 1803 2786 ipse
1853 2717 2023 2770 ratio-

446 2819 643 2877 nabilis
670 2823 861 2887 pastor
892 2813 1018 2878 fuit,
1059 2810 1326 2866 montium
1359 2809 1571 2865 amicus
1599 2817 1654 2864 et
1702 2809 1886 2879 gregis
1928 2809 2017 2863 sui

446 2911 750 2973 studiosus,
786 2909 859 2963 ita
891 2915 951 2960 ut
995 2904 1350 2972 semetipsum
1423 2901 1642 2972 penitus
1698 2901 2020 2971 negligcrct,

446 3019 780 3074 munereque
810 2999 1066 3072 pastorali
1125 2996 1266 3053 baud
1303 2996 1358 3050 iu
1392 3010 1549 3050 suum
1579 2995 1750 3064 ipsius
1781 3007 2025 3049 commo-

444 3100 574 3154 dum
601 3096 936 3162 fungeretur,
962 3090 1054 3145 sed
1087 3086 1269 3143 omnia
1291 3101 1388 3156 pro
1415 3087 1504 3140 Dei
1527 3085 1792 3140 fratribus
1817 3084 2022 3141 faceret

2120 1075 2178 1127 ἐν
2223 1069 2304 1134 οἷς
2336 1075 2428 1125 καὶ
2475 1071 2612 1126 Θεοῦ
2654 1073 2798 1140 φυτὰ
2830 1071 3091 1132 πολλάκις
3133 1069 3467 1139 κηπεύεται.
3502 1071 3684 1139 Ὀρεσι

2121 1163 2232 1232 γὰρ
2263 1162 2505 1231 ἔχαιρεν,
2536 1157 2618 1222 οἷς
2653 1162 2750 1214 καὶ
2779 1163 2897 1215 θεῖα
2949 1159 3311 1228 ἐντρέφεσθαι
3339 1159 3569 1229 ποίμνια
3594 1159 3685 1211 οὐκ

2121 1249 2480 1316 ἁπαξιοῦσιν,
2517 1252 2572 1301 ἐν
2602 1250 2738 1312 οἵοις
2773 1252 2871 1303 καὶ
2899 1250 2949 1304 oi
2996 1249 3096 1317 τῆς
3124 1250 3294 1303 πάλαι
3341 1249 3687 1315 πρωτόγονοι⁹

2126 1341 2293 1395 Ἅϐελ
2343 1344 2438 1394 καὶ
2496 1343 2546 1394 οἱ
2598 1341 2923 1410 προφῆται,
2969 1340 3134 1394 Δαυῖδ
3169 1341 3265 1394 καὶ
3309 1340 3361 1392 οἱ
3400 1343 3501 1408 τῆς
3549 1340 3683 1398 Νέας

2123 1437 2260 1504 ἱεροὶ
2301 1437 2680 1507 σπυρίδιυνες,
2735 1436 2831 1489 καὶ
2886 1436 3002 1488 ὅσοι
3059 1435 3182 1488 κατ’
3239 1435 3441 1495 αὐτοὺς
3471 1435 3538 1502 τῇ
3568 1432 3680 1485 κατ’

2120 1529 2380 1599 αἴσθησιν
2436 1529 2772 1599 ποιμαντικῆ
2830 1528 2929 1599 τὴν
2962 1529 3106 1582 κατὰ
3157 1526 3386 1596 Πνεῦμα
3416 1525 3684 1592 ἐνέφαινον

2119 1625 2216 1677 καὶ
2259 1621 2762 1693 παρεδειγμάτιζον
2794 1662 2808 1684 ,
2857 1617 3264 1682 διδασκαλικῶς
3324 1618 3685 1686 αἰνιττόμενοι

2118 1719 2232 1779 τοῖς
2259 1717 2400 1770 κατὰ
2430 1715 2612 1784 σάρκα
2641 1715 2713 1768 τὰ
2752 1712 3132 1784 πνευματικά,
3156 1716 3252 1768 καὶ.
3297 1711 3376 1781 τῷ
3402 1710 3500 1765 τοῦ
3532 1711 3684 1778 ἔργου

2124 1805 2336 1875 σώματι
2367 1803 2949 1876 συμπαραδεικνύντες
2985 1801 3084 1857 καὶ
3121 1803 3222 1872 τὴν
3268 1801 3420 1854 θείαν
3455 1801 3514 1852 ἐν
3550 1800 3684 1871 ψυχῇ

2123 1898 2463 1967 τελειότητα.
2492 1898 2602 1950 Καὶ
2623 1895 2795 1957 οὕτως
2827 1895 3120 1964 ἐποίμαινε
3151 1893 3406 1963 πρόϐατα
3436 1892 3571 1946 Θεοῦ
3598 1895 3684 1944 καὶ

2121 1994 2320 2063 ἄρνια,
2352 1991 2561 2060 ὀρέξεις
2618 1991 2940 2058 ἀλογίστους
2998 1989 3290 2059 εὐηθικῶς,
3347 1989 3474 2041 ὅποι
3522 1986 3682 2055 τύχοι,

2124 2083 2492 2154 ρεμϐομένας,
2553 2083 2629 2146 ὡς
2693 2081 3039 2153 βόσκεσθαι,
3095 2081 3192 2134 καὶ
3240 2080 3589 2150 σκιρτήματα
3635 2079 3686 2132 δὲ

2125 2173 2314 2228 ἁπαλὰ
2341 2174 2556 2229 διώκων
2588 2173 2711 2241 (οὐκ
2737 2175 2795 2228 ἐν
2821 2171 2973 2241 καλῷ
3007 2171 3370 2243 ἀρνευτῆρες.
3391 2171 3470 2232 ώς
3502 2170 3686 2232 εἰπεῖν,

2123 2267 2310 2320 πολλοὶ
2343 2265 2818 2333 ἀπεκϐαίνουσιν),
2877 2263 2959 2318 ἔτι
2987 2281 3051 2330 γε
3089 2263 3196 2332 μὴν
3239 2263 3334 2315 καὶ
3376 2260 3688 2331 ἀνθρώπους

2122 2358 2418 2421 ἁπλοῖκους
2446 2397 2463 2423 ,
2497 2358 2575 2421 ὡς
2629 2359 2800 2420 εἰκὸς,
2857 2358 2956 2410 καὶ
3004 2356 3150 2420 οἴους
3202 2353 3414 2408 ἐθέλειν
3465 2354 3553 2407 διὰ
3581 2353 3686 2425 βίου

2123 2451 2510 2523 ποιμαίνεσθαι
2539 2451 2704 2521 χάριν
2733 2449 2897 2504 Θεοῦ.

2195 2546 2261 2610 ζ’.
2309 2546 2471 2601 Ἀλλὰ
2528 2544 2706 2598 ταῦτα
2764 2545 2864 2614 μὲν
2905 2541 3341 2614 τροπολογικῶς,
3401 2541 3482 2604 ὡς
3522 2542 3584 2596 άν
3610 2557 3687 2605 τις

2120 2640 2372 2710 ἀναγάγῃ
2412 2637 2644 2707 θεοφιλῆ
2693 2635 2936 2706 ποιμένα
2979 2634 3292 2704 προϐάτων.
3333 2633 3394 2687 '0
3444 2634 3501 2686 δέ
3545 2634 3690 2702 Μάρ-

2120 2750 2238 2797 κος,
2285 2733 2346 2786 δν
2397 2731 2501 2784 ούκ
2545 2731 2663 2783 ἐστι
2696 2728 2786 2782 διὰ
2841 2727 3074 2798 βραχέος
3127 2727 3365 2796 ἀγαγεῖν
3391 2725 3574 2793 λόγου,
3604 2727 3690 2779 καὶ

2121 2826 2259 2899 πρὸς
2307 2823 2562 2893 αἴσθησιν
2615 2821 2712 2876 καὶ
2766 2820 2933 2883 αὐτὸς
2967 2820 3279 2888 ποιμαίνων
3309 2814 3402 2889 ἦν,
3434 2820 3530 2871 καὶ
3559 2816 3692 2871 οὕτω

2122 2915 2363 2985 φιληδῶν
2390 2913 2568 2984 ὄρεσι.
2606 2913 2706 2966 καὶ
2741 2910 3080 2982 θρεμμάτων
3114 2910 3221 2963 τῶν
3251 2909 3425 2962 αὑτοῦ
3467 2907 3689 2977 μελόμε-

2121 3025 2232 3072 νος,
2276 3003 2455 3074 ἐαυτῷ
2493 3004 2551 3057 δέ
2607 3003 2804 3056 οὔκουν
2855 3002 3200 3072 ἐπιστρεφῶς
3249 2999 3410 3071 ἔχων,
3454 3001 3535 3052 ὅτι
3569 2998 3692 3068 μηδὲ

2122 3097 2261 3167 πρὸς
2289 3095 2480 3165 κέρδος
2509 3095 2708 3149 οἰκεῖον
2735 3093 3077 3162 ἐποίμαινεν,
3102 3091 3242 3146 ἀλλὰ
3275 3094 3387 3154 τοῖς
3435 3090 3532 3144 τοῦ
3569 3089 3690 3143 Θεοῦ

446 3205 651 3261 eosque
683 3188 761 3242 sic
793 3186 901 3240 Deo
937 3185 1266 3238 lucraretur.
1295 3179 1481 3250 Neque
1519 3178 1684 3250 igitur
1735 3188 1884 3233 veste
1941 3178 2022 3232 iu-

2131 3188 2376 3256 ἀδελφοῖς
2411 3187 2679 3252 ἐπονεῖτο,
2725 3186 2823 3240 καὶ
2851 3185 2919 3238 δι’
2951 3185 3131 3239 αὐτῶν
3174 3183 3416 3246 ἐδάνειζε
3447 3183 3526 3252 τῷ
3560 3183 3689 3251 Θεῷ.

443 3283 613 3339 dutus
643 3279 1033 3350 eratpulcbra,
1078 3291 1257 3346 neque
1290 3275 1476 3330 carnis
1533 3274 1866 3345 voluptatem
1926 3288 2022 3327 cu-

443 3373 622 3435 rabat,
655 3386 845 3441 quare,
863 3370 1039 3436 capite
1063 3380 1289 3436 prorsus
1312 3364 1581 3427 tiealecto.
1602 3366 1827 3434 capillos
1860 3365 2024 3420 libere

445 3479 695 3522 crescere
729 3473 892 3529 atque
959 3460 1239 3514 luxuriare
1297 3458 1534 3512 sinebat.
1599 3458 1672 3511 Ita
1743 3458 2021 3512 caesariem

449 3561 658 3616 videres
682 3557 916 3612 crinium
952 3554 1306 3610 subalborum
1338 3552 1404 3607 ad
1436 3553 1574 3607 talos
1595 3568 1764 3620 usque
1788 3553 2026 3606 delinen-

447 3653 658 3708 temJn
689 3649 783 3704 tali
826 3656 1007 3702 autem
1080 3646 1410 3714 capillorum
1481 3643 1828 3699 densitudine
1879 3643 2022 3698 baud

448 3761 648 3815 paucas
701 3743 1058 3800 animalculas
1145 3739 1347 3795 vixisse
1409 3750 1669 3808 perquam
1735 3737 2026 3794 verisimile

447 3844 555 3893 est.

520 4019 575 4078 8.
600 4015 718 4072 Tali
749 4016 915 4087 igitur
953 4016 1096 4071 inter
1128 4017 1367 4084 aquaics
1398 4012 1630 4080 insignis
1661 4011 1762 4064 fuit
1816 4009 2027 4067 Marcus

448 4109 690 4176 caesarie,
714 4124 838 4178 qua:
869 4123 979 4162 non
1015 4106 1216 4171 solum,
1239 4107 1369 4160 dum
1431 4104 1520 4159 ille
1577 4102 1808 4167 viveret,
1855 4103 2028 4156 admi-

449 4203 618 4260 randa
643 4212 760 4258 erat
780 4211 946 4270 atque
983 4195 1388 4270 spectatoribus
1413 4203 1700 4263 stuporem
1723 4193 2026 4264 injiciebat,

448 4295 544 4352 sed
572 4295 736 4351 etiam
766 4302 885 4362 post
912 4293 1031 4358 ejus
1063 4300 1292 4344 mortem
1352 4285 1670 4344 evertendis
1735 4287 2026 4342 destruen-

2126 3280 2265 3336 Οῦτε
2315 3279 2500 3335 τοίνυν
2551 3276 2813 3342 εύστολος
2869 3273 2939 3348 ἦν
2970 3276 3070 3348 τὴν
3113 3275 3434 3348 περιϐολὴν,
3468 3277 3560 3330 καὶ
3583 3275 3691 3328 οὐδὲ

2124 3373 2226 3441 τὴν
2289 3372 2470 3441 σάρκα
2515 3368 2846 3440 θεραπεύειν
2888 3369 3048 3439 ἤθελε
3087 3371 3377 3440 τρυφερῶς
3413 3387 3427 3402 ο
3479 3371 3560 3424 διὸ
3610 3371 3693 3424 καὶ

2125 3467 2226 3536 τὴν
2247 3461 2492 3532 κεφαλὴν
2521 3463 2737 3533 ἀφῆκεν
2789 3464 2994 3531 ἑαυτῆς
3031 3459 3199 3526 εἶναι,
3247 3463 3342 3518 καὶ
3395 3462 3694 3534 περιουσιάο

2127 3558 2317 3624 {saliat
2347 3556 2490 3609 κατὰ
2532 3555 2718 3624 μόνας,
2771 3555 2871 3608 ὅσα
2910 3554 3086 3608 ἐθέλοι
3132 3555 3296 3625 αὐτή.
3347 3557 3544 3625 Λόχμη
3577 3555 3691 3623 γοῦν

2127 3648 2484 3720 ἐσχεδιάζετο
2533 3647 2660 3702 κατ’
2713 3647 2885 3717 αὐτὴν
2914 3647 3125 3717 τριχῶν
3169 3648 3502 3710 διαλεύκων,
3531 3650 3696 3718 χαλω-

2131 3743 2268 3812 μένη
2303 3743 2407 3805 ἕως
2436 3743 2532 3796 καὶ
2585 3743 2668 3802 είς
2723 3741 2970 3811 πτέρνας
3017 3741 3210 3806 αὑτάς.
3247 3745 3312 3796 Ei
3353 3742 3413 3795 δὲ
3452 3743 3547 3796 καὶ¹
3591 3743 3692 3803 ζῶα

2129 3835 2299 3906 συχνὰ
2331 3833 2578 3903 κεφαλῆς
2619 3836 2654 3904 ἡ
2682 3836 2908 3905 τοιαύτη
2935 3835 3198 3906 λασιότης
3229 3835 3488 3906 ἔτρεφεν.
3511 3837 3607 3890 οὐκ
3633 3835 3693 3888 ἂν

2125 3926 2357 3990 ἀπεικὸς
2383 3928 2468 3996 εἴη
2503 3925 2898 3996 στοχάσασθαι.

2197 4017 2272 4088 η’.
2326 4018 2436 4071 Καὶ
2466 4013 2536 4088 ἦν
2580 4016 2660 4088 τῷ
2692 4017 2910 4088 Μάρκῳ
2947 4021 3281 4090 παράσημον
3337 4021 3398 4074 ἐν
3432 4025 3543 4084 τοῖς
3585 4021 3691 4074 τότε

2128 4111 2445 4180 σωματικὸν
2485 4112 2516 4176 ἡ
2572 4111 2800 4180 τοιαύτη
2855 4111 2958 4180 τῆς
3001 4111 3248 4182 κεφαλῆς
3298 4112 3560 4183 τρίχωσις
3605 4112 3692 4181 τῆς

2128 4205 2226 4257 καὶ
2263 4205 2320 4256 ὲν
2366 4202 2480 4272 ζωῇ
2514 4199 2855 4271 θαυμασίας,
2910 4203 3009 4255 καὶ
3061 4205 3182 4263 οἵας
3229 4202 3556 4274 ἐκπλήττειν
3576 4202 3692 4262 τοὺς

2133 4295 2360 4361 θεατὰς,
2412 4293 2512 4347 καὶ
2561 4294 2700 4364 μετὰ
2731 4295 2964 4348 θάνατον
2989 4297 3284 4364 τεραστίας
3324 4297 3501 4360 ἄλλως
3529 4297 3611 4350 διὰ
3639 4296 3694 4349 τδ

450 4390 639 4457 disque
663 4384 1007 4442 darmouibus
1034 4381 1292 4452 pollebat.
1328 4380 1596 4435 Nimirum
1623 4379 1804 4450 Magni
1862 4379 2022 4450 jussu

2131 4389 2464 4441 καταπονεῖν
2514 4386 2798 4456 δαίμονας.
2835 4388 3122 4456 Τμηθεῖσα
3171 4390 3279 4458 γὰρ
3328 4389 3577 4443 κελεύσει
3608 4388 3692 4442 τοῦ

449 4480 682 4536 dissecta
714 4478 1188 4548 primitiarumque
1215 4476 1390 4531 instar
1416 4477 1470 4530 in
1505 4474 1738 4530 Veneris
1766 4473 2024 4544 templum

2135 4480 2384 4546 Μάγνου,
2415 4478 2512 4531 καὶ
2554 4477 2628 4540 ώς
2663 4479 2748 4540 εἰς
2781 4478 3116 4550 πρωτόλειον
3147 4479 3463 4548 πεμφθεῖσα
3493 4481 3570 4550 τῷ
3594 4481 3695 4547 ναῷ

459 4574 761 4643 deportata,
789 4571 878 4626 vix
929 4571 1078 4626 intus
1133 4579 1425 4634 erat,cum
1478 4569 1642 4623 etiam
1705 4566 2024 4622 miraculum

2135 4545 2250 4640 τῆς
2277 4569 2594 4640 Ἀρτέμιδος
2619 4611 2633 4634 ,
2693 4545 2839 4638 άμιι⁷
2871 4572 3097 4639 γέγονεν
3157 4545 3348 4636 ἐντὸς,
3382 4573 3479 4626 καὶ
3511 4545 3693 4625 atthin

449 4665 656 4722 ederet.
697 4662 997 4718 Simulaera
1043 4660 1186 4714 enim
1210 4674 1329 4730 quae
1364 4658 1477 4713 illic
1506 4669 1686 4722 erant,
1713 4658 1872 4726 quasi
1921 4658 2029 4712 vita

452 4764 634 4813 essent
663 4749 910 4826 praedita,
941 4751 1163 4822 delapsa
1222 4759 1574 4810 corruerunt.
1632 4750 2030 4819 confractaque

454 4849 704 4903 homines
770 4846 973 4916 probos
1029 4860 1098 4899 ex
1151 4844 1338 4898 infima
1390 4842 1728 4897 infidelitatis
1774 4844 2034 4913 voragine

450 4949 742 4997 erexertmt
763 4949 819 4996 et
841 4939 908 4994 ad
940 4938 1107 4992 Deum
1125 4937 1490 5000 adduxerunt,
1517 4949 1624 5002 quo
1670 4934 1816 4989 facto
1845 4935 2035 4990 diabo-

453 5041 536 5092 lus
562 5035 689 5090 mali
721 5035 971 5104 princeps
1001 5030 1209 5102 pudore
1232 5029 1497 5095 sullusus,
1536 5027 1678 5084 Deus
1695 5037 1903 5093 autem,
1935 5029 2030 5098 qui

455 5127 579 5183 boni
611 5134 694 5181 est
721 5121 1074 5195 principium.
1099 5121 1356 5176 laudibus
1379 5120 1688 5176 celebratus
1714 5128 1817 5174 est.

522 5221 576 5274 9.
604 5218 771 5272 Nicon
803 5217 948 5271 enim
1001 5215 1224 5285 quidam
1281 5224 1336 5268 et
1379 5212 1528 5268 ἤρθη
1581 5222 1633 5265 et
1680 5209 2030 5275 Heliodorus,

450 5311 781 5367 contritione
813 5321 1099 5378 pravarum
1129 5307 1432 5376 imaginum
1457 5304 1684 5358 istarum
1710 5315 2029 5373 conspecta,

452 5403 816 5472 intelligentes
903 5401 1208 5470 potentiam
1267 5399 1510 5454 divinam
1570 5413 1696 5453 esse
1749 5414 1872 5468 quae
1913 5398 2032 5453 illus

450 5507 748 5551 concussas
771 5493 1123 5563 deiectaeque
1148 5491 1500 5562 confregerit.
1550 5490 1784 5546 daemoni
1821 5492 2030 5561 princio

449 5587 554 5655 pali
579 5585 941 5640 valedicentes
965 5582 1306 5650 defecerunt,
1336 5593 1390 5639 et
1420 5585 1486 5638 ad
1547 5582 1714 5637 Deum
1772 5582 2035 5638 acceden-

449 5687 530 5730 tes
561 5674 878 5729 sanctificati
908 5685 1059 5740 sunt,
1091 5675 1567 5744 deserueruntque
1608 5684 1811 5728 terram
1869 5682 2026 5728 trun-

448 5764 554 5818 cati
581 5763 777 5833 Capite,
808 5765 949 5834 quod
975 5765 1209 5833 homini,
1239 5765 1451 5821 caelesti
1489 5767 1708 5835 plantae,
1737 5765 1888 5818 radix
1921 5775 2026 5831 est,

451 5856 507 5910 in
541 5856 789 5924 paradiso
812 5867 994 5912 autem
1019 5857 1070 5911 iu
1096 5857 1492 5927 sempiternum
1530 5855 1739 5911 radices
1766 5866 2017 5927 egerunt.

2132 4663 2593 4733 ἐτερατούργησε.
2622 4663 2707 4716 Τὰ
2752 4663 2862 4733 γὰρ
2910 4663 3106 4718 εἴδωλα
3151 4665 3223 4716 τὰ
3275 4665 3411 4731 ἐκεῖ,
3450 4664 3580 4717 ὡσεὶ
3611 4663 3694 4716 καὶ

2135 4753 2354 4823 ἔμψυχα
2378 4747 2542 4822 ἦσαν,
2574 4751 2784 4822 ἔκυψαν
2810 4757 2904 4806 καὶ
2943 4753 3413 4823 ἐταπεινώθησαν
3441 4755 3536 4807 καὶ
3565 4753 3693 4806 αὖτᾶ

2136 4842 2235 4911 μὲν
2266 4841 2684 4912 συνετρίϐησαν,
2743 4843 3040 4913 ἐξήγειραν
3093 4845 3149 4897 δὲ
3201 4845 3310 4898 ἀπὸ
3375 4843 3692 4898 κατωτάτων

2133 4935 2394 4998 ἀπιστίας
2449 4933 2773 5004 ἀνθρώπους
2803 4935 3040 5004 ἀγαθοὺς
3063 4978 3079 5002 ,
3111 4938 3208 4990 καὶ
3241 4938 3596 5007 παρέστησαν
3627 4936 3694 5002 τῷ

2133 5024 2252 5094 Θεῷ
2295 5027 2376 5088 εἰς
2427 5026 2695 5096 αἰσχύνην
2753 5027 2852 5098 μὲν
2911 5028 3006 5082 τοῦ
3065 5029 3384 5099 ἁρχεκάκου
3435 5029 3692 5092 διαϐόλου,

2131 5117 2290 5183 δόξαν
2337 5116 2395 5169 δὲ
2445 5117 2539 5170 τοῦ
2580 5119 2757 5171 καλῶν
2788 5120 2965 5174 αἰτίου
3014 5120 3172 5174 Θεοῦ.

2204 5211 2268 5264 θ’.
2322 5210 2507 5263 Νίκων
2570 5211 2679 5281 γάρ
2741 5229 2824 5275 τις
2883 5213 2979 5266 καὶ
3033 5214 3192 5266 Νέων
3250 5217 3345 5266 καὶ
3382 5213 3692 5281 Ἡλιόδωρος

2137 5304 2336 5364 ἰδόντες
2382 5302 2482 5372 τὴν
2519 5303 2812 5372 συντριϐὴν
2862 5304 2971 5358 τῶν
3010 5306 3230 5372 φαύλων
3295 5307 3694 5373 ἐκτυπωμάτων

2135 5393 2379 5459 ἐκείνων,
2419 5397 2516 5447 καὶ
2546 5395 2607 5446 ὲν
2643 5395 2784 5464 αὐτῇ
2823 5395 3221 5458 καταλαϐόντες
3269 5396 3367 5457 τὴν
3399 5396 3541 5449 αὑτὰ
3563 5394 3694 5458 eet-

2133 5504 2306 5540 σασαν
2363 5487 2460 5540 καὶ
2505 5486 2929 5558 καταῤῥίψασαν
2977 5487 3072 5540 καὶ
3119 5486 3512 5555 συνθρύψασαν
3555 5485 3692 5536 θείαν

2131 5579 2384 5648 δύναμιν,
2419 5579 2682 5632 κατεῖπον
2730 5577 2831 5646 μὲν
2877 5576 2975 5630 τοῦ
3041 5577 3398 5646 πρωτοτύπου
3454 5577 3693 5644 δαίμονος

2132 5672 2228 5724 καὶ
2279 5668 2701 5738 ἁπεστάτησανο
2739 5667 3170 5739 προσεχώρησαν
3215 5669 3273 5722 δὲ
3321 5670 3398 5738 τῷ
3444 5667 3564 5737 Θεῴ
3611 5664 3695 5716 καὶ

2135 5763 2498 5836 ήγιάσθησαν,
2528 5762 2631 5831 γῆς
2657 5762 2758 5832 μὲν
2774 5763 3205 5823 ’ἀπαναστάντες
3235 5765 3300 5832 τῇ
3330 5762 3428 5831 τῆς
3460 5757 3693 5828 κεφαλῆς

2129 5855 2425 5924 ἀποτομῇ,
2456 5850 2557 5921 τῆς
2595 5854 2653 5907 ἐν
2686 5853 2979 5922 ἀνθρώπῳ,
3027 5853 3104 5923 τῷ
3130 5853 3366 5923 οὐρανίῳ
3401 5849 3576 5920 φυτῷ,
3616 5850 3690 5914 ῥί-
