3908 6544
434 403 540 468 271

1148 409 1580 470 EUSTATHII
1623 408 2376 473 TllESSALONlCENSIS
2415 386 2976 477 METROPOLIT/E

3575 418 3684 482 272

436 528 659 582 domino
681 540 1030 592 concurrere,
1057 525 1153 582 sed
1184 542 1307 582 eum
1335 526 1688 598 praetergredi
1744 524 2008 580 continue

2122 527 2437 596 φιλονεικῶν
2470 531 2544 601 μὴ
2571 530 2735 601 μόνον
2771 532 2906 601 πρὸς
2939 531 3164 602 ἰσότητα
3187 531 3265 602 τῷ
3297 532 3684 602 φαυλεπιφαύο

436 626 490 680 iu
525 622 676 676 nefas
700 635 884 675 cursu.

509 809 598 865 14.
629 807 758 874 iste,
784 819 845 862 se
872 819 1133 860 exercens
1157 804 1312 872 quasi
1345 806 1411 856 ad
1445 809 1724 869 capturam
1749 797 2013 854 Christia-

437 918 660 970 norum,
717 899 848 972 quia
903 895 1254 953 venationem
1302 891 1521 946 amabat
1571 889 1736 961 (sicut
1783 899 2008 945 econtra

435 997 652 1052 Marcus
679 992 907 1064 ejusque
932 986 1186 1056 discipuli
1228 999 1349 1038 sese
1370 982 1703 1038 exercebant
1727 982 1800 1036 ad
1852 998 1934 1036 ma
1945 997 2006 1035 n-

440 1087 812 1150 suetudinem,
843 1090 1033 1151 utpote
1062 1081 1187 1134 vitae
1209 1077 1500 1147 pastoralis
1530 1075 1825 1144 amantes),
1874 1089 2012 1144 pra:-

443 1176 918 1248 fecithujusmodi
974 1180 1249 1228 venaturre
1317 1168 1607 1239 quemdam
1667 1166 2007 1227 Diomedem,

437 1276 673 1346 peritum
699 1269 875 1343 gregis
919 1281 1115 1324 canum
1163 1263 1395 1318 ducendi
1449 1271 1502 1316 et
1552 1259 1880 1315 Christianis
1935 1258 2016 1310 in-

441 1371 850 1432 rensissimum,
902 1375 962 1420 ut
1025 1361 1276 1432 improbo
1337 1355 1562 1410 domino
1618 1353 1814 1409 similis
1866 1358 2013 1406 esset

442 1464 712 1520 minister.
757 1461 821 1515 Et
843 1457 1063 1529 quidem
1099 1459 1366 1522 quantum
1413 1447 1466 1500 iu
1501 1444 1793 1500 venatione
1827 1440 2011 1494 Marco

440 1557 727 1614 inserviret
756 1554 832 1608 illi
869 1550 1150 1612 sciebant;
1211 1558 1374 1614 quam
1410 1555 1540 1595 vero
1595 1547 1788 1594 contra
1838 1536 2008 1590 Deum

440 1649 719 1725 praedandi
745 1644 1170 1722 callidus‘esset,
1201 1638 1325 1691 hinc
1346 1632 1695 1688 manifestum
1728 1639 1836 1684 est.

513 1744 603 1798 15.
635 1737 967 1796 Procedebat
994 1734 1292 1805 quondam,
1318 1734 1549 1780 venatus
1581 1722 1762 1778 omnis
1795 1721 2013 1791 generis

2118 620 2195 690 λῳ
2226 621 2462 692 δεσπότῃ
2509 622 2860 691 συντρέχειν,
2904 622 3037 677 ἀλλὰ
3080 622 3444 693 ὑπερϐάλλειν
3473 623 3684 678 ἐκεῖνον

2117 712 2194 782 τῷ
2228 713 2307 776 είς
2340 715 2544 767 κακίαν
2565 714 2810 783 συντόνῳ
2838 714 3042 785 δρόμῳ.

2190 803 2268 860 ιδ’.
2303 808 2471 868 Ουτος
2498 808 2908 876 γυμναζόμενος
2937 802 3047 860 (οἷον
3074 807 3152 869 εἰς
3178 808 3237 860 τὸ
3259 805 3518 878 ἀγρεύειν
3547 806 3686 872 Χρι-

2118 899 2366 960 στιανοὺς
2400 897 2485 950 διά
2523 899 2581 950 τὸ
2608 899 2782 966 φιλεῖν
2810 899 2878 952 τὰ
2902 897 3172 968 θηρατικά
3201 899 3366 966 (καθά
3393 897 3634 967 ἔμπαλιν
3660 899 3688 948 ό

2118 988 2345 1056 Μάρκος
2392 988 2488 1042 καὶ
2514 989 2566 1042 οι
2613 989 2732 1042 κατ’
2762 988 2924 1042 αὑτὸν
2967 989 3048 1050 είς
3088 986 3401 1057 ἡμερότητα
3450 985 3542 1039 διὰ
3591 985 3690 1036 τοῦ

2119 1079 2502 1150 φιλοποίμενες
2553 1075 2772 1150 εἶναι),
2822 1080 3157 1149 προύϐάλετο
3189 1078 3458 1148 ἐξηγητὴν
3513 1078 3690 1147 θήραις

2114 1170 2373 1240 τοιαύτης
2419 1172 2692 1242 Διομήδην
2731 1172 2875 1234 τινὰ,
2916 1173 3240 1240 κυνηγετεῖν
3287 1170 3345 1223 δὲ
3387 1169 3562 1234 δεξιὸν
3593 1171 3691 1220 καὶ

2121 1264 2492 1333 μισόχριστον,
2530 1263 2618 1316 ἵνα
2649 1264 2807 1334 κακῷ
2829 1263 3052 1334 ἄρχοντι
3091 1264 3492 1332 συνεξομοιοῖτο
3531 1263 3630 1314 καὶ
3663 1261 3693 1312 ὁ

2117 1356 2441 1426 ἀρχόμενος.
2479 1356 2540 1408 '0
2567 1355 2624 1409 δὲ
2658 1357 2726 1408 τὰ
2764 1357 2862 1424 μὲν
2887 1356 3217 1424 κυνηγετικὰ
3239 1357 3384 1417 ὅπως
3412 1355 3505 1406 τὸν
3532 1353 3693 1420 Μάγ-

2116 1468 2208 1504 νον
2250 1450 2604 1520 ἐθεράπευεν,
2650 1448 2847 1519 ῇδεσαν
2903 1451 3102 1501 ἐκεῖνοι
3129 1463 3144 1479 ³
3198 1449 3274 1510 ὡς
3329 1447 3385 1500 δὲ
3419 1446 3513 1500 καὶ
3548 1445 3694 1497 κατά

2117 1542 2255 1595 Θεοῦ
2283 1540 2456 1604 δεινὸς
2485 1535 2551 1611 ἦν
2580 1539 2862 1610 ἀγρεύειν,
2896 1538 3146 1592 ἐντεῦθεν
3176 1537 3355 1608 δῆλον.

2192 1726 2272 1775 ιε’.
2307 1719 2590 1791 Προσῆλθέ
2627 1735 2756 1772 ποτε
2779 1715 3164 1786 θηρασάμενος
3193 1708 3452 1765 παντοίαν
3489 1707 3695 1774 ἄγραν.

439 1839 634 1899 feram,
675 1842 729 1889 et
781 1800 1238 1885 multos'secum
1297 1819 1528 1876 habebat
1577 1817 1646 1872 ad
1700 1813 2011 1885 huiusmodi

2122 1815 2218 1868 καὶ
2247 1809 2362 1885 εἷχε
2392 1813 2522 1884 περὶ
2551 1812 2745 1866 ἑαυτὸν
2793 1809 3024 1871 πολλοῦς
3071 1805 3291 1868 ἱκανοὺς
3337 1804 3404 1856 τά
3442 1800 3696 1899 τοιαῦτα,

442 1884 693 1989 idoneos,
717 1925 825 1978 huc
867 1923 995 1976 illuc
1036 1918 1285 1988 palantes
1318 1911 1385 1967 ad
1421 1884 1860 1977 investigandum
1892 1919 2011 1974 quas

2122 1884 2554 1975 διεσπαρμένους
2602 1902 2798 1964 ἄλλους
2853 1897 3094 1969 ἀλλαχοῦ
3144 1897 3287 1950 κατὰ
3335 1894 3568 1964 ζήτησιν
3618 1884 3696 1944 ὧν

441 2020 785 2090 appetebant.
817 2012 920 2071 Illi.
952 2026 1073 2080 quae
1107 2007 1179 2063 ibi
1211 2011 1366 2060 erant
1417 2001 1765 2070 indagantes,
1819 2011 2014 2052 occur-

441 2123 566 2167 runt
595 2108 778 2162 MarCo
805 2102 1048 2163 docenti,
1088 2109 1142 2154 et
1171 2096 1335 2152 simul
1365 2109 1430 2149 ac
1457 2093 1664 2157 vident,
1695 2090 2011 2158 obstupeut.

437 2206 679 2261 Cernere
707 2199 849 2255 enim
881 2203 998 2249 erat
1029 2206 1154 2245 vere
1180 2191 1300 2244 visu
1364 2185 1615 2241 mirabile
1670 2191 1727 2238 et
1777 2180 2014 2252 posteris

440 2288 626 2346 auditu
664 2279 1003 2339 incredibile.
1038 2275 1226 2330 Virum
1248 2272 1468 2342 quidem
1523 2271 1854 2325 exhaustum
1865 2265 2012 2337 jeju-

439 2380 566 2444 niis,
609 2375 751 2430 fame
809 2377 1176 2430 attenuatum,
1213 2368 1465 2418 umbram
1518 2370 1730 2416 tantum
1770 2358 2014 2414 hominis

437 2471 805 2530 exhibentem,
833 2461 984 2518 canis
1013 2457 1268 2512 villosum
1287 2454 1415 2525 pilis
1441 2468 1471 2508 a
1507 2453 1709 2507 vertice
1725 2451 1791 2506 ad
1820 2453 2009 2520 pedes,

438 2562 580 2619 haud
609 2559 744 2615 adeo
795 2551 1048 2609 admirati
1083 2557 1248 2613 sunt;
1299 2545 1394 2601 sed
1438 2545 1711 2614 iacentem
1776 2541 1840 2596 ad
1888 2539 2009 2609 ejus

437 2656 605 2728 pedes
626 2665 830 2713 ursam,
865 2657 1068 2714 eosque
1114 2640 1307 2695 leniter
1351 2637 1701 2696 lambentem,
1747 2642 1824 2695 et,
1883 2645 2008 2686 eum

439 2723 586 2821 loqui
621 2760 730 2800 non
773 2747 982 2812 posset,
1041 2737 1117 2788 ita
1153 2730 1304 2787 vocis
1372 2726 1699 2796 obsequium
1761 2723 2011 2794 supplere

436 2818 790 2915 gestientem,
817 2830 1169 2900 stupuerunt,
1207 2831 1262 2878 et
1284 2837 1398 2892 pra:
1432 2818 1726 2874 formidine
1755 2819 2011 2871 volebant

436 2909 679 2989 aMarco
703 2925 849 2984 etab
887 2936 1013 2977 ursa
1041 2914 1342 2972 discedere.
1381 2911 1488 2967 Sed
1543 2911 1859 2966 morabatur
1915 2909 2013 2964 ad-

438 3025 658 3082 miratio
687 3029 742 3076 et
770 3017 956 3073 oculos
972 3009 1272 3072 detinebat,
1291 3005 1371 3060 vel
1401 3004 1600 3075 potius,
1623 3012 1681 3058 nt
1707 3003 1781 3058 ita
1804 3001 2007 3067 dicam,

436 3119 658 3174 stabant
701 3109 868 3172 muti,
911 3099 1122 3160 astricti
1173 3111 1374 3169 pavore
1404 3111 1469 3152 ac
1519 3105 1768 3166 stupore,
1838 3095 2011 3150 donec

2114 1996 2324 2066 ἤθελονο
2375 1995 2427 2048 οἳ
2482 1994 2575 2048 καὶ
2621 1991 3035 2062 διερευνώμενοι
3074 1989 3144 2042 τὰ
3187 1988 3305 2042 ἐκεῖ
3333 1982 3698 2055 παρατυγχά-

2113 2107 2268 2144 νουσι
2297 2088 2376 2159 τῷ
2409 2087 2620 2158 Μάρκῳ
2661 2084 2994 2145 διδάσκοντι,
3027 2082 3122 2134 καὶ
3155 2079 3271 2144 ἅμα
3305 2076 3568 2146 βλέπουσι
3601 2076 3699 2125 καὶ

2115 2183 2535 2248 ἐκπλήττονται.
2568 2175 2678 2232 Ἦν
2730 2177 2842 2247 γάρ
2887 2175 3109 2246 άληθῶς
3150 2171 3367 2232 θεαθεὶς
3411 2169 3536 2221 τότε
3594 2167 3700 2235 μὲν

2113 2275 2398 2346 τεράστιον
2425 2272 2624 2341 θέαμα,
2671 2272 2784 2332 τοῖς
2832 2267 3060 2337 ὕστερον
3097 2264 3155 2317 δὲ
3182 2259 3488 2336 παράδοξον
3523 2258 3697 2313 ἄκοι-

2116 2383 2248 2436 σμα.
2281 2364 2602 2436 ’Ἄνθρωπον
2659 2363 2755 2432 μὲν
2799 2359 2911 2430 γὰρ
2962 2359 3093 2412 ἰδεῖν
3143 2350 3496 2424 νηστευτικδν
3523 2391 3539 2418 ,
3597 2349 3697 2402 καὶ

2115 2456 2533 2526 κατεσκληκότα
2559 2454 2724 2524 λιμῷ,
2759 2455 2856 2506 καὶ
2889 2449 3051 2505 σκιὰν
3081 2448 3280 2520 ἀνδρὸς
3318 2446 3693 2517 ἐμφαίνοντα,

2114 2551 2207 2603 καὶ
2236 2549 2526 2620 βεϐριθότα
2560 2547 2783 2618 μαλλοῖς
2807 2545 3020 2608 λευκοῖς
3065 2543 3128 2595 ὲκ
3169 2539 3412 2611 κεφαλῆς
3452 2539 3563 2601 ἓως
3597 2555 3699 2590 πο-

2113 2642 2242 2708 δῶν,
2273 2643 2374 2695 ούκ
2415 2639 2474 2703 ἐς
2524 2641 2780 2694 τοσοῦτον
2819 2637 3177 2708 ἐθαύμασαν·
3211 2635 3316 2706 τὴν
3355 2635 3412 2688 δὲ
3446 2633 3558 2700 πρὸ
3593 2651 3698 2686 που

2113 2732 2220 2787 δῶν
2251 2731 2448 2801 ἐκείνῳ
2480 2731 2742 2802 κειμένην
2773 2732 2999 2801 ἄρκτον,
3049 2730 3146 2782 καὶ
3179 2729 3377 2798 πράως
3402 2724 3699 2796 λιχμωμέ-

2115 2840 2213 2895 νην
2243 2822 2462 2888 αύτοὺς,
2517 2824 2649 2888 καὶ,
2683 2823 2807 2875 ἐπεὶ
2858 2821 2936 2892 μὴ
2964 2822 3143 2875 λαλεῖν
3194 2819 3373 2892 εῖχεν,
3435 2819 3699 2886 ἀφοσιου-

2119 2916 2288 2987 μένην
2321 2914 2491 2978 οὕτως
2537 2913 2597 2968 τὸ
2643 2913 2938 2984 λαλητικὺν
2991 2913 3385 2984 λειτούργημα,
3425 2909 3701 2979 ὑπερεξε-

2115 3007 2429 3078 πλάγησαν,
2454 3005 2551 3061 καὶ
2581 3008 2608 3060 ὁ
2634 3005 2800 3076 φόϐος
2833 3005 2933 3076 μὲν
2964 3005 3157 3077 ἢθελεν
3177 3004 3410 3076 ἀφιστᾷν
3446 3002 3700 3065 ἐκείνους

2113 3096 2209 3152 τοῦ
2237 3116 2297 3151 τε
2317 3099 2547 3169 Μάρκου
2579 3099 2678 3152 καὶ
2707 3095 2809 3167 τῆς
2834 3097 3039 3167 ἄρκτου
3060 3135 3076 3161 ,
3109 3095 3170 3148 τὸ
3198 3095 3257 3149 δὲ
3288 3093 3476 3164 θαῦμα
3500 3097 3699 3146 κατεῑο

437 3208 612 3265 sancti
647 3204 750 3260 viri
778 3200 953 3257 accitu
985 3193 1229 3250 animum
1282 3189 1606 3258 recipientes
1635 3187 1702 3244 ad
1731 3202 1855 3242 eum
1913 3201 2008 3240 ac-

2122 3208 2240 3263 χεν,
2305 3191 2447 3244 ὥστε
2497 3192 2847 3263 παραμένειν
2902 3191 2998 3244 καὶ
3053 3188 3317 3259 βλέπεινο
3373 3187 3581 3256 μᾶλλον
3616 3185 3698 3247 δὲ,

437 3306 744 3360 cesserunt.

511 3560 598 3616 16.
633 3558 787 3613 Tunc
807 3553 1075 3613 sciscitati
1101 3567 1164 3608 ac
1187 3551 1480 3620 diligenter
1506 3548 1571 3602 de
1589 3546 1682 3600 illo
1711 3543 2012 3616 percontati

436 3665 493 3712 et
523 3662 805 3722 comperto
849 3667 975 3706 eum
1010 3662 1128 3702 esse
1161 3643 1367 3700 Christi
1391 3641 1676 3704 famulum,
1729 3649 2016 3692 converte-

437 3761 568 3806 runt
595 3743 1008 3802 admirationem
1042 3739 1403 3806 timoremque
1439 3735 1494 3789 in
1545 3734 1794 3788 rabidum
1846 3731 2016 3802 ipsius

437 3843 747 3907 odium;et
779 3834 1044 3905 imprimis
1113 3830 1226 3886 fera
1289 3827 1466 3884 bestia
1540 3825 1849 3892 Diomedes,
1918 3825 2013 3892 qui

438 3935 618 3992 statim
652 3931 866 4002 Magno,
898 3925 1242 3997 gratissimus
1303 3921 1489 3985 index,
1553 3921 1758 3974 bonum
1808 3909 2010 3973 'defrrt

437 4027 703 4088 Marcum,
726 4017 1049 4088 discipulam
1085 4013 1224 4068 haud
1261 4013 1466 4066 veritus
1496 4025 1678 4065 ursam
1715 4026 1729 4064 :
1762 4025 1867 4079 qua
1895 4011 2010 4064 visa

437 4113 916 4174 mansuetudinem
943 4124 973 4162 a
997 4093 1192 4162 sancto
1223 4104 1439 4167 edocta,
1474 4118 1600 4157 cum
1635 4102 1918 4158 debuisset
1947 4104 2016 4156 ah

436 4220 783 4278 ratauquam
826 4201 1084 4271 magistra
1147 4197 1287 4252 idem
1352 4195 1467 4266 ipse
1523 4194 1729 4261 doceri,
1790 4194 2018 4250 immitis

437 4302 546 4354 fera
588 4308 767 4351 tamen
793 4291 965 4348 saeviit
1000 4290 1053 4342 in
1083 4302 1270 4342 senem
1309 4285 1418 4340 Deo
1439 4285 1850 4340 charissimum.
1881 4284 2014 4337 Nam

436 4386 582 4441 credi
637 4381 823 4452 nequit
846 4393 1029 4433 ursam
1065 4377 1292 4446 pedibus
1349 4375 1515 4429 Marci
1564 4375 1902 4446 alljacentem
1946 4378 2018 4430 ita

2116 3279 2315 3348 εἰπεῖν,
2346 3279 2565 3334 ἵσταντο
2618 3279 2812 3346 sweet,
2867 3281 3179 3352 πεπηγότες
3230 3278 3309 3346 τῷ
3339 3278 3449 3332 δέει
3497 3275 3701 3346 καὶτῷ

2117 3369 2402 3440 θαύματι,
2459 3371 2565 3436 ἕως
2634 3371 3042 3444 τεθαρρηκότες
3099 3368 3574 3444 προσκαλουμένῳ
3620 3367 3700 3437 τῷ

2118 3465 2260 3535 ἁγίῳ
2284 3465 2525 3538 ῆγγισαν
2558 3465 2695 3536 πρὸς
2722 3467 2908 3521 αὐτόν.

2191 3556 2288 3623 ις’.
2352 3557 2464 3612 Καὶ
2529 3558 2654 3612 τότε
2714 3557 3036 3630 πυθόμενοι,
3086 3558 3180 3611 καὶ
3229 3555 3300 3610 τά
3344 3555 3470 3609 κατ’
3528 3553 3702 3609 αὐτὸν

2117 3651 2714 3722 ἀκριϐολογησάμενοι,
2751 3651 2850 3704 καὶ
2885 3650 3168 3721 μαθόντες,
3199 3649 3436 3718 Χριστοῦ
3459 3647 3703 3718 λατρευ-

2115 3741 2216 3814 τὴν
2254 3741 2421 3796 αὐτὸν
2472 3739 2636 3808 εῖναι,
2671 3741 2976 3812 μετέϐαλον
3010 3739 3110 3796 καὶ
3158 3739 3221 3792 τὸ
3263 3737 3475 3809 θάμϐος
3515 3738 3616 3791 καὶ
3640 3736 3703 3789 τὺ

2115 3836 2233 3900 δέος
2273 3836 2354 3900 είς
2411 3836 2615 3905 μανίαν
2674 3834 2776 3905 τὴν
2825 3834 2950 3887 κατ’
2985 3831 3178 3899 αὑτοῦ,
3219 3831 3326 3904 κκαὶ
3366 3829 3614 3901 μάλιστα
3641 3830 3706 3884 τὸ

2116 3929 2288 3982 κακὸν
2322 3928 2534 3999 θηρίον,
2586 3930 2615 3982 ὁ
2640 3927 2940 3997 Διομήδης,
2971 3926 3030 3990 ὃς
3058 3926 3154 3980 καὶ
3201 3925 3400 3978 αὐτίκα
3436 3941 3707 3994 καταμη-

2117 4022 2235 4075 νύει
2269 4022 2348 4092 τῷ
2376 4023 2589 4089 Μάγνῳ
2619 4021 2678 4073 τὸ
2732 4019 2889 4089 φίλον
2924 4019 3177 4089 ἕρμαιον,
3211 4019 3302 4071 τὸν
3332 4017 3500 4071 καλὸν
3535 4017 3705 4086 Μάρ-

2117 4130 2236 4176 κον,
2267 4113 2368 4166 οὑκ
2393 4111 2664 4173 αἰδεσθεὶς
2697 4111 2798 4180 τὴν
2841 4111 3150 4182 μαθήτριαν
3211 4109 3413 4178 ἄρκτον
3436 4123 3451 4137 ·
3493 4110 3566 4178 ἢν
3617 4108 3704 4161 δι-

2115 4205 2406 4276 δαχθεῖσαν
2445 4199 2560 4257 οἷον
2589 4203 2722 4274 πρὸς
2769 4201 2864 4256 τοῦ
2908 4202 3071 4270 άγίου
3110 4203 3330 4272 ἡμέρως
3376 4201 3532 4271 ἔχειν
3573 4201 3704 4255 ἰδὼν

2119 4299 2305 4363 αὐτὸς,
2364 4296 2456 4349 καὶ
2509 4295 2743 4363 ὀφείλων
2802 4292 2996 4365 μαθεῖν
3044 4292 3104 4358 ἐξ
3145 4295 3381 4363 ἐκείνης,
3438 4293 3546 4346 ὃσα
3607 4292 3707 4346 καὶ

2117 4389 2470 4453 διδασκάλου,
2498 4387 2558 4441 τὸ
2597 4388 2808 4457 ὅμοιον,
2842 4386 2996 4456 ὅμως
3034 4385 3331 4447 ἀθίτασσος
3366 4384 3552 4454 ἀπέϐη
3596 4385 3706 4454 θὴρ

439 4486 774 4532 mansuetam
831 4471 1000 4525 fuisse
1028 4469 1227 4521 factam
1281 4468 1492 4536 absque
1552 4465 1645 4521 Dei
1705 4482 1900 4535 opera,
1960 4479 2011 4522 ul

2122 4482 2265 4536 κατὰ
2310 4483 2406 4535 τοῦ
2461 4479 2880 4551 θεοφιλεστάτου
2932 4478 3214 4548 γέροντος.
3269 4478 3344 4531 Οὐ
3397 4477 3508 4548 γὰρ
3549 4477 3706 4530 ἐστιν

437 4583 630 4637 nempe
661 4567 827 4620 visam
853 4561 1125 4622 Diomedis
1151 4557 1306 4628 pueri
1353 4558 1700 4614 imitarentur
1736 4571 1790 4614 et
1838 4562 2011 4616 immi-

2124 4572 2438 4640 ὑπολαϐεῖν,
2465 4572 2540 4636 ῶς
2572 4573 2605 4643 ή
2637 4571 2840 4642 ἄρκτος
2865 4571 2972 4635 πρὸ
2996 4570 3175 4622 ποδῶν
3205 4569 3282 4639 τῷ
3302 4571 3518 4639 Μάρκῳ
3557 4569 3707 4622 ἐκει-

437 4672 558 4710 urtn
599 4653 691 4707 Dei
721 4659 1055 4706 vererentur.

2123 4681 2206 4728 το,
2238 4662 2462 4725 τιθασὸς
2495 4662 2553 4724 ὲς
2586 4657 2846 4713 τοσοῦτον
2876 4659 3148 4729 γενομένη
3174 4659 3298 4729 δίχα
3336 4677 3402 4727 γε
3438 4677 3706 4730 πραγμαο

439 4755 582 4812 πίας
619 4747 786 4807 θείαςν
822 4745 908 4796 ἵνα
942 4743 1144 4811 δηλαδὴ
1203 4742 1530 4812 θεασάμενοι
1576 4744 1751 4814 αὐτὴν
1803 4749 1850 4800 οἱ
1893 4751 2038 4824 ἀμφὶ
2076 4759 2476 4836 τὸνιΔιομήδην
2542 4758 2915 4828 μιμήσωνται,
2964 4756 3061 4810 καὶ
3101 4757 3196 4810 τὸν
3232 4755 3327 4810 τοῦ
3365 4757 3503 4811 Θεοῦ
3543 4758 3708 4830 αἰδήο

437 4859 635 4893 σωνται
667 4839 975 4906 ἄνθρωπον.

509 4933 592 4986 l7.
621 4931 711 4987 Sic
744 4928 958 4983 delatus
1027 4939 1108 4983 est
1165 4929 1378 4983 Marcus
1410 4929 1475 4982 ad
1535 4927 1813 5000 Magnum.
1878 4932 2007 5004 Iste,

435 5034 651 5095 arrepto
673 5025 778 5078 hoc
839 5024 1052 5088 nuntio,
1113 5024 1281 5077 mittit
1325 5023 1546 5094 triginta
1595 5022 1854 5086 milites:
1912 5031 2008 5099 qui

434 5117 583 5172 dulei
631 5125 858 5186 captura
913 5117 1003 5169 illa
1059 5115 1214 5183 potiti
1269 5115 1431 5170 simul
1491 5129 1616 5170 eum
1677 5115 2007 5188 discipulis,

439 5210 630 5279 Magno
689 5207 996 5262 astiterunt.
1062 5207 1136 5270 ιε,
1200 5215 1552 5276 percontatus
1604 5215 1661 5261 et
1727 5219 2010 5278 comperto

438 5309 712 5356 tit-natura:
732 5298 1045 5369 praefectum
1068 5313 1175 5352 non
1195 5297 1368 5353 fuisse
1389 5297 1679 5351 mentitum
1709 5296 2012 5367 (fatebatur

434 5392 579 5446 enim
612 5399 844 5461 tyranno
884 5387 1095 5442 Marcus
1131 5405 1228 5458 pro
1268 5389 1550 5455 tribunali,
1587 5404 1646 5444 se
1681 5405 1805 5446 esse
1849 5390 2014 5446 Chri-

435 5488 694 5548 silanum,
721 5491 776 5536 et
800 5496 830 5536 ιι
849 5482 942 5536 tali
972 5482 1312 5537 confessione
1344 5497 1443 5537 nec
1470 5482 1883 5539 adulationibus
1910 5501 2010 5542 nec

437 5577 596 5629 minis
621 5575 984 5639 avertebatur)
1014 5575 1196 5629 statim
1223 5575 1400 5631 elatus
1452 5584 1535 5632 est
1599 5577 1884 5647 superbia.
1940 5579 2010 5632 Et

435 5665 523 5717 ille
551 5665 674 5717 aliis
702 5663 970 5717 laceratus
1024 5675 1106 5720 est
1145 5664 1374 5726 rasuris,
1402 5675 1456 5721 et
1503 5667 1841 5736 reliquorum
1898 5679 2012 5723 tor-

437 5765 741 5809 mentorum
801 5758 1195 5825 experientiam
1264 5759 1451 5825 subiit,
1546 5760 1738 5830 angelo
1795 5770 2010 5814 astante

437 5845 913 5916 invisibilibusque
941 5848 1300 5907 conﬁrmante
1325 5851 1535 5908 viribus
1574 5864 1626 5908 et
1655 5852 1724 5906 ad
1789 5851 2003 5921 patien-

2187 4935 2274 5005 ιζ’.
2293 4939 2433 4994 Ἀλλ’
2454 4939 2594 4993 οὕτω
2619 4938 2720 5009 μὲν
2742 4954 2876 4991 κατε
2884 4939 3098 5008 μηνύθη
3125 4938 3155 4992 ὁ
3182 4939 3410 5008 Μάρκος
3433 4937 3514 5012 τῷ
3537 4941 3710 5010 Μάγ-

2111 5050 2208 5105 νῳ·
2258 5036 2353 5087 καὶ
2380 5032 2542 5096 αὐτὸς
2579 5032 2838 5103 ἁρπάσας
2877 5032 2976 5100 τὴν
3028 5032 3237 5101 εἴδησιν
3272 5032 3484 5087 στέλλει
3525 5050 3706 5106 στρα-

2113 5119 2315 5183 τιώτας
2344 5119 2662 5190 τριάκοντα,
2700 5119 2752 5172 οἳ
2801 5119 2897 5173 καὶ
2931 5119 3289 5185 συλλαϐόντες
3319 5123 3486 5177 αὐτὸν
3517 5126 3702 5194 γλυκὺ

2114 5210 2368 5282 θήραμα,
2400 5211 2482 5283 τῷ
2524 5211 2728 5282 Μάγνῳ
2781 5215 3160 5283 παρέστησαν,
3203 5217 3705 5288 παρασπιζόμενον

2113 5303 2210 5354 καὶ
2245 5303 2518 5373 μαθηταῖς
2545 5319 2561 5333 ο
2595 5303 2654 5366 ὃς
2687 5305 2991 5371 ἀνακρίνας
3035 5308 3134 5360 καὶ
3183 5305 3439 5377 εὑρηκὼς
3472 5311 3568 5363 τὸν
3601 5315 3702 5381 ἀρά

2116 5397 2354 5465 χηγέτην
2387 5395 2486 5462 τῆς
2518 5394 2689 5465 θήρας
2744 5402 2818 5466 μη
2849 5399 3196 5468 ψευσάμενον
3233 5401 3531 5469 (ὡμολόγει
3587 5407 3704 5473 γὰρ
3765 5401 3772 5408 ’

2115 5490 2209 5541 καὶ
2266 5487 2344 5556 τῷ
2393 5487 2642 5558 τυράννῳ
2685 5489 2765 5550 είς
2808 5490 2998 5558 κοινὴν
3050 5491 3320 5560 ἀκρόασιν
3361 5494 3390 5544 ό
3440 5494 3703 5564 Μάρκος,

2114 5577 2446 5648 Χριστιανὸς
2476 5573 2640 5642 εἶναι,
2683 5583 2780 5634 καὶ
2818 5581 2877 5630 οὐ
2923 5579 3276 5651 διεστρέφετο
3304 5582 3402 5649 τῆς
3435 5586 3705 5654 τοιαύτης

2110 5668 2404 5737 ὁμολογίας
2429 5667 2556 5722 οὔτε
2593 5669 2884 5732 θωπείαις,
2915 5671 3039 5724 οὔτε
3071 5672 3365 5741 ἀπειλαῖς),
3401 5678 3708 5744 παραχρῆ-

2119 5780 2196 5832 μα
2242 5762 2342 5831 μὲν
2374 5758 2512 5833 ἦρτο
2555 5763 2970 5832 μετεωρισθείς.
3025 5766 3133 5818 Καὶ
3190 5767 3579 5835 ἀμυσσόμενος
3611 5767 3705 5836 ἐφ’

2114 5855 2299 5908 ἱκανὸν
2333 5853 2538 5922 έξέστο,
2592 5857 2684 5908 καὶ
2734 5857 2938 5907 λοιπῶν
2990 5859 3045 5910 δὲ
3102 5856 3353 5925 βασάνων
3384 5857 3580 5912 δεινῶν
3615 5862 3702 5924 εἰς
