3908 6574
3322 439 3429 505 2⁸14

201 554 368 620 πεῖραν
397 542 585 618 ἦλθεν,
624 548 860 618 ἀγγέλου
915 550 1358 619 παρισταμένου,
1379 551 1491 624 ,καὶ
1523 549 1745 620 ἀοράτῳ

1863 549 1976 602 lum
2013 551 2330 604 roborantc.
2365 550 2560 606 Posma
2587 553 2640 605 in
2675 568 2955 609 carcerem
2986 552 3264 620 detrusus,
3330 574 3438 612 nee

196 638 394 706 δυνάμει
447 635 926 707 ἑπιρῤωννύντος,
976 637 1076 689 καὶ
1127 638 1205 700 εἰς
1268 640 1573 710 καρτερίαν
1622 656 1746 693 στε-

1863 639 2288 706 lractusauimo,
2325 643 2479 696 novis
2519 653 2767 699 servatus
2801 655 2888 700 est
2918 645 3216 702 laboribus.

201 727 438 797 ρεοῦντος.
482 722 618 780 Εἶτα
665 727 762 782 καὶ
810 728 870 780 ὲν
929 727 1157 798 φυλακῇ,
1207 728 1414 795 τεθεὶς,
1459 730 1554 784 καὶ
1639 730 1780 800 μηδὲ
1856 731 2028 792 οὕτως
2087 733 2390 799 ὑ-πενδοὺς,
2452 735 2825 805 παρεπέμφθη
2897 739 2992 791 καὶ
3041 739 3122 801 είς
3192 737 3431 808 ἑτεροῖον

201 835 434 889 κάματον.

258 914 335 986 ιη’.
378 915 466 980 ὐς
515 918 628 986 γὰρ
682 921 758 989 μὴ
785 920 1107 992 ἀρκούντων
1140 911 1220 975 ὧν
1271 919 1495 986 ἔπαθεν,
1525 919 1752 991 ἠκολού-

1933 918 2022 972 i8.
2049 916 2262 973 Etenim
2296 921 2452 990 quasi
2491 921 2590 974 ista
2635 936 2743 977 non
2795 920 3109 976 sulllcerent
3160 936 3281 990 quze
3335 936 3442 988 ραι

200 1010 310 1076 θησε
338 1007 415 1078 τῷ
470 1009 681 1080 Μάγνῳ
741 1011 845 1075 ἓως
890 1012 987 1065 καὶ
1047 1015 1130 1075 είς
1187 1013 1288 1082 τὴν
1341 1013 1752 1086 περιᾳδομένην

1863 1012 2113 1071 liebatur,
2149 1011 2447 1068 comitatus
2483 1021 2567 1068 est
2593 1012 2848 1082 Magnum
2891 1029 3066 1082 usque
3124 1013 3189 1065 ad
3247 1027 3438 1082 perce-

201 1100 637 1166 Κλαυδιούπολιν,
699 1104 787 1156 ἴνα
844 1107 1286 1176 μεταφυτευθεὶς
1347 1108 1413 1160 ὲκ
1483 1107 1584 1177 τῆς
1639 1106 1750 1160 τῶν

1868 1105 2051 1159 ebrem
2078 1103 2504 1173 Claudiopolim,
2557 1114 2618 1160 ut
2668 1121 2696 1159 a
2761 1105 3072 1160 Pisidarum
3127 1105 3264 1159 urbe
3327 1104 3435 1158 huc

202 1193 405 1247 Πισιδῶν
462 1198 543 1258 είς
589 1195 663 1249 τὰ
702 1197 842 1263 ἐκεῖ,
873 1200 1043 1268 φυτὸν
1073 1198 1213 1253 Θεοῦ
1245 1199 1490 1268 εὐγενὲς,
1535 1189 1749 1270 κάρπι-

1863 1197 2122 1253 lranslata
2156 1197 2356 1251 nobilis
2396 1197 2519 1253 ,Dei
2583 1199 2770 1269 planta
2829 1198 2957 1252 huic
3003 1198 3169 1252 etiam
3222 1197 3438 1266 regioni

203 1302 280 1350 μσς
325 1285 417 1337 καὶ
467 1289 533 1356 τῇ
571 1287 802 1359 τοιαύτῃ
854 1288 1011 1360 χώρα
1059 1289 1158 1342 ἐπὶ
1213 1290 1465 1361 σωτηρίᾳ
1493 1290 1743 1360 γένηταιο

1863 1290 2077 1346 fructus
2098 1291 2294 1345 salutis
2321 1292 2613 1360 proferret.
2641 1290 2778 1346 Cum
2812 1306 2878 1344 eo
2914 1289 3180 1358 pervenit,
3236 1290 3435 1358 priori-

199 1376 306 1428 ὅπου
329 1378 700 1447 καταντήσας,
742 1379 842 1434 καὶ
891 1383 1003 1444 τοῖς
1050 1381 1330 1455 φθάσασιν
1378 1382 1741 1453 ὲμπονήμασι

1863 1401 1952 1442 aus
1978 1385 2260 1440 laboribus
2287 1383 2470 1439 addita
2495 1385 2596 1440 viae
2617 1383 2927 1446 vexatione,
2959 1383 3024 1437 ad
3077 1383 3282 1436 malum
3314 1397 3436 1449 pcr-

200 1466 523 1533 προσεπιθεὶς
552 1469 649 1521 καὶ
699 1469 802 1538 τὴν
834 1471 898 1523 ἐκ
951 1471 1050 1540 τῆς
1082 1471 1398 1540 ὁδοιπορίας
1428 1470 1741 1536 δυσκολίαν,

1863 1480 1984 1534 verti
2015 1479 2225 1548 nequit,
2257 1477 2351 1532 sed
2400 1477 2598 1532 ibidem
2651 1477 2977 1532 invidendos
3025 1477 3274 1531 lucratur
3310 1476 3436 1530 alua

200 1557 272 1610 καὶ
296 1557 366 1627 μὴ
397 1559 722 1628 πειθόμενος
751 1561 1164 1630 μεταϐαλέσθαι
1209 1564 1389 1636 κακὴν
1426 1563 1740 1631 ἀλλοίωσιν,

1863 1587 2030 1638 nnos,
2051 1586 2188 1642 quos
2204 1570 2418 1626 scilicet
2439 1585 2606 1638 nuper
2630 1570 2682 1622 in
2707 1583 2803 1622 ore
2838 1569 3176 1622 habebamus
3197 1567 3435 1635 insignes

201 1651 442 1719 κερδαίνει
495 1654 594 1706 καὶ
641 1654 857 1708 ἐκεῖθεν
895 1654 1116 1724 ζηλωτὰ
1174 1656 1473 1728 θρέμματα
1513 1658 1642 1719 τοὺς
1684 1659 1744 1709 ὲν

1863 1675 2119 1737 martyres
2148 1663 2456 1735 Calytenos,
2495 1665 2587 1730 qui
2623 1677 2655 1716 e
2685 1660 2914 1724 Pisidia,
2950 1669 3009 1714 ut
3039 1661 3276 1723 videtur,
3303 1660 3432 1712 illuc

201 1739 396 1813 γλώσσῃ
423 1743 718 1813 κειμένους
746 1746 883 1816 ἡμῖν
926 1747 1056 1816 άρτι
1098 1748 1598 1819 μεγαλομάρτυρας
1633 1749 1747 1802 Κα-

1863 1758 2210 1820 transieraut,
2264 1755 2380 1810 sive
2462 1753 2968 1822 transmigrationis
3039 1767 3227 1818 causa,
3321 1751 3436 1805 sive

199 437 290 501 ΞΗ
1102 435 1105 436 ⁷
1329 438 1426 497 DE
1470 436 1533 502 S.
1559 435 1860 496 ALPHEO
1883 436 1975 494 ΕΤ
2017 436 2277 495 SOCIIS.

201 1831 451 1902 λυτηνοῦς,
483 1837 548 1890 έκ
586 1836 688 1906 τῆς
719 1839 1032 1910 Πισιδικῆς,
1059 1838 1148 1894 οἷα
1175 1842 1346 1905 είκὺς,
1381 1841 1566 1912 χώρας
1599 1842 1744 1894 ἐκεῖ·

202 1940 247 1976 σε
272 1929 683 1998 κατηντηκότας
717 1930 749 2000 ἢ
775 1931 1126 2001 μετοικεσίας
1161 1933 1328 2003 λόγῳ,
1381 1931 1414 2002 ἦ
1449 1933 1743 2002 ἐμπορίας.

204 2015 230 2081 ἦ
259 2017 422 2078 ἄλλως
446 2020 720 2076 ὁπωσοῦν.

256 2108 336 2164 ιϐ’.
369 2111 601 2181 Ἔτυχον
644 2113 706 2166 δὲ
733 2110 876 2168 εἶναι
909 2115 1069 2169 αὐτοὶ
1101 2114 1332 2185 χαλκέες
1373 2115 1470 2184 μὲν
1497 2113 1596 2184 τὴν
1626 2114 1746 2184 τέχ-

205 2217 306 2269 νην,
343 2201 406 2254 δι’
427 2203 602 2270 αὐτῆς
631 2205 949 2270 ἀποζῶντες
976 2209 1059 2272 είς
1099 2207 1456 2277 αὐτάρκειαν,
1492 2205 1670 2276 ψυχῆς
1693 2205 1748 2258 δὲ

202 2294 535 2362 χρηστότητα,
577 2295 652 2360 ὡς
701 2300 769 2350 ὲκ
795 2298 906 2352 τῶν
935 2297 1168 2369 ὕστερον
1203 2299 1321 2352 ἔστι
1349 2298 1752 2368 τεκμηριῶσα-

207 2384 327 2448 σθαι,
357 2386 550 2458 θερμοὶ
598 2389 694 2442 τὸν
750 2392 834 2453 είς
882 2392 1069 2460 ἀγαθά
1099 2391 1270 2460 ζῆλον
1296 2430 1312 2455 ,
1348 2391 1445 2444 καὶ
1495 2387 1597 2444 οἷοι
1631 2392 1750 2460 ἅμα

205 2474 360 2530 λαϐεῖν
392 2480 570 2550 ἀρχὴν
618 2482 817 2551 καλοῦ,
856 2487 952 2538 καὶ
992 2485 1196 2538 αὐτίκα
1238 2483 1496 2551 γενέσθαι
1529 2485 1624 2540 τοῦ
1657 2490 1747 2541 τέ-

203 2565 324 2630 λους.
366 2567 611 2626 Τοιοῦτοι
661 2574 721 2628 δὲ
773 2575 989 2640 πάντως
1035 2579 1088 2632 oi
1147 2581 1372 2651 εὐφυεῖς
1419 2583 1491 2637 τά
1527 2584 1584 2650 ἐς
1614 2600 1751 2653 χρη·

205 2661 526 2730 στομάθειαν,
559 2665 588 2718 ὃ
612 2664 676 2736 δὴ
705 2668 894 2738 ἀρχῶν
921 2669 955 2740 ἡ
985 2669 1253 2744 καλλίστη
1279 2677 1394 2738 τοῖς
1430 2653 1746 2745 φιλοκάλοις

205 2750 685 2823 προϋποσέσληταιο
739 2756 846 2828 χρὴ
895 2757 1005 2830 γάρ
1045 2758 1306 2832 ζὼπυρον
1341 2761 1550 2829 ἀγαθοῦ
1585 2762 1748 2830 θελή-

206 2858 349 2908 ματος
379 2845 662 2912 έγκεῐσθαί
685 2863 795 2901 τινι
826 2850 880 2912 ἐς
906 2849 1114 2921 ψυχὴν,
1137 2854 1247 2907 κᾶν
1281 2856 1331 2907 εἰ
1363 2855 1458 2909 καὶ
1490 2856 1748 2923 πονηροῖς

205 2934 474 3005 ἐντρίϐουτο
504 2938 673 3010 ἡθεσί
712 2957 774 2994 τε
826 2944 922 2996 καὶ
963 2945 1315 3015 πράγμασιν,
1351 2948 1461 3011 ἵνα,
1508 2947 1750 3018 ὁπηνίκα

207 3027 431 3082 ίπίπνοια
459 3031 584 3084 θεία
619 3033 816 3105 ριπίσῃ
846 3034 1000 3100 αὐτὸ,
1055 3038 1151 3092 καὶ
1177 3040 1278 3108 τὴν
1308 3037 1749 3110 ὶπιπροσθοῦσαν

207 3118 457 3186 ἀπαγάγοι
493 3121 763 3192 βιωτικὴν
799 3127 1032 3198 τέφραν,
1079 3129 1242 3193 εὐθὺς
1285 3129 1600 3200 ἀναλάμψοι
1633 3130 1749 3199 φῶς

1854 1857 2077 1920 propter
2131 1845 2370 1918 negotia,
2424 1847 2541 1901 sive
2609 1846 2678 1899 ob
2741 1845 2906 1901 aliam
2939 1844 3196 1916 quamvis
3267 1845 3433 1896 ιιιιιιοα

1857 1957 1981 1996 nem

1930 2115 2018 2170 l9.
2055 2115 2118 2170 Hi
2155 2115 2443 2171 ferrariam
2482 2115 2883 2187 profitebantur
2909 2125 3108 2177 artem,
3147 2129 3241 2183 per
3297 2114 3434 2165 hanc

1855 2208 2120 2278 degentes
2146 2224 2245 2263 sua
2268 2221 2416 2264 sorte
2438 2211 2680 2264 contenti
2704 2221 2759 2263 et
2785 2209 2971 2263 animo
3027 2206 3324 2276 simplices,
3373 2215 3431 2259 ut

1852 2318 1917 2356 ex
1949 2303 2632 2373 conscquentibusconjici
2692 2312 2912 2372 potest;
2967 2302 3156 2356 fervidi
3214 2301 3453 2352 virtutis.

1853 2392 2054 2459 studio,
2087 2403 2140 2448 et
2170 2391 2351 2448 idonei
2385 2393 2478 2462 qui
2513 2393 2600 2446 vix
2623 2391 3050 2462 capessitohoni
3109 2389 3266 2444 initio
3323 2399 3434 2443 sta.~

1855 2487 1948 2540 tim
1989 2487 2056 2543 ad
2092 2485 2482 2558 perfectionem
2517 2488 2887 2558 pervenirent.
2919 2487 3076 2542 Tales
3126 2494 3255 2540 sunt
3306 2485 3432 2553 qui-

1852 2595 2067 2650 cunque
2117 2581 2182 2634 ad
2207 2581 2412 2636 bonum
2440 2590 2567 2635 sunt
2593 2591 2787 2635 natura
2849 2579 3142 2649 proclhes,
3173 2577 3321 2646 quod
3349 2585 3456 2631 cst.

1853 2675 2099 2742 primum
2127 2673 2474 2744 etoptimum
2513 2674 2729 2728 virtutis
2779 2671 3194 2726 fundamentum
3227 2686 3242 2723 :
3273 2684 3436 2736 opm:-

1852 2775 1927 2820 tet
1956 2772 2100 2821 cnim
2136 2766 2190 2821 in
2219 2766 2399 2820 anima
2421 2767 2656 2822 subesse
2677 2766 2832 2820 home
2864 2763 3164 2819 voluntatis
3220 2762 3435 2818 scintil-

1851 2857 1980 2922 lam,
2017 2859 2144 2914 licet
2167 2859 2330 2914 malis
2359 2867 2606 2929 opertam
2639 2857 2914 2913 habilibus
2946 2865 3003 2912 et
3047 2856 3328 2925 operibus,
3356 2868 3453 2920 ιιι,

1852 2963 1978 3002 cum
2019 2950 2240 3005 divinus
2265 2950 2509 3021 Spiritus
2541 2950 2684 3004 hanc
2707 2949 2973 3004 amaverit
2997 2957 3051 3003 et
3083 2947 3435 3016 superfusum

1850 3042 2124 3112 expulerit
2144 3042 2388 3098 cinerem
2417 3043 2782 3106 mundanum,
2825 3041 3016 3096 statim
3077 3040 3278 3095 emicet
3343 3040 3438 3094 lux

1853 3134 2122 3197 veritatis,
2147 3141 2203 3190 et
2233 3135 2502 3189 carbones
2553 3133 2924 3189 accendantur
2950 3133 3195 3200 pristinae
3241 3132 3455 3188 edaces-

209 3210 464 3280 ἀληθιίας,
506 3217 600 3268 καὶ
648 3215 924 3287 ἄνθρακες
974 3217 1336 3288 ἐξαναφθείεν
1387 3221 1750 3287 ἀφανίζοντες

1863 3228 2214 3298 iniquitatum
2250 3227 2518 3290 materiae,
2578 3227 2739 3295 cujus
2794 3224 2991 3280 sordes
3041 3223 3225 3278 obruit
3289 3225 3436 3290 quod

209 3302 290 3371 τὴν
309 3305 581 3372 φθάσασαν
606 3309 891 3379 μοχθηράν
919 3309 1076 3381 ὕλην,
1105 3307 1173 3383 ἦς
1201 3313 1230 3364 ὁ
1257 3312 1493 3383 φορυτὺς
1524 3314 1746 3384 ἀχρειοί

1863 3320 1997 3375 inest
2019 3318 2226 3374 homini
2253 3319 2500 3374 divinum
2533 3327 2587 3373 et
2611 3315 3000 3372 immateriale.
3019 3315 3225 3369 Bonam
3249 3313 3438 3384 hujus.

209 3391 260 3442 τὸ
283 3392 332 3445 ἐν
360 3393 629 3466 ἀνθρώπῳ
675 3397 858 3450 ἔνθεον
889 3400 989 3452 καὶ
1011 3380 1202 3456 ἀῦλον.
1251 3380 1471 3471 Ταῦτης
1507 3380 1613 3472 τῆς*
1651 3403 1746 3455 εὑ-

1863 3411 2266 3466 modiindolem
2290 3411 2466 3464 sortiti
2491 3411 2560 3464 ab
2615 3409 2733 3478 ipsa
2771 3416 2964 3463 natura
3015 3406 3283 3477 Calyteni,
3323 3380 3438 3474 pri-

212 3481 348 3548 φυῐας
382 3485 530 3550 ὄντες
585 3488 682 3542 καὶ
741 3490 791 3542 oi
837 3492 1152 3562 Καλυτηνοὶ
1201 3492 1261 3557 ἐξ
1316 3493 1487 3564 αὐτῆς
1519 3493 1747 3564 πρώτης

214 3575 468 3643 πλάσεως,
504 3582 643 3644 τέως
697 3582 796 3651 μὲν
833 3583 1133 3647 ἐπλάζοντο
1172 3586 1306 3656 περὶ
1357 3587 1429 3642 τά
1472 3587 1569 3642 τοῦ
1605 3586 1754 3656 βίον,

217 3670 294 3720 καὶ
348 3674 568 3744 τοιούτῳ
633 3675 867 3744 πελάγει
919 3677 1252 3747 ἐμπλέοντες
1310 3680 1580 3751 εφέροντο.
1625 3680 1764 3749 είκῆ.

216 3765 294 3815 καὶ
320 3766 506 3835 μάτην,
538 3769 673 3822 ἔνθα
725 3771 1042 3840 παρέσυρεν
1085 3772 1285 3835 αὐτοὺς
1316 3773 1562 3843 πνεῦμα,
1597 3775 1658 3825 οὐ
1689 3775 1751 3826 τὸ

218 3852 352 3920 θεῖον,
383 3858 513 3912 ἀλλά
533 3860 596 3913 τὸ
617 3862 879 3931 πονηρόν·
914 3864 963 3916 εί
988 3863 1046 3916 δέ
1083 3881 1190 3917 που
1239 3864 1333 3916 καὶ
1383 3867 1639 3935 κατῆραν
1671 3869 1749 3931 είς

216 3947 318 4014 γῆν,
336 3951 461 4005 ἀλλά
480 3954 578 4006 καὶ
607 3953 746 4024 αὐτὴ
774 3957 842 4008 οὐ
863 3956 1103 4026 σταθερά
1119 3960 1178 4010 ἐν
1200 3959 1408 4022 αὐτοῖς,
1433 3959 1572 4012 άλλά
1592 3962 1752 4014 κατέ-

219 4056 310 4092 σειε
331 4042 418 4105 τὰς
439 4045 620 4098 αὐτῶν
654 4045 867 4116 βάσεις,
899 4049 994 4101 καὶ⁵
1022 4047 1168 4103 οὕτω
1190 4053 1292 4120 τῆς
1321 4051 1403 4114 είς
1429 4049 1590 4119 ὀρθὸν
1619 4053 1763 4105 άπε-⁵

217 4131 366 4202 στίρει
395 4137 656 4202 στάσεως.

271 4223 329 4278 κ’.
352 4227 458 4280 Οὐκ
479 4224 550 4299 ἦν
573 4229 684 4301 γὰρ
709 4231 769 4284 ὲν
789 4232 904 4295 τοῖς
932 4231 1053 4286 τότε
1078 4234 1294 4304 καιροῖς
1321 4232 1448 4288 οὔτε
1473 4235 1753 4291 άσάλευτα

218 4315 391 4384 πλέειν,
413 4319 538 4373 οὔτε
568 4323 780 4394 στερρά
811 4321 1090 4392 βαδίζειν,
1128 4319 1220 4378 οἷα
1272 4325 1378 4396 τῆς
1424 4325 1753 4396 δαιμονικῆς

217 4407 447 4480 ἐπιφορᾶς
475 4414 664 4468 πᾶσαν
694 4417 789 4468 καὶ
836 4415 1118 4470 θάλασσαν
1176 4417 1272 4474 καὶ
1318 4417 1447 4488 γῆν,
1500 4417 1606 4488 τὴν
1653 4419 1753 4489 μὲν

218 4505 550 4578 κυμαίνούσης
574 4545 590 4570 ,
626 4509 724 4577 τὴν
746 4508 806 4562 δὲ
826 4511 1252 4581 κατασειούσης,
1270 4515 1368 4566 καὶ
1394 4513 1470 4583 μὴ
1495 4514 1754 4584 ἀφιείσης

217 4593 266 4644 τὸ
300 4595 384 4649 τοῦ
409 4599 543 4653 Θεοῦ
593 4601 824 4673 πλάσμα
863 4605 1000 4674 πρὸς
1049 4603 1198 4674 αὐτῷ
1249 4600 1409 4670 εῖναι,
1445 4606 1560 4662 ἀλλ’
1592 4607 1756 4677 ὲξαρ-

1855 3519 2001 3559 mum
2022 3503 2276 3558 vivebant
2305 3503 2358 3557 in
2380 3517 2589 3564 errore.
2617 3501 2820 3571 talique
2839 3502 3092 3556 innantes
3123 3497 3262 3552 mari
3294 3495 3438 3551 iere-

1853 3596 2057 3651 bantur
2081 3594 2286 3665 passim
2317 3604 2374 3649 et
2407 3594 2460 3649 in
2490 3594 2788 3658 incertum,
2821 3603 3154 3661 quocunque
3188 3586 3444 3642 trahebat

1851 3703 1950 3744 eos
1973 3688 2223 3759 spiritus,
2246 3687 2393 3742 haud
2420 3686 2640 3756 quidem
2666 3685 2912 3747 divi-nus,
2945 3681 3038 3738 sed
3071 3680 3392 3737 immundus
3416 3695 3436 3744 ;

1853 3781 1974 3836 etsi
1998 3796 2164 3851 quam
2199 3780 2538 3852 appellerent
2563 3780 2631 3835 ad
2654 3790 2880 3845 terram,
2907 3778 3025 3834 btet:
3052 3790 3162 3830 non
3187 3783 3310 3831 crat
3330 3773 3452 3829 illis.

1855 3874 2051 3941 solida,
2082 3875 2178 3932 sed
2219 3875 2604 3930 commovebat
2633 3889 2826 3930 eorum
2848 3872 3038 3944 pedes,
3071 3877 3127 3925 et
3153 3868 3235 3926 sic
3258 3868 3444 3938 impe~-

1854 3967 2036 4024 diebat
2061 3983 2132 4025 ne
2154 3970 2207 4024 in
2246 3979 2402 4026 recto
2423 3979 2654 4026 starent.

1924 4235 2378 4302 20.1mpossihile
2418 4234 2563 4288 enim
2619 4243 2738 4288 erat
2777 4235 2830 4288 in
2882 4235 3033 4288 hisce
3095 4231 3450 4301 temporibus-

1856 4329 2112 4398 navigare
2160 4329 2278 4382 sine
2333 4329 2563 4396 procella
2619 4336 2715 4379 aut
2776 4326 3000 4380 firmiter
3053 4325 3440 4382 deamliulnre,

1858 4422 1982 4490 quia
2015 4421 2279 4476 dauuonis
2311 4423 2545 4490 impetus
2593 4436 2783 4473 omnes
2840 4418 3205 4488 permisccbat
3263 4418 3450 4469 maris,

1857 4512 2078 4578 ﬂuctus,
2111 4523 2162 4568 et
2201 4528 2418 4568 omnem
2449 4522 2649 4566 terram
2705 4510 3074 4575 concutiebat,
3128 4524 3228 4562 nec
3278 4524 3448 4559 t't'c:t-~

1860 4614 2012 4660 turas
2047 4606 2140 4660 Dei
2175 4621 2342 4674 penes
2367 4605 2545 4673 ipsum
2573 4619 2695 4659 esse
2711 4603 2942 4664 sinebat,
2967 4601 3058 4656 sed
3083 4610 3263 4669 raptas
3288 4599 3452 4653 haud.

221 4685 460 4798 ξῖξυξσης
490 4692 594 4746 οὐκ
653 4692 736 4756 είς
778 4692 908 4764 ὄρος
944 4694 980 4765 ἢ
1034 4695 1188 4765 κῦμα
1239 4695 1538 4770 θαλάσσης,
1587 4717 1752 4754 καταρ-

1865 4699 2084 4766 qnidem
2122 4698 2176 4751 in
2218 4699 2388 4752 maris
2443 4697 2732 4766 scopulum
2782 4704 2879 4749 aut
2922 4693 3212 4763 gurgitem,
3240 4692 3350 4745 imo
3383 4691 3456 4743 ἰιιι

221 4775 432 4842 ϐιϐάζειν
498 4783 556 4837 δὲ
603 4785 704 4839 καὶ
746 4787 830 4851 είς
880 4789 1045 4843 αὐτὸν
1088 4788 1421 4863 βιαζομένης
1459 4793 1756 4864 τάρταρον.

224 4872 309 4922 Καὶ
361 4874 498 4929 οὕτω
544 4878 647 4948 μὲν
680 4877 812 4949 ἄχρι
877 4882 975 4934 καὶ
1035 4882 1130 4935 τοῦ
1197 4885 1344 4937 κατὰ
1386 4887 1481 4939 τὸν
1527 4889 1760 4959 Μάρκον

224 4970 492 5038 μαρτυρίου
548 4971 735 5025 ὲὸίουν
767 4973 820 5025 ei
877 4973 1208 5046 Καλυτηνοὶ,
1251 4977 1611 5044 πλουτοῦντες
1657 4979 1758 5050 μὲν

220 5057 369 5157 ἀγαθῇ
426 5065 562 5135 μόνῃ
628 5064 897 5132 διαθέσει,
973 5071 1071 5122 καὶ
1123 5071 1358 5140 εὐμαθεῖ
1412 5071 1614 5140 φύσει,
1660 5076 1759 5128 καὶ

220 5149 421 5226 diutam
467 5157 547 5221 είς
596 5157 660 5210 τὺ
721 5160 886 5213 καλὸν
963 5161 1285 5232 ἀναϐλέψει,
1337 5164 1434 5216 καὶ
1492 5165 1754 5236 ὲπαινετῇ

222 5246 468 5313 προθέσει,
525 5252 703 5315 ἄλλως
726 5253 785 5307 δὲ
835 5256 1125 5322 πενόμενοι
1187 5257 1282 5309 τοῦ
1333 5257 1568 5321 τελείου,
1633 5260 1759 5311 ἐπεὶ

223 5338 285 5403 μὴ
329 5339 572 5412 εὕρισκον
637 5345 734 5397 τὸν
798 5346 1150 5415 κατάρξαντα
1203 5349 1298 5399 καὶ
1359 5347 1502 5399 οὓτω
1577 5348 1754 5418 καθη-

222 5434 489 5502 γησάμενον
539 5440 624 5501 είς
684 5438 839 5494 αὐτό.
891 5439 965 5491 ‘ll
1013 5440 1067 5491 τί
1121 5439 1188 5493 ἂν
1233 5441 1452 5492 ἐποίουν
1491 5443 1550 5494 ὲν
1582 5442 1760 5512 σκότῳ

226 5524 307 5588 μὲν
330 5521 434 5578 οἷον
475 5528 763 5598 βαθυτάτῳ
795 5530 973 5591 ὄντες,
1001 5532 1175 5601 ὅνπερ
1207 5530 1467 5594 ἐκδύντες
1512 5533 1762 5600 γένοιντο

222 5615 275 5668 ἀν
297 5620 380 5674 τοῦ
407 5622 606 5690 φωτὸς,
630 5621 706 5692 μὴ
757 5621 976 5693 ἔχοντες
1023 5623 1082 5677 δὲ
1111 5625 1204 5677 τὸν
1241 5625 1752 5694 προπορευομενον,

1865 4794 2040 4862 ipsum
2101 4789 2428 4844 detrudehat
2459 4797 2749 4856 tartarum.
2786 4787 2860 4840 Ita
2917 4801 3094 4854 usque
3145 4784 3212 4837 ad
3270 4783 3452 4836 Marci.

1864 4883 2186 4952 martyrium
2218 4883 2485 4952 degebant
2515 4880 2788 4951 Calytcni,
2814 4878 3012 4933 divites
3054 4877 3192 4931 bona
3225 4884 3434 4929 tantum

1862 4977 2066 5039 indole,
2098 4975 2373 5043 docilique
2397 4983 2614 5034 natura,
2647 4983 2698 5026 et
2729 4973 3012 5027 acerrimo
3039 4970 3164 5022 boni
3198 4968 3460 5022 intellcc—~

1862 5075 1943 5129 tu,
1982 5083 2046 5121 ac
2073 5067 2336 5121 laudabili
2396 5066 2802 5135 propensione,
2834 5064 2928 5118 sed
2982 5065 3171 5132 inopes
3223 5060 3436 5130 perfec-

1866 5161 2055 5225 tionis,
2079 5167 2270 5229 utpote
2317 5159 2758 5212 neminemnarti
2799 5156 2894 5226 qui
2921 5172 3016 5210 eos
3039 5157 3104 5208 ad
3152 5153 3294 5208 hanc
3339 5168 3461 5208 suo.

1855 5253 2150 5308 induceret
2182 5251 2454 5321 exemplo.
2503 5251 2646 5316 Quid
2679 5251 2958 5314 fecissent,
2992 5257 3100 5302 tam
3125 5247 3291 5301 densa
3343 5249 3445 5300 oh-

1859 5346 1990 5402 tecti
2023 5345 2260 5415 caligine
2287 5354 2345 5400 ut
2389 5344 2550 5399 omni.
2595 5343 2801 5399 lumine
2857 5351 3046 5398 essent
3103 5340 3277 5405 exuti,
3340 5355 3437 5392 nec

1864 5437 2127 5492 habentes
2160 5435 2250 5502 qui
2282 5434 2454 5492 facem
2484 5434 2788 5506 praeferret,
2806 5435 2891 5488 vel
2930 5433 3111 5503 potius
3128 5429 3447 5486 nescientes

1864 5529 1996 5600 quid
2025 5529 2244 5584 sitlux?
2271 5528 2338 5584 Et
2368 5537 2655 5599 propterea
2684 5527 2904 5596 deipsis
2932 5525 3036 5580 dici
3062 5539 3168 5578 non
3193 5527 3401 5592 poterat
3423 5538 3451 5573 ε,

1861 5624 2062 5689 Quales
2099 5623 2193 5677 cis
2243 5623 2502 5686 tenebrae,
2539 5621 2643 5676 tale
2672 5619 2876 5673 lumen.

228 5710 432 5765 μάλιστα
463 5713 520 5766 δὲ
558 5717 695 5786 μηδὲ
740 5717 972 5783 ειδότες,
1011 5719 1040 5771 ὅ
1079 5717 1134 5770 τί
1156 5718 1289 5772 ποτέ
1318 5719 1436 5770 ἐστι
1467 5716 1628 5786 φῶς;
1665 5717 1756 5784 Ὧς
1791 5710 1938 5770 εῖναι.
1967 5714 2057 5768 διὰ
2085 5715 2248 5768 τοῦτο
2283 5718 2409 5782 περὶ
2449 5713 2631 5767 αὐτῶν
2698 5711 2801 5764 οὐκ
2851 5708 3040 5778 ἀφυῶς
3089 5705 3267 5758 εἰπεῖν
3341 5705 3434 5756 τοο

234 5796 308 5860 Ὤ,
340 5803 397 5852 τὸ
420 5807 603 5869 σκότος
636 5807 838 5869 αὺτοῖς,
865 5808 1008 5861 οὕτω
1039 5810 1134 5862 καὶ
1167 5809 1230 5861 τδ
1267 5809 1409 5876 φῶς.

293 5891 391 5947 ια’.
419 5897 636 5968 Ἔχουσι
665 5901 732 5972 δὴ
771 5899 914 5954 οὕτω
961 5905 1066 5967 τοῖς
1105 5904 1459 5974 Καλυτηνοίς,
1515 5905 1606 5958 καὶ
1641 5905 1757 5958 δεο-

1949 5896 2040 5952 ει.
2075 5897 2162 5952 lta-
2193 5911 2252 5950 se
2277 5893 2604 5948 habentibus
2627 5889 2925 5960 Calyteuis,
2962 5903 3025 5942 ac
3074 5887 3217 5942 bono
3270 5899 3430 5954 egen-
