3908 6566
225 400 308 461 ἵΠ
1351 405 1447 465 DE
1478 407 1538 466 S.
1583 406 1889 467 ALPHEO
1925 407 2020 466 ΕΤ
2059 409 2323 471 SOClIS.
3338 409 3448 472 ἓῗὸ

227 517 508 587 ἀπηρνεῖτο,
543 519 642 570 καὶ
677 518 892 588 τρέχειν
923 511 1035 571 οἷον
1076 518 1293 584 ἐθέλων,
1325 521 1458 574 ὡσεὶ
1487 525 1584 575 καὶ
1616 521 1760 593 ὕδωρ
1792 527 1817 585 Α

1929 541 2060 580 erum
2093 527 2424 581 utabiuitio
2469 538 2813 591 concretum,
2881 529 3274 582 restitueltatur‘
3328 529 3443 598 pri-

228 611 401 679 ἐχέετο,
456 610 1002 680 καταρῤυῖσκόμενος
1023 651 1038 676 ,
1069 611 1164 664 καὶ
1195 611 1624 683 διεσκορπίζετο,
1671 617 1766 670 καὶ

1935 631 1965 668 n
2006 617 2058 670 in
2113 617 2325 688 nigrum
2351 619 2579 684 ferrum,
2605 619 2877 676 deindein
2917 622 3172 676 carbonis
3205 619 3446 676 ardentis

234 701 566 770 συναγόμενος
604 702 771 756 πάλιν
821 703 896 766 ὡς
944 705 1004 768 ἐξ
1059 705 1332 776 ὑπαρχῆς,
1365 708 1464 759 καὶ
1492 706 1766 761 ἀποκαθι-

1929 707 2151 773 ieciem;
2187 725 2287 764 nec
2326 711 2566 782 amplius
2599 722 2811 782 poterat
2844 713 3056 768 malleis
3077 713 3295 778 excudi,
3349 715 3445 767 sed

229 796 454 865 στάμενος
489 796 687 864 πρῶτα
719 796 819 866 μὲν
849 797 929 861 εἰς
962 797 1171 868 μέλανα
1215 799 1459 868 σίδηρον,
1504 794 1626 856 εἶτα
1673 801 1768 854 καί

1929 816 2075 854 arum
2122 802 2322 857 lctibus
2374 806 2533 869 quasi
2589 821 2648 860 se
2703 805 3042 876 subripiens,
3084 805 3138 859 in
3209 803 3448 858 favillam

229 891 292 950 el;
335 887 653 958 ἀνθρακώδη
701 893 766 960 τῇ
817 889 1158 958 ἐκφλογώσει
1185 907 1200 922 ο
1261 893 1362 946 καὶ
1408 892 1547 962 μηδὲ
1601 892 1768 946 πάλιν

1933 891 2243 947 labebatur.
2302 893 2370 948 Et
2424 895 2504 950 sic
2567 896 2867 949 naturalem
2913 908 3068 950 suam
3123 893 3452 947 obliviscens

232 981 380 1050 φέρων
401 979 589 1052 σφύρᾳ
617 980 948 1041 τύπτεσθαι,
992 982 1110 1035 ἀλλ’
1147 978 1264 1036 οἷον
1304 982 1770 1053 ὑποστελλόμενος

1929 984 2320 1051 mtinuitatem,
2353 987 2575 1043 nolebat
2608 987 2772 1044 Marci
2798 1002 2996 1043 nocere
3032 986 3286 1057 pedibus,
3353 995 3452 1054 pro

232 1071 310 1132 τὰς
336 1069 580 1134 τοιαύτας
616 1070 854 1143 πληγὰς,
880 1075 976 1126 καὶ
1009 1072 1206 1127 ἑαυτὸν
1242 1073 1552 1127 συστέλλων
1585 1073 1661 1138 ὡς
1691 1075 1771 1139 εἰς

1929 1093 1940 1130 ι
1989 1078 2401 1147 quodammodo
2448 1080 2629 1150 ipsum
2667 1082 2965 1145 emoriens,
3041 1087 3098 1133 et
3164 1078 3455 1130 verebatur

232 1163 387 1233 ἄχνην.
416 1163 532 1216 Καὶ
563 1163 708 1217 οὕτω
755 1166 856 1233 τὴν
905 1166 969 1218 ἐκ
1021 1165 1236 1236 φύσεως
1288 1165 1432 1220 λύων
1463 1166 1772 1238 συνέχειαν,

1929 1169 2164 1237 mtpedes
2189 1170 2493 1240 impingere
2525 1171 2732 1227 homini
2800 1172 2868 1225 ad
2929 1172 3133 1226 bonum
3184 1168 3456 1223 currenti.

232 1258 311 1310 οὐκ
356 1257 516 1327 ῆθελε
565 1260 694 1322 τοὺς
741 1259 834 1313 τοῦ
879 1260 1111 1331 Μάρκου
1172 1260 1538 1331 περιυϐρίσαι
1578 1260 1771 1328 πόδας,

1929 1262 2097 1317 tillud
2134 1278 2277 1333 saepe
2308 1266 2505 1319 iterum
2535 1267 2844 1334 iterumque
2898 1265 3151 1332 contigit.

234 1350 320 1417 πρὸ
342 1350 548 1402 ἐκείνου
580 1349 834 1418 θνήσκων
865 1346 977 1405 οἷον
999 1351 1186 1416 αὐτὸς,
1247 1345 1329 1416 οἷς
1357 1350 1644 1407 εὐλαϐεῖτο
1713 1356 2048 1426 συμποδίσαι
2099 1355 2191 1408 τὸν
2244 1357 2327 1420 εἰς
2383 1357 2591 1425 ἀγαθὸν
2631 1359 2920 1429 τρέχοντα.
2995 1359 3106 1413 Kat
3155 1359 3215 1410 τὸ
3284 1352 3460 1417 πάθος

233 1443 406 1510 ἐγίνετο
435 1441 700 1505 πολλάκις
735 1445 881 1496 κατὰ
913 1443 974 1496 τὸ
1007 1444 1173 1498 πάλιν
1204 1446 1298 1498 καὶ
1334 1444 1524 1500 πάλιν.

291 1564 380 1612 κε’.
414 1558 683 1611 ’Υπεισιν
731 1557 824 1611 οὖν
869 1560 964 1612 ἐπὶ
995 1559 1209 1622 τούτοις
1254 1560 1524 1630 λογισμὸς
1547 1561 1778 1632 ἔμφρων

1952 1559 2050 1614 25.
2085 1558 2160 1612 Ex
2198 1559 2283 1612 bis
2339 1560 2617 1630 sapienter
2668 1561 2969 1631 diiudicant
3021 1559 3157 1613 fabri
3213 1559 3479 1613 divinum-6

235 1653 338 1715 τοὺς
362 1650 692 1720 χαλκευτὰς,
727 1650 872 1703 θεῖον
901 1647 1045 1705 εἷναί
1076 1669 1132 1705 τι
1162 1655 1399 1723 πρᾶγμα
1447 1653 1512 1707 τὺ
1560 1653 1782 1724 γινόμε-

1929 1651 2008 1706 uid
2036 1667 2158 1707 esse
2184 1652 2326 1722 quod
2346 1653 2576 1716 accidit,
2600 1661 2656 1709 et
2688 1668 2814 1708 vere
2837 1661 3238 1722 portentosum,
3259 1661 3314 1705 et
3352 1665 3460 1703 non

235 1759 326 1801 νον.
355 1740 443 1793 καὶ
467 1740 693 1809 άληθῶς
738 1740 1026 1812 τεράστιον
1051 1782 1067 1808 ,
1095 1743 1194 1796 καὶ
1235 1744 1338 1796 οὐκ
1366 1743 1435 1797 ἂν
1471 1742 1546 1812 μὴ
1572 1759 1785 1814 σημαν-

1929 1747 1989 1802 isi
2018 1745 2199 1811 magni
2235 1745 2497 1799 indicium
2525 1747 2732 1814 operis.
2790 1743 2921 1811 Quae
2970 1743 3227 1814 cogitatio
3296 1743 3463 1796 menti

238 1834 365 1886 τικδν
410 1832 656 1900 μεγάλου
708 1835 1178 1904 ἀιτοτελιὲσιιανως⁸
1207 1837 1310 1890 καλ⁵
1343 1837 1372 1889 6
1400 1836 1662 1906 λογισμὸς
1696 1828 1786 1890 οὗ·

1929 1853 2072 1892 )rum
2097 1836 2344 1892 insidens
2379 1846 2432 1892 et
2460 1837 2756 1902 inhaerens,
2794 1837 3056 1906 ipsosque
3088 1850 3177 1890 res
3205 1833 3464 1889 erudiens

237 1942 308 1986 τος
355 1926 664 1992 ὲμϐαθύνας
721 1928 817 1980 καὶ
873 1926 1178 1993 ὲγκαθῐσας
1223 1929 1282 1991 ἐς
1313 1926 1517 1997 ψυχὴν,
1565 1929 1661 1981 καὶ
1703 1930 1786 1990 εἰς

1929 1932 2124 1992 lvinas,
2159 1931 2261 1984 hoc
2295 1930 2401 1984 illis
2417 1930 3109 2002 suggessitargumentutn.
3145 1941 3338 1994 nempe
3363 1925 3464 1978 ista

237 2015 490 2084 θεολογίαν
542 2015 928 2079 άπολεπτύνας
971 2018 1170 2080 αὐτοὺς
1219 2017 1450 2088 ἐποίησε
1486 2017 1817 2086 φιλοπφῆ-“

1929 2025 2032 2080 aud
2077 2025 2195 2080 sine
2226 2022 2324 2078 Dei
2361 2023 2586 2079 numine
2611 2038 2676 2078 ac
2705 2034 2854 2077 motu
2883 2023 3152 2077 evenisse.
3178 2019 3469 2086 Quomodo

239 2124 332 2171 σαι,
357 2109 427 2170 ὡς
457 2108 564 2161 οὐκ
609 2110 740 2163 ἄνευ
783 2108 961 2162 ταῦτα
991 2108 1146 2173 θείας
1182 2108 1468 2180 δυνάμεως
1493 2110 1616 2164 οὐδὲ
1645 2109 1782 2196 Θκεοῦ

1929 2115 2031 2169 uim
2054 2112 2284 2180 ferrum,
2317 2115 2462 2184 quod
2489 2115 2542 2167 in
2564 2128 2733 2168 unum
2751 2111 2978 2170 eunﬂuit
2999 2110 3466 2171 excandescendo,

239 2199 362 2270 δίχα.
402 2200 533 2265 Πῶς
565 2202 674 2270 γὰρ
717 2202 746 2252 6
800 2202 1046 2272 σίδηρος,
1073 2203 1105 2255 6
1130 2203 1212 2264 εἰς
1238 2201 1298 2255 ἓν
1328 2203 1580 2272 ωρῤἐων
1605 2204 1672 2273 τῇ
1696 2203 1788 2255 ὲκ-

1929 2222 1935 2261 ‘.
1965 2206 2150 2261 fusura
2180 2207 2413 2262 scoriam
2445 2207 2668 2271 excutit,
2703 2207 2892 2275 sicque
2936 2221 3091 2261 suam
3146 2217 3470 2272 recuperatis

243 2292 478 2363 πυρώσει,
531 2296 632 2348 καὶ
662 2297 730 2366 τῇ
783 2296 1155 2366 άναχωνεύσει
1207 2297 1308 2362 τὴν
1338 2295 1612 2366 σκωρεῑαν
1645 2297 1790 2350 ὲκτι-

1937 2301 2279 2363 nceritatem,
2318 2298 2476 2353 facile
2505 2299 2703 2353 exinde
2733 2299 3107 2353 condensatur
3155 2306 3209 2351 et
3232 2296 3471 2365 compri-

243 2385 453 2449 νάσσων,
491 2388 592 2439 καὶ
623 2386 800 2452 οὕτως
848 2391 930 2451 εἰς
970 2390 1219 2460 καθαρὸν
1264 2388 1784 2458 άποκαθιστὰμενος

1929 2391 2057 2443 titur
2109 2391 2464 2458 percussione
2490 2389 2542 2443 in
2584 2389 2864 2452 laminam,
2893 2388 3168 2458 quomodo
3208 2403 3353 2440 nunc
3385 2402 3472 2440 re-

241 2479 320 2528 καὶ
348 2479 468 2548 ῥᾷον
516 2479 578 2531 τὸ
611 2479 864 2534 ἐντεῦθεν
913 2481 1360 2552 συμπιλούμενος
1409 2482 1506 2536 καὶ
1558 2479 1791 2533 πυκνού-

1929 2490 2106 2534 txatur
2121 2490 2177 2534 et
2203 2496 2357 2548 aqua:
2387 2481 2562 2535 instar
2583 2480 2724 2543 fluit,
2753 2480 2854 2534 nisi
2885 2480 3099 2532 divinus
3126 2478 3348 2548 quidam
3372 2495 3475 2532 nu-

245 2585 401 2635 μενος,
429 2572 480 2624 εί
516 2572 784 2628 τύπτεται
819 2576 957 2645 πρὸς
988 2576 1226 2645 ἔλασμα,
1263 2573 1364 2629 νῦν
1393 2573 1794 2643 πλαδαροῦται,

1929 2590 1982 2629 us
2008 2573 2063 2628 in
2115 2575 2217 2629 hoc
2278 2574 2538 2642 singulari
2602 2573 2929 2643 iuspiciatur
2987 2571 3234 2627 eventu?
3268 2573 3476 2626 Statim.

243 2659 305 2722 ὡς
346 2663 434 2714 καὶ
484 2664 942 2735 διαρρυἳσκεσθαι
965 2670 1168 2739 τρόπον
1201 2668 1418 2733 ὓδατος,
1452 2669 1500 2720 εἰ
1543 2667 1616 2738 μὴ
1650 2666 1795 2720 κατά

1929 2667 2060 2736 gitur
2090 2681 2242 2720 mens
2272 2667 2378 2720 illis
2403 2669 2680 2722 succurrit
2714 2666 2806 2721 Dei
2843 2667 3116 2721 hominem
3145 2679 3268 2719 esse
3313 2680 3473 2731 quem

242 2767 287 2802 τι
313 2751 443 2807 θεῖον
471 2757 817 2829 συγκύρημα
853 2761 1006 2826 ξένον
1036 2778 1090 2814 τι
1119 2761 1558 2830 ὲπεσκευωρεϊτο
1591 2761 1791 2812 συνάν-

1931 2760 2206 2829 ompedire
2231 2760 2514 2826 parabant.
2546 2770 2600 2814 et
2639 2769 2924 2828 propterea
2961 2758 3121 2812 Marci
3174 2757 3340 2810 Deum
3376 2757 3477 2811 ob-

245 2862 409 2913 τημα;
442 2851 554 2901 Καὶ
576 2852 777 2905 αὐτίκα
817 2855 1214 2924 συνεισήρχετο
1255 2852 1383 2916 νοῦς
1423 2852 1631 2918 αὐτοῖς,
1660 2852 1798 2905 Θεοῦ

1906 2862 2054 2907 stare
2077 2855 2372 2922 quominus
2397 2853 2448 2906 in
2483 2868 2646 2920 opere
2668 2852 3045 2906 succederent.

245 2935 508 3005 ἄνθρωπον
540 2938 686 2996 εἶναι
719 2943 813 2999 τὸν
853 2945 1284 3017 δισμησόμενον,
1338 2946 1435 2998 καὶ
1480 2944 1572 2998 διὰ
1623 2942 1786 2998 τοῦτο
1822 2943 2075 3012 ἐμποδὼν
2109 2942 2248 2998 εἶναι
2292 2949 2381 2998 τὸν
2437 2945 2530 2998 τοῦ
2579 2947 2811 3007 Μάρκου
2854 2943 2990 3000 Θεδν
3059 2948 3130 3018 τῇ
3215 2944 3470 3000 εὐοδώσει

246 3034 327 3086 τοῦ
353 3038 514 3107 ἔργον
554 3039 754 3094 αὐτῶν.

306 3159 410 3216 κς¹.
437 3155 668 3217 Πάντως
709 3156 817 3240 γὰρ
862 3156 1051 3227 φήμης
1083 3155 1510 3227 άναϐοωμένης,
1541 3157 1643 3210 οὐκ
1681 3154 1796 3227 εἶχε

250 3242 518 3296 λανθάνειν
567 3243 681 3296 οὐδ’
709 3247 907 3309 αὐτοὺς
958 3248 987 3300 6
1049 3247 1300 3318 Μάρκος,
1359 3247 1445 3302 ὅτι
1503 3246 1661 3309 θεοὺς
1703 3249 1802 3317 μὲν

1978 3155 2069 3208 ‘26.
2113 3153 2276 3209 Fama
2337 3155 2482 3207 enim
2508 3155 2693 3208 omnia
2723 3155 3062 3224 divulgante,
3119 3155 3268 3220 ipsos
3315 3154 3480 3208 etiam

1912 3249 2080 3302 latere
2112 3247 2256 3301 haud
2285 3257 2494 3317 poterat
2531 3247 2746 3302 Marcus
2778 3255 3036 3318 tanquam
3073 3248 3205 3305 deos
3230 3257 3482 3304 contem-

251 3336 620 3406 ἀπωθούμενος
650 3337 748 3392 καὶ
772 3337 960 3409 ψέγων
986 3339 1062 3402 ὡς
1107 3340 1184 3412 μὴ
1216 3341 1461 3411 ἀληθεῖς,
1489 3341 1572 3394 ἐνὶ
1601 3341 1660 3394 δὲ
1690 3341 1807 3410 Θεῷ

1929 3354 2049 3393 iens
2077 3352 2142 3392 ac
2171 3338 2481 3405 vituperans
2517 3345 2710 3391 utnon
2759 3353 2936 3399 veros,
2992 3336 3085 3391 uni
3140 3348 3321 3391 autem
3373 3336 3485 3390 Deo

255 3429 627 3498 προσανέχων,
663 3430 759 3484 καὶ
806 3431 942 3485 Θεδν
980 3431 1150 3496 ὄντως
1179 3432 1342 3487 αὒτδν
1389 3431 1804 3503 ἐπαγωνιζόμε·

257 3533 333 3580 νος
369 3514 528 3587 εἶναι,
564 3519 855 3592 τετίμηται
895 3521 1138 3594 δεσμοῖς.
1169 3525 1334 3578 Ὅθεν
1377 3525 1604 3579 τοιαῦτα
1650 3542 1804 3592 σοφι-

260 3608 454 3674 σθὲντες
517 3611 626 3665 ὑπὸ
668 3612 764 3665 τοῦ
795 3613 946 3677 ἐντὸς
989 3613 1168 3668 αὐτῶν
1217 3615 1562 3680 διδασκάλου,
1596 3616 1808 3687 ὑποφη-

256 3699 484 3766 τεύοντος
535 3703 741 3775 δηλαδὴ
780 3703 918 3758 Θεοῦ
972 3707 1097 3770 ταῖς
1122 3706 1218 3760 τοῦ
1254 3707 1416 3777 ἁγίου
1459 3707 1687 3779 Μάρκου
1723 3709 1810 3760 εὑ-

256 3793 385 3861 χαῑς,
415 3794 507 3849 τόν
562 3812 623 3848 τε
674 3793 1014 3866 ἐκϐοὼμενον
1045 3795 1375 3850 πιστότατον
1405 3797 1636 3868 Μάρκον
1675 3797 1811 3850 ἀπο-

255 3886 482 3953 δέχονται
539 3889 638 3957 τῆς
691 3888 836 3960 ὑπὲρ
893 3888 990 3942 τοῦ
1040 3888 1272 3959 φιλητοῦ
1310 3887 1586 3943 Δεσπὸτου
1622 3891 1815 3944 ὲνστάυ

259 3993 400 4043 σεως,
453 3977 514 4030 ὃν
565 3979 731 4040 αὐτὸς
786 3980 1085 4050 κηρύττειν
1117 3981 1314 4034 ἐθέλει*
1343 3982 1435 4034 καὶ
1469 3982 1547 4052 τῷ
1579 3980 1698 4050 Θεῷ
1726 3981 1816 4034 διὰ

257 4067 346 4138 τῆς
379 4067 636 4140 τοιαύτης
692 4059 965 4141 ἀποδοχῆς
1013 4071 1310 4135 ὁσιοῦνται,
1337 4072 1433 4124 καὶ¹
1481 4069 1576 4123 τὸν
1618 4071 1818 4141 τύραν-

262 4175 342 4212 νον
366 4161 756 4229 άποστυγοῦσι,
781 4165 875 4216 καὶ
897 4163 1207 4233 γραφέντες
1232 4165 1314 4226 εἰς
1344 4164 1405 4216 τὸ
1437 4163 1620 4225 καλῶς
1653 4166 1814 4226 νοεῖν,

261 4255 382 4325 πρὸς
405 4255 482 4327 τῷ
511 4255 653 4327 ἁγίῳ
681 4258 894 4326 Μάρκῳ
926 4255 1019 4309 τὸν
1050 4256 1174 4309 νοῦν
1213 4254 1425 4325 ἔχουσι.

323 4385 422 4448 κζ’.
454 4385 522 4438 Τί
547 4385 607 4438 δὲ
639 4385 740 4438 οὐκ
765 4385 992 4453 ἔμελλον
1045 4386 1277 4454 ποιῆσαι
1309 4388 1359 4442 oi
1407 4386 1546 4456 πρὸς
1589 4386 1670 4456 τῷ
1710 4387 1819 4440 ἔσω

267 4476 624 4545 μυσταγωγῷ,
657 4476 735 4546 τῷ
785 4477 844 4542 ἐξ
901 4477 1126 4542 ἔλλόγου
1173 4477 1412 4546 φύσεως,
1476 4479 1570 4530 καὶ
1622 4479 1719 4548 τὴν
1763 4479 1820 4543 ἐξ

269 4570 424 4624 αὑτοῦ
477 4570 614 4624 Θεοῦ
689 4571 1036 4624 διδασκαλίαν
1116 4571 1332 4641 τρανῶς
1387 4572 1820 4638 ὲνωτισάμενοι;

1907 3429 2155 3494 credens,
2179 3443 2416 3498 eumque
2444 3444 2698 3483 asserens
2728 3445 2916 3484 verum
2946 3444 3066 3484 esse
3097 3429 3286 3491 Deu'n.
3321 3437 3484 3496 atque

1909 3525 2032 3576 ideo
2061 3523 2294 3577 vinculis
2334 3523 2644 3577 ntuletatus.
2683 3522 2836 3579 Unde
2879 3523 3008 3576 talia
3038 3521 3216 3575 edocti
3243 3523 3311 3575 ab
3343 3523 3482 3575 intr-

1912 3617 2052 3671 riore
2084 3617 2361 3686 magistro;
2395 3633 2423 3671 a
2457 3617 2566 3672 Deo
2600 3617 2848 3671 videlicet
2880 3616 3058 3670 sancti
3100 3613 3264 3669 Marci
3303 3615 3479 3683 preci-

1913 3709 2012 3762 bus
2039 3708 2680 3774 annuente,percelebris
2707 3706 2873 3762 Marci
2902 3705 3267 3762 firmissimam
3288 3721 3488 3774 appro-

1915 3802 2042 3855 bant
2071 3802 2454 3857 tidelitatemin
2481 3803 2739 3857 dilectum
2797 3801 3112 3862 Dominum,
3146 3815 3304 3870 quem
3375 3799 3491 3866 ipse

1918 3895 2211 3962 praedicare
2248 3895 2555 3959 volebat,et
2575 3895 2742 3950 Deum
2779 3894 2848 3948 ob
2885 3895 3023 3948 hanc
3045 3892 3486 3962 approbationem

1921 3985 2213 4047 lmnorant,
2232 3993 2520 4054 tyranuum
2554 4001 2686 4040 vero
2713 3984 3083 4050 detestantur,
3111 3993 3168 4038 et
3197 3999 3344 4037 sana:
3365 3984 3490 4036 duc-

1921 4076 2072 4129 trinae
2098 4077 2377 4143 destinati,
2409 4085 2644 4130 mentem
2677 4086 2869 4132 sancto
2899 4074 3085 4131 Marco
3115 4076 3424 4146 applicant.

1993 4384 2082 4436 27.
2120 4382 2259 4448 Quid
2291 4391 2472 4435 autem
2507 4398 2614 4435 non
2657 4383 2862 4436 facturi
2894 4393 3050 4436 erant
3097 4384 3215 4453 qui,
3276 4395 3495 4454 pra-ter-

1923 4492 2082 4546 quam
2113 4492 2139 4527 a
2175 4475 2437 4544 magistro
2468 4475 2618 4529 intus
2639 4490 2732 4544 per
2765 4475 3083 4529 rationalem
3116 4488 3365 4531 naturain
3417 4480 3495 4532 lo~

1925 4580 2151 4635 queute,
2182 4569 2251 4622 ab
2281 4568 2400 4638 ipso
2432 4567 2540 4622 Deo
2581 4567 2927 4636 disciplinam
2983 4569 3128 4623 clare
3159 4569 3446 4624 audierant
3472 4569 3502 4622 Τ

265 4661 408 4732 ﬁrmi;
444 4664 554 4732 γὰρ
594 4663 888 4734 οὐρανόθεν
922 4664 1190 4734 άπηχήθη
1246 4664 1344 4716 καὶ
1394 4665 1601 4728 αὐτοῖς,
1631 4666 1816 4718 ὁποῖαι

1929 4659 2042 4714 Vox
2073 4661 2216 4714 enim
2246 4669 2375 4714 tunc
2402 4659 2564 4714 etiam
2599 4660 2818 4715 coalitus
2843 4659 3099 4714 exaudita
3125 4670 3232 4722 est.
3295 4661 3490 4730 quales

270 4756 358 4808 καὶ
387 4757 547 4810 άλλαι
577 4761 747 4829 μυρία
768 4759 1104 4828 ἐϐρόντησαν
1140 4759 1516 4830 θεοπαράδοτα
1546 4761 1820 4829 νοήματα,

270 4847 604 4920 θαρῤύνουσα
651 4852 776 4915 τοὺς
826 4852 1177 4922 Καλυτηνοὺς
1218 4853 1298 4916 εἰς
1346 4852 1407 4906 τὸ
1455 4853 1711 4919 ἁθλῆσαι.
1745 4848 1824 4925 ᾞ

267 4943 804 5008 κατακολουθοῦντες,
833 4947 959 5008 τούς
1004 4962 1064 4997 τε
1115 4946 1489 5016 πυραγρικοὺς
1525 4947 1824 5016 καρκίνους

268 5033 538 5102 ῥίπτουσι,
581 5037 674 5088 καὶ
729 5035 1198 5090 συναποδάλλουσι
1227 5036 1284 5088 δὲ
1329 5037 1422 5089 καὶ
1452 5038 1552 5101 τὰς
1584 5035 1819 5110 σφύρας

266 5124 349 5173 καὶ
369 5123 466 5193 τὴν
505 5123 742 5194 άσόόλην
790 5126 890 5193 μὲν
919 5125 1318 5194 ἀπειπάμενοι,
1353 5125 1453 5194 τὴν
1484 5126 1547 5179 ὲκ
1572 5127 1670 5196 τῆς
1699 5127 1826 5197 τέχ-

267 5231 376 5282 νης,
407 5215 615 5268 καὶτὸν
646 5217 857 5269 ἐκεῖθεν
885 5216 1082 5288 ῥύπον,
1121 5217 1183 5270 τὸ
1212 5217 1270 5270 δὲ
1298 5217 1415 5285 φῶς
1441 5217 1825 5288 ἐγκρίναντας,

227 5355 248 5374 ι
264 5304 319 5354 τὸ
343 5309 436 5358 καὶ
463 5306 632 5370 ὄντως
657 5308 755 5362 καὶ
777 5307 1046 5379 ἄρρητον,
1074 5306 1102 5360 ὃ
1126 5309 1221 5360 καὶ
1242 5306 1598 5379 ἐκληρώσατο
1632 5308 1827 5371 αὐτοὺς

270 5395 402 5466 ὑπὲρ
451 5397 588 5450 Θεοῦ
629 5399 1014 5470 ἀθλήσοντας,
1072 5402 1168 5452 καὶ
1227 5399 1372 5454 οὕτω
1432 5401 1830 5470 διαφυγόντας,

267 5485 449 5559 ὥσπερ
509 5487 570 5540 τὸ
606 5491 749 5544 κατὰ
803 5491 999 5562 τέχνην
1030 5490 1166 5564 πῦρ,
1194 5490 1340 5546 οὕτω
1372 5492 1468 5546 καὶ
1500 5493 1560 5546 τὸ
1589 5492 1824 5556 αἰώνιον,

267 5578 556 5646 τρέχουσιν
590 5582 678 5633 ἐπὶ
703 5582 794 5634 τὸν
824 5583 1071 5652 Μάγνον.
1113 5585 1219 5638 Κοιί
1250 5585 1385 5646 τέως
1423 5587 1521 5656 μὲν
1567 5585 1663 5638 καὶ
1691 5585 1826 5639 ἁπο-

269 5670 613 5739 στρέφουσιν,
645 5673 704 5724 ὃν
743 5673 934 5726 ἔλαϐον
981 5674 1175 5744 μισθὸν
1206 5675 1309 5745 τῆς
1342 5675 1488 5729 κατὰ
1531 5674 1625 5730 τοῦ
1675 5677 1831 5746 Μάρ-

268 5778 366 5836 κου
417 5763 794 5832 σιδηροποιῖας
821 5807 835 5831 ,
877 5767 964 5820 ἵνα
993 5769 1088 5821 καὶ
1135 5767 1195 5836 τὸ
1224 5768 1490 5839 ἀργύριον
1538 5765 1702 5821 αὐτοῦ
1734 5768 1830 5820 σὺν

272 5849 416 5917 αὑτῷ
457 5852 541 5912 εἰς
575 5852 862 5909 ᾶιτιςὼλειαν⁹
900 5853 1019 5910 εἶτα
1073 5859 1169 5910 καὶ
1214 5856 1620 5928 πλ.ηροφοροῦσι
1650 5857 1829 5926 λόγοις

1929 4765 1983 4808 et
2002 4755 2114 4808 alia
2138 4753 2335 4808 millies
2366 4755 2723 4806 intonuernnt
2751 4753 3105 4807 transmissas
3127 4768 3156 4807 a
3181 4753 3286 4805 Deo
3309 4754 3498 4821 IOque-

1931 4847 2031 4910 las.
2067 4846 2315 4901 excitans
2344 4845 2640 4916 Calytenos
2670 4845 2735 4898 ad
2771 4843 3145 4915 pugnandum.
3205 4845 3304 4898 Cui
3370 4843 3506 4899 ohe.

1927 4942 2154 5003 dientes,
2190 4939 2398 4994 similes
2429 4940 2643 4996 cancris
2680 4939 2914 5006 forcipes
2957 4939 3250 5010 projicinnl
3284 4956 3298 5006 ;
3329 4939 3504 5008 conji-

1927 5036 2081 5089 ciunt
2109 5032 2276 5088 simul
2307 5039 2362 5085 et
2392 5031 2643 5096 malleos,
2683 5041 2738 5086 et
2769 5040 3056 5101 ettergunt
3102 5030 3380 5100 fuliginem
3437 5047 3502 5084 ac

1926 5124 2140 5180 Sordem
2173 5139 2237 5177 ex
2271 5132 2387 5177 arte
2413 5137 2508 5175 sua
2538 5122 2891 5177 inhaerentem
2932 5140 2946 5190 ;
2981 5122 3154 5176 lucem
3206 5137 3333 5176 vero
3386 5137 3514 5174 alii»

1928 5218 2224 5286 plectentes
2257 5231 2376 5283 quae
2410 5224 2494 5269 cst
2517 5230 2641 5268 vera
2672 5224 2726 5268 et
2755 5213 3069 5276 ineﬂ‘abilis.
3107 5230 3228 5268 sese
3257 5215 3500 5268 conscri-

1931 5309 2066 5362 bnut
2090 5305 2156 5361 ad
2187 5306 2531 5362 militandum
2565 5321 2664 5376 pro
2685 5305 2792 5361 Deo
2824 5323 2848 5372 ;
2871 5315 2925 5361 et
2956 5307 3038 5362 sic
3067 5306 3356 5376 fugientes,
3386 5316 3496 5358 tum

1929 5400 2105 5468 ignem
2142 5413 2256 5452 sua:
2288 5397 2441 5460 artis,
2467 5404 2582 5451 tum
2619 5404 2888 5450 aeternum
2917 5397 3116 5464 ignem,
3154 5402 3386 5450 currunt
3435 5394 3505 5446 ad

1935 5490 2209 5557 Magnum.
2238 5491 2313 5542 Ae
2341 5489 2574 5558 primum
2607 5489 2877 5558 repellunt
2904 5487 3412 5556 tnercetlem,.quam
3437 5486 3506 5538 all

1939 5600 2004 5637 t-o
2029 5594 2350 5652 acet-perant
2380 5581 2444 5636 ad
2477 5579 2715 5635 Marcum
2736 5581 2880 5636 ferro
2908 5581 3280 5642 ealceandum,
3315 5588 3372 5631 ut
3415 5594 3508 5649 pe-

1936 5676 2098 5730 ettnia
2139 5677 2287 5731 illius
2321 5691 2444 5730 cum
2485 5689 2550 5728 eo
2597 5684 2740 5728 esset
2776 5675 2828 5727 in
2885 5672 3278 5740 perditionem;
3313 5671 3508 5726 deinde

1942 5770 2214 5823 allirlnant
2236 5781 2492 5822 sermone
2521 5765 2668 5820 brevi
2702 5780 2760 5819 se
2792 5780 2910 5818 esse
2934 5774 3151 5834 paratos
3185 5763 3251 5818 ad
3275 5763 3508 5818 morien-

1942 5857 2069 5919 dum
2103 5873 2199 5928 pro
2226 5856 2333 5912 Deo
2348 5870 2509 5925 quem
2543 5853 2756 5908 Marcus
2774 5853 3053 5924 praedicat,
3079 5869 3179 5909 nec
3201 5853 3338 5911 velle
3355 5852 3510 5910 dein-
