3908 6616
159 397 253 458 281

1338 409 1438 472 DE
1478 414 1540 474 S.
1569 411 1864 476 ALPHEO
1889 419 1989 482 ET
2029 418 2299 482 SOCIIS.

3339 418 3448 484 232

161 513 300 584 ρίαν,
329 514 414 578 ὡς
449 516 528 572 ἂν
563 517 828 593 ἐξανύσῃ,
859 522 983 575 κατ’
1006 522 1207 591 αὐτῶν,
1249 525 1388 599 ὅπερ
1420 530 1576 582 αὐτοὶ
1608 533 1743 586 κατᾶ

1861 537 2047 593 clavos
2076 539 2312 610 grandes
2367 538 2604 608 imperat
2649 541 2906 610 qualibus
2965 540 3092 611 palo
3153 539 3449 608 affiguntur

160 605 248 658 tot”:
300 609 555 681 Μάρκου
608 613 810 682 δράσαι
863 615 964 668 οὐκ
1019 617 1201 688 ἔσχον,
1232 619 1398 690 ἥλους
1433 638 1492 675 τε
1547 624 1747 695 ἁδροὺς

165 700 480 768 ἐπιτάττει,
539 705 611 757 δι’
648 700 726 760 ὧν
773 709 1141 778 καθηλοῦνται
1187 714 1748 788 ἀνσσκολοπιζόμενοί

160 809 321 859 τινες,
358 797 469 850 καὶ
521 800 731 869 πέτραν
763 805 1165 872 παρατηρεῖται
1201 806 1319 860 οἵαν
1354 809 1541 874 στέξαι
1576 829 1750 882 προσ·-

162 887 592 954 ταγησομένους
625 890 966 960 ἀνθρώπους.

221 972 323 1042 λβ’.
382 977 505 1032 Καὶ
551 976 622 1050 ἦν
676 982 777 1051 μὲν
831 985 908 1055 τῷ
958 987 1078 1058 Θεῷ
1125 989 1370 1060 δυνατὸν,
1429 995 1567 1065 μήτε
1620 995 1749 1055 τοὺς

162 1067 315 1132 ἥλους
388 1075 744 1143 παγιωθῆναι
805 1079 886 1141 εἰς
941 1081 1300 1152 στερέμνιον,
1353 1084 1491 1138 ἀλλὰ
1553 1086 1748 1140 παθεῖν

163 1162 447 1232 ἀνάλυσιν,
475 1167 667 1220 ὁποίαν
694 1169 724 1221 6
759 1170 999 1242 σίδηρος,
1033 1174 1060 1226 6
1093 1177 1235 1228 κατὰ
1266 1177 1377 1230 τῶν
1398 1178 1617 1249 δεσμῶν
1648 1175 1746 1232 τοῦ

167 1257 394 1326 Μάρκου
453 1261 883 1332 μαλαττόμενος,
917 1268 1010 1321 καὶ
1036 1268 1137 1339 τὴν
1163 1270 1372 1340 πέτραν
1419 1273 1476 1326 δὲ
1509 1289 1749 1343 στερεω-

165 1349 316 1417 eam
377 1355 467 1416 είς
525 1355 876 1426 ἁνύπεικτον,
939 1361 1034 1414 καὶ
1101 1360 1453 1429 λαξευτικαῖς
1507 1364 1748 1434 πληγαῖς

163 1443 450 1498 ἀνένδοτον
476 1449 572 1501 καὶ
605 1450 944 1522 διατρήσεσι,
971 1452 1092 1507 καθ’
1122 1448 1198 1511 ὧν
1225 1455 1274 1508 oi
1301 1450 1423 1527 ἧλοι
1453 1454 1750 1527 παρεισδύ-

165 1555 370 1596 σονται.
405 1544 699 1615 οἰκτείρας
757 1546 814 1599 δὲ
867 1549 995 1612 τοὺς
1051 1549 1388 1614 πολυπαθεῖς
1440 1552 1744 1621 μάρτυρας,

165 1638 252 1687 καὶ
282 1641 730 1704 μεταναστεῦσαι
759 1644 857 1713 τῆς
888 1644 1237 1714 ἀνθρωπίνης
1282 1645 1431 1715 ζωῆς
1459 1645 1748 1717 ἀποφηνά-

169 1746 326 1797 μενος
383 1733 721 1802 (ἀρκούντως
769 1737 879 1805 γὰρ
928 1738 1369 1810 ἑγυμνάσθησαν,
1416 1738 1492 1801 ὡς
1542 1739 1750 1801 ἐκεῖνος

166 1821 402 1890 ἔκρινεν,
433 1823 491 1876 ὃν
521 1825 624 1879 οὐκ
657 1826 807 1880 εστιν
851 1829 1284 1898 ἐκλογίσασθαι),
1329 1828 1411 1900 τῷ
1441 1830 1649 1900 σιδήρῳ
1681 1847 1742 1882 τε

171 1915 381 1984 ἐφῆκεν
421 1917 587 1987 ἥλους
636 1922 956 1992 καταρτιᾷν,
993 1924 1083 1975 καὶ
1137 1924 1238 1992 τὴν
1291 1925 1504 1992 πέτραν
1555 1923 1737 1992 ἀφῆκε

169 2009 364 2061 παθεῖν
409 2011 618 2082 συνήθη
669 2013 1002 2085 διατόρησιν.
1042 2019 1150 2070 Καὶ
1195 2016 1270 2080 ὡς
1305 2019 1438 2070 αὐτὸ
1494 2019 1738 2084 ἐγένετο,

171 2099 598 2172 άπαγορεύονται
629 2105 729 2175 ζῇν
759 2109 817 2158 ιν
854 2111 921 2176 γῇ
956 2109 1093 2176 πρὸς
1124 2109 1218 2162 τοῦ
1249 2110 1476 2176 Μάγνου
1513 2111 1561 2162 oi
1599 2110 1742 2178 μάρ-

170 2211 367 2263 τυρεςο
406 2198 499 2251 καὶ
543 2200 684 2268 ταχὺ
732 2201 992 2270 ἀρθέντες
1033 2207 1484 2274 προσπήγνυνται
1527 2205 1590 2271 τῇ
1641 2201 1738 2253 πέσ

172 2301 294 2354 τρᾳ,
333 2287 430 2342 ὅσα
462 2290 556 2342 καὶ
592 2289 734 2362 ξύλῳ
788 2295 1149 2362 σταυρώσεως
1172 2311 1189 2329 ο
1230 2296 1324 2349 καὶ
1363 2295 1508 2350 οὕτω
1531 2297 1596 2365 τῇ
1639 2294 1740 2363 μὲν

176 2379 507 2446 προσηλώσει
549 2384 844 2451 μιμοῦνταί
875 2404 991 2448 πως
1017 2387 1108 2441 τὸν
1132 2387 1202 2441 δι’
1235 2389 1386 2456 ἡμᾶς
1415 2385 1738 2447 ἐθελουσίως

177 2473 584 2540 προσηλωθέντα
635 2477 860 2546 σωτῆρα
904 2479 1157 2548 Χριστὸν,
1205 2482 1270 2551 τῇ
1317 2480 1374 2533 δὲ
1451 2481 1628 2549 πέτρᾳ
1673 2474 1773 2542 τῆς

187 2566 470 2634 μελιὼσθαι
497 2571 564 2639 τῇ
595 2571 778 2622 πίστει
804 2573 869 2639 τῇ
903 2573 982 2634 είς
1009 2573 1103 2628 τὸν
1137 2573 1368 2644 Κύριον.

251 2658 348 2728 λγ’.
394 2657 452 2713 ⁸0
498 2662 554 2713 δὲ
605 2661 836 2728 ἀλείψας
868 2663 1093 2732 Μάρκος
1141 2665 1338 2734 περιῆν
1371 2667 1470 2733 μὲν
1502 2667 1596 2718 καὶ
1625 2664 1744 2716 είσ-

188 2752 299 2803 έτι·
342 2754 399 2805 σύ
444 2755 554 2823 γὰρ
599 2749 703 2822 ἦγε
761 2755 956 2825 σχολὴν
1001 2757 1028 2808 6
1079 2755 1298 2825 Μάγνος
1339 2757 1742 2824 ἐπισκέψασθαι

193 2843 282 2896 καὶ
310 2844 480 2911 αὑτὸν,
506 2844 643 2900 ἀλλᾶ
672 2846 766 2897 τὸν
795 2846 920 2899 νοῦν
949 2847 1071 2900 ὅλον
1115 2846 1231 2918 εἶχε
1259 2849 1394 2913 πρὸς
1425 2851 1546 2912 ταῖς
1575 2847 1742 2901 αὑτοῦ

194 2937 528 3004 προσφοραῖς,
569 2940 682 2999 τοῖς
711 2938 1066 3007 Καλυτηνοῖς,
1099 2937 1194 3002 οὓς
1222 2938 1386 3002 αὐτὸς
1418 2939 1742 3010 προσήγαγε

194 3029 265 3096 τῷ
287 3029 413 3094 θεῷ,
449 3023 531 3093 οἷς
560 3029 632 3083 δι’
657 3029 824 3084 αὐτοῦ
856 3032 1064 3084 ἐκεῖνον
1090 3029 1414 3104 ἐγνώρισαν,
1435 3031 1743 3092 ἀναϐάντας

196 3122 269 3183 εἰς
300 3121 420 3191 ὕψος
450 3119 708 3189 γνώσεως
755 3123 857 3176 ὅσα
900 3123 998 3178 καὶ
1025 3123 1115 3178 διά
1141 3140 1290 3188 τινος
1319 3123 1610 3194 κλίμακος,
1641 3123 1742 3193 τῆς

195 3213 275 3265 ἑτι*
315 3214 453 3285 αὐτῷ
501 3214 730 3280 ἑννοίας,
763 3217 852 3270 ὅτε
899 3215 1120 3288 σίδηρος
1167 3217 1364 3283 αὐτοὺς
1411 3192 1740 3286 ἕμυσταγῶ-
1769 3192 1814 3254 C

196 3323 342 3373 γησε,
384 3307 694 3379 καινότερον
742 3309 1170 3380 μαλαττόμενος.
1224 3307 1332 3361 Καὶ
1379 3308 1548 3379 ἐχρῆν
1601 3307 1745 3361 οὔτω

200 3400 429 3467 γενέσθαι
475 3403 622 3456 δυοῖν
678 3402 895 3456 ἕνεκεν·
952 3402 1042 3456 ἵνα
1093 3403 1190 3455 καὶ
1252 3402 1282 3455 6
1337 3401 1496 3471 ἅγιος
1559 3405 1742 3473 γέρων

201 3494 384 3566 ἁπέλοη
413 3495 630 3568 θαῤῥῶν
655 3497 735 3558 εἰς
764 3495 924 3560 Θεὸν,
951 3496 1073 3549 ἐπεὶ
1103 3496 1196 3548 καὶ
1226 3494 1508 3559 τοιούτους
1544 3495 1740 3548 τελευ-

199 3585 297 3636 τῶν
338 3586 475 3657 αὐτῷ
523 3588 828 3658 κατήρτισε
878 3588 1182 3659 μάρτυρας,
1210 3587 1306 3642 καὶ¹
1350 3587 1506 3640 αὐτοὶ
1553 3587 1611 3641 δὲ
1664 3585 1740 3656 μὴ

201 3677 456 3733 ἀποκνοῖεν
498 3680 662 3733 ὄκνου
721 3679 889 3750 λόγῳ,
956 3679 1059 3752 τὴν
1109 3680 1204 3734 τοῦ
1260 3681 1492 3751 Μάρκου
1562 3697 1741 3749 μεμα-

204 3771 400 3838 θηκότες
433 3772 838 3842 μετανάστασιν
869 3774 964 3828 καὶ
999 3775 1138 3845 πρὸς
1166 3776 1299 3828 Θεὸν
1331 3775 1616 3831 ἀνάϐασιν.

262 3865 342 3919 ἰδ’.
376 3867 430 3918 '0
466 3866 518 3919 δὲ
549 3867 795 3934 Μάγνος,
823 3867 898 3930 ὡς
922 3863 1011 3920 οἷα
1045 3868 1120 3938 μὴ
1155 3867 1400 3935 ἀρκέσαν
1431 3869 1513 3932 είς
1555 3871 1739 3925 κάκω-

207 3976 277 4011 σιν
301 3962 403 4021 τοῖς
439 3960 775 4029 Καλυτηνοῖς
815 3959 895 4021 τὸ,
931 3959 1008 4023 ὡς
1054 3959 1276 4031 ἐρρέθη,
1315 3962 1737 4031 προσηλωθῆναι

207 4052 338 4118 (ἴσως
380 4054 480 4122 γὰρ
527 4053 620 4106 καὶ
655 4051 961 4120 μετάμελος
1004 4047 1149 4122 εἶχεν
1175 4053 1361 4118 αὐτὸν,
1392 4056 1438 4106 εί
1472 4055 1547 4122 μὴ
1580 4053 1741 4107 κατέ-

207 4162 358 4213 χωσεν
385 4145 601 4207 αὐτοὺς,
631 4143 747 4196 ἀλλ’
792 4143 964 4206 οὓτως
1000 4147 1079 4207 είς
1119 4145 1388 4213 πρόοπτον
1421 4144 1636 4214 ἐξῆρεν,
1665 4145 1740 4208 ὡς

203 4243 280 4290 καὶ
305 4239 718 4306 περιϐλέπεσθαι
746 4241 856 4301 τοῖς
909 4238 1252 4291 θεοσεϐἐσιν·
1293 4239 1351 4300 ἐξ
1385 4237 1448 4290 οὗ
1485 4239 1737 4290 συνέϐαι·

204 4347 294 4394 νεν,
327 4331 557 4394 ἐκείνους
615 4331 716 4400 μὲν
771 4332 1170 4395 θαυμάζεσθαι,
1219 4331 1314 4384 τδν
1368 4330 1426 4382 δὲ
1472 4329 1740 4399 τύραννον

203 4422 775 4494 κατακραυγάζεσθαι),
845 4423 1004 4494 ἧθελε
1057 4423 1157 4492 μὲν
1209 4422 1354 4492 τάχα
1411 4422 1554 4475 κατά
1614 4438 1739 4474 τινα

1770 1892 1816 1950 Β

1863 630 2052 700 aliqui,
2075 640 2128 686 et
2143 640 2352 701 petram
2380 632 2696 702 speculatur
2718 649 2973 704 capacem
2993 633 3442 702 configendorum

1861 722 2173 778 hominum.
3135 757 3155 787 κ

1925 991 2015 1047 52.
2043 992 2224 1049 Facile
2255 993 2471 1063 quidem
2509 994 2654 1051 Deus
2675 995 2888 1051 efﬁcere
2927 1006 3140 1066 poterat
3184 1007 3243 1052 ut
3295 997 3439 1053 clavi

1856 1099 1961 1137 non
1988 1084 2162 1138 solide
2186 1097 2574 1156 pangerentur,
2609 1087 2705 1142 sed
2732 1089 3102 1144 avellerentur
3131 1092 3442 1146 sicutsolu-

1856 1184 1973 1230 tum
2003 1186 2124 1232 erat
2157 1178 2363 1234 ferrum
2382 1183 2742 1264 compedibus
2774 1182 2938 1238 Marci
2966 1184 3328 1249 destinatum,
3355 1188 3438 1241 vel

1853 1279 1911 1323 ut
1934 1279 2084 1339 petra
2121 1272 2475 1330 indurescens
2512 1291 2621 1329 non
2656 1277 2878 1330 cederet
2906 1277 3159 1346 lapicidae
3207 1278 3435 1344 ictibus,

1851 1364 1943 1417 sed
1975 1363 2243 1420 foramina
2268 1367 2585 1422 retunderet
2614 1384 2710 1438 per
2738 1385 2862 1438 quae
2908 1370 3082 1424 clavis
3143 1379 3440 1439 penetran-

1849 1455 1979 1508 dum
2011 1466 2150 1512 erat.
2184 1457 2406 1525 Verum,
2461 1461 2721 1515 misertus
2774 1462 2882 1529 iam
2935 1463 3099 1516 Illllila
3154 1477 3440 1532 perpessos

1850 1555 2136 1619 martyres,
2161 1550 2346 1620 eisque
2374 1554 2682 1610 concedens
2710 1564 2768 1608 ut
2798 1570 2861 1608 ex
2899 1556 3140 1612 humana
3170 1557 3278 1610 vita
3332 1557 3438 1610 mi-

1849 1649 2072 1709 grarent
2096 1642 2243 1708 (nam
2273 1645 2408 1699 satis
2440 1659 2837 1714 pugnaverant,
2871 1657 2930 1702 ut
2968 1651 3082 1717 ipse
3130 1649 3434 1718 judicabat,

1848 1749 1876 1787 a
1908 1749 2019 1802 quo
2046 1735 2188 1790 ratio
2216 1737 2360 1805 exigi
2385 1753 2492 1792 non
2523 1742 2748 1813 potest),
2782 1743 3033 1812 permisit
3064 1742 3250 1797 clavos
3284 1740 3434 1795 ferro

1851 1826 2129 1894 fabricari,
2178 1839 2234 1885 et
2291 1841 2499 1900 petram
2557 1849 2716 1904 posse
2781 1837 2936 1905 juxta
2993 1850 3199 1890 morem
3253 1835 3434 1905 perfo—

1849 1920 1978 1974 rari.
2034 1921 2187 1988 Quod
2211 1932 2270 1978 ut
2297 1922 2500 1979 factum
2531 1935 2635 1994 est,
2667 1927 2895 1998 Magnus
2949 1927 3286 1997 martyribus
3341 1941 3432 1980 re-

1848 2017 1970 2067 nuit
2003 2015 2239 2084 amplius
2268 2016 2320 2070 in
2353 2027 2497 2072 terra
2536 2021 2759 2086 vivere;
2789 2020 3008 2074 etillico
3048 2021 3244 2074 elevati
3309 2019 3433 2073 afﬁ-

1850 2113 2057 2172 guntur
2108 2118 2295 2177 petrae,
2346 2111 2964 2180 tanquamliguocrucis
2998 2128 3013 2176 ;
3045 2121 3100 2164 et
3150 2113 3220 2165 ita
3265 2110 3436 2164 clavis

1849 2196 2080 2267 perfossi
2099 2199 2448 2268 aliquatenus
2469 2202 2748 2258 imitantur
2763 2203 3089 2258 cruciﬁxum
3114 2215 3307 2272 sponte
3332 2217 3432 2271 pro

1847 2291 2006 2345 nobis
2025 2292 2362 2346 Salvatorem
2378 2293 2677 2359 Christum,
2703 2305 2868 2364 petrae
2886 2309 3017 2347 vero
3036 2294 3094 2348 af
3096 2295 3205 2358 ﬁxi,
3233 2304 3422 2348 osten-

1851 2381 1991 2437 dunt
2034 2398 2093 2438 se
2147 2385 2378 2440 ﬁrmiter
2406 2401 2531 2442 esse
2560 2387 2614 2440 in
2646 2387 2752 2441 ﬁde
2783 2387 2998 2440 Domini
3035 2386 3325 2439 stabilitos.

1851 2473 2032 2525 αὐτῶν
2079 2477 2483 2548 προσερείσεως
2537 2478 2934 2548 παραδηλοῦσι,
2988 2477 3233 2548 στερρῶς
3278 2478 3434 2529 tells-

1917 2653 2006 2708 55.
2040 2653 2248 2710 Interea
2273 2657 2523 2711 hortator
2555 2671 2741 2712 eorum
2777 2657 2992 2713 Marcus
3017 2659 3196 2713 adhuc
3233 2673 3430 2726 supcr-

1847 2755 1965 2800 erat
2002 2761 2018 2812 ;
2079 2762 2188 2801 non
2218 2749 2364 2802 enim
2399 2764 2609 2803 moram
2653 2750 2916 2804 habuerat
2942 2749 3171 2820 Magnus
3201 2765 3324 2804 eum
3349 2751 3431 2802 vi-

1847 2840 2069 2902 sitandi,
2101 2841 2194 2896 sed
2213 2851 2382 2896 totam
2409 2851 2644 2898 mentem
2681 2843 2995 2898 adverterat
3021 2844 3086 2896 ad
3121 2842 3243 2910 ejus
3271 2842 3430 2895 bolo-

1849 2942 2156 2989 cautomata
2180 2935 2472 3007 Calytenos
2505 2953 2520 2990 :
2547 2937 2638 3006 qni
2671 2951 2865 3004 nempe
2896 2935 3075 2990 abillo
3115 2934 3279 2989 oblati
3301 2943 3432 2986 sunt

1851 3028 1980 3095 Deo,
2011 3038 2066 3085 et
2100 3031 2242 3084 hunc
2271 3046 2365 3100 per
2397 3033 2575 3100 ipsum
2617 3037 3020 3100 cognoverunt,
3053 3028 3423 3084 ascendentes

1847 3123 2004 3190 quasi
2035 3139 2129 3193 per
2155 3124 2358 3180 scalam
2395 3125 2461 3179 ad
2482 3125 2760 3195 fastigium
2797 3124 3044 3180 soientiaa
3070 3137 3124 3177 et
3156 3121 3427 3191 cognitio-

1848 3215 1931 3268 nis
1954 3215 2095 3285 ejus,
2126 3216 2344 3285 qnando
2360 3232 2456 3271 eos
2486 3217 2710 3271 edocuit
2743 3215 2949 3269 ferrum
2987 3213 3430 3268 extraordinaria

1848 3309 2104 3363 solutum.
2134 3309 2198 3363 Et
2227 3310 2512 3378 oportebat
2536 3310 2746 3363 sicfieri
2777 3318 2998 3379 propter
3019 3310 3130 3361 duo
3168 3325 3182 3361 :
3213 3306 3424 3362 scilicet

1849 3413 1905 3458 ut
1937 3411 2162 3458 sanctus
2192 3418 2358 3458 senex
2393 3403 2569 3458 abiret
2602 3402 2944 3458 confidenter
2973 3401 3038 3454 ad
3064 3399 3426 3467 Deum,post-

1846 3510 2006 3563 quam
2037 3496 2173 3550 tales
2206 3495 2446 3550 moriens
2473 3494 2520 3550 ei
2548 3493 2889 3563 przemiserat
2923 3503 3210 3562 martyres,
3257 3499 3428 3559 utque

1847 3586 1946 3654 ipsi
1975 3602 2082 3640 non
2111 3598 2330 3656 torpore
2351 3585 2670 3650 deficerent,
2695 3583 2880 3638 audita
2908 3582 3074 3637 Marci
3092 3579 3426 3651 migratione

1845 3691 1899 3735 et
1922 3679 1986 3734 ad
2019 3679 2184 3734 Deum
2210 3678 2554 3734 ascensiozie.

1915 3859 2006 3914 54.
2037 3859 2208 3914 Porro
2239 3859 2488 3930 Magnus,
2521 3858 2751 3930 perinde
2781 3873 2844 3913 ac
2873 3857 2918 3913 si
2949 3873 3055 3913 non
3090 3856 3228 3913 satis
3277 3865 3422 3912 esset

1844 3951 1908 4005 ad
1928 3951 2314 4022 Calytenorum
2343 3950 2671 4020 supplicium
2704 3965 2821 4013 eos,
2841 3959 2898 4003 ut
2927 3949 3132 4003 dictum
3164 3956 3268 4011 est,
3291 3961 3423 4000 ροη-

1844 4045 2027 4098 fixisse
2050 4043 2255 4114 (forsan
2283 4043 2430 4098 enim
2467 4057 2588 4096 eum
2619 4026 2921 4112 poenitebat
2968 4042 3112 4110 quod
3161 4055 3267 4093 non
3293 4038 3421 4092 abs-

1841 4121 2117 4190 condisset
2159 4136 2298 4198 illos,
2328 4135 2422 4190 sed
2459 4135 2511 4188 in
2545 4135 2924 4204 spectaculum
2948 4132 3314 4194 05tendisset,
3344 4131 3418 4184 ita

1843 4241 1901 4284 ut
1925 4245 1954 4283 a
1980 4229 2081 4297 piis
2097 4237 2468 4291 cernerentur,
2491 4228 2634 4281 unde
2653 4227 2980 4294 sequebatur
2999 4227 3052 4279 in
3083 4241 3180 4280 eos
3204 4224 3421 4294 quidem

1841 4320 2152 4383 admiratio,
2178 4319 2231 4372 in
2260 4333 2552 4389 tyrannum
2579 4329 2763 4373 autem
2795 4317 3158 4386 vociferatio),
3195 4316 3408 4369 volt-bat

1845 4414 2017 4467 rabidi
2046 4413 2220 4468 instar
2237 4413 2388 4467 canis
2407 4413 2514 4466 cito
2550 4425 2746 4466 carnes
2770 4425 2956 4464 eorum
3009 4424 3225 4462 vorare.
3265 4407 3422 4473 Quod

202 4509 480 4582 λυσσητῆρα
511 4512 648 4566 κύνα
682 4513 789 4566 τῶν
825 4513 1045 4594 σαρκῶν
1073 4513 1259 4576 αὐτοῖς
1292 4513 1586 4582 ἐμφαγεῖν.
1611 4511 1734 4564 Ὀτι

1853 4525 1962 4564 cum
1989 4509 2103 4580 ipse
2119 4523 2228 4564 non
2247 4515 2450 4579 posset,
2472 4508 2692 4562 edacem
2716 4505 2963 4562 omnium
2980 4505 3162 4574 ignem
3193 4505 3420 4557 advecat

201 4600 248 4654 δὲ
279 4603 366 4656 οὐκ
413 4598 481 4673 ἦν
534 4603 684 4673 αὐτῷ
735 4589 1013 4671 γενὲσθαι.
1059 4602 1119 4656 τὸ
1168 4604 1470 4673 παμφάγον
1528 4619 1734 4673 προκα-

1840 4612 2029 4660 contra
2076 4611 2364 4672 martyres,
2408 4614 2552 4672 zegre
2615 4597 2798 4653 ferens
2859 4597 3005 4666 quod
3070 4605 3421 4663 superessent

201 4693 346 4748 λείται
379 4696 485 4765 πῦρ
516 4696 660 4748 κατὰ
687 4695 797 4746 τῶν
825 4693 1140 4764 μαρτύρων,
1166 4694 1347 4764 φθόνῳ
1377 4695 1472 4747 τοῦ
1502 4694 1732 4762 λείψανα

1861 4699 2055 4754 llorum
2076 4694 2320 4765 reliquias
2333 4693 2534 4764 quibus
2550 4690 2990 4747 sanctiﬁrarentu
3001 4705 3027 4742 r
3041 4687 3136 4742 Dei
3154 4697 3419 4740 amantes.

202 4786 573 4855 περιλελεῖφθαι
611 4786 813 4852 αὐτῶν,
845 4785 901 4852 ἐξ
931 4779 1007 4838 ὧν
1055 4786 1368 4854 άγιάζοιντο
1401 4787 1467 4840 ἂν
1517 4789 1567 4840 oi
1616 4787 1736 4840 θεο-

201 4875 381 4942 φιλεῖς’
440 4879 532 4929 καὶ
587 4876 731 4929 οὕτω
801 4876 1019 4940 τελειοῖ,
1075 4875 1236 4944 ἔργον
1309 4876 1506 4939 αὐτοὺς
1564 4877 1736 4948 πυρὸς

200 4966 410 5036 θέμενος,
437 4969 522 5036 ἐφ’
548 4962 628 5029 οἷς
661 4967 1020 5038 ἐργαζόμενοι
1047 4967 1134 5020 διὰ
1165 4966 1336 5036 πυρδς
1359 4968 1428 5020 τὰ
1455 4969 1548 5022 τοῦ
1577 4971 1737 5041 Μάρ-

197 5073 278 5110 κου
307 5061 492 5128 ῖεσμὰ,
540 5060 751 5130 μαγίαν
791 5061 1060 5130 τοσαύτην
1095 5061 1388 5130 ὑπανῆψαν
1417 5063 1591 5132 αύτῷ.
1624 5065 1736 5119 Καὶ

195 5149 312 5204 οὓτω
341 5152 436 5222 μὲν
483 5154 608 5213 τοὺς
647 5151 1000 5220 Καλυτηνοὺς
1037 5153 1305 5222 ἀδελφοὺς
1352 5153 1447 5207 ιπὶ
1489 5155 1550 5208 τὸ
1599 5159 1734 5214 αὐτὸ

1841 4795 1906 4848 Et
1928 4793 2006 4847 sic
2023 4806 2117 4846 eos
2137 4788 2355 4845 conficit
2373 4787 2428 4842 in
2453 4785 2693 4858 praedam
2718 4783 2831 4855 igni
2858 4783 3107 4848 traditos,
3125 4779 3277 4848 quia,
3293 4777 3420 4832 dum

1842 4891 1964 4960 igne
1991 4887 2254 4942 cuderent
2282 4884 2445 4939 Marci
2472 4881 2784 4952 compedes.
2805 4887 3017 4934 tantum
3051 4876 3155 4946 ipsi
3190 4889 3421 4929 succen-

1844 4984 2038 5036 derant
2079 4977 2410 5048 prodigium.
2448 4973 2522 5028 lta
2565 4973 2732 5043 igitur
2779 4970 3072 5041 Calytenos
3120 4966 3319 5021 fratres
3363 4967 3419 5017 in

1843 5088 2012 5128 unum
2046 5080 2104 5125 ut
2130 5080 2345 5131 natura,
2370 5068 2452 5122 sic
2478 5076 2529 5119 et
2561 5081 2688 5119 vera
2724 5063 2825 5118 ﬁde
2845 5061 3174 5129 coniunctos
3200 5073 3417 5113 assum-

1841 5164 1951 5233 psit
1981 5160 2146 5221 Deus,
2177 5154 2436 5224 vigesima
2486 5163 2680 5208 octava
2705 5152 2792 5208 die
2825 5151 3030 5206 mensis
3053 5148 3415 5219 Septembris.

200 5249 560 5319 συνηγμένους.
583 5247 773 5321 ὥσπερ
799 5249 981 5319 φύσει,
1003 5249 1145 5305 οὕτω
1167 5251 1261 5304 καὶ
1284 5249 1466 5305 πίστει
1495 5256 1561 5324 τῇ
1583 5253 1773 5330 ὅντως,
1817 5256 2188 5332 προσελάϐετο
2219 5256 2250 5307 6
2275 5254 2426 5317 Θεὸς,
2457 5251 2654 5321 ὀγδόην
2715 5251 2810 5304 ἐπὶ
2837 5251 2961 5312 ταῖς
2983 5248 3159 5302 είκοσι
3189 5247 3417 5315 ἄγοντος

198 5337 378 5392 Σεπτεό
383 5341 498 5411 ρίου
536 5341 728 5412 μηνός.

250 5429 332 5486 λε’.
373 5431 725 5502 Ἀποπλήσας
773 5431 832 5485 δὲ
879 5431 974 5486 τὸν
1019 5433 1105 5485 ἐπ’
1129 5432 1316 5497 αὐτοῖς
1361 5433 1535 5504 θυμὸν
1559 5436 1588 5490 6
1612 5436 1738 5493 Μά-

1901 5439 1993 5494 ‘55.
2026 5434 2251 5506 Expleta
2287 5432 2342 5489 in
2375 5447 2472 5488 eos
2501 5433 2602 5496 ira,
2651 5430 2906 5501 Magnus,
2966 5428 3162 5482 deinde
3225 5426 3416 5481 sedulo

194 5537 315 5589 γνος,
350 5521 467 5578 εἶτα
510 5525 654 5580 κατὰ
696 5523 934 5596 σπουδὴν
983 5524 1348 5596 προμηθείας,
1377 5524 1472 5580 τοῦ
1518 5527 1594 5598 μὴ
1641 5530 1743 5585 καὶ

1853 5545 2144 5586 ηιςεοονειιε
2173 5542 2240 5582 ne
2271 5527 2359 5581 alii
2390 5526 2596 5596 pariter
2627 5537 2729 5588 pro
2765 5521 2881 5575 Deo
2903 5520 3143 5574 viriliter
3165 5518 3414 5572 decerta-

191 5612 384 5683 ἐτέρους
429 5615 634 5683 ὁμοίως
682 5613 1045 5687 ἀνδρίσασθαι
1097 5615 1240 5686 ὑπὲρ
1282 5617 1378 5670 τοῦ
1408 5617 1567 5683 Θεοῦ,
1597 5620 1737 5674 ἀπέ-

1858 5630 1969 5678 ent.
2000 5618 2164 5673 solvit
2184 5632 2215 5672 a
2246 5618 2395 5672 curis
2432 5615 2694 5679 Marcum,
2722 5613 2868 5666 haud
2902 5622 3082 5666 tamen
3111 5623 3143 5662 a
3171 5619 3414 5662 tormen-

189 5702 294 5758 λυσε
341 5707 640 5778 φροντίδων
689 5708 784 5762 καὶ
831 5707 924 5761 τὸν
973 5707 1215 5778 Μάρκον,
1259 5703 1342 5772 οἷς
1402 5710 1503 5776 μὲν
1561 5710 1739 5776 ἄλλως

1834 5713 1906 5766 tis
1942 5704 2167 5766 cessans
2193 5709 2395 5776 quibus
2425 5721 2552 5761 eum
2585 5714 2747 5760 antea
2777 5703 2982 5774 jugiter
3007 5687 3412 5767 crudeliterque

190 5798 414 5862 ἐκόλαζεν
446 5801 658 5854 ἐκεῖνον
711 5799 807 5853 καὶ
850 5800 1091 5871 δριμέως
1141 5803 1235 5854 καὶ
1282 5800 1594 5872 ἐνδελεχῶς,
1631 5802 1736 5858 οὐκ

1853 5805 2187 5859 :rnciaverat.
2249 5801 2384 5855 Nam
2434 5801 2612 5868 ipsum
2665 5793 2973 5852 innumeris
3004 5790 3254 5847 contudit
3283 5789 3406 5862 pla-

192 5887 495 5954 ἀναπαύσας.
526 5891 634 5946 Καὶ
677 5891 790 5963 γάρ
831 5891 924 5945 καὶ
967 5889 1203 5963 πληγαῖς
1235 5888 1535 5960 ἀμυθήτοις
1566 5891 1734 5947 αὐτὸν

1853 5893 1932 5959 ςίε,
1963 5891 2252 5949 transfodit
2289 5889 2551 5954 verubus,
2586 5887 2888 5944 doctricem
2941 5882 3186 5955 linguam
3235 5882 3404 5954 jussit
