3864 6616
404 388 506 450 287

1085 385 1514 445 EUSTATHII
1555 383 2309 446 THESSALONICENSIS
2349 383 2912 444 METROPOLITJS

3558 376 3674 444 283

404 495 784 551 inflammavit.
818 495 1054 553 Cwlestc
1091 497 1231 552 diva:
1261 498 1406 554 arcis
1437 499 1600 553 limen
1634 499 1778 553 haud
1811 499 1981 554 relin-

2094 502 2216 566 θεὸς
2249 501 2539 572 ὲπύρωσεν
2571 501 2769 563 αὐτοὺς
2803 501 2889 564 είς
2933 499 3184 568 ἄθλησιν.
3225 497 3497 568 Οὐρανίας
3535 497 3669 567 ἁψί-

405 605 607 660 quens,
641 600 913 660 repertam
944 601 999 646 te
1050 589 1320 647 Dominus
1362 591 1709 657 inhabitavit,
1754 601 1809 647 et
1851 607 1982 647 caro

405 681 524 749 ipse
552 681 732 738 factus
768 695 803 737 ο
852 691 995 738 terra
1027 697 1127 738 uos
1159 682 1404 738 sustulit.
1439 681 1627 738 Gloria
1659 682 1781 751 tibi,
1815 681 1982 754 Virgo

405 772 785 840 immaculata,
818 789 916 844 per
945 789 1108 844 quam
1137 775 1363 831 relcvati
1385 789 1606 829 sumus.

677 953 884 1010 Cautus
915 962 1178 1026 quartus:
1211 954 1428 1020 Audivi,
1466 953 1706 1008 Domine.

485 1068 570 1121 11.
610 1066 797 1123 Clavis
847 1068 1158 1139 perforati,
1213 1081 1481 1140 martyres
1537 1077 1770 1141 tyranno
1797 1070 1982 1125 clavos

407 1160 608 1215 ruditis
631 1161 1082 1226 tribulationum;
1103 1171 1267 1230 petrae
1289 1162 1463 1222 afﬁxi.
1492 1162 1548 1216 in
1570 1177 1761 1217 saxum
1792 1173 1981 1230 stupo-

411 1265 470 1305 re
501 1251 771 1308 induratis
804 1267 900 1307 cor
919 1251 1158 1307 ferreum
1191 1263 1247 1308 et
1281 1253 1723 1324 impenetrabile.
1781 1251 1979 1307 Ereas

409 1343 685 1412 conjicitis
717 1343 963 1413 sagittas,
1001 1344 1202 1412 quibus
1233 1343 1515 1400 fodiuntur
1547 1345 1754 1399 inimici
1781 1346 1892 1407 Dei,
1924 1352 1980 1398 et

407 1442 829 1505 prosternuntur
872 1435 1024 1488 ruina
1083 1435 1450 1504 irreparabili.
1486 1434 1543 1490 Si
1602 1435 1806 1491 ferrum
1832 1435 1980 1490 velut

408 1540 550 1595 aqua
586 1525 798 1580 malleis
826 1523 1195 1592 subterﬂuxit,
1228 1541 1326 1582 vos
1363 1527 1556 1581 saltem
1590 1528 1694 1580 ﬁde
1728 1527 1782 1580 in
1810 1525 1976 1580 Deum

409 1617 583 1672 solide
623 1617 1069 1685 compactieStis.
1098 1616 1286 1681 Audii,
1341 1617 1424 1670 vir
1478 1616 1847 1679 sanctissime,
1894 1614 1978 1669 vel

408 1707 590 1776 potius
621 1717 881 1778 expertus
916 1723 1038 1762 sum
1073 1719 1162 1762 tua
1191 1709 1463 1764 miracula
1492 1725 1508 1775 ;
1539 1709 1662 1764 novi
1700 1719 1847 1763 tuam
1878 1723 1979 1777 po-

411 1800 660 1866 tentiam,
703 1808 756 1856 et
792 1797 987 1870 pr'ecor
1014 1810 1073 1857 ut
1108 1803 1308 1857 virtute
1360 1810 1451 1857 tua
1494 1809 1764 1872 protegar.

733 2067 942 2124 Cautus
963 2068 1190 2137 quintus
1215 2085 1230 2124 :
1260 2066 1371 2122 Nos
1397 2066 1662 2121 illumina.

488 2185 575 2240 li.
610 2183 838 2240 Multum
865 2199 1080 2255 gregem
1107 2184 1453 2242 custodiebas
1477 2223 1492 2249 ,
1552 2183 1732 2238 Marce
1766 2192 1978 2249 sancte;

411 2291 533 2345 qua
561 2284 741 2330 autem
769 2274 904 2342 Deo,
933 2275 1088 2344 quasi
1109 2283 1199 2328 tua
1234 2290 1396 2330 manu
1419 2315 1434 2338 ,
1468 2283 1707 2329 mactata
1765 2284 1849 2330 est
1884 2277 1978 2328 tri-

414 2374 534 2438 p'ex
559 2369 757 2432 hostia,
783 2376 953 2422 totum
981 2382 1200 2438 gregem
1231 2381 1586 2438 supergressa
1609 2375 1714 2422 est.
1735 2365 1847 2421 Hoc
1873 2366 1982 2420 tuis

409 2459 662 2515 effe-ctum
691 2470 774 2516 est
812 2459 1090 2530 precibus,
1121 2459 1437 2515 beatissime
1467 2459 1666 2523 Marce,
1699 2469 1758 2514 ut
1785 2461 1982 2540 fratres

410 2563 729 2608 catenarum
764 2560 984 2607 tuarum
1041 2549 1186 2606 fabri
1222 2551 1278 2607 in
1322 2566 1451 2608 vasa
1482 2550 1578 2607 Dei
1635 2553 1982 2609 sanctissima

411 2645 780 2703 fabreﬁerent.
840 2646 1033 2702 Manus
1081 2653 1276 2702 vestra:
1324 2656 1682 2717 torpueruut,
1722 2663 1756 2703 ο
1815 2649 1980 2713 beati,

415 2739 626 2794 malleis
654 2739 1009 2809 percutienda
1045 2738 1210 2794 Marci
1235 2738 1490 2802 vincula;
1520 2755 1623 2795 vox
1676 2749 1856 2794 autem
1883 2739 1981 2794 di-

415 2829 537 2882 vina
563 2828 781 2883 ctelitus
807 2828 1052 2882 animum
1113 2828 1271 2883 vobis
1336 2828 1534 2884 erexit.
1573 2826 1823 2884 lllumina
1881 2841 1983 2883 nos

415 2930 610 2986 noctu,
633 2920 765 2976 solis
803 2928 974 2976 mater
1001 2919 1320 2990 purissima,
1347 2929 1404 2976 et
1432 2920 1696 2991 dissipata
1721 2919 1868 2974 omni
1896 2920 1982 2974 di-

413 3029 600 3068 rarum
627 3012 861 3083 caligine
903 3012 1345 3080 tribulationum,
1395 3013 1556 3069 nobis
1608 3027 1865 3068 serenum
1891 3026 1984 3067 re-

411 3107 613 3162 tribue.

763 3199 968 3256 Cantus
984 3209 1170 3256 sextus
1196 3217 1210 3253 :
1234 3202 1302 3254 Et
1325 3198 1642 3256 Ecclesium.

484 3313 571 3367 15.
602 3312 704 3380 Qui
733 3313 860 3367 olim
894 3313 1194 3382 piscatores
1217 3313 1449 3382 piscium
1493 3312 1623 3369 fecit
1672 3313 1980 3385 piscatores

415 3404 722 3471 hominum,
756 3404 844 3460 hic
874 3419 992 3470 vos,
1020 3403 1236 3459 athleta:
1284 3403 1524 3472 Domini,
1577 3419 1610 3460 a
1665 3403 1982 3460 fabricando

413 3506 633 3552 catenas
656 3495 1006 3566 diligentibus
1035 3511 1114 3564 se,
1147 3495 1389 3551 traduxit
1411 3495 1480 3550 ad
1520 3495 1827 3551 cudeudum
1875 3495 1982 3550 tela

415 3588 678 3643 adversus
698 3586 949 3644 inimicos
980 3605 1134 3644 suos.
1161 3589 1274 3644 lleu
1312 3589 1565 3644 lfabrum
1597 3599 1857 3658 expertus
1898 3597 1984 3643 est

414 3681 617 3735 Paulus
647 3681 1043 3752 nequissimum
1073 3691 1127 3736 et
1149 3683 1494 3738 anathemate
1515 3681 1774 3753 dignum;
1808 3681 1984 3738 bonus

413 3790 546 3829 vero
571 3775 864 3829 monticola
885 3773 1096 3830 Marcus
1130 3786 1240 3831 tres
1270 3775 1453 3830 fabros
1485 3774 1695 3830 ’fratrcs
1746 3773 1981 3842 subegit,

415 3883 556 3934 quos
583 3876 772 3923 contra
797 3883 853 3923 se
878 3868 1243 3937 procudentes
1273 3871 1338 3923 ad
1368 3868 1536 3922 Deum
1567 3868 1814 3922 adduxit.
1846 3865 1987 3923 Red-

416 3960 556 4014 didit
612 3969 842 4030 tyranno
893 3961 1213 4016 beatissima
1266 3961 1399 4016 trias
1443 3961 1623 4015 datam
1677 3960 1983 4016 mercedem

419 4052 740 4122 eumpedum
790 4051 956 4107 Marci
990 4071 1004 4119 ;
1033 4055 1126 4108 sed
1160 4055 1304 4108 Deus
1336 4041 1639 4107 meliorem.
1665 4057 1985 4121 reservavit,

419 4144 675 4212 deditque
700 4145 752 4198 in
783 4147 1063 4216 praemium
1101 4146 1250 4216 regni
1283 4147 1526 4199 caelestis
1557 4145 1984 4213 possessionem.

417 4235 613 4292 Preces
645 4235 944 4302 fundimus,
977 4252 1011 4290 ο
1044 4234 1409 4299 sanctissime,
1433 4241 1488 4289 et
1508 4248 1733 4290 oramus
1765 4244 1817 4290 te
1841 4235 1989 4291 salu-

420 4337 528 4381 tem
560 4343 576 4393 ;
606 4341 732 4386 cum
764 4327 932 4382 foveis
965 4325 1498 4381 circumclaudamur
1520 4325 1588 4381 ab
1608 4337 1835 4381 auctore
1857 4326 1987 4382 mali

420 4431 663 4475 nostram
695 4421 752 4475 in
800 4419 1096 4488 perniciem
1152 4417 1422 4484 suffossis,
1479 4417 1637 4473 nobis
1705 4433 1988 4488 succurre,

417 4511 512 4581 qui
544 4521 738 4566 cuncta
772 4511 922 4565 vales
953 4510 1020 4566 ad
1044 4507 1343 4581 perfectam
1380 4509 1542 4566 istius
1573 4509 1810 4565 ruinam.

2085 595 2172 658 δος
2207 595 2309 648 οὐκ
2340 592 2587 648 ἐκλιπὼν
2619 593 2826 664 Κύριος
2863 592 3010 646 θεῖον
3035 591 3289 661 οὐρανὸν,
3315 589 3570 660 εὑρηκὼς
3601 606 3670 642 σε

2083 687 2142 740 ὲν
2186 687 2270 739 σοὶ
2318 687 2621 756 ἐσκήνωσε,
2674 685 2770 739 καὶ
2815 684 2956 754 σὰρξ
2997 683 3160 746 αὐτὸς
3207 682 3449 751 γεγονὼς
3488 681 3671 748 γῆθεν

2085 781 2234 849 ἡμᾶς
2280 779 2548 849 ὐπεξῆρε.
2577 778 2717 844 Δόξα
2747 794 2853 844 σοι,
2883 776 3219 847 πανάμωμε,
3259 777 3328 845 τῇ
3378 773 3669 844 ἀνυψώσει

2082 872 2261 944 ἡμῶν.

2207 967 2224 974 ’
2447 953 2675 1039 ᾮδὴῗο
2728 965 3097 1034 Είσακήκοα,
3145 965 3340 1036 Κύριε.

2156 1074 2248 1129 ια’.
2282 1074 2731 1145 Προσηλούμενοι
2769 1075 3069 1146 μάρτυρες,
3105 1074 3272 1145 ἥλους
3297 1073 3375 1144 τῷ
3405 1072 3672 1143 τυράννῳ

2083 1168 2330 1236 πήγνυτε
2362 1166 2596 1237 θλίψεων
2622 1183 2638 1198 ο
2668 1169 2735 1237 τῇ
2775 1167 2832 1220 δὲ
2864 1168 3042 1237 πέτρᾳ
3090 1167 3189 1235 τῆς
3217 1165 3474 1236 ὴλὼσεως
3507 1165 3673 1218 ἐκλι-

2083 1254 2241 1310 θοῦτε
2275 1255 2476 1324 θάμὸει
2530 1255 2623 1308 τὸν
2663 1255 2973 1325 ἀτέραμνον
3021 1255 3364 1326 χαλκοτύπον
3391 1257 3451 1308 ὲν
3495 1253 3675 1307 πνεύ-

2085 1365 2239 1418 ματι.
2266 1349 2405 1416 Βέλη
2436 1349 2870 1419 χαλκευσάμενοι
2901 1347 3186 1416 ἑπαφίετε,
3215 1348 3282 1400 δι’
3325 1341 3401 1400 ὧν
3435 1347 3675 1416 βάλλον-

2081 1458 2171 1494 ται
2215 1441 2400 1510 ὲχθροὶ
2448 1439 2542 1492 τοῦ
2597 1439 2732 1493 Θεοῦ
2789 1440 2880 1494 καὶ.
2928 1439 3256 1510 ριπτοῦνται
3305 1437 3516 1492 πτῶσιν
3560 1438 3671 1505 τὴν

2082 1529 2396 1600 ἀνέγερτον.
2425 1531 2486 1583 Εἰ
2521 1532 2616 1585 καὶ
2662 1529 2880 1598 σίδηρος
2924 1529 3116 1601 ἔρρεεν
3147 1527 3290 1597 ὕδωρ
3319 1545 3373 1580 τι
3401 1526 3671 1595 καθάπερ

2084 1619 2625 1690 σφυρηλατούμενος,
2652 1620 2768 1674 ἀλλ’
2796 1620 2954 1690 ὑμεῖς
2992 1617 3366 1687 ἑστερεώθητε
3395 1617 3670 1684 εὐπαγῶς

2081 1714 2146 1781 τῇ
2209 1711 2389 1764 πίστει
2444 1714 2510 1782 τῇ
2568 1713 2648 1774 είς
2703 1711 2928 1780 Κύριον.
2986 1710 3323 1779 Εἰσακήκοα,
3382 1709 3671 1775 πάναγνε,

2089 1801 2289 1871 μᾶλλον
2342 1803 2398 1855 δὲ
2451 1803 2791 1872 πεπείραμαι
2842 1801 2955 1853 τῶν
3002 1801 3297 1869 θαυμάτων
3329 1817 3444 1852 σου.
3482 1801 3671 1851 Κατε-

2009 1879 2056 1940 B
2085 1893 2253 1961 νόησα
2300 1896 2360 1945 τὸ
2410 1896 2611 1966 κράτος
2659 1911 2790 1958 σου,
2843 1896 2938 1946 καὶ
2988 1892 3138 1962 ζητῶ
3186 1891 3543 1963 φρουρεῖσθαι
3593 1892 3669 1959 τῇ

2084 1983 2312 2054 δυνάμει
2353 2002 2470 2037 σου.

2511 2080 2630 2150 ’ῼδὴ
2653 2062 2692 2133 E
2719 2121 2733 2136 .
2776 2082 3047 2136 Φώτισον
3074 2079 3252 2151 ἡμᾶς.

2157 2187 2245 2255 ιβ’.
2303 2189 2550 2259 Ποίμνης
2601 2191 2700 2260 μὲν
2753 2191 2956 2260 πολλῆς
3018 2189 3397 2260 προεστάτεις.
3459 2185 3671 2256 Μάρκε

2083 2280 2204 2349 ἅγιε
2231 2295 2247 2310 ⁸
2283 2281 2317 2352 ή
2359 2282 2416 2334 δὲ
2461 2279 2583 2351 Θεῷ
2629 2281 2873 2347 τυθεϊσα,
2909 2281 2986 2345 ὠς
3027 2280 3115 2334 διὰ
3163 2279 3248 2346 σὲ,
3272 2279 3465 2351 τριττὴ
3497 2277 3676 2330 θυσία

2085 2373 2364 2444 ὑπερῆρεν
2399 2372 2548 2426 ἅπαν
2579 2373 2854 2444 ποίμνιον.
2892 2375 3098 2444 Ἔργον
3135 2372 3296 2425 τοῦτο
3327 2371 3432 2441 σῆς
3464 2371 3672 2440 εὐχῆς,

2083 2463 2278 2532 Μάρκε
2325 2464 2782 2536 παμμακάριστε,
2813 2465 2940 2527 τοὺς
2971 2463 3086 2516 τῶν
3132 2462 3354 2533 δεσμῶν
3385 2478 3481 2516 σου
3529 2464 3678 2530 χαλ-

2083 2554 2283 2618 κευτὰς
2327 2555 2590 2625 ἀδελφοὺς
2649 2553 3128 2626 χαλκουργηθῆναι
3175 2554 3258 2616 είς
3305 2552 3478 2622 σκεύη
3517 2549 3667 2605 Θεοῦ

2085 2648 2343 2718 πανίερα.
2380 2649 2585 2719 Χεῐρες
2615 2649 2717 2719 μὲν
2748 2648 2897 2718 ύμῖν,
2927 2642 2972 2703 ὧ
3030 2647 3318 2717 μακάριοι,
3351 2646 3674 2717 ἐνήρκεσαν

2085 2740 2530 2813 σφυρηλατοῦσαι
2575 2742 2646 2794 τὰ
2689 2739 2784 2795 τοῦ
2837 2740 3066 2810 Μάρκον
3121 2740 3341 2809 δεσμά·
3392 2737 3551 2807 φωνὴ
3603 2736 3670 2788 δὲ

2084 2833 2206 2888 θεία
2249 2833 2446 2903 ὑψόθεν
2492 2834 2680 2904 αὐχεῖν
2724 2833 3060 2905 ἐπέρρωσεν.
3114 2830 3320 2894 Φώτιζε
3365 2832 3515 2900 ἡμᾶς
3566 2845 3669 2880 vu-

2083 2925 2230 2991 κτδς,
2259 2925 2410 2995 ἡλίου
2444 2923 2618 2995 μῆτερ
2664 2924 2823 2994 ἁγνὴ,
2859 2924 2956 2977 καὶ
3003 2924 3186 2977 πᾶσαν
3234 2921 3499 2974 σκότωσιν
3548 2917 3669 2968 δει-

2082 3015 2191 3072 νῶν
2243 3016 2570 3088 πειρασμῶν
2625 3015 3041 3086 ἀπαγαγοῦσα,
3095 3014 3196 3085 τὴν
3248 3012 3470 3082 αἰθρίαν
3527 3010 3670 3079 ἡμῖν

2086 3108 2340 3182 βράϐευε.

2375 3206 2501 3277 ᾯδὴ
2521 3190 2580 3270 ξ’
2600 3221 2616 3239 ⁸
2669 3204 2782 3260 Καὶ
2801 3204 2917 3273 τὴν
2948 3201 3346 3270 Ἐκκλησίαν.

2158 3315 2247 3386 ⁸Υ’⁶
2292 3317 2350 3372 Ὀ
2378 3316 2546 3371 πάλαι
2571 3315 2699 3378 τοὺς
2729 3314 2904 3377 ἁλιεῖς
2935 3313 3046 3366 τῶν
3076 3311 3278 3380 ἰχθύων
3309 3309 3478 3368 ἁλιεῖς
3525 3309 3668 3360 ἁπο-

2085 3410 2308 3473 τελέσας
2352 3407 2680 3480 ἀνθρώπων,
2721 3400 2876 3470 οὗτος
2905 3407 3071 3476 ὑμᾶς,
3099 3403 3391 3473 ἀθλοφόροι
3422 3398 3663 3468 Κυρίου,

2086 3509 2149 3560 ὲκ
2176 3505 2271 3560 τοῦ
2298 3504 2582 3577 χαλκεύειν
2609 3504 2787 3573 δεσμὰ
2811 3503 2925 3567 τοῖς
2974 3500 3236 3555 ποθοῦσιν
3284 3498 3450 3552 αὐτόν
3489 3496 3665 3564 μετή-

2085 3614 2226 3667 γαγε
2263 3598 2565 3668 βελοποιεϊν
2592 3596 2734 3650 κατὰ
2762 3595 2872 3648 τῶν
2919 3591 3286 3662 παλαμναίων
3316 3587 3533 3658 ἐχθρῶν
3561 3582 3666 3637 τοῦ

2085 3687 2245 3744 Θεοῦ.
2279 3689 2344 3741 ’Β
2385 3687 2629 3758 χαλκέως
2675 3687 2777 3755 μὲν
2809 3683 3078 3755 ἐπειράοη
3121 3685 3149 3736 6
3195 3681 3409 3742 Παῦλος
3441 3693 3668 3744 παγκα-

2088 3779 2277 3835 κίστου
2305 3781 2400 3833 καὶ
2428 3780 2582 3846 ἀξίου
2610 3779 2860 3848 κατάρας
2885 3793 2898 3809 ·
2931 3777 2960 3830 6
2992 3776 3049 3829 δὲ
3084 3774 3251 3837 καλὸς
3300 3771 3666 3842 ὀρεσίτροφος

2087 3872 2315 3941 Μάρκος
2387 3875 2535 3942 τρεῖς
2601 3872 2866 3941 ἀδελφοὺς
2941 3869 3247 3940 χαλκευτὰς
3319 3864 3666 3934 ὑπηγάγετο,

2088 3963 2454 4034 χαλκεύοντας
2507 3963 2609 4034 μὲν
2662 3962 2786 4016 κατ’
2848 3959 3038 4026 αὐτοῦ,
3086 3957 3155 4013 δι’
3215 3956 3382 4012 αὐτοῦ
3435 3956 3493 4008 δὶ
3544 3953 3668 4020 Θεῷ

2090 4055 2613 4126 προσχωρήσαντας.
2678 4055 3069 4127 Ἀντέστρεφον
3122 4049 3200 4118 τῷ
3252 4048 3502 4114 τυράννῳ
3564 4043 3669 4112 τὴν

2089 4147 2240 4201 δόσιν
2268 4149 2301 4216 ή
2334 4146 2623 4211 πανόλὸιος
2652 4145 2830 4218 τριὰς,
2861 4145 2958 4216 τὴν
3005 4144 3256 4197 δοθεῖσαν
3287 4140 3427 4209 ὑπὲρ
3463 4137 3668 4208 μισθοῦ

2089 4239 2200 4294 τῶν
2235 4240 2455 4311 δεσμῶν
2503 4238 2615 4294 τῶν
2653 4239 2746 4293 τοῦ
2775 4238 3038 4307 Μάρκου’
3070 4238 3098 4290 6
3125 4234 3182 4290 δὲ
3234 4231 3368 4296 Θεδς
3399 4230 3670 4299 ἐταμίευε

2091 4332 2404 4403 κρείττονα,
2435 4331 2534 4386 καὶ
2577 4330 2808 4385 δέδωκεν
2836 4331 2916 4393 είς
2959 4328 3174 4399 δωρεὰν
3223 4326 3474 4394 οὐρανῶν
3503 4323 3671 4391 βασι-

2091 4423 2245 4485 λείας
2295 4423 2619 4478 ἀπόλαυσιν.
2671 4421 2782 4492 Τὴν
2833 4420 3018 4491 δέησιν
3066 4417 3356 4488 ὲκχέομεν.
3391 4415 3671 4477 πάναγνε.

2091 4513 2187 4566 καὶ
2231 4512 2532 4582 αἰτούμεθα
2561 4513 2626 4565 ὲκ
2660 4511 2756 4564 σοῦ
2810 4509 3112 4580 σωτηρίαν,
3142 4508 3225 4560 ὅτι
3267 4506 3484 4566 πολλοῖς
3515 4520 3670 4569 πυρ-

415 4604 736 4674 γηρούμεθα
794 4601 1040 4669 λάκκοις,
1110 4599 1205 4666 οὓς
1251 4601 1376 4656 καθ’
1430 4601 1594 4674 ἡμῶν
1640 4603 1669 4656 6
1713 4603 2026 4673 ἀρχέκακος
2097 4603 2341 4675 ὥρυξενο
2383 4603 2478 4668 οὓς
2524 4603 2791 4674 βοήθησον
2845 4600 2921 4666 ὡς
2973 4598 3279 4670 πανσθενὴς
3326 4599 3406 4660 είς
3453 4597 3672 4648 ἐκείνου

415 4697 628 4752 τελείαν
656 4695 952 4750 ἀπώλειαν.

698 4794 904 4849 Cantus
921 4792 1224 4864 septimus:
1257 4791 1380 4847 Tres
1401 4806 1467 4846 ea:
1486 4791 1704 4848 Iudaea.

494 4908 579 4962 H.
598 4906 834 4961 Fervore
855 4906 1082 4977 spiritus
1099 4905 1342 4973 accensi,
1365 4920 1398 4960 ο
1423 4905 1695 4971 Salvator,
1716 4904 1792 4958 tui
1819 4903 1992 4959 athle-

418 5009 486 5055 tae
531 5001 598 5055 de
641 4999 821 5053 fabrili
850 5002 954 5052 vita
984 5009 1040 5053 et
1067 4997 1410 5054 flammarum
1466 4997 1682 5052 camino
1711 4996 1780 5050 ad
1821 5006 1872 5050 te
1901 5011 1992 5051 ac-

415 5099 720 5155 cesserunt,
771 5098 826 5143 et
875 5095 1202 5158 receperunt
1251 5089 1603 5158 refrigerium
1656 5087 1992 5156 divitiasque

418 5193 473 5234 t-t
505 5181 730 5250 gloriam
762 5191 1042 5235 aeternam.
1068 5179 1307 5251 Tyranni
1353 5179 1576 5248 quidem
1627 5186 1713 5234 est
1765 5176 1988 5231 tradere

420 5271 708 5326 tormentis
757 5271 1044 5339 diligentes
1095 5271 1264 5328 Deum
1297 5271 1434 5340 ;sed
1500 5271 1822 5336 miraculum
1881 5267 1991 5323 Deo

419 5366 665 5432 dignum.
685 5362 792 5419 sibi
823 5363 1061 5434 perfecte
1090 5365 1246 5418 unire
1271 5379 1371 5434 pro
1399 5379 1458 5420 se
1481 5363 1771 5434 patientes,
1793 5377 1824 5416 e
1853 5375 1991 5429 quo-

423 5470 544 5508 rum
572 5463 719 5509 sorte
741 5465 870 5510 sunt
900 5466 1006 5511 tres
1031 5455 1204 5511 nostri
1235 5456 1473 5526 patroni.
1494 5453 1650 5524 Ignea
1671 5453 1839 5507 Belial
1859 5466 1993 5507 cou-

425 5559 504 5602 tra
532 5562 632 5600 nos
664 5547 768 5602 tela
799 5563 946 5604 nunc
973 5548 1326 5618 exstinguite,
1357 5563 1391 5603 ο
1419 5547 1551 5602 trias
1605 5561 1705 5616 par
1758 5557 1991 5599 numero

428 5639 680 5693 niaxima:
706 5637 984 5704 Triuitati,
1021 5649 1076 5694 et
1124 5639 1467 5711 refrigerium
1524 5639 1757 5692 irrorate
1807 5633 1994 5702 nobis,

428 5732 522 5800 qui
553 5727 777 5785 fervidis
807 5729 974 5786 Deum
1009 5731 1225 5803 hymnis
1249 5731 1608 5786 celebramus.
1635 5727 1772 5782 Tres
1794 5742 1861 5782 ex
1893 5724 1994 5780 Ju-

425 5822 544 5878 dtea
566 5820 751 5880 felices
773 5823 925 5896 pueri
949 5825 1002 5880 in
1024 5823 1274 5880 ﬂammas
1301 5821 1535 5882 immissi
1562 5832 1776 5892 partum
1811 5827 1990 5888 tuum,

2015 4795 2066 4854 ϋ

2426 4770 2612 4859 nat)?
2643 4801 2658 4819 ⁸
2685 4788 2750 4840 Ol
2783 4785 2853 4840 ἐκ
2883 4783 2996 4854 τῆς
3034 4782 3349 4848 Ἰουδαίας.

2168 4905 2254 4960 ιδ’.
2283 4906 2364 4977 Τῇ
2394 4901 2490 4957 τοῦ
2539 4901 2848 4972 πνεύματος
2878 4901 3026 4965 ζέσει
3055 4897 3518 4969 πυρακτούμενοι,
3552 4896 3676 4947 Σῶ-

2091 5013 2212 5068 τερ.
2267 4997 2318 5050 oi
2365 4993 2661 5063 ἀθλοφόροι
2719 5008 2816 5045 σου
2870 4994 2936 5045 ὲκ
2990 4990 3363 5061 χειρώνακτος
3414 4989 3528 5057 βίου
3579 4988 3678 5040 καὶ

2092 5088 2344 5149 καύσεως
2373 5086 2622 5156 καμίνων
2655 5100 2738 5136 σοι
2791 5082 3116 5153 προσέσχον,
3146 5082 3243 5136 καὶ
3291 5081 3484 5134 έλαόον
3533 5079 3679 5134 ἀνα·

2092 5182 2273 5252 ψυχὴν
2308 5179 2402 5232 καὶ
2429 5177 2660 5229 πλοῦτον
2693 5175 2790 5230 καὶ
2835 5175 2995 5240 δόξαν
3043 5175 3293 5228 αἰωνίαν.
3341 5173 3680 5243 Τυραννίδος

2098 5273 2196 5342 μὲν
2223 5270 2407 5341 ἔργον,
2439 5266 2708 5320 ἐκδιδόναι
2730 5265 2950 5319 κολάσει
2973 5263 3101 5326 τοὺς
3135 5262 3470 5332 ἀγαπῶντας
3514 5261 3677 5313 Θεόϊ

2093 5361 2231 5416 Θεοῦ
2281 5361 2341 5415 δὲ
2392 5358 2546 5422 αὖθις
2594 5357 2802 5426 θαῦμα,
2833 5352 3170 5408 οἰκειοῦσθαι
3226 5353 3493 5414 παντοίως
3547 5350 3680 5412 τοὺς

2096 5450 2263 5509 αὐτοῦ
2318 5456 2479 5520 χάριν
2525 5449 2856 5518 πάσχοντας,
2881 5439 2956 5499 ὧν
3008 5448 3108 5514 τῆς
3164 5447 3383 5518 μερίδος
3429 5445 3572 5498 εἰσιν
3624 5445 3680 5496 ot

2096 5546 2245 5616 τρεῖς
2297 5542 2457 5611 ήμῶν
2505 5540 2831 5608 προστάται.
2881 5537 3321 5609 Πυρακτούμενα
3356 5537 3490 5608 βέλη
3544 5535 3682 5588 καθ’

2101 5635 2260 5707 ἡμῶν
2298 5633 2392 5688 τοῦ
2441 5632 2640 5704 Βελίαρ
2685 5630 2920 5684 σῦέσατε
2963 5629 3058 5683 νῦν
3089 5629 3365 5698 κραταιῶς
3414 5631 3462 5680 οἱ
3497 5632 3679 5697 τρεῖς,

2101 5729 2149 5780 oi
2200 5727 2300 5796 τῆς
2349 5724 2614 5797 μεγίστης
2668 5721 2949 5790 ίσὰριθμοι
2993 5720 3248 5789 Τριάδος,
3287 5718 3381 5770 καὶ
3407 5718 3681 5786 ἀνάψυξιν

2101 5818 2353 5889 ενδροσον
2376 5817 2497 5872 δότε
2519 5817 2674 5886 ἡμῖν,
2703 5818 2816 5878 τοῖς
2847 5812 3071 5885 θερμῶς
3097 5811 3230 5864 Θεὸν
3253 5809 3675 5878 ὐμνολογοῦσιν.
