3908 6544
198 370 282 434 εει
1066 383 1160 443 DE
1209 387 1309 448 SS.
1345 389 1652 461 ANANIA,
1684 393 1960 453 AZARIA
2001 393 2095 456 ET
2145 396 2500 461 MISAELE.
3300 407 3409 472 290

196 486 323 537 uti:
366 482 458 549 τῆς
500 485 762 551 Ἰουδαίας
802 492 955 558 τρεῖς
1001 495 1267 564 μακάριοι
1321 498 1511 561 παῖδες
1557 501 1724 567 ἐμϐε-

1862 504 2016 571 Virgo,
2046 508 2498 577 prmngurabant:
2540 512 2764 579 gestasti
2790 513 2933 567 enim
2961 513 3138 585 ignem
3157 516 3405 574 immate-

194 574 415 648 ϐλημένοι
440 579 598 647 πυρὶ.
629 582 724 632 τὸν
751 582 909 636 τόκον
941 603 1035 639 σου
1067 590 1339 657 παρθένον
1363 592 1725 658 είκονίζοντες

1484 592 1725 658 νίζοντες
1835 594 2047 663 rialem,
2079 600 2240 669 cujus
2268 610 2432 673 typus
2461 612 2578 657 erat
2605 604 2775 660 rubus
2807 574 3026 677 Moysis.

191 666 336 738 ἦσαν’
365 666 474 738 πῦρ
525 672 636 739 γὰρ
682 672 843 728 ἄῦλον
889 675 1135 743 ἐστεξας,
1188 674 1361 751 οὗπερ
1410 684 1505 735 καὶ
1562 683 1723 747 βάτος

191 763 294 813 ποτὲ
318 760 478 824 τύπος
509 758 579 832 ἦν
610 764 706 819 τοῦ
734 767 999 831 Μωσέως.

373 879 494 949 ᾮδὴ
514 866 562 950 ἦ
584 895 599 909 ’
638 883 751 936 Τὸν
772 886 1038 948 βασιλέα
1068 888 1188 943 τῶν
1214 892 1513 959 οὐρανῶν.

2077 885 2284 941 Cantus
2329 898 2554 944 octavus
2587 908 2601 943 :
2646 892 2832 960 limem
2870 898 3135 950 malorum.

245 969 793 1037 ιε¹.Σεμνοποιοῦνται
832 978 881 1027 οί
934 979 1169 1040 Πισιδεῖς
1214 980 1288 1042 ὼς
1341 983 1564 1046 πολίτας
1595 986 1721 1051 τοῦς

1902 972 1990 1027 15.
2021 974 2340 1031 Gloriautur
2367 977 2584 1042 Pisidaa,
2613 997 2677 1034 eo
2708 986 2849 1049 quod
2886 994 3114 1039 sanctos
3142 985 3263 1040 illos
3284 1001 3399 1039 sor-

187 1062 338 1127 ἀγίους
374 1060 600 1125 τούτους
645 1066 1020 1135 εὐτυχοῦντες,
1083 1071 1349 1125 Κλαυδίου
1416 1092 1471 1126 τε
1538 1076 1715 1139 πόλις.

1857 1065 1913 1118 iti
1948 1067 2057 1121 sint
2080 1070 2358 1133 concives,
2390 1082 2443 1124 et
2467 1072 2853 1141 Claudiopolis,
2887 1077 2975 1129 ubi
3027 1077 3190 1131 vitam
3248 1079 3400 1132 ﬁnie-

187 1156 290 1205 ὅπου
317 1153 494 1215 αὐτοῖς
528 1157 587 1207 τὸ
632 1157 805 1220 τέλος.
853 1160 1173 1230 Ὀψιμαθεῐς
1226 1165 1326 1231 μὲν
1368 1167 1465 1218 τοῦ
1509 1170 1717 1234 ἀγαθοῦ

1853 1168 1977 1211 ‘unt.
2010 1159 2146 1214 Sero
2170 1162 2368 1215 bonum
2392 1164 2587 1227 edocti,
2611 1168 2914 1220 vehementi
2948 1176 3128 1224 autem
3154 1169 3257 1224 ﬁde
3270 1185 3396 1223 cor-

188 1244 452 1310 τεγονότες,
483 1250 720 1316 στερεῶς
752 1250 807 1303 δὲ
852 1253 1038 1305 πίστει
1074 1256 1416 1318 ἐντακέντες,
1447 1259 1542 1310 νῦν
1574 1261 1720 1323 δοξο-

1849 1249 2083 1313 ’01)υΓ31ῖ,
2105 1267 2247 1305 nunc
2266 1254 2506 1318 pulchris
2527 1257 2755 1311 viCIores
2776 1258 3024 1315 laudibus
3039 1262 3392 1317 extolluntur.

187 1335 427 1401 λογοῦνται
460 1339 640 1401 καλῶς
690 1342 740 1392 οἱ
771 1342 1086 1413 ἀθλοψόροι.
1133 1347 1223 1398 Ἐν
1258 1351 1321 1417 τῇ
1355 1350 1555 1417 χωνείᾳ.
1602 1352 1713 1404 τῶν

1853 1357 1882 1394 n
1912 1341 2580 1410 liquatoriotentationum
2598 1351 2889 1415 combusti,
2918 1360 2973 1405 ut
2992 1367 3184 1406 aurum
3210 1367 3396 1407 recen-

186 1428 466 1495 πειρασμῶν
517 1433 883 1501 πυρωθέντες,
934 1436 1009 1498 ὡς
1064 1440 1265 1506 χρυσὸς
1332 1442 1714 1510 εὑροιζότατος

1849 1434 1931 1488 ius
1969 1435 2148 1487 fusum
2178 1436 2417 1503 fulgetis,
2467 1452 2766 1509 martyrum
2823 1445 2993 1496 thCllS
3036 1454 3089 1498 et
3110 1445 3389 1514 splendor.

185 1517 298 1583 ἄρτι,
326 1518 588 1580 στίλὸετε,
632 1525 934 1592 μαρτύρων
966 1528 1204 1597 καλλονὴ
1236 1532 1331 1581 καὶ
1366 1518 1723 1603 λαμπρότης..

1849 1530 2020 1595 legem
2054 1532 2317 1585 caelorum
2354 1532 2548 1600 palatio
2569 1536 2769 1588 ventris
2803 1535 2903 1599 tui,
2930 1534 3117 1604 Virgo.
3167 1547 3392 1593 conten-

184 1608 263 1658 Τὸν
292 1608 504 1676 βασιλέα
557 1612 670 1665 τῶν
723 1616 990 1685 οὐρανῶν,
1048 1620 1321 1692 παλατίῳ,
1373 1626 1437 1693 σῇ
1486 1628 1711 1693 γαστρὶ,

1701 1666 1711 1693 ,
1823 1628 1961 1683 tum,
1990 1620 2299 1678 invenimus
2321 1624 2502 1679 omnis
2518 1628 2852 1694 captivitatis
2873 1628 3244 1685 liberatorem.

183 1700 397 1768 παρθένε,
438 1706 781 1775 χωρ-τιθέντα,
811 1707 1047 1780 εὕρομεν
1076 1713 1295 1783 ἀπάσης
1324 1717 1713 1785 αἰχμαλωσίας

182 1789 366 1857 ρύστην.

468 1894 590 1965 ᾨδὴ
610 1877 652 1945 δ
679 1912 694 1926 ο
726 1898 951 1965 Κυρίως
984 1903 1276 1955 Θεοτόκον
1304 1905 1403 1957 σέ.
1752 1909 1794 1964 Β

1752 1909 1794 1964 Β
2078 1894 2283 1950 Cantus
2313 1911 2525 1951 nonus:
2572 1896 2696 1950 Vere
2719 1897 3004 1967 Deiparam
3039 1908 3105 1954 te.

234 1983 311 2040 ις’.
342 1979 451 2031 Οὐκ
487 1982 635 2035 ἐστιν
667 1986 721 2036 ἐν
758 1987 948 2055 Κυρίῳ
978 1988 1169 2055 γένους
1204 1992 1466 2060 λαμπροῦ
1516 1993 1707 2055 τόπος.

1888 1986 1976 2041 16.
2008 1986 2123 2041 Non
2157 1997 2238 2041 est
2271 1992 2323 2040 in
2347 1989 2571 2041 Domino
2601 1990 2730 2044 clari
2763 2001 2914 2044 ortus
2942 1992 3205 2061 acceptio.
3227 1991 3391 2047 Nobi-

189 2066 255 2120 Ἑν
278 2071 511 2142 εὐγενείᾳ
554 2074 729 2145 ψυχῆς
778 2073 869 2131 οὖν
900 2080 1162 2146 φανέντες
1215 2082 1433 2152 φαιδροὶ
1464 2084 1513 2136 οἱ
1543 2085 1711 2153 ἀθλη-

1845 2082 1966 2134 itate
1996 2079 2164 2149 igitur
2196 2081 2391 2134 anima:
2416 2080 2598 2152 inclyti
2632 2081 2848 2137 athletae
2878 2084 3166 2152 spirituum
3201 2086 3388 2141 choris

180 2163 276 2225 ταὶ,
322 2166 626 2235 ἀσωμάτων
679 2175 860 2240 χοροῖς
915 2175 1321 2231 συντάττονται.
1377 2172 1448 2229 Ὦ
1513 2178 1708 2246 Μάρκε

1852 2181 2268 2224 nnumerantttr.
2299 2171 2343 2225 Ο
2364 2171 2562 2238 Marce,
2587 2174 2852 2227 montium
2887 2185 3095 2243 pastor,
3118 2187 3390 2230 memento

180 2255 409 2324 ὀρεινόμε,
442 2260 692 2329 μέμνησο
738 2262 1068 2333 θρεμμάτων
1113 2267 1221 2320 τῶν
1252 2267 1509 2335 λογικῶν,
1541 2270 1590 2322 οἳ
1628 2289 1709 2323 τι·

1846 2264 2122 2329 pirituales
2148 2263 2421 2328 alumnos,
2447 2265 2537 2331 qui
2569 2274 2716 2317 tuam
2772 2265 3002 2319 colimus
3022 2267 3339 2319 memoriam
3370 2283 3386 2331 ;

184 2347 478 2421 μῶμεν,τὴν
525 2355 751 2426 μνήμην
805 2357 902 2428 τὴν
955 2360 1085 2429 σήνο
1140 2361 1232 2415 καὶ
1286 2363 1380 2414 νῦν
1432 2363 1709 2432 ποιμάνας

1842 2365 2025 2424 tquos
2060 2354 2146 2408 hic
2179 2353 2400 2424 pavisti,
2437 2355 2549 2409 illic
2594 2357 2969 2425 congloriﬁca.
3035 2356 3079 2413 Ο
3138 2369 3247 2411 tres
3292 2358 3385 2412 Dei

181 2441 392 2505 ὶνταῦθα,
422 2446 537 2497 ἐκεῖ
589 2448 932 2514 συνδόξασον.
966 2446 1036 2503 Ὦ
1082 2453 1230 2522 τρεῖς,
1281 2452 1419 2506 Θεοῦ
1464 2454 1708 2520 ὁπλῖται,

1838 2450 2011 2503 nilites
2038 2464 2177 2518 quos
2205 2463 2351 2502 nunc
2366 2447 2733 2513 celebramus,
2752 2450 2843 2517 qni
2873 2459 3057 2503 contra
3087 2450 3381 2505 terribilem

180 2532 250 2596 οῦς
273 2535 358 2587 νῦν
403 2538 774 2611 εὐφημοῦμεν,
804 2543 946 2596 κατὰ
976 2543 1165 2596 δεινῶν
1196 2544 1291 2597 καὶ
1335 2545 1547 2615 ἀγρίων
1577 2546 1710 2615 βαρ-

1841 2559 2092 2612 eramque
2136 2544 2377 2614 gentium
2420 2543 2727 2597 barbariem
2794 2544 3110 2617 pugnastis,
3145 2544 3213 2597 ab
3267 2543 3384 2597 istis

182 2624 333 2694 ϐἀρων
353 2629 515 2681 ἐθνῶν
538 2631 1005 2699 ἁνθοπλισθέντες,
1024 2637 1086 2687 ἐκ
1107 2635 1313 2689 τούτων
1339 2637 1484 2705 ἡμᾶς
1506 2637 1715 2707 λυτρώ-

1843 2651 1922 2691 ιοε
1946 2636 2194 2691 liberate.
2211 2633 2255 2689 0
2278 2651 2405 2690 vere
2423 2636 2672 2705 Deipara,
2696 2636 2863 2689 Mater
2888 2636 2987 2689 viri
3014 2636 3217 2699 nescia,
3243 2635 3386 2704 puri-

182 2715 335 2770 cmlls.
358 2719 570 2788 Κυρίως
600 2721 885 2786 Θεοτόκος,
923 2723 1096 2793 μῆτερ
1125 2724 1528 2795 ἁπειράνδρως,
1548 2726 1581 2794 ἡ
1607 2725 1716 2779 τῶν

1845 2744 1905 2785 as
1940 2728 2245 2798 virginum,
2284 2737 2471 2783 nostra
2519 2738 2724 2792 custos,
2753 2728 2821 2782 ab
2845 2728 3037 2798 angelo
3056 2728 3380 2799 gloriﬁcata,

184 2806 428 2877 παρθένων
466 2813 760 2883 σεμνότης,
790 2815 822 2883 ἡ
848 2814 1023 2882 φύλαξ
1053 2813 1236 2885 ἡμῶν,
1272 2814 1716 2885 ἀγγελοΰμνητον

791 2815 822 2883 ἡ
848 2814 1023 2882 φύλαξ
1053 2813 1236 2885 ἡμῶν,
1272 2814 1716 2885 ἀγγελοΰμνητον
1824 2830 1874 2875 te
1898 2820 2334 2891 magniﬁcamus.

182 2904 323 2972 κλέος,
356 2907 412 2959 σέ
439 2910 837 2979 μεγαλύνομεν.

1492 3186 2034 3304 ORATIO

228 3416 310 3478 DE
339 3417 430 3481 SS.
479 3418 981 3486 MARTYRIBUS
1038 3421 1349 3486 ANANIA.
1417 3420 1703 3482 AZARIA
1754 3421 1852 3493 ET
1910 3416 2244 3483 MISAELE
2285 3418 2367 3481 IN
2404 3416 2817 3478 FORNACEM
2865 3417 3294 3478 CONJECTIS.

234 3762 289 3811 α’.
325 3795 339 3812 .
377 3796 392 3810 .
432 3794 448 3811 .
490 3795 506 3811 .
549 3796 565 3811 .
606 3758 686 3829 πῆ
730 3757 787 3811 δὲ
832 3759 1042 3826 καίων,
1077 3760 1165 3814 ὅτε
1211 3759 1415 3829 δηλαδὴ
1459 3756 1695 3828 φλογοῦ-
1720 3760 1765 3818 C

1874 3758 1920 3810 ι.
1968 3752 2231 3813 Fornacis
2277 3755 2590 3826 Babylonia
2651 3753 2793 3823 ignis
2851 3761 2971 3809 erat
3027 3753 3372 3824 aliquatenus

182 3861 264 3907 ται,
307 3845 571 3915 διεμέρισε
631 3849 744 3910 τοῖς
795 3848 894 3915 μὲν
949 3852 1143 3912 κακοῖς
1198 3850 1569 3917 ἐκκυμανθεὶς
1618 3848 1698 3910 είς

1832 3864 1991 3909 :rens,
2022 3849 2242 3917 quando
2270 3850 2480 3903 scilicet
2501 3848 2747 3901 ﬂammas
2767 3846 3375 3916 tlispersitexuntlantes

180 3934 377 4008 ὄλεθρον.
408 3935 489 4002 οἷς
524 3938 736 4000 ἐκεῖνος
765 3937 832 3991 δι’
880 3941 1051 4009 αὐτῆς
1095 3942 1427 4012 ἐνήργησεν,
1469 3940 1697 4009 ἐπιδρα-

1828 3955 1854 3991 n
1888 3940 2155 3993 malorum
2209 3941 2534 4009 perniciem,
2582 3952 2885 4005 earumque
2939 3937 3045 3990 vim
3108 3938 3371 3997 exercuit,

181 4026 269 4092 μὼν
290 4032 391 4093 τοῖς
420 4030 603 4100 κύκλῳ
623 4030 934 4095 Χαλδαίοιςο
952 4032 1170 4101 ψύξασα
1192 4033 1248 4086 δὲ
1272 4032 1548 4103 δροσερῶς
1569 4034 1698 4095 τοὺς

1829 4028 2061 4083 nvadens
2111 4030 2531 4083 circumstantes
2584 4026 2908 4081 Chaldaeos.
2956 4025 3195 4080 Aliunde
3244 4041 3372 4078 vero

179 4120 347 4187 ἁγίους,
382 4117 462 4186 οἷς
495 4124 636 4193 πρὸς
654 4122 789 4176 Θεοῦ
815 4125 1069 4179 ἀνεθεῖσα
1099 4126 1270 4193 ἐφῆκε
1301 4124 1379 4195 τῷ
1399 4126 1521 4194 ἀέρι
1542 4125 1700 4192 ποιῆ-

1828 4132 2016 4174 auctos
2048 4122 2188 4175 roris
2217 4122 2390 4176 instar
2418 4121 2794 4189 rct‘rlgerabat,
2826 4128 2879 4172 et
2915 4133 2943 4171 a
2978 4116 3087 4172 Deo
3112 4128 3370 4171 enervata

180 4214 317 4266 σαιτδ
335 4215 545 4281 ἑαυτοῦ,
574 4217 637 4269 τὸ
665 4216 722 4268 δέ
767 4217 884 4269 ἐστι
927 4215 1245 4287 ψυχρότητα
1286 4218 1581 4287 ἐνεργῆσαι
1615 4218 1697 4279 εἰς

1829 4214 2011 4268 inebat
2064 4215 2142 4267 eis
2175 4214 2281 4266 vim
2316 4214 2459 4267 aeris
2490 4212 2661 4276 illabi,
2717 4211 2820 4266 hoc
2868 4220 2969 4275 est,
3030 4210 3369 4277 refrigerium

178 4302 412 4375 ἀναψυχὴν
440 4306 547 4361 τῶν
579 4306 681 4359 τοῦ
707 4306 846 4360 Θεοῦ
877 4308 1103 4374 παίδων,
1134 4308 1317 4360 οὐκέτι
1365 4310 1692 4376 καιομένων,

1832 4305 1977 4358 (nare
2010 4305 2099 4359 Dei
2138 4304 2343 4372 pueris,
2379 4320 2518 4373 quos
2538 4304 2763 4357 minime
2786 4303 2977 4355 urebat
3008 4302 3247 4363 ﬂamma,
3276 4305 3368 4355 scil

177 4394 281 4447 am
307 4399 453 4465 μόνον
489 4399 879 4469 φωτιζομένων
930 4403 1030 4455 καὶ
1066 4400 1581 4470 καταλαμπομένων
1626 4403 1691 4470 τῇ

1835 4399 2141 4455 luminabat
2175 4408 2386 4453 tantum
2422 4398 2838 4454 etillustrabat:
2869 4398 3094 4467 perinde
3120 4413 3183 4451 ac
3208 4398 3253 4451 si
3276 4400 3371 4449 ad-

178 4485 320 4550 φὶογὶ,
349 4488 531 4560 ὥσπερ
593 4491 942 4561 ἡσχολημένη
969 4491 1111 4544 κατὰ
1161 4491 1270 4544 τῶν
1325 4490 1540 4561 ἐχθρῶν
1586 4492 1696 4544 τῶν

1830 4505 1987 4545 ersus
2023 4490 2117 4544 Dei
2174 4490 2430 4545 inimicos
2489 4498 2774 4559 occupata,
2837 4489 3254 4543 oblivisceretur
3310 4505 3369 4542 se

175 4577 246 4629 τοῦ
266 4579 408 4643 Θεοῦ,
436 4582 721 4647 ἐξελάθετο
746 4583 877 4651 φλὸξ
900 4581 1038 4636 εἶναι
1061 4582 1174 4645 τοῖς
1204 4581 1297 4635 τοῦ
1327 4582 1463 4635 Θεοῦ
1486 4583 1696 4653 ἀνθρώ--

1832 4597 2067 4636 annnam
2088 4596 2208 4636 esse
2224 4596 2349 4652 erga
2368 4582 2618 4636 homines
2648 4580 2764 4641 Dei.
2800 4581 2884 4634 vel
2916 4589 3173 4650 tanquam
3201 4581 3244 4633 si
3285 4588 3371 4631 to-

129 4726 139 4739 .
177 4684 288 4731 ποις,
317 4672 346 4741 ἢ
375 4674 465 4725 καὶ
522 4674 596 4735 ὡς
629 4676 724 4726 ἐὰν
756 4674 896 4743 αὑτὴ
941 4673 1041 4741 μὲν
1090 4673 1188 4744 ὅλη
1214 4674 1406 4741 γέγονε
1434 4675 1528 4727 τοῦ
1581 4676 1672 4728 τοῖί

1826 4690 1902 4725 am
1942 4689 2000 4727 se
2026 4673 2163 4727 dans
2206 4673 2481 4727 irruendis
2509 4671 2803 4736 Chaldmis,
2859 4672 2971 4727 aeri
3032 4672 3369 4743 permitteret

174 4758 413 4827 Χαλδαίοις
442 4766 812 4818 ὲπεισπεσεῖν·
840 4766 917 4835 τῷ
936 4765 991 4817 δὲ
1016 4767 1139 4830 ἀέρι
1169 4768 1373 4835 ἐφῆκεν
1393 4764 1692 4835 ἀναψύχειν

1824 4765 2329 4834 eri-igerareseniles
2363 4764 2453 4819 Dei
2493 4779 2719 4833 pueros.
2745 4762 2863 4818 Non
2893 4765 3037 4819 enim
3072 4764 3364 4819 tenendmn

174 4850 270 4913 τοὺς
292 4853 374 4905 τοῦ
408 4856 539 4908 Θεοῦ
592 4856 1033 4924 γεροντόπαιδας,
1058 4857 1151 4926 Μὴ
1196 4858 1304 4926 γὰρ
1344 4872 1696 4928 κατακρατη-

1826 4867 1875 4909 st
1901 4856 2226 4910 ambientem
2258 4870 2358 4910 nos
2385 4870 2510 4909 aera
2541 4870 2660 4910 esse
2689 4857 2914 4910 omnino
2961 4857 3222 4921 calidum,
3268 4871 3367 4909 nec

172 4940 285 5007 τίον,
308 4944 470 4999 διόλου
503 4947 708 5016 θερμὸν
734 4942 877 5000 εἶναι
908 4947 1000 5000 τὸν
1028 4947 1153 5001 καθ’
1178 4946 1325 5016 ἡμᾶς
1358 4946 1521 5015 ἀέρα,
1557 4944 1692 5015 μηδὲ

1817 4958 2018 5001 mmote
2047 4949 2300 5001 standum
2324 4948 2449 5001 buic
2482 4948 2749 5016 opinioni,
2788 4948 2835 5001 si
2879 4963 2984 5017 qua
3042 4948 3359 5003 attendstur

175 5038 440 5105 στοιχητέον
471 5040 537 5109 τῇ
569 5037 696 5110 δόξῃ
726 5038 900 5109 ταύτῃ
942 5037 1262 5107 ἁστεμφῶς,
1306 5036 1360 5089 ετ
1402 5053 1457 5088 τι
1491 5051 1691 5105 προσε-

1822 5040 1860 5092 χιι
1881 5050 2158 5103 auctorem
2178 5040 2439 5092 librorum
2467 5038 2544 5092 De
2574 5038 3123 5105 Providentia,virum
3149 5042 3365 5111 sapien-

170 5124 296 5176 κτέον
316 5102 404 5180 καὶ
425 5102 829 5197 τῷγεγραφότι
857 5102 982 5190 τοὺς
1018 5102 1150 5196 περὶ
1173 5126 1465 5194 Προνοίας
1492 5102 1687 5190 λόγους

747 5128 829 5181 ότι
857 5102 982 5190 τοὺς
1018 5102 1150 5196 περὶ
1173 5126 1465 5194 Προνοίας
1492 5102 1687 5190 λόγους
1723 5102 1766 5156 θ
1796 5102 1921 5185 rem,
1941 5141 1994 5185 et
2018 5140 2284 5185 sanctum.

169 5213 292 5283 ἀνδρὶ
321 5219 456 5289 σοφῷ
492 5236 551 5272 τε
580 5221 675 5273 καὶ
722 5220 878 5290 ἱερῷ.

225 5306 281 5373 β’.
318 5307 376 5361 El
402 5311 455 5363 δὲ
482 5312 1043 5382 ὃοκεῖ,ἁσυνάρτητον
1090 5308 1235 5365 εἶναι
1282 5311 1342 5362 τὸ
1370 5309 1469 5380 τὴν
1518 5308 1689 5378 αὐτὴν

1856 5304 1912 5359 2.
1945 5302 2102 5371 Quod
2130 5304 2176 5360 si
2206 5302 2504 5359 absurdum
2537 5302 2746 5359 videtur
2774 5304 2947 5360 eidem
2975 5306 3191 5360 camino
3227 5304 3360 5358 sub-

170 5394 359 5463 κάμινον
382 5400 563 5468 φλέξαι
587 5417 648 5453 τε
684 5402 779 5455 καὶ
812 5402 1083 5471 δροσίσαι,
1108 5400 1274 5455 διὰτὸ
1310 5400 1386 5471 μὴ
1419 5399 1688 5461 ὡσαύτως

1817 5398 1962 5452 uisse
1983 5398 2221 5452 calorem
2252 5396 2414 5452 simul
2447 5406 2499 5450 et
2520 5396 2710 5465 frigus,
2727 5397 2856 5465 quia
2872 5413 2977 5451 non
3002 5398 3184 5451 itidem
3199 5398 3360 5449 anibo

172 5482 304 5553 ἄμφω
326 5489 692 5561 ἐνηργηκέναι,
718 5491 850 5545 ἀλλὰ
880 5493 941 5544 τὸ
979 5492 1075 5560 μὲν
1104 5492 1321 5561 φλέγμα
1350 5494 1415 5560 τῇ
1467 5491 1561 5544 τοῦ
1587 5507 1690 5543 πυ-

1812 5496 1984 5557 tgunt,
2020 5487 2112 5542 sed
2133 5487 2277 5541 calor
2297 5487 2524 5556 ignitum
2543 5485 2751 5552 dilatat,
2772 5485 2943 5555 frigus
2958 5501 3085 5539 vero
3108 5485 3355 5539 eﬂ'ectum

172 5576 342 5643 ρόεντος
367 5584 627 5650 ἐπιτάσει,
657 5585 716 5637 τὸ
745 5584 801 5637 δὲ.
835 5585 1093 5654 δρόσιμον
1138 5586 1199 5637 ού
1232 5587 1297 5654 τῇ
1335 5587 1472 5655 αὐτῇ
1502 5625 1516 5649 ,
1550 5584 1684 5637 ἀλλὰ

1811 5580 2206 5635 iroducithaud
2230 5595 2435 5650 parem.
2469 5581 2561 5633 sed
2598 5579 2897 5633 absimilem
2929 5577 3236 5631 remissioni
3259 5593 3354 5633 seu

167 5663 356 5723 διαθέσει
380 5672 607 5745 ἑτεροῖα,
636 5678 701 5745 τῇ
734 5677 875 5729 κατᾶ
932 5676 1137 5742 ἄνεσιν,
1196 5675 1295 5728 εἰτ’
1362 5672 1455 5729 οὖν
1488 5676 1680 5743 ὕφεσιν

1818 5673 2133 5736 claxationi,
2190 5687 2283 5741 per
2346 5686 2507 5740 quam
2569 5671 2832 5725 divinitus
2879 5670 3017 5739 ignis
3064 5680 3119 5721 ut
3160 5670 3357 5723 absens

166 5756 242 5822 τὴν
264 5756 443 5826 θεόθεν,
470 5764 591 5817 καθ’
620 5764 686 5834 ἢν
706 5766 839 5819 ὡσεὶ
860 5768 955 5820 καὶ
985 5768 1059 5837 μὴ
1092 5766 1267 5837 παρὸν
1314 5767 1376 5819 τὸ
1411 5767 1517 5835 πῦρ
1556 5766 1678 5818 ελο-

1811 5767 2089 5822 iabebatur
2122 5784 2135 5833 ;
2172 5766 2565 5821 advertendum
2589 5762 2641 5817 in
2674 5762 2951 5817 sexcentis
2978 5760 3201 5816 casibus
3226 5761 3354 5815 item
