  <div class='ocr_page' id='page_1' title='image "/cluster/home/n/w/nwhite01/storage/ocr_20150623/136/hvd.32044019208305/154.png"; bbox 0 0 3908 6554; ppageno 0'>
   <div class='ocr_carea' id='block_1_1' title="bbox 164 380 251 443">
    <p class='ocr_par' dir='ltr' id='par_1_1' title="bbox 164 380 251 443">
     <span class='ocr_line' id='line_1_1' title="bbox 164 380 251 443; baseline 0 0"><span class='ocrx_word' id='word_1_1' title='bbox 164 380 251 443; x_wconf 74' lang='lat'><strong>293</strong></span> 
     </span>
    </p>
   </div>
   <div class='ocr_carea' id='block_1_2' title="bbox 1051 370 2509 441">
    <p class='ocr_par' dir='ltr' id='par_1_2' title="bbox 1051 370 2509 441">
     <span class='ocr_line' id='line_1_2' title="bbox 1051 370 2509 441; baseline -0.005 -5"><span class='ocrx_word' id='word_1_2' title='bbox 1051 377 1150 437; x_wconf 86' lang='lat' dir='ltr'><strong>DE</strong></span> <span class='ocrx_word' id='word_1_3' title='bbox 1203 376 1306 436; x_wconf 81' lang='lat' dir='ltr'><strong>SS.</strong></span> <span class='ocrx_word' id='word_1_4' title='bbox 1348 372 1661 441; x_wconf 64' lang='lat' dir='ltr'><strong>ANANIA,</strong></span> <span class='ocrx_word' id='word_1_5' title='bbox 1691 370 1971 430; x_wconf 69' lang='lat' dir='ltr'><strong>AZARIA</strong></span> <span class='ocrx_word' id='word_1_6' title='bbox 2017 371 2111 431; x_wconf 85' lang='lat' dir='ltr'><strong>ET</strong></span> <span class='ocrx_word' id='word_1_7' title='bbox 2151 371 2509 431; x_wconf 73' lang='lat' dir='ltr'><strong>MISAEIE.</strong></span> 
     </span>
    </p>
   </div>
   <div class='ocr_carea' id='block_1_3' title="bbox 3283 369 3391 435">
    <p class='ocr_par' dir='ltr' id='par_1_3' title="bbox 3283 369 3391 435">
     <span class='ocr_line' id='line_1_3' title="bbox 3283 369 3391 435; baseline -0.019 0"><span class='ocrx_word' id='word_1_8' title='bbox 3283 369 3391 435; x_wconf 67' lang='lat'><strong>294</strong></span> 
     </span>
    </p>
   </div>
   <div class='ocr_carea' id='block_1_4' title="bbox 166 481 1712 562">
    <p class='ocr_par' dir='ltr' id='par_1_4' title="bbox 166 487 1701 562">
     <span class='ocr_line' id='line_1_4' title="bbox 166 487 1701 562; baseline -0.005 -15"><span class='ocrx_word' id='word_1_9' title='bbox 166 499 237 550; x_wconf 74' lang='grc' dir='ltr'><strong>σία</strong></span> <span class='ocrx_word' id='word_1_10' title='bbox 266 495 408 551; x_wconf 85' lang='grc' dir='ltr'><strong>ῦδατι</strong></span> <span class='ocrx_word' id='word_1_11' title='bbox 461 495 637 556; x_wconf 76' lang='grc' dir='ltr'><strong>ἄλλως</strong></span> <span class='ocrx_word' id='word_1_12' title='bbox 691 492 969 562; x_wconf 76' lang='grc' dir='ltr'><strong>φλέγεται.</strong></span> <span class='ocrx_word' id='word_1_13' title='bbox 1009 487 1086 545; x_wconf 80' lang='grc' dir='ltr'>Ἶι</span> <span class='ocrx_word' id='word_1_14' title='bbox 1131 492 1242 560; x_wconf 80' lang='grc' dir='ltr'><strong>γὰρ</strong></span> <span class='ocrx_word' id='word_1_15' title='bbox 1285 491 1406 561; x_wconf 71' lang='grc' dir='ltr'><strong>οὐχὶ</strong></span> <span class='ocrx_word' id='word_1_16' title='bbox 1454 488 1701 558; x_wconf 65' lang='grc' dir='ltr'><strong>ἀκριϐῶς</strong></span> 
     </span>
    </p>
   </div>
   <div class='ocr_carea' id='block_1_5' title="bbox 1819 481 3389 562">
    <p class='ocr_par' dir='ltr' id='par_1_5' title="bbox 1819 481 3389 557">
     <span class='ocr_line' id='line_1_5' title="bbox 1819 481 3389 557; baseline 0 -22"><span class='ocrx_word' id='word_1_17' title='bbox 1819 500 1930 554; x_wconf 43' lang='lat' dir='ltr'><strong>igne</strong></span> <span class='ocrx_word' id='word_1_18' title='bbox 1959 486 2270 557; x_wconf 77' lang='lat' dir='ltr'><strong>refrigerat,</strong></span> <span class='ocrx_word' id='word_1_19' title='bbox 2306 486 2560 541; x_wconf 81' lang='lat' dir='ltr'><strong>eumdem</strong></span> <span class='ocrx_word' id='word_1_20' title='bbox 2599 497 2741 553; x_wconf 82' lang='lat' dir='ltr'><strong>aqua</strong></span> <span class='ocrx_word' id='word_1_21' title='bbox 2775 481 3123 546; x_wconf 80' lang='lat' dir='ltr'><strong>comburere.</strong></span> <span class='ocrx_word' id='word_1_22' title='bbox 3169 489 3224 546; x_wconf 84' lang='lat' dir='ltr'><strong>et</strong></span> <span class='ocrx_word' id='word_1_23' title='bbox 3256 500 3389 535; x_wconf 69' lang='grc' dir='ltr'><strong>(ωι-</strong></span> 
     </span>
    </p>
   </div>
   <div class='ocr_carea' id='block_1_6' title="bbox 164 582 1720 655">
    <p class='ocr_par' dir='ltr' id='par_1_6' title="bbox 164 582 1720 655">
     <span class='ocr_line' id='line_1_6' title="bbox 164 582 1720 655; baseline -0.008 -11"><span class='ocrx_word' id='word_1_24' title='bbox 164 588 449 653; x_wconf 79' lang='grc' dir='ltr'><strong>ἁιόλουθον,</strong></span> <span class='ocrx_word' id='word_1_25' title='bbox 476 585 573 641; x_wconf 82' lang='grc' dir='ltr'><strong>τὸν</strong></span> <span class='ocrx_word' id='word_1_26' title='bbox 617 586 681 641; x_wconf 83' lang='grc' dir='ltr'><strong>ἐν</strong></span> <span class='ocrx_word' id='word_1_27' title='bbox 710 586 849 655; x_wconf 76' lang='grc' dir='ltr'><strong>πυρὶ</strong></span> <span class='ocrx_word' id='word_1_28' title='bbox 895 585 1239 654; x_wconf 74' lang='grc' dir='ltr'><strong>δροσίζοντα,</strong></span> <span class='ocrx_word' id='word_1_29' title='bbox 1292 587 1384 637; x_wconf 73' lang='grc' dir='ltr'><strong>τὸν</strong></span> <span class='ocrx_word' id='word_1_30' title='bbox 1428 582 1592 635; x_wconf 81' lang='grc' dir='ltr'><strong>αὑτὸν</strong></span> <span class='ocrx_word' id='word_1_31' title='bbox 1623 582 1720 633; x_wconf 67' lang='grc' dir='ltr'><strong>καὶ</strong></span> 
     </span>
    </p>
   </div>
   <div class='ocr_carea' id='block_1_7' title="bbox 167 674 1718 748">
    <p class='ocr_par' dir='ltr' id='par_1_7' title="bbox 167 674 1718 748">
     <span class='ocr_line' id='line_1_7' title="bbox 167 674 1718 748; baseline -0.005 -14"><span class='ocrx_word' id='word_1_32' title='bbox 167 680 221 734; x_wconf 80' lang='grc' dir='ltr'><strong>δι’</strong></span> <span class='ocrx_word' id='word_1_33' title='bbox 244 678 418 741; x_wconf 80' lang='grc' dir='ltr'><strong>ὕδατος</strong></span> <span class='ocrx_word' id='word_1_34' title='bbox 452 678 704 748; x_wconf 77' lang='grc' dir='ltr'><strong>φλέγειν,</strong></span> <span class='ocrx_word' id='word_1_35' title='bbox 732 678 832 733; x_wconf 74' lang='grc' dir='ltr'><strong>καὶ</strong></span> <span class='ocrx_word' id='word_1_36' title='bbox 878 678 1243 747; x_wconf 79' lang='grc' dir='ltr'><strong>παραχωρεῖν</strong></span> <span class='ocrx_word' id='word_1_37' title='bbox 1289 677 1404 738; x_wconf 87' lang='grc' dir='ltr'><strong>τοῖς</strong></span> <span class='ocrx_word' id='word_1_38' title='bbox 1448 674 1718 733; x_wconf 82' lang='grc' dir='ltr'><strong>ἐναντίοις</strong></span> 
     </span>
    </p>
   </div>
   <div class='ocr_carea' id='block_1_8' title="bbox 172 764 1721 841">
    <p class='ocr_par' dir='ltr' id='par_1_8' title="bbox 172 764 1721 841">
     <span class='ocr_line' id='line_1_8' title="bbox 172 764 1721 841; baseline -0.006 -18"><span class='ocrx_word' id='word_1_39' title='bbox 172 769 435 841; x_wconf 73' lang='grc' dir='ltr'><strong>μίγνυσθαι</strong></span> <span class='ocrx_word' id='word_1_40' title='bbox 462 770 560 825; x_wconf 71' lang='grc' dir='ltr'><strong>καὶ</strong></span> <span class='ocrx_word' id='word_1_41' title='bbox 584 766 951 840; x_wconf 66' lang='grc' dir='ltr'><strong>συνέρχεσθαι</strong></span> <span class='ocrx_word' id='word_1_42' title='bbox 984 766 1079 819; x_wconf 76' lang='grc' dir='ltr'><strong>καὶ</strong></span> <span class='ocrx_word' id='word_1_43' title='bbox 1103 766 1171 818; x_wconf 81' lang='grc' dir='ltr'><strong>τὰ</strong></span> <span class='ocrx_word' id='word_1_44' title='bbox 1201 764 1448 834; x_wconf 73' lang='grc' dir='ltr'><strong>ἀλλήλων</strong></span> <span class='ocrx_word' id='word_1_45' title='bbox 1472 764 1721 834; x_wconf 83' lang='grc' dir='ltr'><strong>ἐνεργεῖν</strong></span> 
     </span>
    </p>
   </div>
   <div class='ocr_carea' id='block_1_9' title="bbox 170 853 1719 933">
    <p class='ocr_par' dir='ltr' id='par_1_9' title="bbox 170 853 1719 933">
     <span class='ocr_line' id='line_1_9' title="bbox 170 853 1719 933; baseline -0.008 -17"><span class='ocrx_word' id='word_1_46' title='bbox 170 862 608 933; x_wconf 73' lang='grc' dir='ltr'><strong>ἅντιμεταδόσεως</strong></span> <span class='ocrx_word' id='word_1_47' title='bbox 652 861 821 931; x_wconf 83' lang='grc' dir='ltr'><strong>λόγῳ,</strong></span> <span class='ocrx_word' id='word_1_48' title='bbox 872 859 950 920; x_wconf 79' lang='grc' dir='ltr'><strong>ὡς</strong></span> <span class='ocrx_word' id='word_1_49' title='bbox 1000 856 1355 911; x_wconf 76' lang='grc' dir='ltr'><strong>διδάσκεσθαι</strong></span> <span class='ocrx_word' id='word_1_50' title='bbox 1417 858 1513 908; x_wconf 74' lang='grc' dir='ltr'><strong>καὶ</strong></span> <span class='ocrx_word' id='word_1_51' title='bbox 1538 853 1719 916; x_wconf 72' lang='grc' dir='ltr'><strong>οὕτως</strong></span> 
     </span>
    </p>
   </div>
   <div class='ocr_carea' id='block_1_10' title="bbox 170 944 1719 1026">
    <p class='ocr_par' dir='ltr' id='par_1_10' title="bbox 170 944 1719 1026">
     <span class='ocr_line' id='line_1_10' title="bbox 170 944 1719 1026; baseline -0.008 -15"><span class='ocrx_word' id='word_1_52' title='bbox 170 957 312 1026; x_wconf 70' lang='grc' dir='ltr'><strong>ἡμᾶς.</strong></span> <span class='ocrx_word' id='word_1_53' title='bbox 345 952 549 1023; x_wconf 79' lang='grc' dir='ltr'><strong>άγαθδν</strong></span> <span class='ocrx_word' id='word_1_54' title='bbox 577 951 725 1007; x_wconf 77' lang='grc' dir='ltr'><strong>εῖναι</strong></span> <span class='ocrx_word' id='word_1_55' title='bbox 756 952 860 1023; x_wconf 77' lang='grc' dir='ltr'><strong>τὴν</strong></span> <span class='ocrx_word' id='word_1_56' title='bbox 891 950 1152 1021; x_wconf 81' lang='grc' dir='ltr'><strong>ὁμόνοιαν</strong></span> <span class='ocrx_word' id='word_1_57' title='bbox 1203 948 1300 1003; x_wconf 78' lang='grc' dir='ltr'><strong>καὶ</strong></span> <span class='ocrx_word' id='word_1_58' title='bbox 1345 948 1406 1002; x_wconf 83' lang='grc' dir='ltr'><strong>τδ</strong></span> <span class='ocrx_word' id='word_1_59' title='bbox 1435 944 1719 1019; x_wconf 78' lang='grc' dir='ltr'><strong>σύμφυλον</strong></span> 
     </span>
    </p>
   </div>
   <div class='ocr_carea' id='block_1_11' title="bbox 169 1046 683 1116">
    <p class='ocr_par' dir='ltr' id='par_1_11' title="bbox 169 1046 683 1116">
     <span class='ocr_line' id='line_1_11' title="bbox 169 1046 683 1116; baseline 0 -17"><span class='ocrx_word' id='word_1_60' title='bbox 169 1046 281 1116; x_wconf 70' lang='grc' dir='ltr'><strong>αὐτῇ</strong></span> <span class='ocrx_word' id='word_1_61' title='bbox 310 1046 646 1116; x_wconf 76' lang='grc' dir='ltr'><strong>φιλάλληλον</strong></span> <span class='ocrx_word' id='word_1_62' title='bbox 666 1062 683 1112; x_wconf 91' lang='grc'><strong>;</strong></span> 
     </span>
    </p>
   </div>
   <div class='ocr_carea' id='block_1_12' title="bbox 222 1134 1722 1209">
    <p class='ocr_par' dir='ltr' id='par_1_12' title="bbox 222 1134 1722 1209">
     <span class='ocr_line' id='line_1_12' title="bbox 222 1134 1722 1209; baseline -0.004 -16"><span class='ocrx_word' id='word_1_63' title='bbox 222 1139 277 1195; x_wconf 83' lang='grc' dir='ltr'><strong>ε’.</strong></span> <span class='ocrx_word' id='word_1_64' title='bbox 305 1139 628 1209; x_wconf 79' lang='grc' dir='ltr'><strong>Περαίνεται</strong></span> <span class='ocrx_word' id='word_1_65' title='bbox 652 1134 748 1193; x_wconf 75' lang='grc' dir='ltr'><strong>οὖν</strong></span> <span class='ocrx_word' id='word_1_66' title='bbox 779 1141 814 1209; x_wconf 80' lang='grc' dir='ltr'>ἡ</span> <span class='ocrx_word' id='word_1_67' title='bbox 843 1140 1007 1208; x_wconf 85' lang='grc' dir='ltr'><strong>τρίτη</strong></span> <span class='ocrx_word' id='word_1_68' title='bbox 1050 1136 1209 1199; x_wconf 81' lang='grc' dir='ltr'><strong>λύσις</strong></span> <span class='ocrx_word' id='word_1_69' title='bbox 1259 1135 1339 1199; x_wconf 83' lang='grc' dir='ltr'><strong>είς</strong></span> <span class='ocrx_word' id='word_1_70' title='bbox 1362 1134 1425 1189; x_wconf 81' lang='grc' dir='ltr'><strong>τὸ</strong></span> <span class='ocrx_word' id='word_1_71' title='bbox 1467 1134 1543 1204; x_wconf 87' lang='grc' dir='ltr'><strong>μὴ</strong></span> <span class='ocrx_word' id='word_1_72' title='bbox 1569 1134 1722 1203; x_wconf 84' lang='grc' dir='ltr'><strong>ἐνέρ-</strong></span> 
     </span>
    </p>
   </div>
   <div class='ocr_carea' id='block_1_13' title="bbox 172 1226 1720 1301">
    <p class='ocr_par' dir='ltr' id='par_1_13' title="bbox 172 1226 1720 1301">
     <span class='ocr_line' id='line_1_13' title="bbox 172 1226 1720 1301; baseline -0.004 -15"><span class='ocrx_word' id='word_1_73' title='bbox 172 1248 300 1299; x_wconf 79' lang='grc' dir='ltr'><strong>γειαν</strong></span> <span class='ocrx_word' id='word_1_74' title='bbox 322 1233 810 1301; x_wconf 79' lang='grc' dir='ltr'><strong>ἀποτεταγμένως,</strong></span> <span class='ocrx_word' id='word_1_75' title='bbox 859 1231 1021 1301; x_wconf 76' lang='grc' dir='ltr'><strong>τήνδε</strong></span> <span class='ocrx_word' id='word_1_76' title='bbox 1054 1230 1089 1300; x_wconf 76' lang='grc' dir='ltr'>ἢ</span> <span class='ocrx_word' id='word_1_77' title='bbox 1139 1229 1381 1298; x_wconf 80' lang='grc' dir='ltr'><strong>ἐκείνην,</strong></span> <span class='ocrx_word' id='word_1_78' title='bbox 1431 1226 1569 1279; x_wconf 76' lang='grc' dir='ltr'><strong>ἀλλὰ</strong></span> <span class='ocrx_word' id='word_1_79' title='bbox 1619 1226 1720 1287; x_wconf 80' lang='grc' dir='ltr'><strong>τὰς</strong></span> 
     </span>
    </p>
   </div>
   <div class='ocr_carea' id='block_1_14' title="bbox 172 1318 1719 1392">
    <p class='ocr_par' dir='ltr' id='par_1_14' title="bbox 172 1318 1719 1392">
     <span class='ocr_line' id='line_1_14' title="bbox 172 1318 1719 1392; baseline -0.005 -13"><span class='ocrx_word' id='word_1_80' title='bbox 172 1323 328 1388; x_wconf 72' lang='grc' dir='ltr'><strong>ἁπλῶς</strong></span> <span class='ocrx_word' id='word_1_81' title='bbox 363 1323 676 1392; x_wconf 80' lang='grc' dir='ltr'><strong>ἐνεργείας,</strong></span> <span class='ocrx_word' id='word_1_82' title='bbox 712 1321 780 1386; x_wconf 75' lang='grc' dir='ltr'><strong>ἃς</strong></span> <span class='ocrx_word' id='word_1_83' title='bbox 825 1325 854 1376; x_wconf 83' lang='grc' dir='ltr'>ὀ</span> <span class='ocrx_word' id='word_1_84' title='bbox 883 1323 1017 1386; x_wconf 83' lang='grc' dir='ltr'><strong>Θεὸς</strong></span> <span class='ocrx_word' id='word_1_85' title='bbox 1063 1323 1355 1391; x_wconf 77' lang='grc' dir='ltr'><strong>ἀπονέμει,</strong></span> <span class='ocrx_word' id='word_1_86' title='bbox 1383 1318 1573 1391; x_wconf 82' lang='grc' dir='ltr'><strong>ὥσπερ</strong></span> <span class='ocrx_word' id='word_1_87' title='bbox 1602 1323 1719 1384; x_wconf 78' lang='grc' dir='ltr'><strong>τοῖς</strong></span> 
     </span>
    </p>
   </div>
   <div class='ocr_carea' id='block_1_15' title="bbox 175 1411 1721 1484">
    <p class='ocr_par' dir='ltr' id='par_1_15' title="bbox 175 1411 1721 1484">
     <span class='ocr_line' id='line_1_15' title="bbox 175 1411 1721 1484; baseline -0.003 -15"><span class='ocrx_word' id='word_1_88' title='bbox 175 1416 326 1476; x_wconf 69' lang='grc' dir='ltr'><strong>ἄλλοις</strong></span> <span class='ocrx_word' id='word_1_89' title='bbox 358 1413 672 1484; x_wconf 75' lang='grc' dir='ltr'><strong>στοιχείοις,</strong></span> <span class='ocrx_word' id='word_1_90' title='bbox 720 1412 869 1469; x_wconf 75' lang='grc' dir='ltr'><strong>οὕτω</strong></span> <span class='ocrx_word' id='word_1_91' title='bbox 917 1415 1013 1467; x_wconf 78' lang='grc' dir='ltr'><strong>καὶ</strong></span> <span class='ocrx_word' id='word_1_92' title='bbox 1064 1414 1142 1483; x_wconf 81' lang='grc' dir='ltr'><strong>τῷ</strong></span> <span class='ocrx_word' id='word_1_93' title='bbox 1187 1413 1324 1483; x_wconf 81' lang='grc' dir='ltr'><strong>πυρὶ</strong></span> <span class='ocrx_word' id='word_1_94' title='bbox 1378 1411 1721 1481; x_wconf 84' lang='grc' dir='ltr'><strong>μετασκευά-</strong></span> 
     </span>
    </p>
   </div>
   <div class='ocr_carea' id='block_1_16' title="bbox 173 1501 1714 1576">
    <p class='ocr_par' dir='ltr' id='par_1_16' title="bbox 173 1501 1714 1576">
     <span class='ocr_line' id='line_1_16' title="bbox 173 1501 1714 1576; baseline -0.003 -18"><span class='ocrx_word' id='word_1_95' title='bbox 173 1523 285 1569; x_wconf 69' lang='lat' dir='ltr'><strong>eam;</strong></span> <span class='ocrx_word' id='word_1_96' title='bbox 311 1505 472 1574; x_wconf 71' lang='grc' dir='ltr'><strong>λόγῳ,</strong></span> <span class='ocrx_word' id='word_1_97' title='bbox 495 1507 586 1576; x_wconf 78' lang='grc' dir='ltr'><strong>ἐφ’</strong></span> <span class='ocrx_word' id='word_1_98' title='bbox 617 1501 704 1569; x_wconf 76' lang='grc' dir='ltr'><strong>οἷς</strong></span> <span class='ocrx_word' id='word_1_99' title='bbox 736 1505 803 1560; x_wconf 80' lang='grc' dir='ltr'><strong>ἂν</strong></span> <span class='ocrx_word' id='word_1_100' title='bbox 843 1505 1211 1575; x_wconf 74' lang='grc' dir='ltr'><strong>εὐδοκήσειεν,</strong></span> <span class='ocrx_word' id='word_1_101' title='bbox 1259 1501 1714 1574; x_wconf 76' lang='grc' dir='ltr'><strong>ἀπομερίζεσθαι,</strong></span> 
     </span>
    </p>
   </div>
   <div class='ocr_carea' id='block_1_17' title="bbox 171 1593 1718 1667">
    <p class='ocr_par' dir='ltr' id='par_1_17' title="bbox 171 1593 1718 1667">
     <span class='ocr_line' id='line_1_17' title="bbox 171 1593 1718 1667; baseline -0.003 -17"><span class='ocrx_word' id='word_1_102' title='bbox 171 1600 257 1667; x_wconf 71' lang='grc' dir='ltr'><strong>ὅπη</strong></span> <span class='ocrx_word' id='word_1_103' title='bbox 284 1597 474 1667; x_wconf 83' lang='grc' dir='ltr'><strong>χρεὼν,</strong></span> <span class='ocrx_word' id='word_1_104' title='bbox 506 1599 584 1662; x_wconf 84' lang='grc' dir='ltr'><strong>ὡς</strong></span> <span class='ocrx_word' id='word_1_105' title='bbox 632 1599 801 1658; x_wconf 86' lang='grc' dir='ltr'><strong>αὐτὸς</strong></span> <span class='ocrx_word' id='word_1_106' title='bbox 842 1597 1089 1661; x_wconf 81' lang='grc' dir='ltr'><strong>ἐπιτάξει</strong></span> <span class='ocrx_word' id='word_1_107' title='bbox 1115 1611 1131 1626; x_wconf 83' lang='grc'><em>’</em></span> <span class='ocrx_word' id='word_1_108' title='bbox 1179 1595 1324 1650; x_wconf 79' lang='grc' dir='ltr'><strong>καθὰ</strong></span> <span class='ocrx_word' id='word_1_109' title='bbox 1354 1597 1452 1649; x_wconf 75' lang='grc' dir='ltr'><strong>καὶ</strong></span> <span class='ocrx_word' id='word_1_110' title='bbox 1482 1594 1577 1648; x_wconf 90' lang='grc' dir='ltr'><strong>νῦν</strong></span> <span class='ocrx_word' id='word_1_111' title='bbox 1604 1593 1718 1646; x_wconf 85' lang='grc' dir='ltr'><strong>τῶν</strong></span> 
     </span>
    </p>
   </div>
   <div class='ocr_carea' id='block_1_18' title="bbox 171 1685 1720 1759">
    <p class='ocr_par' dir='ltr' id='par_1_18' title="bbox 171 1685 1720 1759">
     <span class='ocr_line' id='line_1_18' title="bbox 171 1685 1720 1759; baseline -0.002 -18"><span class='ocrx_word' id='word_1_112' title='bbox 171 1687 453 1741; x_wconf 75' lang='grc' dir='ltr'><strong>ἐντεθεισῶν</strong></span> <span class='ocrx_word' id='word_1_113' title='bbox 485 1687 639 1758; x_wconf 80' lang='grc' dir='ltr'><strong>αὐτῷ</strong></span> <span class='ocrx_word' id='word_1_114' title='bbox 673 1688 771 1743; x_wconf 70' lang='grc' dir='ltr'><strong>δύο</strong></span> <span class='ocrx_word' id='word_1_115' title='bbox 795 1688 1112 1759; x_wconf 83' lang='grc' dir='ltr'><strong>ἐνεργειῶν,</strong></span> <span class='ocrx_word' id='word_1_116' title='bbox 1143 1686 1242 1758; x_wconf 79' lang='grc' dir='ltr'><strong>τῆς</strong></span> <span class='ocrx_word' id='word_1_117' title='bbox 1268 1703 1327 1740; x_wconf 85' lang='grc' dir='ltr'><strong>τε</strong></span> <span class='ocrx_word' id='word_1_118' title='bbox 1366 1686 1507 1740; x_wconf 81' lang='grc' dir='ltr'><strong>κατὰ</strong></span> <span class='ocrx_word' id='word_1_119' title='bbox 1554 1685 1720 1755; x_wconf 78' lang='grc' dir='ltr'><strong>φύσιν</strong></span> 
     </span>
    </p>
   </div>
   <div class='ocr_carea' id='block_1_19' title="bbox 176 1776 1718 1848">
    <p class='ocr_par' dir='ltr' id='par_1_19' title="bbox 176 1776 1718 1848">
     <span class='ocr_line' id='line_1_19' title="bbox 176 1776 1718 1848; baseline -0.001 -16"><span class='ocrx_word' id='word_1_120' title='bbox 176 1780 411 1843; x_wconf 74' lang='grc' dir='ltr'><strong>κσῦσεως,</strong></span> <span class='ocrx_word' id='word_1_121' title='bbox 435 1780 532 1834; x_wconf 68' lang='grc' dir='ltr'><strong>καὶ</strong></span> <span class='ocrx_word' id='word_1_122' title='bbox 563 1780 660 1835; x_wconf 83' lang='grc' dir='ltr'><strong>τοῦ</strong></span> <span class='ocrx_word' id='word_1_123' title='bbox 702 1782 845 1834; x_wconf 81' lang='grc' dir='ltr'><strong>κατὰ</strong></span> <span class='ocrx_word' id='word_1_124' title='bbox 894 1779 1041 1834; x_wconf 86' lang='grc' dir='ltr'><strong>θεῖον</strong></span> <span class='ocrx_word' id='word_1_125' title='bbox 1086 1778 1366 1847; x_wconf 83' lang='grc' dir='ltr'><strong>κέλευσμα</strong></span> <span class='ocrx_word' id='word_1_126' title='bbox 1403 1776 1718 1848; x_wconf 75' lang='grc' dir='ltr'><strong>ὑπερφυοῦς</strong></span> 
     </span>
    </p>
   </div>
   <div class='ocr_carea' id='block_1_20' title="bbox 171 1871 1714 1943">
    <p class='ocr_par' dir='ltr' id='par_1_20' title="bbox 171 1871 1714 1943">
     <span class='ocr_line' id='line_1_20' title="bbox 171 1871 1714 1943; baseline -0.001 -19"><span class='ocrx_word' id='word_1_127' title='bbox 171 1871 454 1941; x_wconf 78' lang='grc' dir='ltr'><strong>δροσισμοῦ,</strong></span> <span class='ocrx_word' id='word_1_128' title='bbox 479 1872 579 1943; x_wconf 79' lang='grc' dir='ltr'><strong>τὴν</strong></span> <span class='ocrx_word' id='word_1_129' title='bbox 614 1873 713 1943; x_wconf 76' lang='grc' dir='ltr'><strong>μὲν</strong></span> <span class='ocrx_word' id='word_1_130' title='bbox 746 1871 890 1926; x_wconf 83' lang='grc' dir='ltr'><strong>κατὰ</strong></span> <span class='ocrx_word' id='word_1_131' title='bbox 907 1871 1016 1925; x_wconf 84' lang='grc' dir='ltr'><strong>τῶν</strong></span> <span class='ocrx_word' id='word_1_132' title='bbox 1044 1871 1331 1925; x_wconf 82' lang='grc' dir='ltr'><strong>Χαλδαίων</strong></span> <span class='ocrx_word' id='word_1_133' title='bbox 1352 1871 1714 1942; x_wconf 73' lang='grc' dir='ltr'><strong>ἐπαφῆκε,τῇ</strong></span> 
     </span>
    </p>
   </div>
   <div class='ocr_carea' id='block_1_21' title="bbox 172 1963 992 2028">
    <p class='ocr_par' dir='ltr' id='par_1_21' title="bbox 172 1963 992 2028">
     <span class='ocr_line' id='line_1_21' title="bbox 172 1963 992 2028; baseline 0.002 -10"><span class='ocrx_word' id='word_1_134' title='bbox 172 1968 213 2018; x_wconf 73' lang='grc' dir='ltr'><strong>δὲ</strong></span> <span class='ocrx_word' id='word_1_135' title='bbox 236 1964 349 2028; x_wconf 77' lang='grc' dir='ltr'><strong>τοὺς</strong></span> <span class='ocrx_word' id='word_1_136' title='bbox 378 1965 609 2027; x_wconf 79' lang='grc' dir='ltr'><strong>πιστοὺς</strong></span> <span class='ocrx_word' id='word_1_137' title='bbox 647 1963 992 2025; x_wconf 71' lang='grc' dir='ltr'><strong>ἐδεξιώσατο.</strong></span> 
     </span>
    </p>
   </div>
   <div class='ocr_carea' id='block_1_22' title="bbox 232 2053 1710 2129">
    <p class='ocr_par' dir='ltr' id='par_1_22' title="bbox 232 2053 1710 2129">
     <span class='ocr_line' id='line_1_22' title="bbox 232 2053 1710 2129; baseline -0.002 -18"><span class='ocrx_word' id='word_1_138' title='bbox 232 2053 297 2121; x_wconf 73' lang='grc' dir='ltr'><strong>ς’.</strong></span> <span class='ocrx_word' id='word_1_139' title='bbox 322 2058 424 2111; x_wconf 78' lang='grc' dir='ltr'><strong>Καὶ</strong></span> <span class='ocrx_word' id='word_1_140' title='bbox 446 2057 569 2110; x_wconf 75' lang='grc' dir='ltr'><strong>ἐστι</strong></span> <span class='ocrx_word' id='word_1_141' title='bbox 586 2057 693 2127; x_wconf 74' lang='grc' dir='ltr'><strong>μὲν</strong></span> <span class='ocrx_word' id='word_1_142' title='bbox 719 2059 814 2111; x_wconf 81' lang='grc' dir='ltr'><strong>καὶ</strong></span> <span class='ocrx_word' id='word_1_143' title='bbox 838 2056 1031 2112; x_wconf 80' lang='grc' dir='ltr'><strong>ἀλλοία</strong></span> <span class='ocrx_word' id='word_1_144' title='bbox 1055 2058 1219 2129; x_wconf 78' lang='grc' dir='ltr'><strong>καινὴ</strong></span> <span class='ocrx_word' id='word_1_145' title='bbox 1243 2057 1414 2128; x_wconf 86' lang='grc' dir='ltr'><strong>πυρὸς</strong></span> <span class='ocrx_word' id='word_1_146' title='bbox 1436 2055 1710 2128; x_wconf 86' lang='grc' dir='ltr'><strong>ἐνέργεια,</strong></span> 
     </span>
    </p>
   </div>
   <div class='ocr_carea' id='block_1_23' title="bbox 172 2147 1713 2222">
    <p class='ocr_par' dir='ltr' id='par_1_23' title="bbox 172 2147 1713 2222">
     <span class='ocr_line' id='line_1_23' title="bbox 172 2147 1713 2222; baseline 0.001 -22"><span class='ocrx_word' id='word_1_147' title='bbox 172 2147 327 2202; x_wconf 66' lang='grc' dir='ltr'><strong>θεόθεν</strong></span> <span class='ocrx_word' id='word_1_148' title='bbox 367 2150 777 2219; x_wconf 77' lang='grc' dir='ltr'><strong>ἐπιταχθέντος,</strong></span> <span class='ocrx_word' id='word_1_149' title='bbox 826 2149 1008 2204; x_wconf 77' lang='grc' dir='ltr'><strong>καίειν</strong></span> <span class='ocrx_word' id='word_1_150' title='bbox 1046 2151 1148 2220; x_wconf 67' lang='grc' dir='ltr'><strong>μὲν</strong></span> <span class='ocrx_word' id='word_1_151' title='bbox 1201 2150 1402 2222; x_wconf 78' lang='grc' dir='ltr'><strong>δηλαδὴ</strong></span> <span class='ocrx_word' id='word_1_152' title='bbox 1438 2149 1713 2221; x_wconf 80' lang='grc' dir='ltr'><strong>σφοδρῶς,</strong></span> 
     </span>
    </p>
   </div>
   <div class='ocr_carea' id='block_1_24' title="bbox 172 2238 1716 2315">
    <p class='ocr_par' dir='ltr' id='par_1_24' title="bbox 172 2238 1716 2315">
     <span class='ocr_line' id='line_1_24' title="bbox 172 2238 1716 2315; baseline 0.001 -23"><span class='ocrx_word' id='word_1_153' title='bbox 172 2239 222 2292; x_wconf 84' lang='grc' dir='ltr'><strong>οῦ</strong></span> <span class='ocrx_word' id='word_1_154' title='bbox 245 2240 556 2295; x_wconf 71' lang='grc' dir='ltr'><strong>κατακαίειν</strong></span> <span class='ocrx_word' id='word_1_155' title='bbox 578 2240 661 2305; x_wconf 76' lang='grc' dir='ltr'><strong>δέ,</strong></span> <span class='ocrx_word' id='word_1_156' title='bbox 710 2240 739 2295; x_wconf 82' lang='grc' dir='ltr'>ὃ</span> <span class='ocrx_word' id='word_1_157' title='bbox 785 2241 881 2295; x_wconf 74' lang='grc' dir='ltr'><strong>καὶ</strong></span> <span class='ocrx_word' id='word_1_158' title='bbox 908 2242 990 2304; x_wconf 84' lang='grc' dir='ltr'><strong>είς</strong></span> <span class='ocrx_word' id='word_1_159' title='bbox 1041 2242 1275 2312; x_wconf 88' lang='grc' dir='ltr'><strong>χωνείαν</strong></span> <span class='ocrx_word' id='word_1_160' title='bbox 1312 2238 1611 2315; x_wconf 83' lang='grc' dir='ltr'><strong>θεωροῦσιν</strong></span> <span class='ocrx_word' id='word_1_161' title='bbox 1664 2242 1716 2294; x_wconf 83' lang='lat' dir='ltr'><strong>oi.</strong></span> 
     </span>
    </p>
   </div>
   <div class='ocr_carea' id='block_1_25' title="bbox 174 2330 1713 2405">
    <p class='ocr_par' dir='ltr' id='par_1_25' title="bbox 174 2330 1713 2405">
     <span class='ocr_line' id='line_1_25' title="bbox 174 2330 1713 2405; baseline 0.003 -23"><span class='ocrx_word' id='word_1_162' title='bbox 174 2330 261 2383; x_wconf 80' lang='grc' dir='ltr'><strong>τῶν</strong></span> <span class='ocrx_word' id='word_1_163' title='bbox 294 2331 446 2385; x_wconf 85' lang='grc' dir='ltr'><strong>θείων</strong></span> <span class='ocrx_word' id='word_1_164' title='bbox 482 2333 804 2400; x_wconf 75' lang='grc' dir='ltr'><strong>ἐξετασταὶ,</strong></span> <span class='ocrx_word' id='word_1_165' title='bbox 832 2331 1206 2388; x_wconf 74' lang='grc' dir='ltr'><strong>χαλλύνουσαν</strong></span> <span class='ocrx_word' id='word_1_166' title='bbox 1238 2334 1324 2399; x_wconf 20' lang='grc' dir='ltr'><strong>,ὡς</strong></span> <span class='ocrx_word' id='word_1_167' title='bbox 1354 2335 1435 2398; x_wconf 83' lang='grc' dir='ltr'><strong>εις</strong></span> <span class='ocrx_word' id='word_1_168' title='bbox 1474 2333 1713 2405; x_wconf 86' lang='grc' dir='ltr'><strong>χρυσέαν</strong></span> 
     </span>
    </p>
   </div>
   <div class='ocr_carea' id='block_1_26' title="bbox 173 2420 1714 2496">
    <p class='ocr_par' dir='ltr' id='par_1_26' title="bbox 173 2420 1714 2496">
     <span class='ocr_line' id='line_1_26' title="bbox 173 2420 1714 2496; baseline 0.001 -22"><span class='ocrx_word' id='word_1_169' title='bbox 173 2421 345 2492; x_wconf 73' lang='grc' dir='ltr'><strong>λάμψιν</strong></span> <span class='ocrx_word' id='word_1_170' title='bbox 370 2425 497 2486; x_wconf 64' lang='grc' dir='ltr'><strong>τοὺς</strong></span> <span class='ocrx_word' id='word_1_171' title='bbox 527 2423 675 2477; x_wconf 78' lang='grc' dir='ltr'><strong>ἔνδον</strong></span> <span class='ocrx_word' id='word_1_172' title='bbox 694 2420 790 2479; x_wconf 84' lang='grc' dir='ltr'><strong>τοῦ</strong></span> <span class='ocrx_word' id='word_1_173' title='bbox 814 2424 1059 2480; x_wconf 82' lang='grc' dir='ltr'><strong>τοιούτου</strong></span> <span class='ocrx_word' id='word_1_174' title='bbox 1090 2425 1282 2494; x_wconf 84' lang='grc' dir='ltr'><strong>πυρός.</strong></span> <span class='ocrx_word' id='word_1_175' title='bbox 1319 2423 1459 2480; x_wconf 83' lang='grc' dir='ltr'><strong>Ἀλλ’</strong></span> <span class='ocrx_word' id='word_1_176' title='bbox 1480 2423 1590 2494; x_wconf 86' lang='grc' dir='ltr'><strong>ἐγὼ</strong></span> <span class='ocrx_word' id='word_1_177' title='bbox 1615 2423 1714 2496; x_wconf 77' lang='grc' dir='ltr'><strong>τὴν</strong></span> 
     </span>
    </p>
   </div>
   <div class='ocr_carea' id='block_1_27' title="bbox 170 2514 1711 2588">
    <p class='ocr_par' dir='ltr' id='par_1_27' title="bbox 170 2514 1711 2588">
     <span class='ocr_line' id='line_1_27' title="bbox 170 2514 1711 2588; baseline 0 -20"><span class='ocrx_word' id='word_1_178' title='bbox 170 2517 432 2587; x_wconf 78' lang='grc' dir='ltr'><strong>χρυσοχόον</strong></span> <span class='ocrx_word' id='word_1_179' title='bbox 457 2517 668 2588; x_wconf 83' lang='grc' dir='ltr'><strong>ταύτην</strong></span> <span class='ocrx_word' id='word_1_180' title='bbox 699 2518 896 2574; x_wconf 80' lang='grc' dir='ltr'><strong>καῦσιν</strong></span> <span class='ocrx_word' id='word_1_181' title='bbox 949 2518 1012 2573; x_wconf 85' lang='grc' dir='ltr'><strong>οὐ</strong></span> <span class='ocrx_word' id='word_1_182' title='bbox 1055 2517 1433 2588; x_wconf 76' lang='grc' dir='ltr'><strong>καταφάσκειν</strong></span> <span class='ocrx_word' id='word_1_183' title='bbox 1460 2516 1571 2586; x_wconf 78' lang='grc' dir='ltr'><strong>ἔχω</strong></span> <span class='ocrx_word' id='word_1_184' title='bbox 1615 2514 1711 2570; x_wconf 88' lang='grc' dir='ltr'><strong>τοῦ</strong></span> 
     </span>
    </p>
   </div>
   <div class='ocr_carea' id='block_1_28' title="bbox 169 2607 1714 2685">
    <p class='ocr_par' dir='ltr' id='par_1_28' title="bbox 169 2607 1714 2685">
     <span class='ocr_line' id='line_1_28' title="bbox 169 2607 1714 2685; baseline -0.003 -20"><span class='ocrx_word' id='word_1_185' title='bbox 169 2609 465 2665; x_wconf 76' lang='grc' dir='ltr'><strong>Χαλδαῖκοῦο</strong></span> <span class='ocrx_word' id='word_1_186' title='bbox 490 2607 612 2666; x_wconf 76' lang='grc' dir='ltr'><strong>οῖδα</strong></span> <span class='ocrx_word' id='word_1_187' title='bbox 631 2613 743 2683; x_wconf 81' lang='grc' dir='ltr'><strong>γὰρ</strong></span> <span class='ocrx_word' id='word_1_188' title='bbox 766 2612 1208 2685; x_wconf 77' lang='grc' dir='ltr'><strong>παραδεδομένον</strong></span> <span class='ocrx_word' id='word_1_189' title='bbox 1236 2612 1295 2684; x_wconf 86' lang='grc' dir='ltr'><strong>τὺ</strong></span> <span class='ocrx_word' id='word_1_190' title='bbox 1327 2612 1505 2678; x_wconf 80' lang='grc' dir='ltr'><strong>πάντη</strong></span> <span class='ocrx_word' id='word_1_191' title='bbox 1530 2607 1714 2663; x_wconf 79' lang='grc' dir='ltr'><strong>καινό-</strong></span> 
     </span>
    </p>
   </div>
   <div class='ocr_carea' id='block_1_29' title="bbox 170 2693 1711 2775">
    <p class='ocr_par' dir='ltr' id='par_1_29' title="bbox 170 2693 1711 2775">
     <span class='ocr_line' id='line_1_29' title="bbox 170 2693 1711 2775; baseline 0 -20"><span class='ocrx_word' id='word_1_192' title='bbox 170 2718 323 2766; x_wconf 81' lang='grc' dir='ltr'><strong>τατον,</strong></span> <span class='ocrx_word' id='word_1_193' title='bbox 351 2701 451 2773; x_wconf 71' lang='grc' dir='ltr'><strong>τὴν</strong></span> <span class='ocrx_word' id='word_1_194' title='bbox 478 2704 757 2775; x_wconf 72' lang='grc' dir='ltr'><strong>ἀπραξίαν</strong></span> <span class='ocrx_word' id='word_1_195' title='bbox 786 2703 948 2758; x_wconf 80' lang='grc' dir='ltr'><strong>αὐτοῦ</strong></span> <span class='ocrx_word' id='word_1_196' title='bbox 999 2704 1096 2757; x_wconf 78' lang='grc' dir='ltr'><strong>καὶ</strong></span> <span class='ocrx_word' id='word_1_197' title='bbox 1151 2701 1377 2772; x_wconf 83' lang='grc' dir='ltr'><strong>ἀργίαν,</strong></span> <span class='ocrx_word' id='word_1_198' title='bbox 1407 2701 1477 2753; x_wconf 84' lang='grc' dir='ltr'><strong>δι’</strong></span> <span class='ocrx_word' id='word_1_199' title='bbox 1527 2693 1596 2772; x_wconf 86' lang='grc' dir='ltr'><strong>ἦς</strong></span> <span class='ocrx_word' id='word_1_200' title='bbox 1632 2697 1711 2769; x_wconf 80' lang='grc' dir='ltr'><strong>μὴ</strong></span> 
     </span>
    </p>
   </div>
   <div class='ocr_carea' id='block_1_30' title="bbox 171 2789 1711 2865">
    <p class='ocr_par' dir='ltr' id='par_1_30' title="bbox 171 2789 1711 2865">
     <span class='ocr_line' id='line_1_30' title="bbox 171 2789 1711 2865; baseline -0.001 -19"><span class='ocrx_word' id='word_1_201' title='bbox 171 2794 237 2846; x_wconf 80' lang='grc' dir='ltr'><strong>ὅτι</strong></span> <span class='ocrx_word' id='word_1_202' title='bbox 265 2811 322 2862; x_wconf 87' lang='grc' dir='ltr'><strong>γε</strong></span> <span class='ocrx_word' id='word_1_203' title='bbox 352 2795 615 2865; x_wconf 83' lang='grc' dir='ltr'><strong>χωνεύειν</strong></span> <span class='ocrx_word' id='word_1_204' title='bbox 643 2797 774 2861; x_wconf 75' lang='grc' dir='ltr'><strong>τοὺς</strong></span> <span class='ocrx_word' id='word_1_205' title='bbox 804 2797 863 2850; x_wconf 88' lang='grc' dir='ltr'><strong>ἐν</strong></span> <span class='ocrx_word' id='word_1_206' title='bbox 886 2794 1035 2864; x_wconf 84' lang='grc' dir='ltr'><strong>αὐτῷ</strong></span> <span class='ocrx_word' id='word_1_207' title='bbox 1060 2792 1335 2862; x_wconf 74' lang='grc' dir='ltr'><strong>θεοφιλεῖς</strong></span> <span class='ocrx_word' id='word_1_208' title='bbox 1361 2791 1576 2855; x_wconf 82' lang='grc' dir='ltr'><strong>παῖδας.</strong></span> <span class='ocrx_word' id='word_1_209' title='bbox 1595 2789 1711 2845; x_wconf 76' lang='grc' dir='ltr'><strong>ἀλλ’</strong></span> 
     </span>
    </p>
   </div>
   <div class='ocr_carea' id='block_1_31' title="bbox 176 2884 1711 2958">
    <p class='ocr_par' dir='ltr' id='par_1_31' title="bbox 176 2884 1711 2958">
     <span class='ocr_line' id='line_1_31' title="bbox 176 2884 1711 2958; baseline 0 -20"><span class='ocrx_word' id='word_1_210' title='bbox 176 2884 273 2938; x_wconf 70' lang='grc' dir='ltr'><strong>οὐδὲ</strong></span> <span class='ocrx_word' id='word_1_211' title='bbox 300 2886 717 2958; x_wconf 82' lang='grc' dir='ltr'><strong>ὕποθερμαίνειν</strong></span> <span class='ocrx_word' id='word_1_212' title='bbox 736 2886 1033 2957; x_wconf 70' lang='grc' dir='ltr'><strong>ἠπίστατο,</strong></span> <span class='ocrx_word' id='word_1_213' title='bbox 1081 2885 1511 2956; x_wconf 80' lang='grc' dir='ltr'><strong>διατεθειμένον,</strong></span> <span class='ocrx_word' id='word_1_214' title='bbox 1555 2885 1629 2949; x_wconf 79' lang='grc' dir='ltr'><strong>ὼς</strong></span> <span class='ocrx_word' id='word_1_215' title='bbox 1662 2885 1711 2938; x_wconf 85' lang='grc' dir='ltr'><strong>εί</strong></span> 
     </span>
    </p>
   </div>
   <div class='ocr_carea' id='block_1_32' title="bbox 178 2976 1711 3052">
    <p class='ocr_par' dir='ltr' id='par_1_32' title="bbox 178 2976 1711 3052">
     <span class='ocr_line' id='line_1_32' title="bbox 178 2976 1711 3052; baseline 0.004 -23"><span class='ocrx_word' id='word_1_216' title='bbox 178 2979 253 3030; x_wconf 75' lang='grc' dir='ltr'><strong>καὶ</strong></span> <span class='ocrx_word' id='word_1_217' title='bbox 273 2978 451 3048; x_wconf 78' lang='grc' dir='ltr'><strong>δρόσος</strong></span> <span class='ocrx_word' id='word_1_218' title='bbox 474 2981 673 3045; x_wconf 74' lang='grc' dir='ltr'><strong>αὐτοὺς</strong></span> <span class='ocrx_word' id='word_1_219' title='bbox 716 2981 1046 3052; x_wconf 80' lang='grc' dir='ltr'><strong>περικέχυτο</strong></span> <span class='ocrx_word' id='word_1_220' title='bbox 1074 3019 1089 3037; x_wconf 88' lang='grc'><strong>.</strong></span> <span class='ocrx_word' id='word_1_221' title='bbox 1125 2976 1239 3034; x_wconf 82' lang='grc' dir='ltr'><strong>Ἦν</strong></span> <span class='ocrx_word' id='word_1_222' title='bbox 1284 2980 1342 3033; x_wconf 69' lang='grc' dir='ltr'><strong>δε</strong></span> <span class='ocrx_word' id='word_1_223' title='bbox 1391 2980 1622 3045; x_wconf 86' lang='grc' dir='ltr'><strong>ἐκείνοις</strong></span> <span class='ocrx_word' id='word_1_224' title='bbox 1650 2980 1711 3035; x_wconf 81' lang='grc' dir='ltr'><strong>τὸ</strong></span> 
     </span>
    </p>
   </div>
   <div class='ocr_carea' id='block_1_33' title="bbox 180 3069 1711 3145">
    <p class='ocr_par' dir='ltr' id='par_1_33' title="bbox 180 3069 1711 3145">
     <span class='ocr_line' id='line_1_33' title="bbox 180 3069 1711 3145; baseline 0.001 -21"><span class='ocrx_word' id='word_1_225' title='bbox 180 3069 296 3138; x_wconf 76' lang='grc' dir='ltr'><strong>μέγα</strong></span> <span class='ocrx_word' id='word_1_226' title='bbox 314 3071 423 3141; x_wconf 85' lang='grc' dir='ltr'><strong>πῦρ</strong></span> <span class='ocrx_word' id='word_1_227' title='bbox 447 3073 625 3127; x_wconf 75' lang='grc' dir='ltr'><strong>ἐκεῖνο</strong></span> <span class='ocrx_word' id='word_1_228' title='bbox 663 3074 756 3127; x_wconf 74' lang='grc' dir='ltr'><strong>καὶ</strong></span> <span class='ocrx_word' id='word_1_229' title='bbox 783 3073 1040 3145; x_wconf 81' lang='grc' dir='ltr'><strong>καθάπερ</strong></span> <span class='ocrx_word' id='word_1_230' title='bbox 1068 3075 1119 3127; x_wconf 88' lang='grc' dir='ltr'><strong>εί</strong></span> <span class='ocrx_word' id='word_1_231' title='bbox 1169 3073 1285 3143; x_wconf 80' lang='grc' dir='ltr'><strong>φῶς</strong></span> <span class='ocrx_word' id='word_1_232' title='bbox 1316 3073 1579 3144; x_wconf 79' lang='grc' dir='ltr'><strong>ἀμυδρὸν,</strong></span> <span class='ocrx_word' id='word_1_233' title='bbox 1613 3091 1711 3144; x_wconf 69' lang='grc' dir='ltr'><strong>μεμ-</strong></span> 
     </span>
    </p>
   </div>
   <div class='ocr_carea' id='block_1_34' title="bbox 1822 577 3393 635">
    <p class='ocr_par' dir='ltr' id='par_1_34' title="bbox 1822 577 3393 635">
     <span class='ocr_line' id='line_1_34' title="bbox 1822 577 3393 635; baseline -0.004 -2"><span class='ocrx_word' id='word_1_234' title='bbox 1822 577 2016 633; x_wconf 86' lang='lat' dir='ltr'><strong>cedere</strong></span> <span class='ocrx_word' id='word_1_235' title='bbox 2059 588 2119 633; x_wconf 89' lang='lat' dir='ltr'><strong>ut</strong></span> <span class='ocrx_word' id='word_1_236' title='bbox 2147 579 2423 634; x_wconf 84' lang='lat' dir='ltr'><strong>contraria</strong></span> <span class='ocrx_word' id='word_1_237' title='bbox 2450 578 2914 633; x_wconf 75' lang='lat' dir='ltr'><strong>commisceantur</strong></span> <span class='ocrx_word' id='word_1_238' title='bbox 2953 577 3393 635; x_wconf 75' lang='lat' dir='ltr'><strong>conveniantque</strong></span> 
     </span>
    </p>
   </div>
   <div class='ocr_carea' id='block_1_35' title="bbox 1821 662 3392 737">
    <p class='ocr_par' dir='ltr' id='par_1_35' title="bbox 1821 662 3392 737">
     <span class='ocr_line' id='line_1_35' title="bbox 1821 662 3392 737; baseline -0.004 -15"><span class='ocrx_word' id='word_1_239' title='bbox 1821 678 1876 723; x_wconf 86' lang='lat' dir='ltr'><strong>ct</strong></span> <span class='ocrx_word' id='word_1_240' title='bbox 1915 683 2048 727; x_wconf 83' lang='lat' dir='ltr'><strong>suas</strong></span> <span class='ocrx_word' id='word_1_241' title='bbox 2080 670 2316 724; x_wconf 69' lang='lat' dir='ltr'><strong>vicissim</strong></span> <span class='ocrx_word' id='word_1_242' title='bbox 2342 677 2680 723; x_wconf 69' lang='lat' dir='ltr'><strong>commutent</strong></span> <span class='ocrx_word' id='word_1_243' title='bbox 2710 667 3092 737; x_wconf 71' lang='lat' dir='ltr'><strong>proprietates,</strong></span> <span class='ocrx_word' id='word_1_244' title='bbox 3124 675 3286 732; x_wconf 82' lang='lat' dir='ltr'><strong>atque</strong></span> <span class='ocrx_word' id='word_1_245' title='bbox 3319 662 3392 716; x_wconf 74' lang='lat' dir='ltr'><strong>ita</strong></span> 
     </span>
    </p>
   </div>
   <div class='ocr_carea' id='block_1_36' title="bbox 1822 759 3394 837">
    <p class='ocr_par' dir='ltr' id='par_1_36' title="bbox 1822 759 3394 837">
     <span class='ocr_line' id='line_1_36' title="bbox 1822 759 3394 837; baseline -0.002 -24"><span class='ocrx_word' id='word_1_246' title='bbox 1822 759 2061 814; x_wconf 76' lang='lat' dir='ltr'><strong>doceant</strong></span> <span class='ocrx_word' id='word_1_247' title='bbox 2103 760 2367 829; x_wconf 88' lang='lat' dir='ltr'><strong>optimam</strong></span> <span class='ocrx_word' id='word_1_248' title='bbox 2415 775 2539 815; x_wconf 83' lang='lat' dir='ltr'><strong>esse</strong></span> <span class='ocrx_word' id='word_1_249' title='bbox 2575 759 2925 837; x_wconf 80' lang='lat' dir='ltr'><strong>concordiam</strong></span> <span class='ocrx_word' id='word_1_250' title='bbox 2967 771 3394 829; x_wconf 82' lang='lat' dir='ltr'><strong>germanamque</strong></span> 
     </span>
    </p>
   </div>
   <div class='ocr_carea' id='block_1_37' title="bbox 1823 852 2659 924">
    <p class='ocr_par' dir='ltr' id='par_1_37' title="bbox 1823 852 2659 924">
     <span class='ocr_line' id='line_1_37' title="bbox 1823 852 2659 924; baseline 0 -17"><span class='ocrx_word' id='word_1_251' title='bbox 1823 852 1990 924; x_wconf 81' lang='lat' dir='ltr'><strong>hujus</strong></span> <span class='ocrx_word' id='word_1_252' title='bbox 2015 862 2259 909; x_wconf 86' lang='lat' dir='ltr'><strong>mutuam</strong></span> <span class='ocrx_word' id='word_1_253' title='bbox 2307 853 2604 923; x_wconf 76' lang='lat' dir='ltr'><strong>amicitiam</strong></span> <span class='ocrx_word' id='word_1_254' title='bbox 2635 853 2659 907; x_wconf 72' lang='grc' dir='ltr'><strong>ί</strong></span> 
     </span>
    </p>
   </div>
   <div class='ocr_carea' id='block_1_38' title="bbox 1891 1125 3392 1197">
    <p class='ocr_par' dir='ltr' id='par_1_38' title="bbox 1891 1125 3392 1197">
     <span class='ocr_line' id='line_1_38' title="bbox 1891 1125 3392 1197; baseline 0.002 -17"><span class='ocrx_word' id='word_1_255' title='bbox 1891 1127 1947 1181; x_wconf 79' lang='lat'><strong>5.</strong></span> <span class='ocrx_word' id='word_1_256' title='bbox 1972 1125 2050 1181; x_wconf 82' lang='lat' dir='ltr'><strong>Ad</strong></span> <span class='ocrx_word' id='word_1_257' title='bbox 2081 1126 2186 1181; x_wconf 86' lang='lat' dir='ltr'><strong>hoc</strong></span> <span class='ocrx_word' id='word_1_258' title='bbox 2221 1126 2384 1197; x_wconf 80' lang='lat' dir='ltr'><strong>igitur</strong></span> <span class='ocrx_word' id='word_1_259' title='bbox 2415 1128 2572 1184; x_wconf 90' lang='lat' dir='ltr'><strong>tertia</strong></span> <span class='ocrx_word' id='word_1_260' title='bbox 2607 1126 2893 1183; x_wconf 74' lang='lat' dir='ltr'><strong>reducitur</strong></span> <span class='ocrx_word' id='word_1_261' title='bbox 2941 1127 3169 1194; x_wconf 87' lang='lat' dir='ltr'><strong>solutio,</strong></span> <span class='ocrx_word' id='word_1_262' title='bbox 3195 1139 3255 1185; x_wconf 88' lang='lat' dir='ltr'><strong>ut</strong></span> <span class='ocrx_word' id='word_1_263' title='bbox 3287 1146 3392 1184; x_wconf 91' lang='lat' dir='ltr'><strong>non</strong></span> 
     </span>
    </p>
   </div>
   <div class='ocr_carea' id='block_1_39' title="bbox 1820 1214 3396 1285">
    <p class='ocr_par' dir='ltr' id='par_1_39' title="bbox 1820 1214 3396 1285">
     <span class='ocr_line' id='line_1_39' title="bbox 1820 1214 3396 1285; baseline 0.007 -20"><span class='ocrx_word' id='word_1_264' title='bbox 1820 1214 2078 1271; x_wconf 76' lang='lat' dir='ltr'><strong>virtutem</strong></span> <span class='ocrx_word' id='word_1_265' title='bbox 2106 1216 2465 1272; x_wconf 79' lang='lat' dir='ltr'><strong>determinate</strong></span> <span class='ocrx_word' id='word_1_266' title='bbox 2505 1218 2645 1272; x_wconf 84' lang='lat' dir='ltr'><strong>hanc</strong></span> <span class='ocrx_word' id='word_1_267' title='bbox 2677 1219 2766 1277; x_wconf 82' lang='lat' dir='ltr'><strong>vel</strong></span> <span class='ocrx_word' id='word_1_268' title='bbox 2828 1220 2995 1285; x_wconf 86' lang='lat' dir='ltr'><strong>illam,</strong></span> <span class='ocrx_word' id='word_1_269' title='bbox 3035 1221 3129 1276; x_wconf 89' lang='lat' dir='ltr'><strong>sed</strong></span> <span class='ocrx_word' id='word_1_270' title='bbox 3171 1232 3396 1276; x_wconf 72' lang='lat' dir='ltr'><strong>cunctus</strong></span> 
     </span>
    </p>
   </div>
   <div class='ocr_carea' id='block_1_40' title="bbox 1820 1308 3392 1378">
    <p class='ocr_par' dir='ltr' id='par_1_40' title="bbox 1820 1308 3392 1378">
     <span class='ocr_line' id='line_1_40' title="bbox 1820 1308 3392 1378; baseline 0.003 -16"><span class='ocrx_word' id='word_1_271' title='bbox 1820 1308 2071 1364; x_wconf 82' lang='lat' dir='ltr'><strong>absolute</strong></span> <span class='ocrx_word' id='word_1_272' title='bbox 2102 1309 2269 1373; x_wconf 76' lang='lat' dir='ltr'><strong>vires,</strong></span> <span class='ocrx_word' id='word_1_273' title='bbox 2311 1325 2449 1378; x_wconf 86' lang='lat' dir='ltr'><strong>quas</strong></span> <span class='ocrx_word' id='word_1_274' title='bbox 2499 1322 2612 1364; x_wconf 89' lang='lat' dir='ltr'><strong>tum</strong></span> <span class='ocrx_word' id='word_1_275' title='bbox 2672 1312 2884 1366; x_wconf 71' lang='lat' dir='ltr'><strong>caeteris</strong></span> <span class='ocrx_word' id='word_1_276' title='bbox 2934 1312 3218 1369; x_wconf 86' lang='lat' dir='ltr'><strong>elementis</strong></span> <span class='ocrx_word' id='word_1_277' title='bbox 3280 1324 3392 1367; x_wconf 90' lang='lat' dir='ltr'><strong>tum</strong></span> 
     </span>
    </p>
   </div>
   <div class='ocr_carea' id='block_1_41' title="bbox 1823 1402 3394 1476">
    <p class='ocr_par' dir='ltr' id='par_1_41' title="bbox 1823 1402 3394 1476">
     <span class='ocr_line' id='line_1_41' title="bbox 1823 1402 3394 1476; baseline 0.001 -18"><span class='ocrx_word' id='word_1_278' title='bbox 1823 1404 1930 1474; x_wconf 87' lang='lat' dir='ltr'><strong>igni</strong></span> <span class='ocrx_word' id='word_1_279' title='bbox 1951 1402 2202 1473; x_wconf 83' lang='lat' dir='ltr'><strong>largitur,</strong></span> <span class='ocrx_word' id='word_1_280' title='bbox 2235 1405 2569 1459; x_wconf 78' lang='lat' dir='ltr'><strong>transmittat</strong></span> <span class='ocrx_word' id='word_1_281' title='bbox 2590 1403 2732 1459; x_wconf 83' lang='lat' dir='ltr'><strong>Deus</strong></span> <span class='ocrx_word' id='word_1_282' title='bbox 2752 1420 2816 1459; x_wconf 89' lang='lat' dir='ltr'><strong>ac</strong></span> <span class='ocrx_word' id='word_1_283' title='bbox 2856 1405 3144 1474; x_wconf 83' lang='lat' dir='ltr'><strong>dispertiat</strong></span> <span class='ocrx_word' id='word_1_284' title='bbox 3168 1406 3394 1476; x_wconf 88' lang='lat' dir='ltr'><strong>quibus-</strong></span> 
     </span>
    </p>
   </div>
   <div class='ocr_carea' id='block_1_42' title="bbox 1820 1486 3390 1568">
    <p class='ocr_par' dir='ltr' id='par_1_42' title="bbox 1820 1486 3390 1568">
     <span class='ocr_line' id='line_1_42' title="bbox 1820 1486 3390 1568; baseline 0.002 -18"><span class='ocrx_word' id='word_1_285' title='bbox 1820 1510 2051 1563; x_wconf 70' lang='lat' dir='ltr'><strong>cunque,</strong></span> <span class='ocrx_word' id='word_1_286' title='bbox 2072 1486 2327 1560; x_wconf 73' lang='lat' dir='ltr'><strong>voluerit,</strong></span> <span class='ocrx_word' id='word_1_287' title='bbox 2349 1495 2441 1549; x_wconf 90' lang='lat' dir='ltr'><strong>ubi</strong></span> <span class='ocrx_word' id='word_1_288' title='bbox 2467 1510 2603 1566; x_wconf 88' lang='lat' dir='ltr'><strong>opus</strong></span> <span class='ocrx_word' id='word_1_289' title='bbox 2638 1506 2745 1560; x_wconf 89' lang='lat' dir='ltr'><strong>est,</strong></span> <span class='ocrx_word' id='word_1_290' title='bbox 2780 1505 2951 1566; x_wconf 88' lang='lat' dir='ltr'><strong>utque</strong></span> <span class='ocrx_word' id='word_1_291' title='bbox 2990 1498 3107 1568; x_wconf 88' lang='lat' dir='ltr'><strong>ipse</strong></span> <span class='ocrx_word' id='word_1_292' title='bbox 3140 1500 3390 1554; x_wconf 81' lang='lat' dir='ltr'><strong>ordinat:</strong></span> 
     </span>
    </p>
   </div>
   <div class='ocr_carea' id='block_1_43' title="bbox 1792 1587 3393 1666">
    <p class='ocr_par' dir='ltr' id='par_1_43' title="bbox 1792 1587 3393 1666">
     <span class='ocr_line' id='line_1_43' title="bbox 1792 1587 3393 1666; baseline 0.001 -25"><span class='ocrx_word' id='word_1_293' title='bbox 1792 1587 1967 1648; x_wconf 77' lang='lat' dir='ltr'><strong>sicut</strong></span> <span class='ocrx_word' id='word_1_294' title='bbox 2030 1600 2177 1640; x_wconf 91' lang='lat' dir='ltr'><strong>nunc</strong></span> <span class='ocrx_word' id='word_1_295' title='bbox 2206 1601 2237 1640; x_wconf 91' lang='lat' dir='ltr'><strong>e</strong></span> <span class='ocrx_word' id='word_1_296' title='bbox 2270 1587 2483 1641; x_wconf 88' lang='lat' dir='ltr'><strong>duabus</strong></span> <span class='ocrx_word' id='word_1_297' title='bbox 2530 1589 2636 1666; x_wconf 79' lang='lat' dir='ltr'><strong>igni</strong></span> <span class='ocrx_word' id='word_1_298' title='bbox 2696 1588 2876 1644; x_wconf 87' lang='lat' dir='ltr'><strong>insitis</strong></span> <span class='ocrx_word' id='word_1_299' title='bbox 2922 1588 3153 1655; x_wconf 87' lang='lat' dir='ltr'><strong>viribus,</strong></span> <span class='ocrx_word' id='word_1_300' title='bbox 3201 1605 3393 1657; x_wconf 77' lang='lat' dir='ltr'><strong>nempe</strong></span> 
     </span>
    </p>
   </div>
   <div class='ocr_carea' id='block_1_44' title="bbox 1819 1673 3391 1754">
    <p class='ocr_par' dir='ltr' id='par_1_44' title="bbox 1819 1673 3391 1754">
     <span class='ocr_line' id='line_1_44' title="bbox 1819 1673 3391 1754; baseline 0.001 -17"><span class='ocrx_word' id='word_1_301' title='bbox 1819 1680 2144 1737; x_wconf 86' lang='lat' dir='ltr'><strong>naturaliter</strong></span> <span class='ocrx_word' id='word_1_302' title='bbox 2173 1673 2551 1748; x_wconf 85' lang='lat' dir='ltr'><strong>comburendi,</strong></span> <span class='ocrx_word' id='word_1_303' title='bbox 2603 1691 2657 1737; x_wconf 89' lang='lat' dir='ltr'><strong>et</strong></span> <span class='ocrx_word' id='word_1_304' title='bbox 2702 1684 3189 1754; x_wconf 87' lang='lat' dir='ltr'><strong>supernaturaliter</strong></span> <span class='ocrx_word' id='word_1_305' title='bbox 3246 1684 3391 1738; x_wconf 82' lang='lat' dir='ltr'><strong>divi-</strong></span> 
     </span>
    </p>
   </div>
   <div class='ocr_carea' id='block_1_45' title="bbox 1821 1774 3391 1846">
    <p class='ocr_par' dir='ltr' id='par_1_45' title="bbox 1821 1774 3391 1846">
     <span class='ocr_line' id='line_1_45' title="bbox 1821 1774 3391 1846; baseline 0.003 -18"><span class='ocrx_word' id='word_1_306' title='bbox 1821 1774 2080 1844; x_wconf 88' lang='lat' dir='ltr'><strong>nitusque</strong></span> <span class='ocrx_word' id='word_1_307' title='bbox 2121 1774 2501 1844; x_wconf 71' lang='lat' dir='ltr'><strong>refrigerandi,</strong></span> <span class='ocrx_word' id='word_1_308' title='bbox 2560 1791 2723 1830; x_wconf 81' lang='lat' dir='ltr'><strong>unam</strong></span> <span class='ocrx_word' id='word_1_309' title='bbox 2771 1778 2992 1846; x_wconf 83' lang='lat' dir='ltr'><strong>quidem</strong></span> <span class='ocrx_word' id='word_1_310' title='bbox 3026 1778 3078 1832; x_wconf 84' lang='lat' dir='ltr'><strong>in</strong></span> <span class='ocrx_word' id='word_1_311' title='bbox 3105 1777 3391 1834; x_wconf 70' lang='lat' dir='ltr'><strong>Chaldaeos</strong></span> 
     </span>
    </p>
   </div>
   <div class='ocr_carea' id='block_1_46' title="bbox 1820 1868 2962 1932">
    <p class='ocr_par' dir='ltr' id='par_1_46' title="bbox 1820 1868 2962 1932">
     <span class='ocr_line' id='line_1_46' title="bbox 1820 1868 2962 1932; baseline 0.001 -8"><span class='ocrx_word' id='word_1_312' title='bbox 1820 1869 2112 1932; x_wconf 81' lang='lat' dir='ltr'><strong>convertit,</strong></span> <span class='ocrx_word' id='word_1_313' title='bbox 2143 1868 2312 1923; x_wconf 87' lang='lat' dir='ltr'><strong>altera</strong></span> <span class='ocrx_word' id='word_1_314' title='bbox 2352 1882 2483 1923; x_wconf 79' lang='lat' dir='ltr'><strong>vero</strong></span> <span class='ocrx_word' id='word_1_315' title='bbox 2527 1868 2776 1924; x_wconf 89' lang='lat' dir='ltr'><strong>tidelibus</strong></span> <span class='ocrx_word' id='word_1_316' title='bbox 2806 1869 2962 1926; x_wconf 75' lang='lat' dir='ltr'><strong>favit.</strong></span> 
     </span>
    </p>
   </div>
   <div class='ocr_carea' id='block_1_47' title="bbox 1889 2024 3390 2102">
    <p class='ocr_par' dir='ltr' id='par_1_47' title="bbox 1889 2024 3390 2102">
     <span class='ocr_line' id='line_1_47' title="bbox 1889 2024 3390 2102; baseline 0.001 -16"><span class='ocrx_word' id='word_1_317' title='bbox 1889 2024 1942 2086; x_wconf 85' lang='lat'><strong>6.</strong></span> <span class='ocrx_word' id='word_1_318' title='bbox 1976 2030 2149 2084; x_wconf 83' lang='lat' dir='ltr'><strong>Aliam</strong></span> <span class='ocrx_word' id='word_1_319' title='bbox 2203 2029 2384 2087; x_wconf 84' lang='lat' dir='ltr'><strong>adhuc</strong></span> <span class='ocrx_word' id='word_1_320' title='bbox 2414 2031 2804 2102; x_wconf 77' lang='lat' dir='ltr'><strong>proprietatem</strong></span> <span class='ocrx_word' id='word_1_321' title='bbox 2847 2031 3013 2088; x_wconf 89' lang='lat' dir='ltr'><strong>habet</strong></span> <span class='ocrx_word' id='word_1_322' title='bbox 3041 2030 3184 2102; x_wconf 89' lang='lat' dir='ltr'><strong>ignis</strong></span> <span class='ocrx_word' id='word_1_323' title='bbox 3214 2046 3241 2084; x_wconf 84' lang='lat' dir='ltr'><strong>a</strong></span> <span class='ocrx_word' id='word_1_324' title='bbox 3281 2031 3390 2087; x_wconf 75' lang='lat' dir='ltr'><strong>Deo</strong></span> 
     </span>
    </p>
   </div>
   <div class='ocr_carea' id='block_1_48' title="bbox 1814 2123 3386 2195">
    <p class='ocr_par' dir='ltr' id='par_1_48' title="bbox 1814 2123 3386 2195">
     <span class='ocr_line' id='line_1_48' title="bbox 1814 2123 3386 2195; baseline 0.001 -16"><span class='ocrx_word' id='word_1_325' title='bbox 1814 2124 2127 2188; x_wconf 87' lang='lat' dir='ltr'><strong>ordinatus,</strong></span> <span class='ocrx_word' id='word_1_326' title='bbox 2156 2123 2265 2179; x_wconf 89' lang='lat' dir='ltr'><strong>vim</strong></span> <span class='ocrx_word' id='word_1_327' title='bbox 2293 2140 2487 2195; x_wconf 87' lang='lat' dir='ltr'><strong>nempe</strong></span> <span class='ocrx_word' id='word_1_328' title='bbox 2520 2125 2733 2188; x_wconf 88' lang='lat' dir='ltr'><strong>ttrendi,</strong></span> <span class='ocrx_word' id='word_1_329' title='bbox 2768 2136 2818 2179; x_wconf 84' lang='lat' dir='ltr'><strong>et</strong></span> <span class='ocrx_word' id='word_1_330' title='bbox 2854 2141 2960 2180; x_wconf 90' lang='lat' dir='ltr'><strong>non</strong></span> <span class='ocrx_word' id='word_1_331' title='bbox 2993 2126 3386 2181; x_wconf 84' lang='lat' dir='ltr'><strong>comlmrendi:</strong></span> 
     </span>
    </p>
   </div>
   <div class='ocr_carea' id='block_1_49' title="bbox 1816 2214 3386 2297">
    <p class='ocr_par' dir='ltr' id='par_1_49' title="bbox 1816 2214 3386 2297">
     <span class='ocr_line' id='line_1_49' title="bbox 1816 2214 3386 2297; baseline 0.001 -28"><span class='ocrx_word' id='word_1_332' title='bbox 1816 2216 1961 2286; x_wconf 88' lang='lat' dir='ltr'><strong>quod</strong></span> <span class='ocrx_word' id='word_1_333' title='bbox 1992 2215 2176 2270; x_wconf 86' lang='lat' dir='ltr'><strong>divina</strong></span> <span class='ocrx_word' id='word_1_334' title='bbox 2209 2214 2541 2272; x_wconf 84' lang='lat' dir='ltr'><strong>meditantes</strong></span> <span class='ocrx_word' id='word_1_335' title='bbox 2584 2225 2836 2297; x_wconf 76' lang='lat' dir='ltr'><strong>spectant</strong></span> <span class='ocrx_word' id='word_1_336' title='bbox 2880 2218 2930 2272; x_wconf 90' lang='lat' dir='ltr'><strong>in</strong></span> <span class='ocrx_word' id='word_1_337' title='bbox 2974 2218 3386 2273; x_wconf 84' lang='lat' dir='ltr'><strong>tribulationum</strong></span> 
     </span>
    </p>
   </div>
   <div class='ocr_carea' id='block_1_50' title="bbox 1817 2307 3389 2382">
    <p class='ocr_par' dir='ltr' id='par_1_50' title="bbox 1817 2307 3389 2382">
     <span class='ocr_line' id='line_1_50' title="bbox 1817 2307 3389 2382; baseline 0.001 -20"><span class='ocrx_word' id='word_1_338' title='bbox 1817 2307 1965 2377; x_wconf 85' lang='lat' dir='ltr'><strong>igne,</strong></span> <span class='ocrx_word' id='word_1_339' title='bbox 1997 2324 2106 2379; x_wconf 91' lang='lat' dir='ltr'><strong>quo</strong></span> <span class='ocrx_word' id='word_1_340' title='bbox 2133 2309 2311 2364; x_wconf 84' lang='lat' dir='ltr'><strong>virtus</strong></span> <span class='ocrx_word' id='word_1_341' title='bbox 2340 2319 2399 2363; x_wconf 87' lang='lat' dir='ltr'><strong>ut</strong></span> <span class='ocrx_word' id='word_1_342' title='bbox 2431 2325 2626 2364; x_wconf 90' lang='lat' dir='ltr'><strong>aurum</strong></span> <span class='ocrx_word' id='word_1_343' title='bbox 2654 2310 2931 2378; x_wconf 87' lang='lat' dir='ltr'><strong>eliquatur</strong></span> <span class='ocrx_word' id='word_1_344' title='bbox 2961 2317 3016 2365; x_wconf 90' lang='lat' dir='ltr'><strong>et</strong></span> <span class='ocrx_word' id='word_1_345' title='bbox 3051 2311 3389 2382; x_wconf 84' lang='lat' dir='ltr'><strong>splendidius</strong></span> 
     </span>
    </p>
   </div>
   <div class='ocr_carea' id='block_1_51' title="bbox 1815 2400 3385 2472">
    <p class='ocr_par' dir='ltr' id='par_1_51' title="bbox 1815 2400 3385 2472">
     <span class='ocr_line' id='line_1_51' title="bbox 1815 2400 3385 2472; baseline 0.001 -17"><span class='ocrx_word' id='word_1_346' title='bbox 1815 2401 2190 2455; x_wconf 88' lang='lat' dir='ltr'><strong>collustratur.</strong></span> <span class='ocrx_word' id='word_1_347' title='bbox 2234 2400 2339 2456; x_wconf 87' lang='lat' dir='ltr'><strong>Sed</strong></span> <span class='ocrx_word' id='word_1_348' title='bbox 2392 2416 2493 2472; x_wconf 85' lang='lat' dir='ltr'><strong>ego</strong></span> <span class='ocrx_word' id='word_1_349' title='bbox 2549 2401 2736 2456; x_wconf 87' lang='lat' dir='ltr'><strong>dicere</strong></span> <span class='ocrx_word' id='word_1_350' title='bbox 2787 2418 3001 2472; x_wconf 85' lang='lat' dir='ltr'><strong>nequeo</strong></span> <span class='ocrx_word' id='word_1_351' title='bbox 3037 2402 3385 2460; x_wconf 85' lang='lat' dir='ltr'><strong>Chaldaicum</strong></span> 
     </span>
    </p>
   </div>
   <div class='ocr_carea' id='block_1_52' title="bbox 1816 2490 3387 2565">
    <p class='ocr_par' dir='ltr' id='par_1_52' title="bbox 1816 2490 3387 2565">
     <span class='ocr_line' id='line_1_52' title="bbox 1816 2490 3387 2565; baseline 0.003 -19"><span class='ocrx_word' id='word_1_352' title='bbox 1816 2490 1996 2563; x_wconf 81' lang='lat' dir='ltr'><strong>ignem</strong></span> <span class='ocrx_word' id='word_1_353' title='bbox 2046 2492 2255 2547; x_wconf 89' lang='lat' dir='ltr'><strong>ussisse</strong></span> <span class='ocrx_word' id='word_1_354' title='bbox 2289 2502 2349 2547; x_wconf 92' lang='lat' dir='ltr'><strong>ut</strong></span> <span class='ocrx_word' id='word_1_355' title='bbox 2404 2493 2506 2549; x_wconf 86' lang='lat' dir='ltr'><strong>iste</strong></span> <span class='ocrx_word' id='word_1_356' title='bbox 2560 2510 2670 2564; x_wconf 87' lang='lat' dir='ltr'><strong>quo</strong></span> <span class='ocrx_word' id='word_1_357' title='bbox 2700 2506 2958 2565; x_wconf 76' lang='lat' dir='ltr'><strong>purgatur</strong></span> <span class='ocrx_word' id='word_1_358' title='bbox 3005 2512 3232 2565; x_wconf 83' lang='lat' dir='ltr'><strong>aurum;</strong></span> <span class='ocrx_word' id='word_1_359' title='bbox 3273 2498 3387 2552; x_wconf 84' lang='lat' dir='ltr'><strong>scio</strong></span> 
     </span>
    </p>
   </div>
   <div class='ocr_carea' id='block_1_53' title="bbox 1814 2582 3389 2659">
    <p class='ocr_par' dir='ltr' id='par_1_53' title="bbox 1814 2582 3389 2659">
     <span class='ocr_line' id='line_1_53' title="bbox 1814 2582 3389 2659; baseline 0.004 -23"><span class='ocrx_word' id='word_1_360' title='bbox 1814 2582 1959 2637; x_wconf 87' lang='lat' dir='ltr'><strong>enim</strong></span> <span class='ocrx_word' id='word_1_361' title='bbox 1998 2584 2342 2638; x_wconf 78' lang='lat' dir='ltr'><strong>traditionem</strong></span> <span class='ocrx_word' id='word_1_362' title='bbox 2375 2601 2494 2655; x_wconf 68' lang='lat' dir='ltr'><strong>quae</strong></span> <span class='ocrx_word' id='word_1_363' title='bbox 2528 2586 2776 2656; x_wconf 86' lang='lat' dir='ltr'><strong>perbibet</strong></span> <span class='ocrx_word' id='word_1_364' title='bbox 2820 2587 2969 2641; x_wconf 89' lang='lat' dir='ltr'><strong>illum</strong></span> <span class='ocrx_word' id='word_1_365' title='bbox 3003 2587 3199 2659; x_wconf 80' lang='lat' dir='ltr'><strong>insigni</strong></span> <span class='ocrx_word' id='word_1_366' title='bbox 3231 2590 3389 2646; x_wconf 81' lang='lat' dir='ltr'><strong>mira-</strong></span> 
     </span>
    </p>
   </div>
   <div class='ocr_carea' id='block_1_54' title="bbox 1814 2676 3388 2748">
    <p class='ocr_par' dir='ltr' id='par_1_54' title="bbox 1814 2676 3388 2748">
     <span class='ocr_line' id='line_1_54' title="bbox 1814 2676 3388 2748; baseline 0.003 -18"><span class='ocrx_word' id='word_1_367' title='bbox 1814 2678 1938 2731; x_wconf 88' lang='lat' dir='ltr'><strong>culo</strong></span> <span class='ocrx_word' id='word_1_368' title='bbox 1993 2678 2067 2731; x_wconf 87' lang='lat' dir='ltr'><strong>ita</strong></span> <span class='ocrx_word' id='word_1_369' title='bbox 2116 2676 2445 2732; x_wconf 85' lang='lat' dir='ltr'><strong>iuellicacetn</strong></span> <span class='ocrx_word' id='word_1_370' title='bbox 2479 2677 2808 2748; x_wconf 90' lang='lat' dir='ltr'><strong>irritumqtte</strong></span> <span class='ocrx_word' id='word_1_371' title='bbox 2852 2679 3021 2736; x_wconf 76' lang='lat' dir='ltr'><strong>fuisse</strong></span> <span class='ocrx_word' id='word_1_372' title='bbox 3050 2679 3274 2748; x_wconf 76' lang='lat' dir='ltr'><strong>factum,</strong></span> <span class='ocrx_word' id='word_1_373' title='bbox 3329 2693 3388 2736; x_wconf 89' lang='lat' dir='ltr'><strong>ut</strong></span> 
     </span>
    </p>
   </div>
   <div class='ocr_carea' id='block_1_55' title="bbox 1814 2768 3386 2840">
    <p class='ocr_par' dir='ltr' id='par_1_55' title="bbox 1814 2768 3386 2840">
     <span class='ocr_line' id='line_1_55' title="bbox 1814 2768 3386 2840; baseline 0.003 -18"><span class='ocrx_word' id='word_1_374' title='bbox 1814 2768 2010 2824; x_wconf 87' lang='lat' dir='ltr'><strong>nedum</strong></span> <span class='ocrx_word' id='word_1_375' title='bbox 2032 2768 2357 2825; x_wconf 78' lang='lat' dir='ltr'><strong>dissolveret</strong></span> <span class='ocrx_word' id='word_1_376' title='bbox 2385 2770 2590 2825; x_wconf 90' lang='lat' dir='ltr'><strong>amicos</strong></span> <span class='ocrx_word' id='word_1_377' title='bbox 2609 2769 2702 2826; x_wconf 87' lang='lat' dir='ltr'><strong>Dei</strong></span> <span class='ocrx_word' id='word_1_378' title='bbox 2719 2771 2972 2840; x_wconf 82' lang='lat' dir='ltr'><strong>juvenes,</strong></span> <span class='ocrx_word' id='word_1_379' title='bbox 2999 2787 3069 2826; x_wconf 90' lang='lat' dir='ltr'><strong>ne</strong></span> <span class='ocrx_word' id='word_1_380' title='bbox 3089 2771 3386 2828; x_wconf 81' lang='lat' dir='ltr'><strong>calefacere</strong></span> 
     </span>
    </p>
   </div>
   <div class='ocr_carea' id='block_1_56' title="bbox 1815 2846 3386 2937">
    <p class='ocr_par' dir='ltr' id='par_1_56' title="bbox 1815 2846 3386 2937">
     <span class='ocr_line' id='line_1_56' title="bbox 1815 2846 3386 2937; baseline 0.006 -22"><span class='ocrx_word' id='word_1_381' title='bbox 1815 2862 2034 2934; x_wconf 85' lang='lat' dir='ltr'><strong>quidem</strong></span> <span class='ocrx_word' id='word_1_382' title='bbox 2056 2864 2279 2931; x_wconf 79' lang='lat' dir='ltr'><strong>valeret,</strong></span> <span class='ocrx_word' id='word_1_383' title='bbox 2299 2846 2406 2920; x_wconf 31' lang='lat' dir='ltr'><strong>sed.</strong></span> <span class='ocrx_word' id='word_1_384' title='bbox 2425 2865 2576 2919; x_wconf 80' lang='lat' dir='ltr'><strong>ﬁeret</strong></span> <span class='ocrx_word' id='word_1_385' title='bbox 2599 2866 2758 2937; x_wconf 87' lang='lat' dir='ltr'><strong>quasi</strong></span> <span class='ocrx_word' id='word_1_386' title='bbox 2787 2882 2875 2922; x_wconf 90' lang='lat' dir='ltr'><strong>ros</strong></span> <span class='ocrx_word' id='word_1_387' title='bbox 2898 2865 2978 2921; x_wconf 89' lang='lat' dir='ltr'><strong>eis</strong></span> <span class='ocrx_word' id='word_1_388' title='bbox 2998 2866 3386 2924; x_wconf 71' lang='lat' dir='ltr'><strong>circumfusus.</strong></span> 
     </span>
    </p>
   </div>
   <div class='ocr_carea' id='block_1_57' title="bbox 1814 2953 3389 3030">
    <p class='ocr_par' dir='ltr' id='par_1_57' title="bbox 1814 2953 3389 3030">
     <span class='ocr_line' id='line_1_57' title="bbox 1814 2953 3389 3030; baseline 0.003 -21"><span class='ocrx_word' id='word_1_389' title='bbox 1814 2953 1945 3009; x_wconf 85' lang='lat' dir='ltr'><strong>Erat</strong></span> <span class='ocrx_word' id='word_1_390' title='bbox 1973 2955 2135 3010; x_wconf 86' lang='lat' dir='ltr'><strong>etiam</strong></span> <span class='ocrx_word' id='word_1_391' title='bbox 2165 2956 2274 3011; x_wconf 90' lang='lat' dir='ltr'><strong>illis</strong></span> <span class='ocrx_word' id='word_1_392' title='bbox 2300 2956 2489 3028; x_wconf 85' lang='lat' dir='ltr'><strong>ingens</strong></span> <span class='ocrx_word' id='word_1_393' title='bbox 2517 2957 2607 3012; x_wconf 90' lang='lat' dir='ltr'><strong>ille</strong></span> <span class='ocrx_word' id='word_1_394' title='bbox 2650 2958 3078 3030; x_wconf 78' lang='lat' dir='ltr'><strong>focttstauquam</strong></span> <span class='ocrx_word' id='word_1_395' title='bbox 3109 2960 3151 3015; x_wconf 94' lang='lat' dir='ltr'><strong>si</strong></span> <span class='ocrx_word' id='word_1_396' title='bbox 3188 2962 3389 3015; x_wconf 82' lang='lat' dir='ltr'><strong>subob-</strong></span> 
     </span>
    </p>
   </div>
   <div class='ocr_carea' id='block_1_58' title="bbox 1812 3046 3388 3120">
    <p class='ocr_par' dir='ltr' id='par_1_58' title="bbox 1812 3046 3388 3120">
     <span class='ocr_line' id='line_1_58' title="bbox 1812 3046 3388 3120; baseline 0.001 -15"><span class='ocrx_word' id='word_1_397' title='bbox 1812 3063 1976 3105; x_wconf 81' lang='lat' dir='ltr'><strong>scum</strong></span> <span class='ocrx_word' id='word_1_398' title='bbox 2015 3046 2105 3103; x_wconf 83' lang='lat' dir='ltr'><strong>lux</strong></span> <span class='ocrx_word' id='word_1_399' title='bbox 2143 3049 2251 3102; x_wconf 81' lang='lat' dir='ltr'><strong>lttri</strong></span> <span class='ocrx_word' id='word_1_400' title='bbox 2289 3048 2481 3103; x_wconf 68' lang='lat' dir='ltr'><strong>vividae</strong></span> <span class='ocrx_word' id='word_1_401' title='bbox 2521 3048 2741 3104; x_wconf 85' lang='lat' dir='ltr'><strong>admota</strong></span> <span class='ocrx_word' id='word_1_402' title='bbox 2763 3053 3161 3120; x_wconf 80' lang='lat' dir='ltr'><strong>exstingttntur.</strong></span> <span class='ocrx_word' id='word_1_403' title='bbox 3193 3050 3257 3106; x_wconf 83' lang='lat' dir='ltr'><strong>Et</strong></span> <span class='ocrx_word' id='word_1_404' title='bbox 3303 3062 3388 3109; x_wconf 82' lang='lat' dir='ltr'><strong>est</strong></span> 
     </span>
    </p>
   </div>
   <div class='ocr_carea' id='block_1_59' title="bbox 176 3141 1712 3234">
    <p class='ocr_par' dir='ltr' id='par_1_59' title="bbox 176 3141 1709 3234">
     <span class='ocr_line' id='line_1_59' title="bbox 176 3141 1709 3234; baseline 0.003 -19"><span class='ocrx_word' id='word_1_405' title='bbox 176 3162 291 3234; x_wconf 74' lang='grc' dir='ltr'><strong>γάλῃ</strong></span> <span class='ocrx_word' id='word_1_406' title='bbox 318 3163 473 3234; x_wconf 75' lang='grc' dir='ltr'><strong>φλογὶ</strong></span> <span class='ocrx_word' id='word_1_407' title='bbox 502 3166 771 3232; x_wconf 87' lang='grc' dir='ltr'><strong>πελάσαν,</strong></span> <span class='ocrx_word' id='word_1_408' title='bbox 823 3141 1248 3220; x_wconf 76' lang='grc' dir='ltr'><strong>ἀποσϐέννυται.</strong></span> <span class='ocrx_word' id='word_1_409' title='bbox 1303 3141 1414 3220; x_wconf 77' lang='grc' dir='ltr'><strong>καί</strong></span> <span class='ocrx_word' id='word_1_410' title='bbox 1466 3141 1530 3234; x_wconf 80' lang='grc' dir='ltr'><strong>γε</strong></span> <span class='ocrx_word' id='word_1_411' title='bbox 1561 3141 1709 3220; x_wconf 72' lang='grc' dir='ltr'><strong>ἐστιν</strong></span> 
     </span>
    </p>
   </div>
   <div class='ocr_carea' id='block_1_60' title="bbox 1819 3141 3389 3234">
    <p class='ocr_par' dir='ltr' id='par_1_60' title="bbox 1819 3141 3389 3214">
     <span class='ocr_line' id='line_1_60' title="bbox 1819 3141 3389 3214; baseline 0.004 -21"><span class='ocrx_word' id='word_1_412' title='bbox 1819 3141 2034 3212; x_wconf 86' lang='lat' dir='ltr'><strong>quidem</strong></span> <span class='ocrx_word' id='word_1_413' title='bbox 2062 3157 2147 3196; x_wconf 91' lang='lat' dir='ltr'><strong>res</strong></span> <span class='ocrx_word' id='word_1_414' title='bbox 2172 3141 2327 3195; x_wconf 85' lang='lat' dir='ltr'><strong>valde</strong></span> <span class='ocrx_word' id='word_1_415' title='bbox 2359 3157 2690 3212; x_wconf 74' lang='lat' dir='ltr'><strong>congruens.</strong></span> <span class='ocrx_word' id='word_1_416' title='bbox 2724 3141 2858 3196; x_wconf 85' lang='lat' dir='ltr'><strong>Nam</strong></span> <span class='ocrx_word' id='word_1_417' title='bbox 2911 3144 3056 3213; x_wconf 73' lang='lat' dir='ltr'><strong>ignis</strong></span> <span class='ocrx_word' id='word_1_418' title='bbox 3083 3143 3203 3197; x_wconf 73' lang='lat' dir='ltr'><strong>fidei</strong></span> <span class='ocrx_word' id='word_1_419' title='bbox 3233 3146 3389 3214; x_wconf 80' lang='lat' dir='ltr'><strong>ejus-</strong></span> 
     </span>
    </p>
   </div>
   <div class='ocr_carea' id='block_1_61' title="bbox 172 3254 1707 3330">
    <p class='ocr_par' dir='ltr' id='par_1_61' title="bbox 172 3254 1707 3330">
     <span class='ocr_line' id='line_1_61' title="bbox 172 3254 1707 3330; baseline 0.004 -23"><span class='ocrx_word' id='word_1_420' title='bbox 172 3254 449 3320; x_wconf 68' lang='grc' dir='ltr'><strong>ἀκολούθως</strong></span> <span class='ocrx_word' id='word_1_421' title='bbox 476 3256 601 3328; x_wconf 70' lang='grc' dir='ltr'><strong>ἕχον</strong></span> <span class='ocrx_word' id='word_1_422' title='bbox 630 3259 695 3311; x_wconf 71' lang='grc' dir='ltr'><strong>τὸ</strong></span> <span class='ocrx_word' id='word_1_423' title='bbox 724 3259 958 3330; x_wconf 80' lang='grc' dir='ltr'><strong>πρᾶγμα</strong></span> <span class='ocrx_word' id='word_1_424' title='bbox 979 3294 994 3311; x_wconf 92' lang='grc'><strong>.</strong></span> <span class='ocrx_word' id='word_1_425' title='bbox 1051 3259 1297 3323; x_wconf 81' lang='grc' dir='ltr'><strong>Πίστεως</strong></span> <span class='ocrx_word' id='word_1_426' title='bbox 1329 3260 1440 3329; x_wconf 80' lang='grc' dir='ltr'><strong>γὰρ</strong></span> <span class='ocrx_word' id='word_1_427' title='bbox 1469 3258 1582 3330; x_wconf 84' lang='grc' dir='ltr'><strong>πῦρ</strong></span> <span class='ocrx_word' id='word_1_428' title='bbox 1613 3258 1707 3313; x_wconf 75' lang='grc' dir='ltr'><strong>καὶ</strong></span> 
     </span>
    </p>
   </div>
   <div class='ocr_carea' id='block_1_62' title="bbox 177 3347 1709 3421">
    <p class='ocr_par' dir='ltr' id='par_1_62' title="bbox 177 3347 1709 3421">
     <span class='ocr_line' id='line_1_62' title="bbox 177 3347 1709 3421; baseline 0.002 -20"><span class='ocrx_word' id='word_1_429' title='bbox 177 3348 205 3417; x_wconf 76' lang='grc' dir='ltr'><strong>ἠ</strong></span> <span class='ocrx_word' id='word_1_430' title='bbox 228 3347 421 3403; x_wconf 72' lang='grc' dir='ltr'><strong>ἐκεῖθεν</strong></span> <span class='ocrx_word' id='word_1_431' title='bbox 446 3348 599 3419; x_wconf 69' lang='grc' dir='ltr'><strong>φλὸξ,</strong></span> <span class='ocrx_word' id='word_1_432' title='bbox 625 3348 773 3421; x_wconf 72' lang='grc' dir='ltr'><strong>ᾇπερ</strong></span> <span class='ocrx_word' id='word_1_433' title='bbox 801 3352 852 3404; x_wconf 83' lang='lat' dir='ltr'><strong>oi</strong></span> <span class='ocrx_word' id='word_1_434' title='bbox 892 3348 1087 3415; x_wconf 73' lang='grc' dir='ltr'><strong>παίδες</strong></span> <span class='ocrx_word' id='word_1_435' title='bbox 1111 3350 1205 3403; x_wconf 74' lang='grc' dir='ltr'><strong>ἐπὶ</strong></span> <span class='ocrx_word' id='word_1_436' title='bbox 1264 3350 1342 3421; x_wconf 85' lang='grc' dir='ltr'>τῷ</span> <span class='ocrx_word' id='word_1_437' title='bbox 1372 3349 1493 3421; x_wconf 86' lang='grc' dir='ltr'><strong>Θεῷ</strong></span> <span class='ocrx_word' id='word_1_438' title='bbox 1538 3351 1709 3421; x_wconf 81' lang='grc' dir='ltr'><strong>ἐπύρ-</strong></span> 
     </span>
    </p>
   </div>
   <div class='ocr_carea' id='block_1_63' title="bbox 176 3437 1712 3513">
    <p class='ocr_par' dir='ltr' id='par_1_63' title="bbox 176 3437 1712 3513">
     <span class='ocr_line' id='line_1_63' title="bbox 176 3437 1712 3513; baseline 0.003 -23"><span class='ocrx_word' id='word_1_439' title='bbox 176 3455 325 3504; x_wconf 86' lang='grc' dir='ltr'><strong>σευον,</strong></span> <span class='ocrx_word' id='word_1_440' title='bbox 345 3440 666 3512; x_wconf 76' lang='grc' dir='ltr'><strong>ἁξῦμμετρα</strong></span> <span class='ocrx_word' id='word_1_441' title='bbox 680 3437 823 3513; x_wconf 70' lang='grc' dir='ltr'><strong>ἦσαν</strong></span> <span class='ocrx_word' id='word_1_442' title='bbox 840 3442 976 3511; x_wconf 77' lang='grc' dir='ltr'><strong>πρὸς</strong></span> <span class='ocrx_word' id='word_1_443' title='bbox 992 3440 1054 3494; x_wconf 75' lang='grc' dir='ltr'><strong>τὸ</strong></span> <span class='ocrx_word' id='word_1_444' title='bbox 1074 3441 1379 3496; x_wconf 78' lang='grc' dir='ltr'><strong>Χαλδαῖκδν</strong></span> <span class='ocrx_word' id='word_1_445' title='bbox 1401 3442 1496 3495; x_wconf 74' lang='grc' dir='ltr'><strong>καὶ</strong></span> <span class='ocrx_word' id='word_1_446' title='bbox 1530 3442 1712 3513; x_wconf 78' lang='grc' dir='ltr'><strong>ἀσύμ-</strong></span> 
     </span>
    </p>
   </div>
   <div class='ocr_carea' id='block_1_64' title="bbox 176 3528 1710 3604">
    <p class='ocr_par' dir='ltr' id='par_1_64' title="bbox 176 3528 1710 3604">
     <span class='ocr_line' id='line_1_64' title="bbox 176 3528 1710 3604; baseline 0.004 -23"><span class='ocrx_word' id='word_1_447' title='bbox 176 3528 355 3598; x_wconf 72' lang='grc' dir='ltr'><strong>ϐληταο</strong></span> <span class='ocrx_word' id='word_1_448' title='bbox 385 3534 475 3585; x_wconf 72' lang='grc' dir='ltr'><strong>καὶ</strong></span> <span class='ocrx_word' id='word_1_449' title='bbox 524 3532 709 3585; x_wconf 79' lang='grc' dir='ltr'><strong>τοίνυν</strong></span> <span class='ocrx_word' id='word_1_450' title='bbox 759 3532 1155 3604; x_wconf 81' lang='grc' dir='ltr'><strong>κατεμάραναν</strong></span> <span class='ocrx_word' id='word_1_451' title='bbox 1212 3533 1325 3604; x_wconf 89' lang='grc' dir='ltr'><strong>πῦρ</strong></span> <span class='ocrx_word' id='word_1_452' title='bbox 1383 3534 1565 3587; x_wconf 76' lang='grc' dir='ltr'><strong>ἐκεῖνο</strong></span> <span class='ocrx_word' id='word_1_453' title='bbox 1612 3534 1710 3587; x_wconf 80' lang='grc' dir='ltr'><strong>καὶ</strong></span> 
     </span>
    </p>
   </div>
   <div class='ocr_carea' id='block_1_65' title="bbox 179 3620 1712 3698">
    <p class='ocr_par' dir='ltr' id='par_1_65' title="bbox 179 3620 1712 3698">
     <span class='ocr_line' id='line_1_65' title="bbox 179 3620 1712 3698; baseline 0.006 -26"><span class='ocrx_word' id='word_1_454' title='bbox 179 3620 469 3691; x_wconf 76' lang='grc' dir='ltr'><strong>ἀνθρακιὰν,</strong></span> <span class='ocrx_word' id='word_1_455' title='bbox 497 3623 597 3694; x_wconf 72' lang='grc' dir='ltr'><strong>τὴν</strong></span> <span class='ocrx_word' id='word_1_456' title='bbox 616 3622 740 3680; x_wconf 78' lang='grc' dir='ltr'><strong>κατ’</strong></span> <span class='ocrx_word' id='word_1_457' title='bbox 764 3624 921 3689; x_wconf 73' lang='grc' dir='ltr'><strong>αὐτὸ,</strong></span> <span class='ocrx_word' id='word_1_458' title='bbox 958 3624 1131 3698; x_wconf 75' lang='grc' dir='ltr'><strong>ἑτέρῳ</strong></span> <span class='ocrx_word' id='word_1_459' title='bbox 1167 3625 1398 3697; x_wconf 74' lang='grc' dir='ltr'><strong>μείζονι,</strong></span> <span class='ocrx_word' id='word_1_460' title='bbox 1426 3627 1524 3680; x_wconf 73' lang='grc' dir='ltr'><strong>καὶ</strong></span> <span class='ocrx_word' id='word_1_461' title='bbox 1569 3624 1712 3681; x_wconf 74' lang='lat' dir='ltr'><strong>Osto-</strong></span> 
     </span>
    </p>
   </div>
   <div class='ocr_carea' id='block_1_66' title="bbox 177 3711 1171 3791">
    <p class='ocr_par' dir='ltr' id='par_1_66' title="bbox 177 3711 1171 3791">
     <span class='ocr_line' id='line_1_66' title="bbox 177 3711 1171 3791; baseline 0.008 -28"><span class='ocrx_word' id='word_1_462' title='bbox 177 3711 317 3782; x_wconf 75' lang='grc' dir='ltr'><strong>τᾶτιρ,</strong></span> <span class='ocrx_word' id='word_1_463' title='bbox 343 3714 430 3766; x_wconf 79' lang='grc' dir='ltr'><strong>καὶ</strong></span> <span class='ocrx_word' id='word_1_464' title='bbox 453 3713 541 3768; x_wconf 76' lang='grc' dir='ltr'><strong>διὰ</strong></span> <span class='ocrx_word' id='word_1_465' title='bbox 566 3714 729 3769; x_wconf 83' lang='grc' dir='ltr'><strong>τοῦτο</strong></span> <span class='ocrx_word' id='word_1_466' title='bbox 752 3715 1022 3786; x_wconf 81' lang='grc' dir='ltr'><strong>ἁστέκτῳ.</strong></span> <span class='ocrx_word' id='word_1_467' title='bbox 1156 3784 1171 3791; x_wconf 26' lang='grc' dir='ltr'><em>α</em></span> 
     </span>
    </p>
   </div>
   <div class='ocr_carea' id='block_1_67' title="bbox 232 3800 1710 3877">
    <p class='ocr_par' dir='ltr' id='par_1_67' title="bbox 232 3800 1710 3877">
     <span class='ocr_line' id='line_1_67' title="bbox 232 3800 1710 3877; baseline 0.003 -21"><span class='ocrx_word' id='word_1_468' title='bbox 232 3800 290 3866; x_wconf 77' lang='grc' dir='ltr'><strong>ζ’.</strong></span> <span class='ocrx_word' id='word_1_469' title='bbox 329 3803 517 3876; x_wconf 74' lang='grc' dir='ltr'><strong>Ἐχρῆν</strong></span> <span class='ocrx_word' id='word_1_470' title='bbox 542 3804 654 3875; x_wconf 73' lang='grc' dir='ltr'><strong>ἄρα</strong></span> <span class='ocrx_word' id='word_1_471' title='bbox 685 3805 810 3869; x_wconf 74' lang='grc' dir='ltr'><strong>τοὺς</strong></span> <span class='ocrx_word' id='word_1_472' title='bbox 843 3805 1289 3877; x_wconf 78' lang='grc' dir='ltr'><strong>ἐκκεκαυμένους</strong></span> <span class='ocrx_word' id='word_1_473' title='bbox 1317 3805 1393 3876; x_wconf 83' lang='grc' dir='ltr'><strong>τῷ</strong></span> <span class='ocrx_word' id='word_1_474' title='bbox 1415 3806 1556 3859; x_wconf 81' lang='grc' dir='ltr'><strong>κατὰ</strong></span> <span class='ocrx_word' id='word_1_475' title='bbox 1574 3807 1710 3860; x_wconf 87' lang='grc' dir='ltr'><strong>Θεδν</strong></span> 
     </span>
    </p>
   </div>
   <div class='ocr_carea' id='block_1_68' title="bbox 179 3889 1709 3969">
    <p class='ocr_par' dir='ltr' id='par_1_68' title="bbox 179 3889 1709 3969">
     <span class='ocr_line' id='line_1_68' title="bbox 179 3889 1709 3969; baseline 0.001 -22"><span class='ocrx_word' id='word_1_476' title='bbox 179 3890 303 3962; x_wconf 75' lang='grc' dir='ltr'><strong>ζήλῳ</strong></span> <span class='ocrx_word' id='word_1_477' title='bbox 329 3892 397 3963; x_wconf 74' lang='grc' dir='ltr'><strong>μὴ</strong></span> <span class='ocrx_word' id='word_1_478' title='bbox 442 3889 582 3947; x_wconf 77' lang='grc' dir='ltr'><strong>εἶναι</strong></span> <span class='ocrx_word' id='word_1_479' title='bbox 631 3894 974 3955; x_wconf 80' lang='grc' dir='ltr'><strong>καταπόνους</strong></span> <span class='ocrx_word' id='word_1_480' title='bbox 1019 3894 1266 3966; x_wconf 83' lang='grc' dir='ltr'><strong>αίσθητῷ</strong></span> <span class='ocrx_word' id='word_1_481' title='bbox 1312 3895 1507 3969; x_wconf 80' lang='grc' dir='ltr'><strong>ἐκείνῳ</strong></span> <span class='ocrx_word' id='word_1_482' title='bbox 1539 3898 1709 3967; x_wconf 71' lang='grc' dir='ltr'><strong>πυρὶ,</strong></span> 
     </span>
    </p>
   </div>
   <div class='ocr_carea' id='block_1_69' title="bbox 179 3983 1712 4056">
    <p class='ocr_par' dir='ltr' id='par_1_69' title="bbox 179 3983 1712 4056">
     <span class='ocr_line' id='line_1_69' title="bbox 179 3983 1712 4056; baseline 0.004 -23"><span class='ocrx_word' id='word_1_483' title='bbox 179 3983 296 4035; x_wconf 71' lang='grc' dir='ltr'><strong>ἀλλὰ</strong></span> <span class='ocrx_word' id='word_1_484' title='bbox 328 3983 712 4055; x_wconf 77' lang='grc' dir='ltr'><strong>καταχορεῦειν</strong></span> <span class='ocrx_word' id='word_1_485' title='bbox 737 3983 924 4050; x_wconf 85' lang='grc' dir='ltr'><strong>αὐτοῦ,</strong></span> <span class='ocrx_word' id='word_1_486' title='bbox 955 3985 1032 4052; x_wconf 85' lang='grc' dir='ltr'><strong>ὡς</strong></span> <span class='ocrx_word' id='word_1_487' title='bbox 1064 3988 1115 4040; x_wconf 81' lang='grc' dir='ltr'><strong>εί</strong></span> <span class='ocrx_word' id='word_1_488' title='bbox 1155 3987 1251 4040; x_wconf 73' lang='grc' dir='ltr'><strong>καὶ</strong></span> <span class='ocrx_word' id='word_1_489' title='bbox 1281 3985 1508 4056; x_wconf 78' lang='grc' dir='ltr'><strong>ψύχοντι</strong></span> <span class='ocrx_word' id='word_1_490' title='bbox 1523 3987 1712 4056; x_wconf 59' lang='grc' dir='ltr'><strong>,ἐμϐε-</strong></span> 
     </span>
    </p>
   </div>
   <div class='ocr_carea' id='block_1_70' title="bbox 182 4075 1709 4147">
    <p class='ocr_par' dir='ltr' id='par_1_70' title="bbox 182 4075 1709 4147">
     <span class='ocr_line' id='line_1_70' title="bbox 182 4075 1709 4147; baseline 0.004 -23"><span class='ocrx_word' id='word_1_491' title='bbox 182 4076 377 4142; x_wconf 72' lang='grc' dir='ltr'><strong>ὒὴκασιν</strong></span> <span class='ocrx_word' id='word_1_492' title='bbox 396 4076 567 4131; x_wconf 77' lang='grc' dir='ltr'><strong>ὕδατι.</strong></span> <span class='ocrx_word' id='word_1_493' title='bbox 593 4076 823 4147; x_wconf 76' lang='grc' dir='ltr'><strong>Ἐφριξε</strong></span> <span class='ocrx_word' id='word_1_494' title='bbox 843 4077 974 4147; x_wconf 85' lang='grc' dir='ltr'><strong>γὰρ.</strong></span> <span class='ocrx_word' id='word_1_495' title='bbox 992 4078 1137 4131; x_wconf 84' lang='grc' dir='ltr'><strong>κατὰ</strong></span> <span class='ocrx_word' id='word_1_496' title='bbox 1159 4077 1252 4131; x_wconf 81' lang='grc' dir='ltr'><strong>τὸν</strong></span> <span class='ocrx_word' id='word_1_497' title='bbox 1272 4075 1448 4142; x_wconf 85' lang='grc' dir='ltr'><strong>οῦτως</strong></span> <span class='ocrx_word' id='word_1_498' title='bbox 1464 4077 1709 4141; x_wconf 79' lang='grc' dir='ltr'><strong>εἰπόντα,</strong></span> 
     </span>
    </p>
   </div>
   <div class='ocr_carea' id='block_1_71' title="bbox 182 4164 1712 4240">
    <p class='ocr_par' dir='ltr' id='par_1_71' title="bbox 182 4164 1712 4240">
     <span class='ocr_line' id='line_1_71' title="bbox 182 4164 1712 4240; baseline 0.004 -23"><span class='ocrx_word' id='word_1_499' title='bbox 182 4168 257 4217; x_wconf 71' lang='grc' dir='ltr'><strong>καὶ</strong></span> <span class='ocrx_word' id='word_1_500' title='bbox 283 4164 380 4232; x_wconf 73' lang='grc' dir='ltr'><strong>εἶξε</strong></span> <span class='ocrx_word' id='word_1_501' title='bbox 403 4170 655 4238; x_wconf 80' lang='grc' dir='ltr'><strong>σώμασιν</strong></span> <span class='ocrx_word' id='word_1_502' title='bbox 691 4168 892 4237; x_wconf 84' lang='grc' dir='ltr'><strong>ἁγίοις,</strong></span> <span class='ocrx_word' id='word_1_503' title='bbox 942 4166 1024 4232; x_wconf 75' lang='grc' dir='ltr'><strong>οἷς</strong></span> <span class='ocrx_word' id='word_1_504' title='bbox 1055 4168 1191 4233; x_wconf 75' lang='grc' dir='ltr'><strong>Θεὸς</strong></span> <span class='ocrx_word' id='word_1_505' title='bbox 1238 4168 1452 4240; x_wconf 79' lang='grc' dir='ltr'><strong>ἐνῴκει,</strong></span> <span class='ocrx_word' id='word_1_506' title='bbox 1486 4173 1546 4222; x_wconf 81' lang='grc' dir='ltr'><strong>τδ</strong></span> <span class='ocrx_word' id='word_1_507' title='bbox 1588 4171 1712 4223; x_wconf 83' lang='grc' dir='ltr'><strong>σύν-</strong></span> 
     </span>
    </p>
   </div>
   <div class='ocr_carea' id='block_1_72' title="bbox 180 4252 1715 4331">
    <p class='ocr_par' dir='ltr' id='par_1_72' title="bbox 180 4252 1715 4331">
     <span class='ocr_line' id='line_1_72' title="bbox 180 4252 1715 4331; baseline 0.002 -22"><span class='ocrx_word' id='word_1_508' title='bbox 180 4255 335 4311; x_wconf 61' lang='grc' dir='ltr'><strong>ὣυλον</strong></span> <span class='ocrx_word' id='word_1_509' title='bbox 362 4259 491 4331; x_wconf 83' lang='grc' dir='ltr'><strong>πῦρ,</strong></span> <span class='ocrx_word' id='word_1_510' title='bbox 521 4261 618 4314; x_wconf 73' lang='grc' dir='ltr'><strong>καὶ</strong></span> <span class='ocrx_word' id='word_1_511' title='bbox 649 4259 749 4313; x_wconf 82' lang='grc' dir='ltr'><strong>οῦκ</strong></span> <span class='ocrx_word' id='word_1_512' title='bbox 783 4252 897 4331; x_wconf 80' lang='grc' dir='ltr'><strong>εἶχε</strong></span> <span class='ocrx_word' id='word_1_513' title='bbox 920 4261 1036 4325; x_wconf 79' lang='grc' dir='ltr'><strong>τοῖς</strong></span> <span class='ocrx_word' id='word_1_514' title='bbox 1075 4261 1320 4331; x_wconf 77' lang='grc' dir='ltr'><strong>γνησίοις</strong></span> <span class='ocrx_word' id='word_1_515' title='bbox 1367 4260 1579 4312; x_wconf 83' lang='grc' dir='ltr'><strong>ἐκείνου</strong></span> <span class='ocrx_word' id='word_1_516' title='bbox 1626 4260 1715 4312; x_wconf 91' lang='grc' dir='ltr'><strong>θε-</strong></span> 
     </span>
    </p>
   </div>
   <div class='ocr_carea' id='block_1_73' title="bbox 185 4345 1711 4416">
    <p class='ocr_par' dir='ltr' id='par_1_73' title="bbox 185 4345 1711 4416">
     <span class='ocr_line' id='line_1_73' title="bbox 185 4345 1711 4416; baseline 0.001 -16"><span class='ocrx_word' id='word_1_517' title='bbox 185 4352 440 4416; x_wconf 63' lang='grc' dir='ltr'><strong>ραπευταῖς</strong></span> <span class='ocrx_word' id='word_1_518' title='bbox 478 4350 542 4403; x_wconf 86' lang='grc' dir='ltr'><strong>τὸ</strong></span> <span class='ocrx_word' id='word_1_519' title='bbox 589 4352 849 4404; x_wconf 74' lang='grc' dir='ltr'><strong>ταπεινὸν</strong></span> <span class='ocrx_word' id='word_1_520' title='bbox 898 4351 1256 4404; x_wconf 80' lang='grc' dir='ltr'><strong>ἀνθίστασθαι</strong></span> <span class='ocrx_word' id='word_1_521' title='bbox 1286 4366 1302 4382; x_wconf 80' lang='grc'><strong>’</strong></span> <span class='ocrx_word' id='word_1_522' title='bbox 1349 4348 1466 4403; x_wconf 82' lang='grc' dir='ltr'><strong>ἀλλ’</strong></span> <span class='ocrx_word' id='word_1_523' title='bbox 1499 4350 1575 4412; x_wconf 86' lang='grc' dir='ltr'><strong>ὠς</strong></span> <span class='ocrx_word' id='word_1_524' title='bbox 1622 4345 1711 4402; x_wconf 74' lang='grc' dir='ltr'><strong>οἷα</strong></span> 
     </span>
    </p>
   </div>
   <div class='ocr_carea' id='block_1_74' title="bbox 182 4438 1711 4513">
    <p class='ocr_par' dir='ltr' id='par_1_74' title="bbox 182 4438 1711 4513">
     <span class='ocr_line' id='line_1_74' title="bbox 182 4438 1711 4513; baseline 0.004 -25"><span class='ocrx_word' id='word_1_525' title='bbox 182 4439 522 4508; x_wconf 61' lang='lat' dir='ltr'><strong>apum).th</strong></span> <span class='ocrx_word' id='word_1_526' title='bbox 547 4439 628 4510; x_wconf 85' lang='grc' dir='ltr'><strong>τῷ</strong></span> <span class='ocrx_word' id='word_1_527' title='bbox 660 4439 813 4511; x_wconf 78' lang='grc' dir='ltr'><strong>φόϐῳ</strong></span> <span class='ocrx_word' id='word_1_528' title='bbox 842 4443 1197 4513; x_wconf 83' lang='grc' dir='ltr'><strong>κατηργεῖτο,</strong></span> <span class='ocrx_word' id='word_1_529' title='bbox 1230 4438 1329 4493; x_wconf 81' lang='grc' dir='ltr'><strong>καὶ</strong></span> <span class='ocrx_word' id='word_1_530' title='bbox 1358 4439 1419 4493; x_wconf 87' lang='grc' dir='ltr'><strong>τὸ</strong></span> <span class='ocrx_word' id='word_1_531' title='bbox 1446 4438 1546 4511; x_wconf 83' lang='grc' dir='ltr'><strong>τῆς</strong></span> <span class='ocrx_word' id='word_1_532' title='bbox 1577 4438 1711 4494; x_wconf 76' lang='grc' dir='ltr'><strong>καύ-</strong></span> 
     </span>
    </p>
   </div>
   <div class='ocr_carea' id='block_1_75' title="bbox 182 4529 878 4605">
    <p class='ocr_par' dir='ltr' id='par_1_75' title="bbox 182 4529 878 4605">
     <span class='ocr_line' id='line_1_75' title="bbox 182 4529 878 4605; baseline 0.01 -23"><span class='ocrx_word' id='word_1_533' title='bbox 182 4546 296 4595; x_wconf 80' lang='grc' dir='ltr'><strong>σεως</strong></span> <span class='ocrx_word' id='word_1_534' title='bbox 320 4532 413 4586; x_wconf 77' lang='grc' dir='ltr'><strong>οὐκ</strong></span> <span class='ocrx_word' id='word_1_535' title='bbox 440 4529 588 4603; x_wconf 78' lang='grc' dir='ltr'><strong>εἶχεν</strong></span> <span class='ocrx_word' id='word_1_536' title='bbox 628 4531 878 4605; x_wconf 82' lang='grc' dir='ltr'><strong>αῦχημα.</strong></span> 
     </span>
    </p>
   </div>
   <div class='ocr_carea' id='block_1_76' title="bbox 233 4618 1705 4697">
    <p class='ocr_par' dir='ltr' id='par_1_76' title="bbox 233 4618 1705 4697">
     <span class='ocr_line' id='line_1_76' title="bbox 233 4618 1705 4697; baseline -0.001 -20"><span class='ocrx_word' id='word_1_537' title='bbox 233 4618 294 4690; x_wconf 76' lang='grc' dir='ltr'><strong>η’.</strong></span> <span class='ocrx_word' id='word_1_538' title='bbox 318 4622 524 4695; x_wconf 78' lang='grc' dir='ltr'><strong>Ταύτης</strong></span> <span class='ocrx_word' id='word_1_539' title='bbox 552 4625 618 4695; x_wconf 78' lang='grc' dir='ltr'><strong>δὴ</strong></span> <span class='ocrx_word' id='word_1_540' title='bbox 646 4626 745 4679; x_wconf 78' lang='grc' dir='ltr'><strong>καὶ</strong></span> <span class='ocrx_word' id='word_1_541' title='bbox 776 4625 968 4697; x_wconf 82' lang='grc' dir='ltr'><strong>τρίτης</strong></span> <span class='ocrx_word' id='word_1_542' title='bbox 1001 4624 1447 4696; x_wconf 78' lang='grc' dir='ltr'><strong>ἐπενηνεγμένης</strong></span> <span class='ocrx_word' id='word_1_543' title='bbox 1476 4624 1705 4692; x_wconf 83' lang='grc' dir='ltr'><strong>λύσεως,</strong></span> 
     </span>
    </p>
   </div>
   <div class='ocr_carea' id='block_1_77' title="bbox 181 4714 1706 4787">
    <p class='ocr_par' dir='ltr' id='par_1_77' title="bbox 181 4714 1706 4787">
     <span class='ocr_line' id='line_1_77' title="bbox 181 4714 1706 4787; baseline 0.003 -24"><span class='ocrx_word' id='word_1_544' title='bbox 181 4714 413 4784; x_wconf 73' lang='grc' dir='ltr'><strong>παρετέθη</strong></span> <span class='ocrx_word' id='word_1_545' title='bbox 427 4717 563 4786; x_wconf 79' lang='grc' dir='ltr'><strong>αὐτῇ</strong></span> <span class='ocrx_word' id='word_1_546' title='bbox 588 4717 687 4769; x_wconf 69' lang='grc' dir='ltr'><strong>καὶ</strong></span> <span class='ocrx_word' id='word_1_547' title='bbox 706 4716 922 4786; x_wconf 79' lang='grc' dir='ltr'><strong>ἐτεροία</strong></span> <span class='ocrx_word' id='word_1_548' title='bbox 944 4716 1179 4787; x_wconf 86' lang='grc' dir='ltr'><strong>τετάρτη</strong></span> <span class='ocrx_word' id='word_1_549' title='bbox 1201 4714 1366 4787; x_wconf 79' lang='grc' dir='ltr'><strong>αὕτη.</strong></span> <span class='ocrx_word' id='word_1_550' title='bbox 1392 4715 1706 4785; x_wconf 83' lang='grc' dir='ltr'><strong>Ἐνεργείας</strong></span> 
     </span>
    </p>
   </div>
   <div class='ocr_carea' id='block_1_78' title="bbox 184 4801 1708 4878">
    <p class='ocr_par' dir='ltr' id='par_1_78' title="bbox 184 4801 1708 4878">
     <span class='ocr_line' id='line_1_78' title="bbox 184 4801 1708 4878; baseline 0.005 -26"><span class='ocrx_word' id='word_1_551' title='bbox 184 4801 303 4857; x_wconf 74' lang='grc' dir='ltr'><strong>ἐστιν</strong></span> <span class='ocrx_word' id='word_1_552' title='bbox 330 4805 634 4877; x_wconf 76' lang='grc' dir='ltr'><strong>ἐψαλμένας</strong></span> <span class='ocrx_word' id='word_1_553' title='bbox 666 4807 903 4861; x_wconf 74' lang='grc' dir='ltr'><strong>ἐνταῦθα</strong></span> <span class='ocrx_word' id='word_1_554' title='bbox 925 4806 1123 4876; x_wconf 82' lang='grc' dir='ltr'><strong>νοῆσαι</strong></span> <span class='ocrx_word' id='word_1_555' title='bbox 1162 4808 1255 4861; x_wconf 77' lang='grc' dir='ltr'><strong>καὶ</strong></span> <span class='ocrx_word' id='word_1_556' title='bbox 1276 4807 1374 4870; x_wconf 79' lang='grc' dir='ltr'><strong>τὰς</strong></span> <span class='ocrx_word' id='word_1_557' title='bbox 1394 4801 1464 4878; x_wconf 81' lang='grc' dir='ltr'><strong>ἦν</strong></span> <span class='ocrx_word' id='word_1_558' title='bbox 1489 4807 1580 4860; x_wconf 83' lang='grc' dir='ltr'><strong>ὅτε</strong></span> <span class='ocrx_word' id='word_1_559' title='bbox 1605 4806 1708 4860; x_wconf 85' lang='grc' dir='ltr'><strong>πά-</strong></span> 
     </span>
    </p>
   </div>
   <div class='ocr_carea' id='block_1_79' title="bbox 182 4892 1717 4969">
    <p class='ocr_par' dir='ltr' id='par_1_79' title="bbox 182 4892 1717 4969">
     <span class='ocr_line' id='line_1_79' title="bbox 182 4892 1717 4969; baseline 0.005 -25"><span class='ocrx_word' id='word_1_560' title='bbox 182 4892 248 4946; x_wconf 77' lang='grc' dir='ltr'><strong>λαι</strong></span> <span class='ocrx_word' id='word_1_561' title='bbox 273 4898 387 4950; x_wconf 83' lang='grc' dir='ltr'><strong>ποτέ</strong></span> <span class='ocrx_word' id='word_1_562' title='bbox 416 4897 492 4969; x_wconf 82' lang='grc' dir='ltr'><strong>τῷ</strong></span> <span class='ocrx_word' id='word_1_563' title='bbox 538 4898 676 4968; x_wconf 75' lang='grc' dir='ltr'><strong>πυρὶ</strong></span> <span class='ocrx_word' id='word_1_564' title='bbox 724 4898 1169 4969; x_wconf 82' lang='grc' dir='ltr'><strong>ἐνθεωρουμένας</strong></span> <span class='ocrx_word' id='word_1_565' title='bbox 1192 4914 1208 4930; x_wconf 77' lang='grc' dir='ltr'><strong><em>ο</em></strong></span> <span class='ocrx_word' id='word_1_566' title='bbox 1238 4899 1337 4953; x_wconf 80' lang='grc' dir='ltr'><strong>οὐκ</strong></span> <span class='ocrx_word' id='word_1_567' title='bbox 1367 4899 1595 4962; x_wconf 81' lang='grc' dir='ltr'><strong>ἀπεικὸς</strong></span> <span class='ocrx_word' id='word_1_568' title='bbox 1624 4898 1717 4963; x_wconf 61' lang='grc' dir='ltr'><strong>δὲ,</strong></span> 
     </span>
    </p>
   </div>
   <div class='ocr_carea' id='block_1_80' title="bbox 180 4987 1704 5061">
    <p class='ocr_par' dir='ltr' id='par_1_80' title="bbox 180 4987 1704 5061">
     <span class='ocr_line' id='line_1_80' title="bbox 180 4987 1704 5061; baseline 0.005 -26"><span class='ocrx_word' id='word_1_569' title='bbox 180 4987 321 5040; x_wconf 72' lang='grc' dir='ltr'><strong>εἰπεῖν</strong></span> <span class='ocrx_word' id='word_1_570' title='bbox 345 4989 434 5043; x_wconf 78' lang='grc' dir='ltr'><strong>καὶ</strong></span> <span class='ocrx_word' id='word_1_571' title='bbox 477 4988 947 5061; x_wconf 78' lang='grc' dir='ltr'><strong>ἐνοπτριζομένας</strong></span> <span class='ocrx_word' id='word_1_572' title='bbox 1000 4991 1242 5060; x_wconf 83' lang='grc' dir='ltr'><strong>μεγάλας</strong></span> <span class='ocrx_word' id='word_1_573' title='bbox 1286 4991 1384 5044; x_wconf 76' lang='grc' dir='ltr'><strong>καὶ</strong></span> <span class='ocrx_word' id='word_1_574' title='bbox 1414 4990 1704 5054; x_wconf 76' lang='grc' dir='ltr'><strong>θειοτάτας</strong></span> 
     </span>
    </p>
   </div>
   <div class='ocr_carea' id='block_1_81' title="bbox 178 5079 1704 5153">
    <p class='ocr_par' dir='ltr' id='par_1_81' title="bbox 178 5079 1704 5153">
     <span class='ocr_line' id='line_1_81' title="bbox 178 5079 1704 5153; baseline 0.01 -21"><span class='ocrx_word' id='word_1_575' title='bbox 178 5079 478 5146; x_wconf 76' lang='grc' dir='ltr'><strong>ἀπεκδάσεις</strong></span> <span class='ocrx_word' id='word_1_576' title='bbox 515 5081 813 5153; x_wconf 78' lang='grc' dir='ltr'><strong>ἐσύστερον</strong></span> <span class='ocrx_word' id='word_1_577' title='bbox 861 5084 970 5137; x_wconf 83' lang='grc' dir='ltr'><strong>τῶν</strong></span> <span class='ocrx_word' id='word_1_578' title='bbox 999 5083 1288 5153; x_wconf 76' lang='grc' dir='ltr'><strong>γραφικῶν</strong></span> <span class='ocrx_word' id='word_1_579' title='bbox 1317 5084 1416 5152; x_wconf 79' lang='grc' dir='ltr'><strong>τῆς</strong></span> <span class='ocrx_word' id='word_1_580' title='bbox 1445 5082 1704 5152; x_wconf 74' lang='grc' dir='ltr'><strong>ἀληθείας</strong></span> 
     </span>
    </p>
   </div>
   <div class='ocr_carea' id='block_1_82' title="bbox 174 5171 1705 5246">
    <p class='ocr_par' dir='ltr' id='par_1_82' title="bbox 174 5171 1705 5246">
     <span class='ocr_line' id='line_1_82' title="bbox 174 5171 1705 5246; baseline 0.001 -22"><span class='ocrx_word' id='word_1_581' title='bbox 174 5171 453 5239; x_wconf 54' lang='lat' dir='ltr'><strong>reﬂuum,</strong></span> <span class='ocrx_word' id='word_1_582' title='bbox 484 5174 551 5239; x_wconf 76' lang='grc' dir='ltr'><strong>ἃς</strong></span> <span class='ocrx_word' id='word_1_583' title='bbox 601 5175 998 5246; x_wconf 81' lang='grc' dir='ltr'><strong>ὑπογραφικῶς</strong></span> <span class='ocrx_word' id='word_1_584' title='bbox 1050 5175 1501 5244; x_wconf 81' lang='grc' dir='ltr'><strong>ἐσκιαγράφησεν</strong></span> <span class='ocrx_word' id='word_1_585' title='bbox 1530 5175 1705 5226; x_wconf 81' lang='grc' dir='ltr'><strong>ἐκεῖνο</strong></span> 
     </span>
    </p>
   </div>
   <div class='ocr_carea' id='block_1_83' title="bbox 172 5261 1702 5339">
    <p class='ocr_par' dir='ltr' id='par_1_83' title="bbox 172 5261 1702 5339">
     <span class='ocr_line' id='line_1_83' title="bbox 172 5261 1702 5339; baseline 0 -23"><span class='ocrx_word' id='word_1_586' title='bbox 172 5264 220 5316; x_wconf 70' lang='grc' dir='ltr'><strong>τὸ</strong></span> <span class='ocrx_word' id='word_1_587' title='bbox 244 5261 360 5333; x_wconf 85' lang='grc' dir='ltr'><strong>πῦρ,</strong></span> <span class='ocrx_word' id='word_1_588' title='bbox 391 5269 448 5321; x_wconf 81' lang='grc' dir='ltr'><strong>ἐν</strong></span> <span class='ocrx_word' id='word_1_589' title='bbox 478 5261 569 5331; x_wconf 76' lang='grc' dir='ltr'><strong>αἶς</strong></span> <span class='ocrx_word' id='word_1_590' title='bbox 614 5264 713 5322; x_wconf 87' lang='grc' dir='ltr'><strong>τοῦ</strong></span> <span class='ocrx_word' id='word_1_591' title='bbox 743 5269 995 5339; x_wconf 59' lang='grc' dir='ltr'><strong>ωτῆρος</strong></span> <span class='ocrx_word' id='word_1_592' title='bbox 1039 5269 1198 5339; x_wconf 77' lang='grc' dir='ltr'><strong>ἡμῶν</strong></span> <span class='ocrx_word' id='word_1_593' title='bbox 1253 5267 1431 5337; x_wconf 83' lang='grc' dir='ltr'><strong>Ἰησοῦ</strong></span> <span class='ocrx_word' id='word_1_594' title='bbox 1466 5261 1702 5334; x_wconf 85' lang='grc' dir='ltr'><strong>Χριστοῦ</strong></span> 
     </span>
    </p>
   </div>
   <div class='ocr_carea' id='block_1_84' title="bbox 171 5356 1705 5431">
    <p class='ocr_par' dir='ltr' id='par_1_84' title="bbox 171 5356 1705 5431">
     <span class='ocr_line' id='line_1_84' title="bbox 171 5356 1705 5431; baseline 0 -25"><span class='ocrx_word' id='word_1_595' title='bbox 171 5356 512 5424; x_wconf 76' lang='grc' dir='ltr'><strong>ἁπεικονίζετο</strong></span> <span class='ocrx_word' id='word_1_596' title='bbox 535 5359 815 5431; x_wconf 85' lang='grc' dir='ltr'><strong>γέννησις,</strong></span> <span class='ocrx_word' id='word_1_597' title='bbox 840 5360 963 5414; x_wconf 81' lang='grc' dir='ltr'><strong>καθ’</strong></span> <span class='ocrx_word' id='word_1_598' title='bbox 987 5361 1055 5431; x_wconf 79' lang='grc' dir='ltr'><strong>ἢν</strong></span> <span class='ocrx_word' id='word_1_599' title='bbox 1077 5359 1233 5413; x_wconf 76' lang='grc' dir='ltr'><strong>τοῦτο</strong></span> <span class='ocrx_word' id='word_1_600' title='bbox 1248 5359 1313 5429; x_wconf 81' lang='grc' dir='ltr'><strong>δὴ</strong></span> <span class='ocrx_word' id='word_1_601' title='bbox 1340 5359 1402 5411; x_wconf 74' lang='grc' dir='ltr'><strong>τὸ</strong></span> <span class='ocrx_word' id='word_1_602' title='bbox 1431 5358 1705 5426; x_wconf 52' lang='grc' dir='ltr'><strong>πάριμεγα</strong></span> 
     </span>
    </p>
   </div>
   <div class='ocr_carea' id='block_1_85' title="bbox 170 5447 1708 5520">
    <p class='ocr_par' dir='ltr' id='par_1_85' title="bbox 170 5447 1708 5520">
     <span class='ocr_line' id='line_1_85' title="bbox 170 5447 1708 5520; baseline 0.002 -24"><span class='ocrx_word' id='word_1_603' title='bbox 170 5447 439 5515; x_wconf 79' lang='grc' dir='ltr'><strong>τεράστιον,</strong></span> <span class='ocrx_word' id='word_1_604' title='bbox 466 5450 528 5502; x_wconf 80' lang='grc' dir='ltr'><strong>τὸ</strong></span> <span class='ocrx_word' id='word_1_605' title='bbox 555 5448 659 5520; x_wconf 83' lang='grc' dir='ltr'><strong>τῆς</strong></span> <span class='ocrx_word' id='word_1_606' title='bbox 693 5450 950 5515; x_wconf 83' lang='grc' dir='ltr'><strong>θεότητος</strong></span> <span class='ocrx_word' id='word_1_607' title='bbox 996 5450 1131 5520; x_wconf 88' lang='grc' dir='ltr'><strong>πῦρ,</strong></span> <span class='ocrx_word' id='word_1_608' title='bbox 1161 5450 1235 5513; x_wconf 80' lang='grc' dir='ltr'><strong>ὡς</strong></span> <span class='ocrx_word' id='word_1_609' title='bbox 1268 5450 1326 5502; x_wconf 81' lang='grc' dir='ltr'><strong>ἐν</strong></span> <span class='ocrx_word' id='word_1_610' title='bbox 1356 5449 1541 5511; x_wconf 77' lang='grc' dir='ltr'><strong>ἄλλοις</strong></span> <span class='ocrx_word' id='word_1_611' title='bbox 1570 5447 1708 5518; x_wconf 78' lang='grc' dir='ltr'><strong>ψάλ-</strong></span> 
     </span>
    </p>
   </div>
   <div class='ocr_carea' id='block_1_86' title="bbox 169 5533 1702 5614">
    <p class='ocr_par' dir='ltr' id='par_1_86' title="bbox 169 5533 1702 5614">
     <span class='ocr_line' id='line_1_86' title="bbox 169 5533 1702 5614; baseline 0.005 -26"><span class='ocrx_word' id='word_1_612' title='bbox 169 5533 314 5602; x_wconf 81' lang='grc' dir='ltr'><strong>λεται,</strong></span> <span class='ocrx_word' id='word_1_613' title='bbox 338 5540 433 5610; x_wconf 77' lang='grc' dir='ltr'><strong>τὴν</strong></span> <span class='ocrx_word' id='word_1_614' title='bbox 461 5542 737 5613; x_wconf 82' lang='grc' dir='ltr'><strong>παρθένον</strong></span> <span class='ocrx_word' id='word_1_615' title='bbox 762 5543 865 5597; x_wconf 85' lang='grc' dir='ltr'><strong>οὐκ</strong></span> <span class='ocrx_word' id='word_1_616' title='bbox 893 5543 1140 5613; x_wconf 73' lang='grc' dir='ltr'><strong>ἔφλεξεν,</strong></span> <span class='ocrx_word' id='word_1_617' title='bbox 1168 5539 1257 5597; x_wconf 71' lang='grc' dir='ltr'><strong>οἷα</strong></span> <span class='ocrx_word' id='word_1_618' title='bbox 1283 5542 1494 5614; x_wconf 72' lang='grc' dir='ltr'><strong>ὄμϐρου</strong></span> <span class='ocrx_word' id='word_1_619' title='bbox 1520 5542 1702 5610; x_wconf 85' lang='grc' dir='ltr'><strong>δίκην,</strong></span> 
     </span>
    </p>
   </div>
   <div class='ocr_carea' id='block_1_87' title="bbox 169 5625 1703 5707">
    <p class='ocr_par' dir='ltr' id='par_1_87' title="bbox 169 5625 1703 5707">
     <span class='ocr_line' id='line_1_87' title="bbox 169 5625 1703 5707; baseline 0.003 -25"><span class='ocrx_word' id='word_1_620' title='bbox 169 5625 218 5679; x_wconf 77' lang='grc' dir='ltr'><strong>ὃν</strong></span> <span class='ocrx_word' id='word_1_621' title='bbox 254 5635 551 5706; x_wconf 76' lang='grc' dir='ltr'><strong>προφητικὴ</strong></span> <span class='ocrx_word' id='word_1_622' title='bbox 599 5635 796 5707; x_wconf 82' lang='grc' dir='ltr'><strong>ὅρασις</strong></span> <span class='ocrx_word' id='word_1_623' title='bbox 842 5636 1119 5707; x_wconf 84' lang='grc' dir='ltr'><strong>ἐθεώρησε</strong></span> <span class='ocrx_word' id='word_1_624' title='bbox 1169 5640 1583 5707; x_wconf 81' lang='grc' dir='ltr'><strong>πυρφορήσασα</strong></span> <span class='ocrx_word' id='word_1_625' title='bbox 1611 5634 1703 5686; x_wconf 85' lang='grc' dir='ltr'><strong>τὸν</strong></span> 
     </span>
    </p>
   </div>
   <div class='ocr_carea' id='block_1_88' title="bbox 170 5707 1725 5801">
    <p class='ocr_par' dir='ltr' id='par_1_88' title="bbox 170 5707 1725 5801">
     <span class='ocr_line' id='line_1_88' title="bbox 170 5707 1725 5801; baseline -0.005 -17"><span class='ocrx_word' id='word_1_626' title='bbox 170 5720 245 5788; x_wconf 80' lang='grc' dir='ltr'><strong>τῆς</strong></span> <span class='ocrx_word' id='word_1_627' title='bbox 272 5722 487 5795; x_wconf 81' lang='grc' dir='ltr'><strong>Τριάδος</strong></span> <span class='ocrx_word' id='word_1_628' title='bbox 534 5727 632 5779; x_wconf 71' lang='grc' dir='ltr'><strong>ἕνα</strong></span> <span class='ocrx_word' id='word_1_629' title='bbox 672 5727 930 5797; x_wconf 80' lang='grc' dir='ltr'><strong>Χριστόν.</strong></span> <span class='ocrx_word' id='word_1_630' title='bbox 995 5728 1322 5801; x_wconf 82' lang='grc' dir='ltr'><strong>Ἐνεργειῶν</strong></span> <span class='ocrx_word' id='word_1_631' title='bbox 1350 5728 1497 5798; x_wconf 82' lang='grc' dir='ltr'><strong>λόγῳ</strong></span> <span class='ocrx_word' id='word_1_632' title='bbox 1524 5707 1725 5778; x_wconf 59' lang='grc' dir='ltr'><strong>ταῦτα’</strong></span> 
     </span>
    </p>
   </div>
   <div class='ocr_carea' id='block_1_89' title="bbox 169 5813 1694 5890">
    <p class='ocr_par' dir='ltr' id='par_1_89' title="bbox 169 5813 1694 5890">
     <span class='ocr_line' id='line_1_89' title="bbox 169 5813 1694 5890; baseline 0.012 -25"><span class='ocrx_word' id='word_1_633' title='bbox 169 5814 379 5881; x_wconf 73' lang='grc' dir='ltr'><strong>πυρίνων</strong></span> <span class='ocrx_word' id='word_1_634' title='bbox 427 5817 689 5890; x_wconf 71' lang='grc' dir='ltr'><strong>ἀρρήτων</strong></span> <span class='ocrx_word' id='word_1_635' title='bbox 743 5819 1052 5889; x_wconf 79' lang='grc' dir='ltr'><strong>γεννήσεως</strong></span> <span class='ocrx_word' id='word_1_636' title='bbox 1111 5819 1449 5889; x_wconf 68' lang='grc' dir='ltr'><strong>ὑπερφυοῦς,</strong></span> <span class='ocrx_word' id='word_1_637' title='bbox 1491 5818 1558 5872; x_wconf 73' lang='grc' dir='ltr'><strong>δι’</strong></span> <span class='ocrx_word' id='word_1_638' title='bbox 1602 5813 1694 5884; x_wconf 80' lang='grc' dir='ltr'><strong>ἦς.</strong></span> 
     </span>
    </p>
   </div>
   <div class='ocr_carea' id='block_1_90' title="bbox 1733 4505 1786 4565">
    <p class='ocr_par' dir='ltr' id='par_1_90' title="bbox 1733 4505 1786 4565">
     <span class='ocr_line' id='line_1_90' title="bbox 1733 4505 1786 4565; baseline 0 0"><span class='ocrx_word' id='word_1_639' title='bbox 1733 4505 1786 4565; x_wconf 86' lang='lat' dir='ltr'><strong>D</strong></span> 
     </span>
    </p>
   </div>
   <div class='ocr_carea' id='block_1_91' title="bbox 1813 3232 3388 3307">
    <p class='ocr_par' dir='ltr' id='par_1_91' title="bbox 1813 3232 3388 3307">
     <span class='ocr_line' id='line_1_91' title="bbox 1813 3232 3388 3307; baseline 0.003 -21"><span class='ocrx_word' id='word_1_640' title='bbox 1813 3249 1918 3307; x_wconf 87' lang='lat' dir='ltr'><strong>que</strong></span> <span class='ocrx_word' id='word_1_641' title='bbox 1942 3232 2177 3295; x_wconf 81' lang='lat' dir='ltr'><strong>ﬂamma,</strong></span> <span class='ocrx_word' id='word_1_642' title='bbox 2203 3233 2404 3304; x_wconf 85' lang='lat' dir='ltr'><strong>quibus</strong></span> <span class='ocrx_word' id='word_1_643' title='bbox 2426 3232 2580 3303; x_wconf 84' lang='lat' dir='ltr'><strong>pueri</strong></span> <span class='ocrx_word' id='word_1_644' title='bbox 2619 3235 2671 3288; x_wconf 90' lang='lat' dir='ltr'><strong>in</strong></span> <span class='ocrx_word' id='word_1_645' title='bbox 2705 3233 2872 3289; x_wconf 90' lang='lat' dir='ltr'><strong>Deum</strong></span> <span class='ocrx_word' id='word_1_646' title='bbox 2899 3234 3219 3304; x_wconf 82' lang='lat' dir='ltr'><strong>ﬂagrabant,</strong></span> <span class='ocrx_word' id='word_1_647' title='bbox 3267 3241 3388 3291; x_wconf 86' lang='lat' dir='ltr'><strong>nul-</strong></span> 
     </span>
    </p>
   </div>
   <div class='ocr_carea' id='block_1_92' title="bbox 1814 3322 3512 3393">
    <p class='ocr_par' dir='ltr' id='par_1_92' title="bbox 1814 3322 3512 3393">
     <span class='ocr_line' id='line_1_92' title="bbox 1814 3322 3512 3393; baseline -0.002 -14"><span class='ocrx_word' id='word_1_648' title='bbox 1814 3324 1921 3379; x_wconf 85' lang='lat' dir='ltr'><strong>lam</strong></span> <span class='ocrx_word' id='word_1_649' title='bbox 1989 3322 2261 3378; x_wconf 80' lang='lat' dir='ltr'><strong>habebant</strong></span> <span class='ocrx_word' id='word_1_650' title='bbox 2327 3323 2737 3392; x_wconf 86' lang='lat' dir='ltr'><strong>proportionem</strong></span> <span class='ocrx_word' id='word_1_651' title='bbox 2806 3325 3384 3393; x_wconf 84' lang='lat' dir='ltr'><strong>comparationetnque</strong></span> <span class='ocrx_word' id='word_1_652' title='bbox 3494 3365 3512 3376; x_wconf 45' lang='grc' dir='ltr'><strong>ε</strong></span> 
     </span>
    </p>
   </div>
   <div class='ocr_carea' id='block_1_93' title="bbox 1812 3413 3385 3488">
    <p class='ocr_par' dir='ltr' id='par_1_93' title="bbox 1812 3413 3385 3488">
     <span class='ocr_line' id='line_1_93' title="bbox 1812 3413 3385 3488; baseline -0.001 -16"><span class='ocrx_word' id='word_1_653' title='bbox 1812 3433 1938 3472; x_wconf 82' lang='lat' dir='ltr'><strong>cum</strong></span> <span class='ocrx_word' id='word_1_654' title='bbox 1966 3416 2091 3487; x_wconf 89' lang='lat' dir='ltr'><strong>igne</strong></span> <span class='ocrx_word' id='word_1_655' title='bbox 2116 3414 2449 3471; x_wconf 77' lang='lat' dir='ltr'><strong>Chaldaico:</strong></span> <span class='ocrx_word' id='word_1_656' title='bbox 2487 3415 2630 3470; x_wconf 88' lang='lat' dir='ltr'><strong>unde</strong></span> <span class='ocrx_word' id='word_1_657' title='bbox 2660 3413 3011 3471; x_wconf 82' lang='lat' dir='ltr'><strong>infuscabant</strong></span> <span class='ocrx_word' id='word_1_658' title='bbox 3034 3418 3209 3488; x_wconf 86' lang='lat' dir='ltr'><strong>ignem</strong></span> <span class='ocrx_word' id='word_1_659' title='bbox 3238 3418 3385 3472; x_wconf 89' lang='lat' dir='ltr'><strong>hunc</strong></span> 
     </span>
    </p>
   </div>
   <div class='ocr_carea' id='block_1_94' title="bbox 1813 3504 3383 3578">
    <p class='ocr_par' dir='ltr' id='par_1_94' title="bbox 1813 3504 3383 3578">
     <span class='ocr_line' id='line_1_94' title="bbox 1813 3504 3383 3578; baseline 0.001 -17"><span class='ocrx_word' id='word_1_660' title='bbox 1813 3507 2046 3578; x_wconf 87' lang='lat' dir='ltr'><strong>ejusque</strong></span> <span class='ocrx_word' id='word_1_661' title='bbox 2091 3506 2341 3560; x_wconf 88' lang='lat' dir='ltr'><strong>ardorem</strong></span> <span class='ocrx_word' id='word_1_662' title='bbox 2390 3504 2565 3561; x_wconf 87' lang='lat' dir='ltr'><strong>altero</strong></span> <span class='ocrx_word' id='word_1_663' title='bbox 2613 3506 2851 3576; x_wconf 85' lang='lat' dir='ltr'><strong>majore,</strong></span> <span class='ocrx_word' id='word_1_664' title='bbox 2903 3523 2967 3564; x_wconf 88' lang='lat' dir='ltr'><strong>ac</strong></span> <span class='ocrx_word' id='word_1_665' title='bbox 3011 3506 3383 3573; x_wconf 86' lang='lat' dir='ltr'><strong>divinissimo,</strong></span> 
     </span>
    </p>
   </div>
   <div class='ocr_carea' id='block_1_95' title="bbox 1810 3594 2428 3672">
    <p class='ocr_par' dir='ltr' id='par_1_95' title="bbox 1810 3594 2428 3672">
     <span class='ocr_line' id='line_1_95' title="bbox 1810 3594 2428 3672; baseline -0.011 -14"><span class='ocrx_word' id='word_1_666' title='bbox 1810 3600 2045 3672; x_wconf 79' lang='lat' dir='ltr'><strong>ideoque</strong></span> <span class='ocrx_word' id='word_1_667' title='bbox 2072 3594 2428 3652; x_wconf 77' lang='lat' dir='ltr'><strong>intolerabili.</strong></span> 
     </span>
    </p>
   </div>
   <div class='ocr_carea' id='block_1_96' title="bbox 1884 3776 3387 3851">
    <p class='ocr_par' dir='ltr' id='par_1_96' title="bbox 1884 3776 3387 3851">
     <span class='ocr_line' id='line_1_96' title="bbox 1884 3776 3387 3851; baseline 0.003 -17"><span class='ocrx_word' id='word_1_668' title='bbox 1884 3777 1935 3837; x_wconf 85' lang='lat'><strong>7.</strong></span> <span class='ocrx_word' id='word_1_669' title='bbox 1964 3778 2263 3851; x_wconf 85' lang='lat' dir='ltr'><strong>Oportebat</strong></span> <span class='ocrx_word' id='word_1_670' title='bbox 2297 3778 2464 3848; x_wconf 88' lang='lat' dir='ltr'><strong>igitur</strong></span> <span class='ocrx_word' id='word_1_671' title='bbox 2494 3777 2612 3834; x_wconf 86' lang='lat' dir='ltr'><strong>zeio</strong></span> <span class='ocrx_word' id='word_1_672' title='bbox 2656 3776 2752 3835; x_wconf 85' lang='lat' dir='ltr'><strong>Dei</strong></span> <span class='ocrx_word' id='word_1_673' title='bbox 2804 3795 3064 3838; x_wconf 79' lang='lat' dir='ltr'><strong>accensos</strong></span> <span class='ocrx_word' id='word_1_674' title='bbox 3099 3781 3206 3851; x_wconf 86' lang='lat' dir='ltr'><strong>igni</strong></span> <span class='ocrx_word' id='word_1_675' title='bbox 3261 3781 3387 3839; x_wconf 87' lang='lat' dir='ltr'><strong>huic</strong></span> 
     </span>
    </p>
   </div>
   <div class='ocr_carea' id='block_1_97' title="bbox 1810 3868 3387 3951">
    <p class='ocr_par' dir='ltr' id='par_1_97' title="bbox 1810 3868 3387 3951">
     <span class='ocr_line' id='line_1_97' title="bbox 1810 3868 3387 3951; baseline 0.002 -22"><span class='ocrx_word' id='word_1_676' title='bbox 1810 3873 2056 3929; x_wconf 86' lang='lat' dir='ltr'><strong>sensibili</strong></span> <span class='ocrx_word' id='word_1_677' title='bbox 2090 3873 2234 3927; x_wconf 85' lang='lat' dir='ltr'><strong>haud</strong></span> <span class='ocrx_word' id='word_1_678' title='bbox 2267 3887 2391 3929; x_wconf 85' lang='lat' dir='ltr'><strong>esse</strong></span> <span class='ocrx_word' id='word_1_679' title='bbox 2423 3868 2685 3942; x_wconf 77' lang='lat' dir='ltr'><strong>impares,</strong></span> <span class='ocrx_word' id='word_1_680' title='bbox 2717 3875 2812 3927; x_wconf 88' lang='lat' dir='ltr'><strong>sed</strong></span> <span class='ocrx_word' id='word_1_681' title='bbox 2848 3876 3177 3951; x_wconf 62' lang='lat' dir='ltr'><strong>superiores,</strong></span> <span class='ocrx_word' id='word_1_682' title='bbox 3228 3877 3387 3945; x_wconf 81' lang='lat' dir='ltr'><strong>quasi</strong></span> 
     </span>
    </p>
   </div>
   <div class='ocr_carea' id='block_1_98' title="bbox 1812 3963 3386 4037">
    <p class='ocr_par' dir='ltr' id='par_1_98' title="bbox 1812 3963 3386 4037">
     <span class='ocr_line' id='line_1_98' title="bbox 1812 3963 3386 4037; baseline 0.002 -19"><span class='ocrx_word' id='word_1_683' title='bbox 1812 3965 2060 4036; x_wconf 78' lang='lat' dir='ltr'><strong>frigidam</strong></span> <span class='ocrx_word' id='word_1_684' title='bbox 2097 3966 2373 4037; x_wconf 69' lang='lat' dir='ltr'><strong>ingressos</strong></span> <span class='ocrx_word' id='word_1_685' title='bbox 2420 3972 2641 4035; x_wconf 82' lang='lat' dir='ltr'><strong>aquam.</strong></span> <span class='ocrx_word' id='word_1_686' title='bbox 2692 3963 2978 4019; x_wconf 79' lang='lat' dir='ltr'><strong>Infremuit</strong></span> <span class='ocrx_word' id='word_1_687' title='bbox 3027 3968 3200 4029; x_wconf 88' lang='lat' dir='ltr'><strong>enim,</strong></span> <span class='ocrx_word' id='word_1_688' title='bbox 3234 3971 3386 4022; x_wconf 86' lang='lat' dir='ltr'><strong>utita</strong></span> 
     </span>
    </p>
   </div>
   <div class='ocr_carea' id='block_1_99' title="bbox 1810 4060 3388 4131">
    <p class='ocr_par' dir='ltr' id='par_1_99' title="bbox 1810 4060 3388 4131">
     <span class='ocr_line' id='line_1_99' title="bbox 1810 4060 3388 4131; baseline -0.003 -12"><span class='ocrx_word' id='word_1_689' title='bbox 1810 4063 2012 4124; x_wconf 83' lang='lat' dir='ltr'><strong>dicant,</strong></span> <span class='ocrx_word' id='word_1_690' title='bbox 2058 4069 2111 4116; x_wconf 87' lang='lat' dir='ltr'><strong>et</strong></span> <span class='ocrx_word' id='word_1_691' title='bbox 2163 4061 2330 4116; x_wconf 80' lang='lat' dir='ltr'><strong>cessit</strong></span> <span class='ocrx_word' id='word_1_692' title='bbox 2359 4060 2685 4130; x_wconf 88' lang='lat' dir='ltr'><strong>corporibus</strong></span> <span class='ocrx_word' id='word_1_693' title='bbox 2724 4062 2937 4115; x_wconf 88' lang='lat' dir='ltr'><strong>sanctis</strong></span> <span class='ocrx_word' id='word_1_694' title='bbox 2968 4075 3089 4131; x_wconf 81' lang='lat' dir='ltr'><strong>quae</strong></span> <span class='ocrx_word' id='word_1_695' title='bbox 3125 4060 3266 4115; x_wconf 86' lang='lat' dir='ltr'><strong>Deus</strong></span> <span class='ocrx_word' id='word_1_696' title='bbox 3304 4061 3388 4114; x_wconf 87' lang='lat' dir='ltr'><strong>iu-</strong></span> 
     </span>
    </p>
   </div>
   <div class='ocr_carea' id='block_1_100' title="bbox 1809 4152 3381 4223">
    <p class='ocr_par' dir='ltr' id='par_1_100' title="bbox 1809 4152 3381 4223">
     <span class='ocr_line' id='line_1_100' title="bbox 1809 4152 3381 4223; baseline -0.002 -14"><span class='ocrx_word' id='word_1_697' title='bbox 1809 4155 2114 4218; x_wconf 88' lang='lat' dir='ltr'><strong>habitabat,</strong></span> <span class='ocrx_word' id='word_1_698' title='bbox 2148 4153 2441 4208; x_wconf 77' lang='lat' dir='ltr'><strong>famulatus</strong></span> <span class='ocrx_word' id='word_1_699' title='bbox 2474 4154 2637 4223; x_wconf 83' lang='lat' dir='ltr'><strong>ignis,</strong></span> <span class='ocrx_word' id='word_1_700' title='bbox 2670 4166 2772 4205; x_wconf 90' lang='lat' dir='ltr'><strong>nec</strong></span> <span class='ocrx_word' id='word_1_701' title='bbox 2806 4152 2983 4222; x_wconf 84' lang='lat' dir='ltr'><strong>potuit</strong></span> <span class='ocrx_word' id='word_1_702' title='bbox 3032 4152 3251 4221; x_wconf 87' lang='lat' dir='ltr'><strong>inclytis</strong></span> <span class='ocrx_word' id='word_1_703' title='bbox 3291 4153 3381 4206; x_wconf 82' lang='lat' dir='ltr'><strong>Dei</strong></span> 
     </span>
    </p>
   </div>
   <div class='ocr_carea' id='block_1_101' title="bbox 1809 4245 3386 4319">
    <p class='ocr_par' dir='ltr' id='par_1_101' title="bbox 1809 4245 3386 4319">
     <span class='ocr_line' id='line_1_101' title="bbox 1809 4245 3386 4319; baseline -0.001 -18"><span class='ocrx_word' id='word_1_704' title='bbox 1809 4247 1995 4319; x_wconf 88' lang='lat' dir='ltr'><strong>pueris</strong></span> <span class='ocrx_word' id='word_1_705' title='bbox 2025 4262 2179 4301; x_wconf 82' lang='lat' dir='ltr'><strong>suam</strong></span> <span class='ocrx_word' id='word_1_706' title='bbox 2217 4260 2494 4314; x_wconf 76' lang='lat' dir='ltr'><strong>Opponere</strong></span> <span class='ocrx_word' id='word_1_707' title='bbox 2522 4245 2802 4309; x_wconf 73' lang='lat' dir='ltr'><strong>vilitatem,</strong></span> <span class='ocrx_word' id='word_1_708' title='bbox 2840 4246 2934 4299; x_wconf 88' lang='lat' dir='ltr'><strong>sed</strong></span> <span class='ocrx_word' id='word_1_709' title='bbox 2973 4245 3118 4300; x_wconf 83' lang='lat' dir='ltr'><strong>velut</strong></span> <span class='ocrx_word' id='word_1_710' title='bbox 3156 4250 3386 4301; x_wconf 85' lang='lat' dir='ltr'><strong>horrore</strong></span> 
     </span>
    </p>
   </div>
   <div class='ocr_carea' id='block_1_102' title="bbox 1808 4337 3032 4411">
    <p class='ocr_par' dir='ltr' id='par_1_102' title="bbox 1808 4337 3032 4411">
     <span class='ocr_line' id='line_1_102' title="bbox 1808 4337 3032 4411; baseline -0.003 -16"><span class='ocrx_word' id='word_1_711' title='bbox 1808 4338 2017 4411; x_wconf 81' lang='lat' dir='ltr'><strong>gelidus</strong></span> <span class='ocrx_word' id='word_1_712' title='bbox 2041 4348 2095 4394; x_wconf 90' lang='lat' dir='ltr'><strong>et</strong></span> <span class='ocrx_word' id='word_1_713' title='bbox 2125 4337 2310 4402; x_wconf 86' lang='lat' dir='ltr'><strong>hebes,</strong></span> <span class='ocrx_word' id='word_1_714' title='bbox 2341 4352 2500 4392; x_wconf 90' lang='lat' dir='ltr'><strong>urere</strong></span> <span class='ocrx_word' id='word_1_715' title='bbox 2521 4350 2630 4392; x_wconf 89' lang='lat' dir='ltr'><strong>non</strong></span> <span class='ocrx_word' id='word_1_716' title='bbox 2663 4339 3032 4407; x_wconf 67' lang='lat' dir='ltr'><strong>prmsumpsit.</strong></span> 
     </span>
    </p>
   </div>
   <div class='ocr_carea' id='block_1_103' title="bbox 1884 4590 3380 4665">
    <p class='ocr_par' dir='ltr' id='par_1_103' title="bbox 1884 4590 3380 4665">
     <span class='ocr_line' id='line_1_103' title="bbox 1884 4590 3380 4665; baseline 0 0"><span class='ocrx_word' id='word_1_717' title='bbox 1884 4609 1938 4665; x_wconf 88' lang='lat'><strong>8.</strong></span> <span class='ocrx_word' id='word_1_718' title='bbox 1980 4609 2170 4665; x_wconf 75' lang='lat' dir='ltr'><strong>Allata:</strong></span> <span class='ocrx_word' id='word_1_719' title='bbox 2200 4607 2277 4663; x_wconf 88' lang='lat' dir='ltr'><strong>illi</strong></span> <span class='ocrx_word' id='word_1_720' title='bbox 2302 4608 2478 4664; x_wconf 78' lang='lat' dir='ltr'><strong>tertia:</strong></span> <span class='ocrx_word' id='word_1_721' title='bbox 2507 4590 2769 4664; x_wconf 75' lang='lat' dir='ltr'><strong>solutioni</strong></span> <span class='ocrx_word' id='word_1_722' title='bbox 2798 4609 2983 4664; x_wconf 87' lang='lat' dir='ltr'><strong>addita</strong></span> <span class='ocrx_word' id='word_1_723' title='bbox 3011 4619 3094 4665; x_wconf 87' lang='lat' dir='ltr'><strong>est</strong></span> <span class='ocrx_word' id='word_1_724' title='bbox 3125 4610 3239 4665; x_wconf 72' lang='lat' dir='ltr'><strong>hazc</strong></span> <span class='ocrx_word' id='word_1_725' title='bbox 3277 4611 3380 4665; x_wconf 84' lang='lat' dir='ltr'><strong>alia</strong></span> 
     </span>
    </p>
   </div>
   <div class='ocr_carea' id='block_1_104' title="bbox 1812 4700 3386 4771">
    <p class='ocr_par' dir='ltr' id='par_1_104' title="bbox 1812 4700 3386 4771">
     <span class='ocr_line' id='line_1_104' title="bbox 1812 4700 3386 4771; baseline -0.004 -15"><span class='ocrx_word' id='word_1_726' title='bbox 1812 4711 2029 4771; x_wconf 81' lang='lat' dir='ltr'><strong>quarta.</strong></span> <span class='ocrx_word' id='word_1_727' title='bbox 2053 4701 2366 4770; x_wconf 81' lang='lat' dir='ltr'><strong>Recogitari</strong></span> <span class='ocrx_word' id='word_1_728' title='bbox 2394 4700 2539 4754; x_wconf 90' lang='lat' dir='ltr'><strong>enim</strong></span> <span class='ocrx_word' id='word_1_729' title='bbox 2568 4711 2820 4770; x_wconf 88' lang='lat' dir='ltr'><strong>possunt,</strong></span> <span class='ocrx_word' id='word_1_730' title='bbox 2852 4710 2962 4755; x_wconf 90' lang='lat' dir='ltr'><strong>tum</strong></span> <span class='ocrx_word' id='word_1_731' title='bbox 2993 4716 3113 4770; x_wconf 64' lang='lat' dir='ltr'><strong>quae</strong></span> <span class='ocrx_word' id='word_1_732' title='bbox 3143 4701 3228 4756; x_wconf 87' lang='lat' dir='ltr'><strong>hic</strong></span> <span class='ocrx_word' id='word_1_733' title='bbox 3253 4718 3341 4770; x_wconf 60' lang='grc' dir='ltr'><strong>ραι</strong></span> <span class='ocrx_word' id='word_1_734' title='bbox 3360 4730 3386 4741; x_wconf 91' lang='grc'><strong>-</strong></span> 
     </span>
    </p>
   </div>
   <div class='ocr_carea' id='block_1_105' title="bbox 1814 4792 3380 4863">
    <p class='ocr_par' dir='ltr' id='par_1_105' title="bbox 1814 4792 3380 4863">
     <span class='ocr_line' id='line_1_105' title="bbox 1814 4792 3380 4863; baseline -0.003 -13"><span class='ocrx_word' id='word_1_735' title='bbox 1814 4795 1937 4850; x_wconf 64' lang='lat' dir='ltr'><strong>latae</strong></span> <span class='ocrx_word' id='word_1_736' title='bbox 1968 4804 2094 4850; x_wconf 88' lang='lat' dir='ltr'><strong>sunt</strong></span> <span class='ocrx_word' id='word_1_737' title='bbox 2128 4793 2380 4857; x_wconf 86' lang='lat' dir='ltr'><strong>virtutes,</strong></span> <span class='ocrx_word' id='word_1_738' title='bbox 2425 4803 2538 4847; x_wconf 89' lang='lat' dir='ltr'><strong>tum</strong></span> <span class='ocrx_word' id='word_1_739' title='bbox 2590 4809 2712 4863; x_wconf 62' lang='lat' dir='ltr'><strong>qua:</strong></span> <span class='ocrx_word' id='word_1_740' title='bbox 2752 4793 3048 4861; x_wconf 79' lang='lat' dir='ltr'><strong>aliquando</strong></span> <span class='ocrx_word' id='word_1_741' title='bbox 3078 4792 3285 4861; x_wconf 81' lang='lat' dir='ltr'><strong>pridem</strong></span> <span class='ocrx_word' id='word_1_742' title='bbox 3325 4794 3380 4845; x_wconf 86' lang='lat' dir='ltr'><strong>iu</strong></span> 
     </span>
    </p>
   </div>
   <div class='ocr_carea' id='block_1_106' title="bbox 1814 4883 3380 4957">
    <p class='ocr_par' dir='ltr' id='par_1_106' title="bbox 1814 4883 3380 4957">
     <span class='ocr_line' id='line_1_106' title="bbox 1814 4883 3380 4957; baseline -0.003 -14"><span class='ocrx_word' id='word_1_743' title='bbox 1814 4886 1938 4957; x_wconf 75' lang='lat' dir='ltr'><strong>igne</strong></span> <span class='ocrx_word' id='word_1_744' title='bbox 1967 4887 2382 4956; x_wconf 86' lang='lat' dir='ltr'><strong>conspiciuntur</strong></span> <span class='ocrx_word' id='word_1_745' title='bbox 2408 4903 2422 4950; x_wconf 90' lang='lat'><strong>;</strong></span> <span class='ocrx_word' id='word_1_746' title='bbox 2452 4900 2552 4940; x_wconf 91' lang='lat' dir='ltr'><strong>nec</strong></span> <span class='ocrx_word' id='word_1_747' title='bbox 2585 4883 2864 4939; x_wconf 78' lang='lat' dir='ltr'><strong>immerito</strong></span> <span class='ocrx_word' id='word_1_748' title='bbox 2891 4884 3122 4939; x_wconf 80' lang='lat' dir='ltr'><strong>dixerim</strong></span> <span class='ocrx_word' id='word_1_749' title='bbox 3152 4886 3296 4939; x_wconf 83' lang='lat' dir='ltr'><strong>velut</strong></span> <span class='ocrx_word' id='word_1_750' title='bbox 3327 4886 3380 4939; x_wconf 88' lang='lat' dir='ltr'><strong>itt</strong></span> 
     </span>
    </p>
   </div>
   <div class='ocr_carea' id='block_1_107' title="bbox 1813 4974 3383 5049">
    <p class='ocr_par' dir='ltr' id='par_1_107' title="bbox 1813 4974 3383 5049">
     <span class='ocr_line' id='line_1_107' title="bbox 1813 4974 3383 5049; baseline -0.004 -13"><span class='ocrx_word' id='word_1_751' title='bbox 1813 4979 2036 5049; x_wconf 90' lang='lat' dir='ltr'><strong>specqu</strong></span> <span class='ocrx_word' id='word_1_752' title='bbox 2082 4974 2322 5047; x_wconf 80' lang='lat' dir='ltr'><strong>prospici</strong></span> <span class='ocrx_word' id='word_1_753' title='bbox 2369 4991 2595 5046; x_wconf 82' lang='lat' dir='ltr'><strong>magnos</strong></span> <span class='ocrx_word' id='word_1_754' title='bbox 2633 4975 3119 5048; x_wconf 84' lang='lat' dir='ltr'><strong>divinissimosque</strong></span> <span class='ocrx_word' id='word_1_755' title='bbox 3154 4989 3383 5034; x_wconf 75' lang='lat' dir='ltr'><strong>eventus</strong></span> 
     </span>
    </p>
   </div>
   <div class='ocr_carea' id='block_1_108' title="bbox 1811 5066 3383 5145">
    <p class='ocr_par' dir='ltr' id='par_1_108' title="bbox 1811 5066 3383 5145">
     <span class='ocr_line' id='line_1_108' title="bbox 1811 5066 3383 5145; baseline -0.003 -20"><span class='ocrx_word' id='word_1_756' title='bbox 1811 5080 2135 5127; x_wconf 76' lang='lat' dir='ltr'><strong>consecutos</strong></span> <span class='ocrx_word' id='word_1_757' title='bbox 2154 5066 2508 5145; x_wconf 86' lang='lat' dir='ltr'><strong>scripturales</strong></span> <span class='ocrx_word' id='word_1_758' title='bbox 2531 5067 2771 5122; x_wconf 88' lang='lat' dir='ltr'><strong>veritatis</strong></span> <span class='ocrx_word' id='word_1_759' title='bbox 2792 5068 3017 5138; x_wconf 72' lang='lat' dir='ltr'><strong>figuras,</strong></span> <span class='ocrx_word' id='word_1_760' title='bbox 3035 5085 3174 5139; x_wconf 86' lang='lat' dir='ltr'><strong>quas</strong></span> <span class='ocrx_word' id='word_1_761' title='bbox 3194 5074 3383 5123; x_wconf 73' lang='lat' dir='ltr'><strong>adum-</strong></span> 
     </span>
    </p>
   </div>
   <div class='ocr_carea' id='block_1_109' title="bbox 1813 5158 3383 5231">
    <p class='ocr_par' dir='ltr' id='par_1_109' title="bbox 1813 5158 3383 5231">
     <span class='ocr_line' id='line_1_109' title="bbox 1813 5158 3383 5231; baseline -0.003 -13"><span class='ocrx_word' id='word_1_762' title='bbox 1813 5166 2007 5219; x_wconf 84' lang='lat' dir='ltr'><strong>bratim</strong></span> <span class='ocrx_word' id='word_1_763' title='bbox 2041 5162 2350 5216; x_wconf 87' lang='lat' dir='ltr'><strong>delineabat</strong></span> <span class='ocrx_word' id='word_1_764' title='bbox 2401 5159 2490 5215; x_wconf 87' lang='lat' dir='ltr'><strong>ille</strong></span> <span class='ocrx_word' id='word_1_765' title='bbox 2533 5158 2705 5229; x_wconf 84' lang='lat' dir='ltr'><strong>ignis,</strong></span> <span class='ocrx_word' id='word_1_766' title='bbox 2745 5168 2800 5214; x_wconf 88' lang='lat' dir='ltr'><strong>et</strong></span> <span class='ocrx_word' id='word_1_767' title='bbox 2834 5161 3036 5231; x_wconf 89' lang='lat' dir='ltr'><strong>quibus</strong></span> <span class='ocrx_word' id='word_1_768' title='bbox 3085 5159 3383 5216; x_wconf 85' lang='lat' dir='ltr'><strong>Salvator&#39;s</strong></span> 
     </span>
    </p>
   </div>
   <div class='ocr_carea' id='block_1_110' title="bbox 1811 5250 3382 5324">
    <p class='ocr_par' dir='ltr' id='par_1_110' title="bbox 1811 5250 3382 5324">
     <span class='ocr_line' id='line_1_110' title="bbox 1811 5250 3382 5324; baseline -0.005 -13"><span class='ocrx_word' id='word_1_769' title='bbox 1811 5255 1983 5311; x_wconf 90' lang='lat' dir='ltr'><strong>nostri</strong></span> <span class='ocrx_word' id='word_1_770' title='bbox 2028 5253 2452 5324; x_wconf 84' lang='lat' dir='ltr'><strong>portendebatur</strong></span> <span class='ocrx_word' id='word_1_771' title='bbox 2486 5251 2762 5309; x_wconf 84' lang='lat' dir='ltr'><strong>nativitas.</strong></span> <span class='ocrx_word' id='word_1_772' title='bbox 2812 5250 2872 5307; x_wconf 81' lang='lat' dir='ltr'><strong>in</strong></span> <span class='ocrx_word' id='word_1_773' title='bbox 2915 5251 3018 5308; x_wconf 85' lang='lat' dir='ltr'><strong>hac</strong></span> <span class='ocrx_word' id='word_1_774' title='bbox 3060 5254 3226 5319; x_wconf 89' lang='lat' dir='ltr'><strong>enim,</strong></span> <span class='ocrx_word' id='word_1_775' title='bbox 3286 5268 3382 5321; x_wconf 70' lang='lat' dir='ltr'><strong>per</strong></span> 
     </span>
    </p>
   </div>
   <div class='ocr_carea' id='block_1_111' title="bbox 1812 5343 3377 5418">
    <p class='ocr_par' dir='ltr' id='par_1_111' title="bbox 1812 5343 3377 5418">
     <span class='ocr_line' id='line_1_111' title="bbox 1812 5343 3377 5418; baseline -0.006 -16"><span class='ocrx_word' id='word_1_776' title='bbox 1812 5348 2027 5418; x_wconf 87' lang='lat' dir='ltr'><strong>insigne</strong></span> <span class='ocrx_word' id='word_1_777' title='bbox 2056 5344 2406 5410; x_wconf 84' lang='lat' dir='ltr'><strong>miraculum,</strong></span> <span class='ocrx_word' id='word_1_778' title='bbox 2435 5343 2736 5400; x_wconf 86' lang='lat' dir='ltr'><strong>divinitatis</strong></span> <span class='ocrx_word' id='word_1_779' title='bbox 2768 5343 2937 5413; x_wconf 74' lang='lat' dir='ltr'><strong>ignis,</strong></span> <span class='ocrx_word' id='word_1_780' title='bbox 2972 5351 3029 5398; x_wconf 88' lang='lat' dir='ltr'><strong>ut</strong></span> <span class='ocrx_word' id='word_1_781' title='bbox 3059 5343 3187 5399; x_wconf 86' lang='lat' dir='ltr'><strong>alibi</strong></span> <span class='ocrx_word' id='word_1_782' title='bbox 3230 5347 3377 5399; x_wconf 77' lang='lat' dir='ltr'><strong>cani-</strong></span> 
     </span>
    </p>
   </div>
   <div class='ocr_carea' id='block_1_112' title="bbox 1809 5437 3379 5509">
    <p class='ocr_par' dir='ltr' id='par_1_112' title="bbox 1809 5437 3379 5509">
     <span class='ocr_line' id='line_1_112' title="bbox 1809 5437 3379 5509; baseline -0.005 -14"><span class='ocrx_word' id='word_1_783' title='bbox 1809 5452 1919 5503; x_wconf 90' lang='lat' dir='ltr'><strong>tur,</strong></span> <span class='ocrx_word' id='word_1_784' title='bbox 1959 5439 2223 5509; x_wconf 77' lang='lat' dir='ltr'><strong>virginem</strong></span> <span class='ocrx_word' id='word_1_785' title='bbox 2261 5439 2405 5491; x_wconf 86' lang='lat' dir='ltr'><strong>haud</strong></span> <span class='ocrx_word' id='word_1_786' title='bbox 2461 5438 2620 5503; x_wconf 90' lang='lat' dir='ltr'><strong>ussit,</strong></span> <span class='ocrx_word' id='word_1_787' title='bbox 2657 5453 2775 5508; x_wconf 63' lang='lat' dir='ltr'><strong>quae</strong></span> <span class='ocrx_word' id='word_1_788' title='bbox 2826 5437 3017 5491; x_wconf 88' lang='lat' dir='ltr'><strong>imbris</strong></span> <span class='ocrx_word' id='word_1_789' title='bbox 3049 5437 3222 5490; x_wconf 80' lang='lat' dir='ltr'><strong>instar</strong></span> <span class='ocrx_word' id='word_1_790' title='bbox 3253 5450 3379 5504; x_wconf 83' lang='lat' dir='ltr'><strong>pro-</strong></span> 
     </span>
    </p>
   </div>
   <div class='ocr_carea' id='block_1_113' title="bbox 1808 5528 3376 5604">
    <p class='ocr_par' dir='ltr' id='par_1_113' title="bbox 1808 5528 3376 5604">
     <span class='ocr_line' id='line_1_113' title="bbox 1808 5528 3376 5604; baseline -0.004 -18"><span class='ocrx_word' id='word_1_791' title='bbox 1808 5533 2019 5604; x_wconf 76' lang='lat' dir='ltr'><strong>phetira</strong></span> <span class='ocrx_word' id='word_1_792' title='bbox 2053 5531 2265 5585; x_wconf 85' lang='lat' dir='ltr'><strong>visione</strong></span> <span class='ocrx_word' id='word_1_793' title='bbox 2296 5528 2591 5601; x_wconf 85' lang='lat' dir='ltr'><strong>prospecti.</strong></span> <span class='ocrx_word' id='word_1_794' title='bbox 2646 5530 2827 5601; x_wconf 87' lang='lat' dir='ltr'><strong>ignem</strong></span> <span class='ocrx_word' id='word_1_795' title='bbox 2875 5530 3127 5598; x_wconf 84' lang='lat' dir='ltr'><strong>gestavit,</strong></span> <span class='ocrx_word' id='word_1_796' title='bbox 3185 5542 3376 5594; x_wconf 84' lang='lat' dir='ltr'><strong>nempe</strong></span> 
     </span>
    </p>
   </div>
   <div class='ocr_carea' id='block_1_114' title="bbox 1806 5620 3376 5680">
    <p class='ocr_par' dir='ltr' id='par_1_114' title="bbox 1806 5620 3376 5680">
     <span class='ocr_line' id='line_1_114' title="bbox 1806 5620 3376 5680; baseline -0.007 0"><span class='ocrx_word' id='word_1_797' title='bbox 1806 5641 1977 5680; x_wconf 88' lang='lat' dir='ltr'><strong>unum</strong></span> <span class='ocrx_word' id='word_1_798' title='bbox 2030 5624 2096 5678; x_wconf 88' lang='lat' dir='ltr'><strong>de</strong></span> <span class='ocrx_word' id='word_1_799' title='bbox 2149 5621 2419 5677; x_wconf 84' lang='lat' dir='ltr'><strong>Trinitate</strong></span> <span class='ocrx_word' id='word_1_800' title='bbox 2476 5620 2778 5678; x_wconf 87' lang='lat' dir='ltr'><strong>Christum.</strong></span> <span class='ocrx_word' id='word_1_801' title='bbox 2830 5620 3132 5676; x_wconf 76' lang='lat' dir='ltr'><strong>lneﬂabilcs</strong></span> <span class='ocrx_word' id='word_1_802' title='bbox 3187 5620 3376 5673; x_wconf 88' lang='lat' dir='ltr'><strong>insunt</strong></span> 
     </span>
    </p>
   </div>
   <div class='ocr_carea' id='block_1_115' title="bbox 1804 5708 3373 5799">
    <p class='ocr_par' dir='ltr' id='par_1_115' title="bbox 1804 5708 3373 5799">
     <span class='ocr_line' id='line_1_115' title="bbox 1804 5708 3373 5799; baseline -0.006 -27"><span class='ocrx_word' id='word_1_803' title='bbox 1804 5716 1947 5788; x_wconf 83' lang='lat' dir='ltr'><strong>ignis</strong></span> <span class='ocrx_word' id='word_1_804' title='bbox 1972 5715 2333 5786; x_wconf 77' lang='lat' dir='ltr'><strong>praprietates</strong></span> <span class='ocrx_word' id='word_1_805' title='bbox 2363 5710 2760 5799; x_wconf 70' lang='lat' dir='ltr'><strong>supernaturali</strong></span> <span class='ocrx_word' id='word_1_806' title='bbox 2784 5712 2913 5768; x_wconf 88' lang='lat' dir='ltr'><strong>huic</strong></span> <span class='ocrx_word' id='word_1_807' title='bbox 2944 5708 3210 5764; x_wconf 80' lang='lat' dir='ltr'><strong>nativitati</strong></span> <span class='ocrx_word' id='word_1_808' title='bbox 3235 5729 3249 5776; x_wconf 89' lang='lat'><strong>;</strong></span> <span class='ocrx_word' id='word_1_809' title='bbox 3277 5726 3373 5777; x_wconf 83' lang='lat' dir='ltr'><strong>per</strong></span> 
     </span>
    </p>
   </div>
   <div class='ocr_carea' id='block_1_116' title="bbox 1803 5804 3371 5882">
    <p class='ocr_par' dir='ltr' id='par_1_116' title="bbox 1803 5804 3371 5882">
     <span class='ocr_line' id='line_1_116' title="bbox 1803 5804 3371 5882; baseline -0.004 -16"><span class='ocrx_word' id='word_1_810' title='bbox 1803 5826 1991 5882; x_wconf 85' lang='lat' dir='ltr'><strong>quam,</strong></span> <span class='ocrx_word' id='word_1_811' title='bbox 2029 5808 2176 5865; x_wconf 83' lang='lat' dir='ltr'><strong>velut</strong></span> <span class='ocrx_word' id='word_1_812' title='bbox 2214 5822 2310 5878; x_wconf 85' lang='lat' dir='ltr'><strong>per</strong></span> <span class='ocrx_word' id='word_1_813' title='bbox 2339 5807 2519 5879; x_wconf 82' lang='lat' dir='ltr'><strong>ignem</strong></span> <span class='ocrx_word' id='word_1_814' title='bbox 2565 5808 2846 5863; x_wconf 83' lang='lat' dir='ltr'><strong>ardentem</strong></span> <span class='ocrx_word' id='word_1_815' title='bbox 2883 5804 3043 5860; x_wconf 85' lang='lat' dir='ltr'><strong>simul</strong></span> <span class='ocrx_word' id='word_1_816' title='bbox 3074 5814 3128 5859; x_wconf 90' lang='lat' dir='ltr'><strong>et</strong></span> <span class='ocrx_word' id='word_1_817' title='bbox 3160 5804 3371 5860; x_wconf 75' lang='lat' dir='ltr'><strong>viviﬁce</strong></span> 
     </span>
    </p>
   </div>
  </div>
