3908 6558
223 498 317 565 305

768 494 890 563 DE‘
927 503 1408 568 OBEDIENTJA
1469 508 2003 578 MAGISTRATUI
2044 516 2519 582 CIIRISTIANO
2574 519 2880 583 DEBITA.

3341 525 3453 591 306

225 609 390 681 εχρῆν,
413 607 736 680 μοχθοῦντες
765 612 863 664 καλ⁵
882 612 952 668 τὰ
980 615 1099 667 κατ’
1131 614 1304 688 αὐτὴν
1332 618 1491 687 ἔργα,
1535 620 1656 675 οὐδὲ
1705 623 1762 675 ὲν

1883 641 2041 695 neque
2094 637 2286 695 terrae,
2359 631 2438 684 utl
2503 633 2755 698 decebat,
2831 633 3153 689 exercenda:
3219 628 3444 705 operam

229 700 389 768 ἱδρῶτι
413 700 703 770 προσώπου
731 704 1085 773 ποριζόμενοι
1117 707 1303 778 ἀρτον,
1334 708 1455 765 οὐδὲ
1488 712 1623 784 πρὸς
1676 713 1764 767 λό-

228 808 309 860 γον
334 790 520 856 ζῶντες
558 793 657 846 καὶ
682 793 948 863 βιοῦντες,
969 797 1047 857 ὡς
1089 801 1117 852 ό
1150 800 1282 863 Θεὸς
1338 800 1562 873 ὥρισεν,
1626 803 1762 859 ἀλλά

228 885 349 937 κατὰ
382 885 522 953 σφῶν
551 884 730 938 αὐτῶν
764 887 1153 960 ἀπανθρώπως
1214 893 1611 965 ἐρεθιζόμενοι,
1668 897 1764 949 καὶ

229 975 461 1045 ἀλλήλους
500 977 866 1048 ταράσσοντες
896 982 991 1033 καὶ
1022 983 1356 1053 ἀράσσοντες
1385 986 1478 1038 καὶ
1522 987 1766 1058 σπαράτ-

228 1084 406 1133 τοντες,
457 1069 562 1120 και
592 1072 772 1123 πάντα
829 1073 1066 1142 δρῶντες
1104 1076 1251 1129 κακά
1287 1078 1367 1141 είς
1400 1079 1527 1141 τοὺς
1560 1080 1765 1149 ὁμοίως

228 1162 384 1221 αὐτοῖς
407 1160 747 1232 ἀνθρώπους,
773 1163 842 1217 δι’
866 1158 941 1218 ὧν
987 1166 1055 1220 ἂν
1082 1168 1282 1221 ἐκεῖνοι
1337 1170 1436 1239 τὴν
1482 1171 1603 1235 τότε
1662 1188 1766 1241 μα-

231 1249 469 1318 κροζωὴιν
531 1250 877 1316 ἀπεὺξωνται
903 1293 919 1318 ,
970 1255 1038 1324 ἣν
1097 1258 1280 1321 αὐτοῖς
1358 1261 1679 1330 παρέτεινεν
1741 1265 1769 1316 ὁ

228 1344 357 1405 Θεὸς.
724 1401 738 1410 _

282 1438 338 1487 ε’.
364 1432 424 1485 Τί
448 1429 540 1486 οὖν
559 1436 661 1488 οὐκ
695 1436 763 1489 ἂν
797 1438 1012 1493 ἐποίουν
1045 1440 1125 1504 είς
1155 1441 1441 1512 διόρθωσιν
1468 1445 1518 1497 οἱ
1548 1446 1643 1498 καὶ
1663 1446 1768 1515 τὴν

227 1524 462 1590 δάκρισιν
499 1527 593 1578 καὶ
617 1526 709 1579 τὸν
747 1528 980 1599 ἀριθμὸν
1018 1530 1231 1601 μέτριοι
1267 1533 1544 1603 ἄνθρωποι
1616 1535 1765 1603 τότε,

229 1617 268 1667 oi
293 1619 411 1685 πρὸς
445 1617 518 1685 τῷ
546 1617 688 1686 Θεῷ,
714 1619 765 1672 oi
796 1621 939 1674 κατά
985 1621 1172 1691 φύσιν,
1226 1625 1276 1676 oi
1324 1626 1565 1694 εὐγενῶς
1614 1628 1770 1683 Ἄδα⁴

232 1713 401 1777 μεαίοι,
436 1707 531 1774 οὓς
561 1712 594 1781 ἡ
620 1711 899 1783 ἀγαοότης
943 1715 1223 1782 ἐδιδάξατο
1270 1717 1371 1787 τὴν
1418 1717 1610 1788 ἱλαράν
1673 1720 1773 1772 ἀν-

231 1801 557 1870 θρωπότητα;
584 1804 721 1867 τίδὲ
780 1805 880 1858 οὐκ
910 1806 978 1859 ἂν
1012 1807 1316 1875 μεθώδευον
1341 1809 1641 1878 θυμόσοφοι
1704 1810 1772 1864 τὰ

234 1898 278 1954 ἐς
301 1893 656 1961 φιλαδελφίαν,
688 1897 951 1966 μενοῦνγε
976 1899 1223 1970 θεόσοφοι
1274 1901 1427 1965 ὄντες
1458 1919 1475 1967 ;
1545 1903 1660 1967 πῶς
1713 1904 1770 1957 δὲ

232 1988 281 2036 ο)
311 1985 377 2053 μὴ
396 1961 741 2056 ἐνεπυρίζετο
767 1990 834 2043 τά
859 1961 1420 2062 σπλάγχναὲκείνοις,
1448 1961 1542 2047 καὶ
1572 1996 1604 2064 ἡ
1633 1961 1769 2066 καρστ
1796 1961 1845 2022 Β

231 2073 301 2125 δία
320 2074 537 2138 ἐκαίετο,
557 2075 700 2129 οὕτω
729 2077 824 2131 τοῦ
856 2081 1000 2132 κατὰ
1028 2081 1316 2150 ἄνθρωπον
1342 2083 1488 2137 Θείου
1511 2085 1781 2155 πλάσμα-’

231 2183 307 2227 τος
341 2166 501 2238 βραχύ
555 2186 610 2224 τι
685 2172 970 2236 παντελῶς
1031 2173 1407 2245 ἡλαττωμένου
1470 2177 1768 2249 θηριώδους

234 2261 637 2329 κακεντρεχείας,
666 2263 834 2332 μόνης
856 2264 954 2334 τῆς
980 2265 1073 2317 ἐπὶ
1100 2267 1381 2336 τεσσάρων
1410 2267 1619 2338 βάσεως
1643 2273 1769 2324 ἐπι-

235 2352 494 2423 λειπούσης
516 2355 706 2418 αὐτοῖς
743 2357 825 2419 είς
857 2375 921 2425 γε
943 2356 1044 2427 τὴν
1070 2361 1209 2429 πρὸς
1262 2360 1433 2432 θηρία
1461 2358 1620 2417 δεινά
1676 2366 1771 2419 καὶ

236 2444 590 2517 ἀνθρωποϐόρα
626 2448 880 2510 ὲξίσωσιν
909 2453 1004 2504 καὶ
1035 2452 1297 2521 ὁμοίωσιν
1326 2470 1341 2520 ;

294 2545 357 2602 ς’.
381 2534 451 2591 Ἦ
478 2540 695 2605 πάντως
725 2542 920 2613 ἔχομεν
955 2547 1017 2597 ὲκ
1047 2545 1154 2597 τῶν
1209 2547 1436 2601 εἰκότων
1473 2553 1771 2603 συνεννοεῖ-

238 2630 360 2694 σθαι,
389 2630 458 2694 ὡς
475 2632 667 2702 πρῶτα
692 2634 790 2702 μὲν
827 2635 1187 2706 ἀπωδύραντο
1228 2638 1294 2691 ἂν
1315 2640 1583 2710 ὲγκάρδια
1622 2641 1766 2695 κατά

237 2726 352 2791 σφᾶς
375 2723 560 2783 αὐτοὺς
592 2724 642 2777 oi
690 2726 887 2793 ἀγαθοὶ
919 2730 1116 2781 ἐκεῖνοι
1150 2728 1450 2799 ἄνθρωποι,
1475 2732 1763 2801 κορεσθέν-

234 2831 307 2879 τες
333 2818 629 2887 καταμόνας
647 2817 902 2887 δακρύων
937 2835 952 2850 ⁸
1011 2817 1129 2873 εἶτα
1183 2823 1397 2892 μέτριοί
1449 2840 1616 2888 τινες,
1672 2824 1770 2889 οὓς

233 2908 282 2960 τὸ
298 2913 420 2963 κατὰ
450 2913 609 2978 φύσιν
635 2910 778 2962 θεῖον
799 2911 1050 2981 ζὼπυρον
1076 2912 1414 2983 ἀνεθέρμανε
1462 2913 1771 2986 φιλανθρω-

235 3000 521 3065 πεύσασθαι,
557 3003 636 3066 είς
693 3002 753 3055 ἒν
794 3003 1140 3077 συνελθόντες
1192 3003 1409 3076 βουλῆς,
1470 3007 1770 3077 ὲσκὲψαντο

234 3093 306 3158 ἂν,
330 3095 376 3147 τί
400 3096 796 3166 τεχνησάμενοι
834 3098 1265 3153 ἀνακαλέσονται
1288 3099 1377 3152 τὸν
1408 3101 1640 3154 παλαιὸν
1670 3101 1767 3155 ἀν-

237 3185 438 3255 θρωπον.
477 3189 549 3240 Τδ
599 3188 656 3241 δὲ
690 3187 939 3241 ἐντεῦθεν
975 3189 1406 3261 ὲντεθυμημένοι
1437 3193 1634 3263 πρῶτα
1674 3194 1768 3246 τὸν

1872 730 2096 787 navant,
2135 737 2314 791 neque
2357 725 2410 777 in
2451 725 2655 780 sudore
2711 726 2868 781 faciei
2904 742 3100 798 panem
3154 728 3449 799 acquirere

1870 815 2229 880 contendunt,
2286 831 2466 888 neque
2513 818 2814 874 secundum
2864 821 3153 888 rationem,
3181 821 3259 876 uti
3300 819 3448 878 Deus

1872 908 2154 977 praecepit,
2192 907 2355 962 vitam
2390 922 2454 964 ac
2495 924 2676 965 mores
2710 910 2970 980 dirigunt,
3023 910 3119 966 sed
3150 921 3343 968 contra
3386 928 3447 968 se

1870 996 2025 1065 ipsos
2064 999 2294 1055 invicem
2337 1001 2635 1057 crudeliter
2683 1003 2996 1072 insurgunt,
3063 1003 3447 1074 perturbantes

1877 1105 1999 1145 sese
2031 1108 2094 1148 ac
2129 1092 2465 1152 oﬂ'eudentes
2503 1108 2557 1150 et
2584 1095 2913 1154 lacerantes.
2941 1106 2995 1151 et
3021 1096 3199 1151 omnis
3226 1098 3448 1167 generis

1876 1179 2016 1232 mala
2053 1181 2296 1237 inferunt
2337 1183 2408 1237 iis
2442 1184 2533 1253 qui
2569 1198 2723 1254 mque
2762 1197 2826 1238 ac
2861 1184 2962 1253 ipsi
2998 1183 3248 1238 homines
3294 1193 3449 1248 sunt,

1873 1268 2009 1321 adeo
2051 1277 2110 1321 nt
2149 1267 2226 1324 illi
2276 1269 2398 1323 vitae
2451 1271 2866 1340 longtevilatem,
2914 1286 2944 1326 a
2985 1272 3093 1326 Deo
3138 1271 3272 1341 ipsis
3320 1287 3452 1327 con-

1874 1369 2108 1418 cessam,
2144 1351 2343 1411 mise‘re
2373 1358 2729 1413 detestentur.

1949 1443 2003 1498 5.
2038 1443 2176 1509 Quid
2207 1444 2369 1512 igitur
2415 1459 2521 1499 non
2553 1447 2802 1502 fecerunt
2837 1449 2904 1502 ad
2953 1447 3231 1504 meliorem
3262 1449 3453 1504 condi-

1878 1535 2076 1590 tionem
2110 1536 2474 1590 reducendam
2515 1538 2675 1607 pauci
2728 1538 2980 1595 homines
3022 1540 3098 1594 illi
3129 1540 3447 1610 prudentes.

1876 1628 1987 1683 Deo
2037 1631 2265 1699 accepti,
2315 1642 2521 1686 naturae
2573 1634 2962 1690 convenienter
3009 1634 3278 1702 viventes,
3333 1638 3444 1690 veri

1875 1718 2067 1772 Adami
2100 1720 2324 1786 posteri,
2347 1733 2484 1788 quos
2513 1719 2651 1774 bona
2682 1721 2918 1790 ipsorum
2943 1722 3152 1777 indoles
3180 1723 3445 1793 placidam

1880 1806 2107 1862 docebat
2144 1809 2581 1863 humanitatem?
2624 1810 2763 1875 Quid
2811 1826 2913 1866 non
2958 1814 3338 1882 cxcogitarunt
3371 1816 3446 1869 illi

1876 1900 1969 1970 qui
2000 1916 2028 1953 a
2063 1901 2272 1967 ratione
2301 1916 2420 1966 sua,
2456 1901 2535 1955 vel
2558 1904 2730 1969 potius
2750 1920 2779 1956 a
2802 1905 2931 1968 Deo,
2965 1905 3032 1958 ad
3063 1906 3287 1960 fratrum
3322 1907 3452 1960 cha—

1876 1991 2088 2046 ritatem
2126 1991 2545 2048 Stimulahantur
2570 1994 2593 2046 ?
2622 1993 2906 2060 Quomodo
2938 1999 3145 2051 viscera
3188 1997 3296 2051 illis
3340 2014 3449 2052 non

1877 2085 2205 2138 inﬂammata
2254 2093 2406 2147 sunt,
2444 2087 2715 2153 quomodo
2741 2100 2835 2140 cor
2865 2102 2972 2141 non
3023 2089 3290 2154 exarduit,
3327 2105 3450 2144 cum

1876 2178 2124 2233 viderent
2158 2176 2394 2246 divinam
2429 2189 2761 2245 creaturam,
2792 2180 3064 2235 hominem
3094 2181 3235 2246 dico,
3264 2183 3454 2237 bestiis

1877 2269 2259 2337 propemodum
2306 2284 2427 2322 esse
2479 2269 2812 2335 inferiorem,
2870 2274 2940 2325 ita
2996 2283 3050 2327 ut
3085 2274 3150 2326 ad
3203 2274 3453 2327 similitu-

1877 2355 2057 2409 dinem
2109 2356 2400 2410 besliarum
2458 2358 2690 2412 ferarum
2747 2371 2909 2428 atque
2966 2361 3266 2417 crudelium
3318 2364 3454 2417 nihil

1877 2445 1990 2501 fere
2032 2447 2287 2502 deﬁceret
2318 2448 2419 2503 nisi
2475 2460 2531 2503 ut
2564 2460 2794 2518 quatuor
2834 2454 3063 2521 pedibus
3092 2454 3455 2509 incederent?

1950 2540 2003 2595 6.
2056 2541 2199 2597 Sane
2248 2558 2275 2595 a
2316 2557 2449 2597 vero
2499 2544 2643 2598 haud
2688 2546 3089 2613 aberrabimus,
3142 2548 3455 2603 si-conclu-

1878 2634 2057 2689 dimns
2084 2634 2206 2688 illos
2240 2635 2485 2691 homines
2516 2636 2713 2704 probos
2761 2635 2992 2703 primum
3035 2651 3249 2690 smnmo
3283 2637 3452 2692 animi

1880 2724 2385 2781 mmrorc'aﬂ'ectos
2439 2725 2799 2796 lacryntarum
2841 2728 3049 2797 cupiam
3106 2728 3450 2798 profudisse,

1879 2817 2077 2871 deinde
2110 2831 2311 2884 paucos
2339 2817 2624 2884 quosdam,
2660 2814 2873 2870 fervore
2911 2817 3093 2871 divino
3120 2817 3186 2871 ad
3221 2819 3463 2872 fratrum

1880 2924 2119 2962 amorem
2148 2909 2436 2972 excitatos,
2481 2908 2821 2962 consultandi
2854 2923 3012 2964 causa
3050 2910 3369 2966 convenisse
3395 2922 3463 2965 et-

1881 3002 1946 3053 de
2008 2999 2208 3067 optima
2279 2998 2671 3053 dt-liberavisse
2754 2998 2964 3054 ratione
3027 3012 3132 3069 qua
3209 3010 3448 3053 veterem

1881 3091 2151 3144 hominem
2189 3099 2525 3145 revocarent.
2555 3091 2688 3145 Tum
2735 3091 2912 3161 primo
2949 3090 3115 3145 Deum
3147 3100 3469 3147 creatorem-

1880 3183 2061 3236 atiimo
2089 3182 2189 3236 sibi
2228 3191 2678 3250 reprtesentantes
2723 3182 3070 3250 invocarunt,
3102 3191 3160 3237 ut
3190 3185 3471 3239 mundum

237 3275 447 3347 πλάστην
471 3280 696 3348 Κύριον,
777 3281 871 3333 καὶ
926 3281 1414 3352 θεοκλυτήσαντες,
1462 3285 1769 3355 ὲπιϐλέψειν

1879 3292 2031 3329 suum
2063 3274 2320 3345 respiciat
2360 3289 2675 3329 conversum
2708 3275 2774 3329 ad
2808 3276 3213 3345 improbitatem
3244 3285 3296 3331 et
3324 3291 3452 3347 per-

241 3368 314 3420 ἐπὶ
338 3370 418 3421 τὸν
439 3369 640 3440 κόσμον
662 3371 828 3424 αὐτοῦ
868 3376 1332 3444 περιτρεπόμενον
1369 3380 1447 3439 είς
1496 3381 1770 3449 ἀκοσμίαν

238 3462 314 3511 καὶ
345 3462 865 3533 ἀνασκευαζόμενον,
885 3467 981 3519 καὶ
1016 3467 1093 3537 μὴ
1129 3469 1489 3539 ἀνασχέσθαι,
1520 3473 1769 3543 πρόϐατα

242 3551 430 3618 μξνκαὶ
460 3553 585 3624 βόας
639 3553 736 3607 καὶ
782 3554 930 3609 ἅπαν
991 3557 1184 3628 θηρίον
1227 3560 1577 3630 διεξάγεσθαι
1630 3569 1770 3621 κατά

242 3643 394 3711 φύσιν,
412 3646 482 3708 ὡς
503 3646 834 3717 ἐτάχθησαν,
855 3649 917 3702 τὸ
943 3648 999 3703 δὲ
1024 3651 1324 3707 θεοείκελον
1355 3655 1521 3709 αὐτοῦ
1547 3656 1771 3727 πλάσμα

243 3738 624 3805 περιποιεῖσθαι
651 3739 952 3813 ἀλογίστως
981 3742 1061 3805 είς
1086 3742 1374 3813 άλλοφυὲς,
1397 3750 1773 3819 παρεκλήτευ-

244 3844 323 3879 (αν
366 3828 447 3895 ἀν,
499 3831 573 3901 μὴ
625 3830 875 3900 παριδεῖν
920 3833 1013 3885 τὸν
1069 3832 1374 3904 ἄνθρωπον,
1433 3841 1526 3893 καὶ
1588 3843 1769 3896 αὐτῶν

243 3918 430 3988 ἀψύχων
457 3923 533 3984 είς
560 3921 787 3975 ἔλαττον
835 3922 1246 3990 διεκπίπτοντα,
1286 3927 1447 3999 είπερ
1495 3931 1634 3984 αὐτά
1670 3932 1770 4002 μὲν

242 4009 424 4078 ἠρεμεῖ,
452 4014 541 4065 καὶ
564 4016 628 4083 τῇ
670 4013 1189 4083 κτίσει).υμαίνεται
1230 4020 1332 4082 ,είς
1375 4020 1553 4086 οὐδὲν,
1615 4024 1643 4076 ό
1711 4024 1768 4079 δὲ

242 4104 533 4172 τεταγμένος
581 4104 679 4157 ἐπὶ
733 4107 972 4172 πάντων,
1023 4107 1118 4160 καλ⁵
1176 4101 1237 4161 οὗ
1277 4112 1438 4182 χάριν
1488 4114 1555 4168 τὰ
1594 4115 1771 4171 πάντα

242 4190 422 4258 γέγονε,
451 4195 690 4265 παράγει
719 4196 819 4266 τὴν
849 4198 1172 4270 εὐκοσμίαν,
1206 4196 1287 4266 οἷς
1315 4204 1509 4259 ἑαυτὸν
1565 4208 1769 4278 ἀπάγει

244 4278 583 4352 ἐξαναλίσκων,
617 4286 1055 4360 καὶοφιλονεικεῖ,
1089 4293 1457 4365 ἀπάνθρωπον
1489 4302 1768 4370 καταστῆ-

247 4387 321 4423 σαι
350 4375 430 4426 τὸν
453 4378 653 4446 κόσμον
688 4382 783 4435 καὶ
815 4381 962 4450 (τόγε
994 4386 1075 4447 είς
1111 4384 1273 4438 αὐτὸν
1329 4381 1509 4459 ἧκον).
1543 4390 1771 4446 ἀδέσπο-

245 4476 334 4516 τον.
375 4467 747 4541 Ἑδυσώπῃσαν
804 4471 860 4525 δὲ
896 4474 963 4527 ἂν
991 4475 1083 4530 τὸν
1102 4476 1445 4548 ὕπεράγαθον
1469 4483 1767 4555 Δεσπότην,

245 4554 319 4604 καὶ
348 4557 470 4623 μηδὲ
499 4561 631 4629 πρὸς
662 4564 947 4633 ἀκρίϐειαν
984 4566 1138 4637 δίκης
1174 4571 1487 4635 ἐπεξελθεῖν
1517 4578 1631 4639 τοῖς
1662 4554 1768 4630 ὑπὸ

1882 3368 2175 3432 turbatum,
2241 3384 2435 3436 neque,
2493 3368 2618 3421 dum
2668 3383 2797 3423 oves
2858 3375 2914 3424 et
2962 3368 3125 3423 boves
3167 3379 3223 3424 et
3268 3368 3470 3424 onmia'

1875 3461 2132 3537 animalia
2193 3470 2401 3515 natura:
2452 3462 2633 3530 leges;
2673 3462 2739 3515 ad
2797 3476 2933 3530 quas
2993 3461 3223 3518 conditae
3280 3462 3450 3523 fuere.

1878 3564 2254 3623 sequerentur,
2327 3563 2633 3609 creaturam
2703 3554 2801 3623 ipsi
2865 3553 3095 3609 similem
3163 3568 3193 3609 a
3259 3564 3465 3607 natura

1880 3646 2153 3701 declinare
2208 3647 2435 3700 sineret.
2485 3644 2791 3700 Oravernnt
2841 3645 3031 3710 Deum,
3067 3656 3128 3701 ut
3169 3660 3236 3700 ne
3268 3644 3449 3714 despi-

1880 3746 2027 3791 ceret
2073 3737 2364 3797 hominem,
2402 3735 2541 3790 infra
2592 3735 2892 3791 bestiarum
2935 3737 3180 3792 ordinem
3226 3736 3454 3791 descen-

1879 3830 2119 3891 dentem,
2152 3827 2422 3895 siquidem
2456 3827 2560 3881 illa:
2607 3827 2902 3895 tranquille
2928 3829 3175 3881 viverent
3206 3841 3304 3880 nec
3340 3826 3449 3880 ullo

1880 3920 2324 3974 mudonaturam
2374 3919 2661 3984 violarent,
2714 3920 2800 3974 hic
2839 3929 3019 3974 autem
3065 3920 3155 3989 qui
3198 3919 3449 3973 omnibus

1878 4021 2099 4081 prasstat
2131 4022 2185 4067 et
2210 4011 2364 4080 cujus
2397 4027 2563 4066 causa
2600 4013 2785 4066 omnia
2826 4013 2967 4067 facta
2999 4022 3152 4076 sunt,
3188 4015 3448 4066 mundqu

1878 4107 2013 4160 bene
2039 4104 2344 4159 ordinatum
2373 4105 2670 4171 perturbat,
2709 4116 2762 4158 et
2793 4103 3029 4174 scipsum
3075 4103 3126 4157 in
3153 4090 3448 4173 perniciem

1878 4194 2198 4263 prmeipitat,
2256 4193 2509 4261 denique,
2562 4203 2825 4256 quantum
2878 4204 3053 4263 penes
3105 4194 3285 4264 ipsum
3338 4205 3445 4259 est,

1879 4282 2187 4338 hominibus
2245 4289 2302 4335 et
2356 4282 2585 4350 imperio
2636 4283 2850 4351 privare
2910 4282 3171 4338 mundum
3234 4285 3445 4339 nititur.

1876 4377 2143 4432 Praeterea
2173 4373 2464 4428 Dominum
2495 4376 2671 4429 onmis
2716 4375 2988 4429 bonitatis:
3003 4375 3207 4429 fontem
3241 4375 3448 4445 suppli-

1874 4477 2094 4535 carunt,
2163 4483 2232 4523 ne
2295 4467 2535 4538 peccatis
2602 4483 2630 4522 a
2717 4468 3060 4522 multitudine
3122 4469 3447 4536 perpetratis

1877 4574 2094 4629 pinnam
2162 4569 2415 4615 accurate
2462 4559 2880 4628 compensaret,’
2930 4574 3108 4630 neque
3170 4560 3453 4630 suppliciis

244 4643 328 4697 τῶν
346 4648 589 4707 πλειόνων
624 4634 1157 4729 πλημμελουμένοίς,
1195 4664 1329 4734 μηδὲ
1354 4634 1769 4722 άντιταλαντεῦ-

1879 4655 2079 4723 quibus
2104 4653 2176 4707 illi
2217 4654 2270 4707 in
2302 4653 2635 4707 contribulcs
2687 4653 3003 4716 saevierunt,
3036 4667 3135 4707 sua
3170 4666 3447 4707 commen-

246 4751 315 4787 σαι
339 4740 530 4809 πληγάς
557 4746 655 4808 τὰς
678 4748 737 4813 ἐξ
768 4748 934 4802 αὐτοῦ
959 4754 1078 4813 ταῖς
1104 4755 1352 4821 ἐκείνων,
1389 4756 1459 4810 δι’
1504 4751 1581 4814 ὧν
1609 4778 1775 4815 κατα-

245 4828 459 4885 ϐάλλουσι
485 4836 605 4895 τοὺς
624 4839 908 4906 ὁμοφυεῖς,
935 4841 1070 4912 μηδὲ
1098 4843 1529 4916 ἐκδικῆσαιτοίθς
1552 4852 1769 4920 φόνους,

243 4921 473 4995 προϐολὴν
494 4929 587 4982 ἐπὶ
608 4932 906 5004 καταδίκης
932 4936 1280 5006 ποιούμενον,
1341 4939 1416 5004 ὡς
1458 4943 1622 5007 αὐτὸς
1672 4947 1770 5015 μὲν

240 5012 394 5107 καίρια
420 5021 509 5072 καὶ
538 5021 700 5093 ἱλαρά
721 5025 1075 5096 καταϐρέχων
1107 5028 1344 5086 λιπαίνει
1391 5034 1491 5105 τὴν
1533 5038 1635 5107 γῆν
1674 5012 1767 5102 γεῖς

238 5102 410 5196 ἀγαθὸν
428 5110 672 5177 ἐκείνοις,
696 5115 744 5166 oi
770 5114 828 5168 δὲ
860 5118 1141 5185 κραίνουσι
1173 5121 1271 5191 τὴν
1293 5102 1463 5195 αὐτὴν
1484 5102 1770 5196 ὲμςρυλίοις

237 5193 419 5263 αἵμασι,
442 5203 532 5255 καὶ
557 5202 623 5274 ἢν
655 5207 711 5257 ai
740 5205 867 5260 καθ’
899 5208 1149 5264 ἑκούσιον
1179 5211 1372 5284 βροχαὶ
1437 5216 1764 5284 πιαίνουσιν,

237 5287 364 5381 αὐτοὶ
385 5291 591 5362 λύθροις
620 5299 899 5367 όμογνίοις
928 5302 1227 5370 μιαίνουσι,
1254 5305 1345 5357 καὶ
1376 5307 1452 5370 ὡς
1479 5311 1537 5371 ἐς
1562 5308 1770 5381 λάχανα

237 5375 455 5473 βρώσεως
482 5387 776 5452 τάσσοντες
806 5391 1056 5456 ἑαυτοὺς,
1087 5395 1247 5460 ἄλλος
1313 5397 1472 5468 ἄλλον
1533 5375 1766 5473 ἀλληλο-

235 5471 405 5536 φαγίας
436 5476 583 5548 νόμῳ
614 5479 1124 5550 καταϐροχθίζουσι.

288 5561 343 5626 ζ’.
373 5566 548 5623 Ταῦτα
566 5571 625 5623 δὲ
655 5571 855 5625 ἐκεῖνοι
889 5574 1177 5645 εὐξάμενοι
1209 5577 1291 5649 (οὐ
1329 5582 1436 5652 γὰρ
1488 5583 1554 5639 ἂν
1600 5585 1765 5640 διέλι-

1880 4756 2114 4813 suraret,
2184 4762 2358 4816 neque
2426 4746 2599 4801 (mdes
2663 4746 3064 4811 ulcisceretur,
3117 4749 3209 4799 sed
3268 4746 3451 4815 potius

1878 4855 2095 4907 put-nam
2128 4838 2386 4902 dilferret,
2421 4840 2620 4908 quippe
2652 4838 2743 4908 qui
2783 4847 3086 4908 opportuno
3120 4848 3169 4892 et
3218 4837 3449 4892 fecundo

1878 4932 2053 4986 imbre
2076 4932 2327 5003 pinguem
2354 4934 2601 4986 redderet
2633 4944 2831 4985 terram
2855 4932 2907 4985 in
2934 4930 3221 4986 utilitatem
3258 4945 3445 4986 eorum

1873 5024 1961 5093 qui
1996 5023 2224 5078 lratrum
2256 5024 2521 5093 sanguine
2560 5024 2708 5077 illam
2758 5023 3156 5087 humectareut,
3191 5034 3245 5078 et
3283 5039 3446 5091 quam

1872 5118 2053 5186 pluvia
2090 5115 2350 5170 divinitus
2395 5116 2624 5182 benigne
2673 5128 2929 5171 concessa
2964 5116 3282 5185 itnpinguat,
3314 5132 3448 5170 con-

1870 5209 2288 5280 sanguineorum
2378 5209 2660 5261 cruoribus
2750 5208 3095 5277 polluerent,
3158 5217 3216 5263 et
3290 5209 3443 5278 quasi

1869 5301 2110 5357 obsoniis
2166 5301 2339 5355 nihilo
2405 5310 2750 5371 praestarent,
2813 5300 3136 5370 semetipsos
3208 5299 3442 5355 invicem

1867 5394 2214 5449 devorarent.

1937 5574 1988 5627 7.
2021 5574 2316 5642 Postquam
2348 5571 2427 5627 sie
2472 5582 2765 5628 oraverant
2820 5572 2907 5626 illis
2950 5572 3115 5641 (Delus
3167 5569 3311 5624 enim
3343 5572 3436 5639 qui

231 5667 311 5705 τεν
336 5656 361 5704 ό
389 5660 452 5712 τὰ
482 5662 652 5730 νήπια
682 5662 827 5717 καθά
851 5666 1162 5736 φυλάσσων,
1202 5670 1346 5726 οὕτω
1376 5674 1473 5727 καὶ⁹
1525 5677 1764 5745 σοφίζων

1879 5665 1948 5721 rel
2001 5666 2144 5733 ipsos
2199 5664 2431 5717 infantes
2463 5678 2571 5718 non
2606 5663 2777 5721 solum
2831 5662 3087 5727 custodit,
3126 5662 3221 5715 sed
3271 5660 3438 5715 etiam

233 5742 427 5815 Κὺριος,
489 5756 581 5806 καὶ
615 5755 845 5826 χαίρων,
914 5762 961 5812 εί
1018 5763 1115 5816 καὶ
1160 5762 1222 5830 ἐξ
1277 5766 1502 5823 ἐκείνων
1543 5742 1763 5826 ἔπαινον

233 5840 601 5907 καταρτίζεται,
633 5844 708 5914 μὴ
769 5847 863 5898 καὶ
906 5847 1161 5917 ἀνδράσιν
1210 5850 1442 5913 ἐκείνοις
1506 5858 1762 5925 χρηστοῖς

231 5929 307 5979 καὶ
338 5931 817 6008 ἒνεκερνισμένοις
840 5939 900 5993 τὸ
953 5940 1279 6012 φιλάλληλον
1332 5945 1608 6001 ὲπιπνέειν
1672 5949 1756 6001 ἐν·

1864 5759 2138 5826 sapientes
2172 5756 2352 5812 reddit
2386 5756 2454 5812 ab
2484 5757 2656 5824 iisque
2688 5757 2897 5829 tandem
2946 5755 3044 5808 sibi
3092 5751 3277 5807 offerri
3308 5768 3438 5823 gau-

1862 5855 1976 5915 det.
1999 5851 2131 5905 viris
2160 5850 2264 5904 illis
2289 5849 2448 5903 bonis
2470 5860 2630 5918 atque
2661 5848 2900 5902 cordatis
2926 5847 3218 5903 fraternam
3246 5846 3438 5902 indidit

1861 5945 2203 6008 charitatem,
2237 5942 2307 5997 ita
2338 5950 2393 5994 ut
2420 5941 2617 6011 partim
2653 5956 2815 6011 supra
2852 5941 2993 5997 hunc
3020 5944 3276 5997 mundum
3306 5941 3435 5995 elati
