3908 6564
380 429 478 494 311

1081 428 1436 488 EUSTA'l‘il
1452 430 1508 486 il
1563 429 1856 488 THESSA
1869 425 2015 486 [ΟΝ
2030 427 2325 488 lCENSlS
2386 422 2947 485 METROPOLITJ'I

3539 421 3646 484 3l2

386 544 562 596 virtus
615 540 916 596 invaltterat
951 557 965 595 :
1005 551 1134 595 tunc
1184 542 1478 595 consiliarii
1532 541 1605 595 illi
1674 540 1964 610 prudentes

2074 540 2280 604 θύνετο,
2305 539 2598 610 εἰσηνέχθη
2627 538 2688 592 τὸ
2713 536 2970 590 ἐντεῦθεν
2999 535 3193 608 γνώμη
3225 536 3362 606 πρὸς
3413 535 3526 588 τῶν
3559 536 3648 587 ἐν-

383 649 448 688 ac
481 649 674 704 graves
727 634 1054 689 sententiam
1100 634 1152 688 in
1189 636 1424 688 medium
1477 634 1844 702 protulerunt,
1902 644 1962 687 ut

382 737 563 782 status
600 726 687 780 ille
717 725 1008 790 naturalis,
1057 741 1218 795 quem
1266 725 1699 778 velutidiviuntu
1742 723 1960 777 institu-

390 831 502 869 tum
534 816 764 880 diceres,
799 816 1057 884 figeretur
1072 829 1135 869 ac
1166 825 1602 870 conservaretur.
1639 816 1815 880 Quam
1838 829 1961 868 sen-

386 906 610 961 tentiam
652 908 738 961 ubi
775 907 1050 971 audivere,
1103 909 1193 977 qui
1237 907 1350 977 jam
1385 907 1528 964 illius
1560 907 1804 961 lieni-ﬁcii
1839 923 1962 976 par-

383 1002 577 1070 ticipes
629 1010 809 1067 erant,
832 1000 1078 1054 lubenter
1094 1000 1495 1069 acquieveruu',
1514 1010 1567 1055 et
1587 1002 1822 1056 charitas
1843 1018 1963 1055 ιιιιι-

386 1109 478 1148 tua
504 1093 697 1148 mirum
733 1095 783 1146 iu
815 1095 1027 1146 modum
1077 1103 1318 1159 promota
1344 1103 1447 1158 est,
1475 1093 1544 1146 ita
1578 1103 1633 1145 ut
1684 1094 1863 1146 cuncti
1897 1094 1961 1147 ad

387 1187 694 1256 huiusmodi
763 1184 1076 1239 felicitatem
1164 1186 1500 1239 retinendam
1569 1187 1960 1242 consentirent.

391 1277 672 1333 Universis
699 1277 865 1348 igitur
892 1277 993 1332 hoc
1019 1277 1333 1346 placuitch
1377 1290 1497 1348 post
1536 1279 1768 1348 primaut
1805 1279 1961 1332 audi-

385 1371 612 1434 tionem,
647 1379 700 1424 et
736 1372 1010 1432 decretum
1046 1380 1158 1434 est,
1201 1379 1260 1423 ut
1311 1371 1506 1424 bonum
1547 1372 1851 1438 nuperrime
1883 1385 1963 1424 te-

385 1469 594 1528 pertum
660 1461 714 1514 in
775 1472 991 1529 tempus
1051 1461 1288 1514 futurum
1322 1472 1733 1530 prOpagaretur,
1793 1478 1964 1530 neque

385 1553 491 1605 ullo
527 1554 684 1607 modo
740 1553 862 1606 inde
901 1553 1298 1608 declinaretur.
1357 1551 1473 1606 Jatn
1533 1569 1662 1608 vero
1705 1554 1846 1622 quod
1883 1553 1962 1607 sic

381 1644 654 1713 placuerat
701 1645 766 1698 de
799 1643 884 1698 die
938 1644 995 1698 in
1030 1645 1170 1698 diem
1221 1645 1396 1716 magis
1447 1645 1827 1699 conﬁrmitum
1855 1657 1961 1710 est,

383 1737 529 1792 Salus
565 1737 869 1792 communis
917 1737 1276 1792 stabilitatem
1339 1739 1570 1807 accepit,
1608 1752 1662 1790 et
1687 1738 1962 1791 decretum

383 1846 483 1885 usu
513 1831 704 1884 diurno
729 1831 784 1883 in
811 1831 1261 1884 consuetudinem
1299 1830 1438 1885 abiit
1483 1847 1628 1900 qum,
1663 1830 1751 1884 ubi
1798 1829 1848 1881 in
1877 1829 1963 1882 lu-

2067 634 2273 704 τέχνων
2311 632 2405 686 καὶ
2433 630 2740 685 σπουδαίων
2774 628 3075 701 βουλευτῶν
3103 630 3346 692 ἐκείνων,
3387 628 3648 700 μεθοδευο

2065 723 2224 797 θῆναι
2279 726 2610 796 παραμονήν
2664 740 2811 787 τινα,
2845 724 2938 776 καὶ
2986 724 3225 792 φυσικὴν
3266 723 3360 774 καὶ
3393 722 3470 785 ὡς
3529 715 3645 773 οἷον

2063 819 2423 888 ταμιευτικὴν
2448 817 2782 887 συντήρησιν
2811 816 2905 868 τοῦ
2932 815 3277 884 θεοπέμπτου
3303 813 3642 884 εὑρήματοςο

2064 912 2158 966 καὶ
2189 913 2239 964 oi
2265 912 2363 981 τὴν
2392 911 2620 981 γνώμην
2667 908 3072 976 εἰσδεδεγμένοι
3099 907 3166 959 δι’
3200 904 3393 973 ἀκοῆς,
3429 904 3506 966 ὡς
3535 904 3642 973 ήδη

2063 1003 2157 1058 τοῦ
2199 1003 2369 1057 καλοῦ
2422 1003 2770 1073 γεγευμένοι,
2825 1000 3268 1069 ἐγλυκάνθησαν,
3329 996 3422 1050 καὶ
3475 995 3645 1056 πόθος

2063 1097 2310 1169 ἀλλήλων
2335 1098 2416 1161 εἰς
2445 1097 2608 1150 πλέον
2635 1091 2780 1149 εἷλεν
2810 1095 3032 1159 αὐτοὺς,
3057 1095 3147 1146 καὶ
3174 1090 3372 1162 ἡψυχὴ
3394 1089 3647 1142 ἑκάστων

2065 1193 2238 1263 ἐφίλει
2271 1192 2331 1246 τὸ
2358 1192 2677 1261 παράμονον
2709 1189 2803 1242 τοῦ
2831 1188 3244 1257 γλυκάσματος.
3278 1180 3646 1254 Εὺηρεστὴθη

2065 1285 2249 1339 τοίνυν
2299 1285 2476 1338 ἅπασι
2530 1284 2591 1338 τὸ
2619 1286 2886 1354 πρᾶγμα’
2941 1283 3038 1336 καὶ
3094 1277 3512 1338 ὑπακούσαντες
3565 1275 3649 1334 εἰς

2067 1379 2317 1450 ὑπακοὴν
2350 1377 2512 1431 ὠτίου
2543 1379 2886 1432 κατένευσαν
2929 1374 3268 1446 κυρωθῆναι,
3298 1369 3550 1440 γίνεσθαι
3587 1365 3651 1420 τδ

2067 1473 2368 1541 εὑρημένον
2397 1471 2601 1539 ἀγαθὸν
2660 1471 2757 1524 καὶ
2792 1471 2873 1533 εἰς
2917 1468 2976 1522 τδ
3014 1467 3164 1535 ἑξῆς,
3195 1465 3268 1528 ὼς
3305 1464 3478 1526 οὕτως
3511 1461 3651 1513 αὐτὸ

2068 1563 2578 1630 καταπράττεσθαι,
2612 1562 2707 1614 καὶ
2734 1559 2809 1631 μὴ
2833 1560 3030 1620 ἄλλως.
3059 1556 3168 1610 Καί
3190 1572 3252 1623 γε
3284 1549 3652 1622 ἐκραταιοῦτο

2069 1655 2161 1708 ἐπὶ
2202 1654 2365 1708 πλέον
2419 1654 2543 1706 καθ’
2605 1653 2846 1722 ἐκάστην
2881 1651 3097 1720 ἡμέραν
3126 1649 3187 1701 τὸ
3211 1647 3383 1709 οὕτως
3414 1644 3648 1714 ἀρέσαν,

2068 1748 2162 1800 καὶ
2188 1746 2365 1799 κοινδν
2397 1746 2753 1814 καθειστήκει
2786 1744 2845 1796 τὸ
2867 1746 3124 1814 ἕρμαιον,
3151 1741 3246 1795 καὶ
3274 1740 3335 1794 τὸ
3362 1739 3542 1805 δόγμα
3578 1739 3650 1804 τῇ

2069 1843 2236 1909 συχνῇ
2269 1838 2428 1909 τριϐῇ
2463 1839 2757 1909 ἐστήρικτο
2785 1840 2865 1900 εἰς
2897 1838 3030 1889 αὐτὰ
3052 1835 3117 1904 δὴ
3141 1833 3302 1888 τοῦτο
3336 1831 3480 1894 ἔθος,
3507 1831 3650 1896 ὅπερ

383 1938 502 1976 cent
539 1922 738 1990 prodiit
777 1933 830 1977 et
861 1923 1002 1976 inter
1043 1923 1288 1977 homines
1347 1925 1621 1992 apparuit,
1686 1922 1964 1976 abundan-

2074 1907 2340 1999 ἐκφανθέν
2395 1907 2475 1994 εἰς
2513 1907 2807 2000 πρόοπτον,
2869 1929 2964 1982 καὶ
2996 1927 3326 1996 τεθεαμένον
3360 1924 3518 1995 ἡλίῳ,
3553 1923 3652 1975 καὶ

385 2015 512 2067 tiam
545 2016 831 2083 quamdam
863 2025 918 2069 et
947 2024 1004 2068 ut
1032 2015 1102 2067 ita
1142 2014 1340 2081 dicam,
1377 2014 1498 2068 vita:
1536 2014 1881 2084 splendorem
1909 2025 1964 2070 et

384 2108 839 2178 magnilieentiam
875 2109 1150 2178 produxit.

458 2201 546 2256 l3.
593 2202 672 2256 Ab
700 2202 786 2255 illo
843 2201 965 2256 inde
1031 2215 1301 2270 tempore
1347 2203 1595 2256 homines
1640 2217 1834 2256 secure
1901 2217 1963 2256 ac

387 2295 676 2366 tranquille
731 2295 1215 2361 eouversabautur,
1266 2295 1524 2349 amicitia:
1571 2296 1797 2349 sincera:
1824 2296 1967 2364 vige-

382 2391 538 2456 bant,
584 2388 786 2445 hedera
813 2389 1236 2454 sanciebantur;
1286 2404 1446 2458 porro
1476 2389 1654 2443 cultus
1697 2403 1855 2442 verus
1903 2401 1966 2441 ac

383 2481 663 2536 rationalis
745 2481 997 2544 invaluit,
1062 2481 1336 2550 siquidem
1401 2481 1573 2537 Deum
1657 2489 1963 2536 creatorem

385 2575 648 2641 universi,
718 2574 794 2628 uti
859 2575 1032 2642 prius,
1098 2589 1423 2642 cognoscere
1468 2585 1742 2643 czeperunt
1783 2576 1962 2643 eique,

385 2667 526 2723 sicut
557 2665 804 2721 homines
831 2667 1007 2730 decet,
1041 2669 1249 2738 gratias
1294 2681 1474 2736 agere.
1524 2667 1793 2720 Prmterca
1819 2682 1968 2720 sum-

386 2773 534 2811 ιιιιιιιι
569 2741 1066 2827 suavissitnumqne
1103 2758 1229 2812 vita:
1263 2759 1489 2822 bonum,
1512 2757 1784 2823 juStitiam
1811 2757 1959 2821 dico,

386 2850 696 2916 coluerunt,
734 2864 909 2919 neque
953 2849 1191 2920 amplius
1221 2848 1642 2908 suffocationes.
1675 2851 1809 2902 utin
1843 2864 1966 2917 pro-

393 2943 583 2996 verbio
637 2950 755 3006 est,
807 2943 900 2995 sed
953 2941 1274 3010 partitiones
1327 2939 1495 2993 fuere.
1583 2941 1964 3004 Mansuetudo,

389 3032 650 3102 primaria
683 3033 1107 3097 hominisnota,
1150 3031 1504 3101 tranquillum
1554 3032 1790 3086 reddidit
1853 3030 1966 3085 fra-

399 3137 542 3180 trum
573 3125 1010 3188 contubernium,
1046 3135 1187 3180 terra
1224 3135 1402 3176 autem
1449 3123 1588 3175 alma
1623 3132 1815 3186 mater,
1846 3123 1964 3192 plu-

2067 2023 2398 2093 ἀναλάμψαν
2449 2022 2674 2089 ἐποίησέ
2723 2041 2845 2075 τινα
2885 2019 3319 2092 περιουσιασμὸν
3369 2019 3654 2087 κτήσεως,

2068 2120 2186 2181 καὶ,
2218 2117 2292 2180 ὼς
2320 2115 2495 2180 οὕτως
2526 2117 2724 2178 εἰπεῖν,
2761 2114 2982 2185 βιότιον,
3013 2116 3108 2167 καὶ
3136 2111 3268 2165 αὐτὸ
3309 2111 3563 2179 κόσμιον.

2143 2215 2236 2276 ιγ’.
2280 2209 2390 2261 Καὶ
2439 2208 2892 2279 ἐπαρρησιάσατο
2923 2207 3130 2259 ἐκεῖθεν
3159 2205 3354 2274 χρόνου
3376 2201 3660 2271 τεθαρρη-

2071 2299 2208 2371 μένη
2244 2300 2658 2369 συμὸιότευσις,
2684 2298 2778 2352 καὶ
2808 2297 3174 2367 παρήχθησαν
3196 2295 3417 2363 ἀφελεῖς
3451 2308 3657 2344 atomo-

2069 2395 2203 2459 νίαι,
2242 2394 2336 2446 καὶ
2371 2391 2689 2461 ύπηύγαζον
2725 2389 3190 2458 συναλλάγματα·
3244 2386 3546 2452 ἐμελετᾶτο
3596 2383 3656 2435 δὲ

2070 2487 2164 2540 καί
2191 2503 2269 2548 τις
2304 2485 2571 2554 θρησκεία
2593 2484 2728 2554 ὀρθὴ
2760 2483 2900 2552 μετά
2926 2478 3266 2552 λογιότητος,
3294 2477 3658 2545 ἐπεγνωσμέ-

2070 2595 2162 2631 νου
2201 2576 2296 2630 τοῦ
2331 2579 2551 2630 πάντων
2598 2574 2827 2644 ποιητοῦ
2861 2573 3025 2638 Θεοῦ,
3057 2574 3133 2637 ῶς
3184 2572 3335 2641 ἐξῆν,
3365 2567 3656 2640 ἀρχαϊκώ’

2067 2688 2249 2739 τερον,
2279 2673 2373 2724 καὶ
2418 2669 2789 2738 ἐπωφείλοντο
2821 2671 3047 2738 χάριτες
3079 2667 3220 2720 θεῖαί
3253 2666 3313 2717 τὲ
3338 2679 3505 2725 τινες,
3558 2661 3659 2713 καὶ

2068 2764 2190 2816 ὅσαι
2213 2762 2269 2813 δὲ
2292 2761 2414 2814 κατ’
2433 2761 2719 2830 ᾆνθρωπον
2737 2775 2752 2791 ο
2786 2761 2881 2811 καὶ
2908 2757 3288 2826 ἐφιλοσοφείτο
3305 2749 3660 2818 δικαιοσύνη,

2067 2854 2125 2905 τῦ
2157 2855 2426 2923 πάμμεγα
2482 2854 2594 2914 τοῖς
2628 2853 2685 2904 ἐν
2743 2851 2844 2922 βίῳ
2894 2850 2988 2904 καὶ
3021 2849 3380 2920 χαριέστατον
3413 2845 3657 2912 ἀγαθόν·

2068 2945 2162 2999 καὶ
2193 2946 2378 2997 οὐκέτι
2404 2944 2596 3012 πνίγες
2618 2939 2780 3015 ἦσαν,
2806 2942 2942 2997 ἀλλά
2979 2941 3218 3013 μερίδες,
3242 2939 3303 2992 τὸ
3337 2956 3658 3010 παροιμια-

2067 3038 2336 3106 ζόμενον·
2391 3037 2486 3089 καὶ
2546 3038 2595 3088 0!
2649 3038 2752 3106 μὲν
2800 3034 3024 3102 ἀδελφοὶ
3079 3031 3658 3104 ἀνενόχλητοιέμενον

2067 3130 2407 3200 ἡμερότητος
2471 3128 2614 3196 λόγῳ
2645 3167 2660 3193 ,
2709 3126 3234 3197 χαρακτηριζούσης
3305 3127 3605 3191 ἄνθρωπον
3638 3167 3660 3190 .

392 3220 570 3273 riuum
633 3217 874 3272 laborata
929 3228 1014 3272 est
1062 3218 1265 3270 arando
1307 3213 1626 3279 ,fodiendo,
1682 3215 1960 3281 sulcando,

2074 3221 2291 3291 ᾤχλεῖτο
2345 3220 2460 3290 δὲὴ
2521 3219 2705 3290 μήτηρ
2738 3220 2831 3286 γῆ,
2870 3217 3234 3288 βοθρευομένη
3272 3220 3366 3271 καὶ
3395 3217 3663 3288 λαχαινο-

391 3321 447 3364 et
476 3310 652 3364 omnis
690 3309 908 3382 generis
965 3308 1296 3364 nutrimenta
1348 3325 1410 3361 ac
1457 3307 1678 3362 delicias
1716 3307 1962 3376 protulit,

393 3403 483 3457 illa
521 3403 736 3471 quidem
769 3402 837 3456 ad
873 3402 1280 3466 nccessitatem,
1333 3399 1432 3454 bas
1471 3408 1650 3454 autem
1701 3399 1768 3453 ad
1797 3398 1964 3454 abun-

389 3495 654 3550 dantiam.

465 3589 554 3644 M.
593 3588 702 3642 Nec
737 3588 916 3642 minus
947 3586 1133 3642 Venus
1167 3587 1448 3656 vulgivaga
1475 3586 1640 3640 veluti
1670 3586 1721 3641 in
1747 3585 1969 3642 oblivio-

397 3683 482 3736 nis
512 3695 776 3734 oceanum
807 3679 1090 3735 suhtnersa
1121 3688 1224 3738 est,
1255 3679 1479 3747 ejusque
1528 3678 1645 3733 loco
1685 3679 1967 3732 matrimo-

392 3775 546 3829 nium
588 3773 959 3828 introducutm
1014 3771 1379 3826 sanctiﬁcavit
1429 3771 1712 3824 hominum
1775 3770 1966 3838 conju-

392 3866 565 3936 gium.
615 3865 782 3922 Amor
831 3863 1132 3918 communis
1160 3863 1434 3925 discessit,
1485 3863 1711 3931 singulae
1765 3863 1966 3930 ttuptitB

393 3957 658 4012 instituta:
698 3964 843 4019 sunt,
880 3965 933 4008 et
975 3954 1347 4022 unusquisque
1392 3971 1550 4006 unam
1583 3971 1646 4007 ac
1692 3959 1964 4024 propriam

395 4063 617 4102 uxorem
658 4060 992 4114 cognoscens
1024 4045 1076 4098 in
1110 4044 1310 4100 liberos
1345 4045 1484 4098 haud
1519 4043 1735 4113 spurius
1783 4055 1966 4112 pater-

393 4156 516 4194 nam
544 4139 792 4196 exercuit
828 4145 1175 4206 potestatem,
1214 4135 1446 4208 denique
1492 4137 1558 4190 ad
1585 4138 1775 4190 Adatni
1810 4137 1966 4192 Eva:-

390 4247 498 4301 «μισ
536 4231 867 4301 exetnplum,
916 4231 1050 4298 ipsis
1107 4239 1235 4283 ante
1301 4229 1486 4284 oculos
1545 4229 1802 4298 positum,
1859 4245 1962 4283 una

392 4338 520 4376 caro
551 4321 788 4384 fuerunt,
821 4331 875 4376 et
910 4323 976 4375 ad
1013 4320 1119 4374 tale
1143 4319 1417 4386 exemplar
1448 4319 1800 4388 conspicuum
1835 4336 1966 4376 con-

393 4413 610 4467 formati
664 4413 770 4467 illis
819 4412 1030 4468 similes
1067 4411 1184 4464 ﬁeri
1228 4413 1573 4474 studuerunt,
1615 4422 1672 4463 ut
1718 4411 1751 4464 ii
1783 4413 1874 4480 qui
1913 4413 1963 4465 in

393 4514 670 4575 posterum
733 4504 902 4558 amori
939 4503 1173 4574 plurium
1225 4501 1552 4556 feminarum
1603 4493 1970 4570 iudnlgerent,

2074 3312 2212 3382 μένη
2245 3312 2340 3365 καὶ
2397 3310 2761 3380 σκαπτομένη
2797 3311 2864 3364 τὰ
2915 3310 3108 3373 πλείω,
3144 3312 3240 3362 καὶ
3272 3310 3658 3364 ἀνεὸλάστανε

2075 3405 2330 3458 παντοίαν
2355 3403 2581 3474 τροφὴν,
2610 3402 2728 3470 ἃμα
2761 3404 2855 3453 καὶ
2885 3401 3120 3471 τρυφὴν,
3158 3401 3257 3471 τὴν
3289 3401 3389 3471 μὲν
3417 3401 3566 3454 κατά
3596 3400 3664 3452 τὸ

2068 3497 2364 3569 αὔταρκες,
2391 3498 2490 3568 τὴν
2517 3497 2572 3550 δὲ
2604 3496 2698 3550 καὶ
2731 3495 2810 3558 εἰς
2839 3495 3168 3564 ὑπέρπλεον.

2144 3590 2224 3646 ιδ’.
2265 3588 2577 3644 Ἐπαύσατο
2626 3588 2683 3640 δὲ
2714 3587 2998 3644 καταδῦσα
3028 3587 3104 3650 ὡς
3132 3587 3212 3650 εἰς
3243 3587 3442 3641 πόντον
3479 3587 3662 3659 λήθης

2069 3686 2165 3738 καὶ
2187 3685 2220 3753 ἡ
2241 3682 2534 3750 ἀδιάφορος
2563 3679 2806 3749 Κύπρις,
2832 3678 2928 3734 καί
2959 3696 3041 3741 τις
3066 3678 3247 3748 γάμου
3272 3678 3448 3741 τύπος
3474 3680 3662 3731 ἐπεισ-

2070 3776 2238 3829 ελθὼν
2271 3775 2540 3844 ἐσέμνυνε
2574 3773 2673 3842 τὴν
2703 3771 2826 3825 κατ’
2850 3771 3143 3840 ἄνθρωπον
3175 3771 3442 3840 συζυγίαν
3465 3789 3480 3802 ο
3507 3774 3608 3825 καὶ
3630 3773 3666 3823 ὁ

2073 3870 2172 3938 μὲν
2232 3868 2492 3935 ἀγελαῖος
2554 3867 2735 3934 Ἔρως
2767 3863 3130 3933 ἐπτερύξατο,
3166 3863 3366 3926 ἰδίαζον
3410 3863 3470 3916 δέ
3508 3881 3664 3929 τινες

2069 3961 2323 4030 θάλαμοι,
2358 3961 2452 4012 καί
2477 3959 2763 4028 γνωρίζων
2795 3957 3026 4017 ἕκαστος
3055 3955 3182 4024 μίαν
3211 3957 3367 4019 ἰδίαν,
3391 3956 3661 4022 ἐδέσποζε

2068 4055 2165 4107 καὶ
2188 4055 2392 4106 τέκνων
2423 4052 2522 4104 οὐκ
2573 4050 2928 4118 ἀμφιϐόλων,
2965 4051 3058 4101 καὶ
3101 4050 3134 4119 ἡ
3167 4049 3311 4103 κατὰ
3340 4049 3433 4101 τὸν
3480 4050 3664 4120 Ἀδὰμ

2069 4147 2163 4198 καὶ
2189 4145 2286 4214 τὴν
2321 4143 2462 4196 Εὕαν
2488 4141 2750 4211 σὰρξίμὶα
2770 4137 2838 4212 ἦν
2862 4141 3071 4206 αὐτοῖς,
3097 4140 3172 4204 ὡς
3197 4137 3284 4194 οἷα
3311 4142 3418 4213 πρὸ
3444 4141 3662 4212 ὀφθαλ-

2071 4235 2222 4304 μῶν·
2282 4236 2375 4285 καὶ
2434 4233 2769 4301 τυπούμενοι
2830 4229 2971 4298 πρὸς
3022 4230 3376 4301 παράδειγμα
3405 4231 3665 4286 τοιοῦτον

2068 4325 2310 4393 ἐπόψιον,
2375 4322 2746 4393 προεκέντουν
2783 4323 2983 4385 αὐτοὺς
3030 4323 3108 4385 εις
3149 4323 3409 4376 ισότυπον
3442 4323 3544 4377 ἐπὶ
3574 4326 3665 4377 αἱ-

2069 4417 2236 4487 σχύνῃ
2275 4415 2380 4468 τῶν
2417 4416 2712 4486 ἐσύστερον
2739 4414 3278 4484 κοινοποιησομένων
3308 4414 3377 4467 τά
3414 4415 3663 4482 γύναιαο

2070 4509 2164 4561 καὶ
2193 4503 2334 4576 εἶχεν
2366 4506 2570 4574 ἑκάστη
2609 4505 2784 4574 σκηνὴ
2819 4505 2911 4558 καὶ
2946 4505 3096 4558 ἅπαν
3125 4506 3444 4574 κατάλυμα,
3506 4507 3665 4561 καθά

393 4595 596 4660 pudore
628 4592 1094 4647 suifundcrentur.
1136 4589 1295 4648 Unde
1340 4589 1542 4644 factum
1572 4601 1676 4655 est,
1711 4603 1765 4643 ut
1799 4595 1964 4661 quod.

2074 4617 2122 4652 τι
2155 4599 2304 4660 ἔθνος
2337 4600 2369 4668 ἢ
2404 4601 2497 4652 καὶ
2527 4598 2721 4666 φυλὴν,
2757 4597 2852 4650 τὸν
2887 4598 3077 4669 ἄνδρα,
3110 4599 3210 4668 τὴν
3240 4601 3504 4666 γυναῖκα,
3527 4601 3664 4664 τοὺς

397 4687 477 4740 vis
522 4684 968 4746 tabernaculum,
1005 4682 1234 4750 quodvis
1283 4683 1637 4736 diversorium
1672 4697 1824 4737 suam
1853 4683 1964 4737 vel-

394 4780 469 4831 nti
519 4777 742 4831 haberet
781 4785 995 4844 gentem
1025 4791 1089 4829 ac
1121 4775 1399 4837 familiam,
1437 4775 1689 4827 maritum
1719 4789 1961 4840 uxorem,

394 4871 616 4930 Iberos,
670 4876 725 4921 et
776 4863 1086 4935 quicunque
1121 4881 1242 4918 cum
1299 4865 1379 4919 eis
1414 4864 1683 4932 degebant
1717 4865 1815 4918 hoc
1849 4865 1964 4917 vin-

393 4961 518 5015 culo
555 4973 694 5012 novo
721 4957 1022 5026 conjuncti.
1061 4956 1125 5010 Et
1153 4956 1441 5011 diabolus?
1468 4957 1682 5010 Di‘cercs
1713 4956 1852 5009 hunc
1886 4957 1965 5009 itt-

393 5065 476 5109 tcr
523 5055 644 5108 illos
701 5062 834 5106 tunc
890 5052 1034 5104 haud
1083 5052 1314 5116 vixisse;
1349 5049 1692 5108 detinebatur
1737 5049 1878 5102 enim
1911 5048 1964 5100 in

394 5143 528 5196 locis
554 5155 689 5208 quos
718 5138 983 5192 Dominus
1043 5155 1146 5190 non
1206 5137 1498 5204 visitahat;
1553 5138 1714 5191 homo
1784 5145 1964 5190 autem

393 5248 581 5306 revera
615 5241 734 5284 erat
769 5229 948 5283 homo.

469 5323 554 5378 15.
595 5321 764 5376 Porro
787 5321 1040 5376 homines.
1067 5322 1140 5375 illi
1178 5321 1288 5376 Deo
1319 5321 1522 5390 accepti
1549 5321 1637 5390 qui
1670 5319 1829 5390 hujus
1869 5319 1964 5373 bo-

397 5417 452 5469 ni
490 5425 739 5469 auctores
761 5427 1119 5482 suasoresque
1150 5413 1389 5477 fuerant,
1440 5414 1665 5466 nimium
1702 5422 1963 5480 quantum

397 5525 494 5561 ore
523 5506 763 5560 onminm
797 5505 1082 5572 celebrati,
1127 5508 1510 5571 admiratione,
1547 5507 1822 5569 laudibus,
1851 5502 1968 5556 feli-

399 5596 747 5651 eitationibus
793 5597 1038 5662 elati,ad
1089 5599 1392 5667 principum
1437 5597 1755 5667 dignitatem
1800 5593 1965 5649 erecti

399 5699 545 5756 sunt,
590 5700 752 5758 atque
800 5689 873 5744 ita
922 5689 1164 5744 celebres
1203 5691 1327 5744 facti
1353 5693 1607 5761 dignique
1655 5689 1824 5743 habiti
1877 5688 1967 5757 qui

398 5785 476 5838 rei
516 5783 740 5852 publice
772 5798 956 5837 curam
987 5796 1238 5854 gererent
1284 5796 1337 5841 et
1393 5787 1648 5852 deinceps
1681 5786 1802 5835 vita:
1837 5797 1966 5848 pro-

398 5890 570 5946 speuc
616 5873 963 5931 incrementis
1010 5880 1401 5949 prospicerent.
1454 5875 1708 5934 Nonnulli
1759 5883 1966 5940 autem,

2074 4692 2294 4758 παῖδας,
2325 4692 2420 4743 καὶ
2464 4691 2655 4742 ὁπόσοι
2689 4689 2838 4743 ἄλλοι
2875 4689 3162 4758 ξυνδιῆγον
3215 4692 3400 4754 αὐτοῖς
3435 4693 3664 4764 θεσμῷ,

2071 4787 2150 4856 τῷ
2173 4785 2229 4848 ἐξ
2254 4784 2408 4846 ἔθους
2434 4781 2816 4850 καινοφανοῦς.
2853 4781 2963 4834 Καὶ
2991 4783 3018 4832 ό
3050 4781 3298 4852 δαίμωνς
3364 4783 3517 4836 Ἀλλ’
3556 4787 3663 4838 οὐκ

2075 4877 2142 4930 ἂν
2170 4871 2319 4935 εἶπες
2346 4873 2508 4926 αὑτὸν
2537 4870 2775 4924 ἐνταῦθά
2805 4886 2867 4937 γε
2895 4870 2994 4940 ζῇν
3021 4887 3033 4900 ·
3057 4867 3203 4940 εἶλον
3237 4874 3343 4942 γὰρ
3369 4871 3541 4925 αύτδν
3564 4877 3663 4928 τό·

2075 4985 2190 5030 ποι,
2209 4965 2298 5028 οὓς
2317 4966 2417 5018 οὐκ
2448 4965 2747 5020 ἐπεσκόπει
2772 4967 2798 5017 ὁ
2819 4965 3024 5035 Κύριος
3046 4981 3060 4996 ·
3087 4970 3180 5020 καὶ
3205 4961 3272 5040 ἦν
3310 4971 3335 5018 ὁ
3357 4967 3664 5039 ἄνθρωπος

2074 5060 2170 5114 ἄνθ
2181 5075 2358 5129 ρωπος
2391 5057 2465 5127 τῷ
2491 5059 2629 5111 ὄντι.

2149 5327 2228 5373 ιε’.
2278 5321 2384 5371 Καὶ
2434 5321 2480 5370 οἱ
2513 5319 2570 5370 τὸ
2607 5317 2770 5370 καλὸν
2800 5318 2959 5370 τοῦτο
3007 5319 3375 5384 ἐξανύσαντες
3408 5320 3667 5388 θεοφιλέ.

2077 5427 2260 5463 στατοι
2281 5408 2758 5478 πρωτοσύμὸουλοι
2783 5415 2875 5461 καὶ
2909 5409 3359 5478 ἀρχιδιδάσκαλοι
3390 5411 3483 5462 διὰ
3506 5412 3660 5465 πάνυ

2078 5503 2197 5556 λίαν
2252 5499 2447 5553 πολλοῦ
2483 5501 2642 5568 λόγου
2681 5500 2962 5570 ἐφέροντο,
3020 5500 3455 5570 θαυμαζόμενοι,
3491 5505 3668 5573 eam.

2081 5593 2366 5665 μούμενοι,
2388 5591 2794 5661 εύλογούμενοι,
2823 5591 3225 5660 καθιστάμενοι
3260 5596 3316 5656 ἐς
3356 5595 3663 5664 ἄρχοντας,

2077 5688 2352 5756 τιθέμενοι
2373 5684 2445 5748 ὠς
2474 5688 2553 5748 εἰς
2585 5684 2851 5752 κεφαλὰς,
2881 5687 2973 5738 καὶ
3000 5683 3144 5737 οὕτω
3166 5685 3665 5758 περιδλεπόμενοι,

2079 5781 2173 5832 καὶ
2235 5778 2547 5845 ἀξιούμενοι
2602 5779 2926 5830 ἐπισκοπεῖν
2989 5777 3057 5830 τὰ
3115 5779 3239 5830 κατ’
3285 5779 3512 5843 αὐτοὺς,
3569 5782 3665 5834 καὶ

2082 5870 2503 5943 προσεπιλαλεῑν
2557 5871 2625 5924 τὰ
2677 5871 2733 5933 ἐς
2772 5871 2944 5926 πλείω
3002 5869 3269 5943 βιώσιμον
3327 5871 3655 5942 ἐξόρθωσιν.
