3908 6554
209 429 304 495 317
766 421 866 484 DE
907 416 1375 480 OBEDIENTIA
1417 416 1940 480 M‘AGISTRATUI
1982 415 2465 479 CIIRIS’I‘IANO
2497 419 2794 481 DEBITA.
3315 425 3420 493 313

208 537 355 595 αὐτῶν
385 538 473 589 καὶ
511 534 543 602 ἡ
588 531 839 601 ἐνάρετος
885 529 1076 598 ἀγωγὴ
1114 497 1587 600 πρξεπχύξηται,
1638 526 1734 579 καὶ

1850 538 1943 588 fur.
1972 536 2178 582 tantum
2206 527 2365 581 etiam
2391 528 2734 597 pulchritudo
2755 546 2784 585 e
2803 532 3157 590 conversione
3186 535 3418 594 oriunda

209 633 332 685 τὸέκ
369 627 456 680 τοῦ
503 625 638 679 Θεοῦ
699 621 863 676 καλὸν
893 623 974 684 είς
1026 622 1262 691 μάλιστα
1325 620 1537 689 πρέπον
1591 619 1742 686 αὐτῷ

209 721 370 788 ἐκείνῳ
416 713 824 782 ἀποκατασταίη
879 712 1068 776 (αὐτὸς
1124 711 1232 782 γὰρ
1289 711 1464 783 δοτὴρ·
1496 711 1590 765 καὶ
1646 709 1742 764 τοῦ

209 808 554 882 πρωτοφανοῦς
577 803 897 875 νεογράφου
910 803 1117 872 ἀγαθοῦ
1141 803 1308 870 νόμου
1327 803 1742 872 κατείληπται)·

209 898 684 973 προσεξευρίσκεται
718 897 884 965 νόμος
946 893 1064 963 μετ’
1113 895 1324 947 ἐκεῖνον
1371 894 1530 955 ἄλλος
1562 893 1747 946 δεύτεο

209 1011 281 1065 ρος
314 991 598 1059 ὑπέρτερος
641 988 738 1041 καὶ
788 985 1255 1057 μεγαλοδὺναμος,
1289 987 1384 1039 καὶ
1413 984 1508 1038 τοῦ
1547 1000 1745 1054 προσε-

209 1087 296 1156 χῶς
335 1081 740 1152 τεθεωρημένον
801 1082 860 1140 ἐς
904 1077 1163 1132 τοσοῦτον
1208 1078 1618 1148 ὑπερηρμένοτ.
1665 1078 1745 1139 εἰς

207 1183 304 1232 ὅσον
344 1176 430 1228 καὶ
459 1173 620 1242 σῶμα
647 1171 812 1226 καλὸν
840 1172 936 1225 καὶ
983 1172 1234 1243 σφριγῶν
1275 1169 1513 1242 ὕπερθεν
1540 1168 1634 1223 τοῦ
1669 1169 1745 1241 μὴ

210 1267 413 1320 τοιούτου
443 1265 664 1332 φέροιτο
695 1262 783 1317 ἄν.

260 1402 352 1471 2f.
384 1402 488 1456 Καὶ
525 1398 596 1472 ἦν
625 1404 832 1461 ἐκεῖνος
874 1403 902 1454 ὀ
933 1399 1253 1465 Μωσαῖκδς,
1285 1399 1348 1452 οὐ
1399 1399 1560 1468 μόνον
1593 1400 1620 1453 ὁ
1651 1398 1744 1452 Σι-

207 1498 382 1566 ναῖτης,
418 1494 549 1547 ἀλλὰ
597 1497 695 1548 καὶ
742 1495 859 1548 ὅσοι
893 1493 1082 1546 πολλοὶ
1135 1494 1230 1547 καὶ
1268 1493 1423 1546 αὐτοὶ
1462 1491 1747 1546 ἀκόλουθοι

208 1590 367 1657 ἐκείνῳ
394 1589 479 1640 καὶ
530 1587 823 1657 σύντροχοι
857 1588 953 1640 καὶ
1007 1586 1314 1655 σύμφωνοι,
1369 1585 1430 1636 οὐ
1478 1587 1607 1655 περὶ
1641 1585 1748 1654 γῆν

209 1681 358 1749 ἕρπων
385 1679 566 1742 αὐτὸς.
594 1679 694 1732 καὶ
718 1681 783 1730 τὰ
806 1679 926 1730 κατ’
955 1677 1130 1746 αὐτὴν
1157 1677 1293 1746 μόνα
1317 1675 1621 1746 σοντηρῶν,
1650 1678 1748 1729 καὶ

207 1771 407 1840 ἐξορθῶν
445 1772 539 1822 καὶ
587 1769 1081 1841 ἐπανορθούμενος,
1127 1767 1261 1820 ἀλλὰ
1293 1769 1387 1820 καὶ
1415 1767 1578 1830 αὐτὸς
1609 1766 1746 1820 Θεοῦ

205 1866 265 1925 rb;
293 1863 375 1915 ἐπὶ
415 1863 620 1930 μᾶλλον
653 1861 1058 1932 ἐξαρτώμενος.
1113 1861 1224 1914 Καὶ
1271 1858 1604 1926 θεογνωσίαν
1637 1859 1749 1929 γὰρ
1779 1886 1820 1942 Β

207 1958 377 2017 ἐκεῖνος
412 1954 912 2024 ἐπραγματεύσατο
942 1953 1038 2005 καὶ
1084 1952 1409 2022 φιλοσοφίαν
1442 1951 1614 2017 θείαν,
1643 1952 1746 2004 εἶτ’

207 2046 279 2099 οὖν
304 2046 598 2113 Θεολογίαν,
654 2047 745 2098 καὶ
791 2045 998 2112 κόσμου
1047 2045 1346 2114 ἐπίγνωσιν
1380 2045 1478 2114 μὲν
1517 2043 1606 2097 διὰ
1647 2046 1748 2115 τῆς

205 2137 536 2200 διδασκαλίας,
567 2137 643 2208 ἢν
674 2139 708 2207 ἡ
744 2137 1079 2204 κοσμοποιία
1114 2135 1482 2207 παραδίδωσι,
1510 2137 1748 2205 διάγνω-

209 2247 274 2281 σιν
295 2231 364 2294 δὲ,
409 2224 489 2293 οἷς
522 2228 830 2283 ὑποϐάλλει
880 2230 1252 2297 φυσιολογεῖν,
1303 2233 1658 2298 κατάγνωσιν
1688 2229 1746 2284 δὲ

206 2322 282 2391 τὴν
329 2316 512 2388 ἐφόἷς
563 2321 697 2392 χρὴ.
749 2321 820 2374 δι’
873 2315 947 2375 ὧν
989 2320 1246 2391 ῥυθμίζει
1299 2320 1437 2390 πρὸς
1472 2316 1627 2394 ἦθοςι
1669 2323 1746 2386 ὡς

207 2413 546 2481 ἐπιμελεῖσθαι
588 2415 690 2482 μὲν
747 2414 979 2482 κόσμου,
1028 2413 1153 2466 καθ’
1187 2413 1246 2466 ὃν
1286 2412 1643 2482 ὑπερλάμπει
1683 2414 1746 2468 τδ

205 2503 417 2570 κόσμιον,
441 2504 801 2572 περιφρονεῖν
823 2502 879 2555 δέ
907 2501 1094 2563 τᾶλλα,
1125 2500 1184 2566 ἐξ
1214 2492 1289 2552 ὧν
1325 2500 1353 2552 6
1383 2501 1506 2552 κατ’
1531 2499 1744 2571 ἄνθρω-

205 2608 288 2645 πον
312 2593 412 2663 βίος
435 2593 767 2647 ἁπεκσαίνει
801 2594 1066 2663 ἄκοσμος.

259 2709 343 2762 κδ’.
376 2711 481 2762 Καὶ
532 2709 869 2762 ἀπετέλεσεν
916 2711 944 2762 ὁ
972 2710 1214 2772 τοιοῦτος
1261 2711 1427 2780 νόμος
1483 2710 1544 2764 οὗ
1583 2709 1748 2782 μόνον

205 2801 406 2868 ἀγαυοὺς
432 2801 635 2872 ἄνδρας
664 2801 884 2867 ἁπλῶς,
914 2801 1092 2854 ὁποῖοι
1124 2803 1186 2872 δή
1222 2820 1368 2866 τινες
1407 2803 1505 2856 καὶ
1549 2805 1607 2856 ἐν
1635 2804 1748 2865 τοῖς

205 2892 291 2962 πρὸ
329 2893 500 2946 αὐτῶν
559 2893 906 2962 ἐξεφάνησαν
963 2894 1177 2963 μέτριοι
1223 2895 1423 2948 ἐκεῖνοι
1476 2895 1573 2948 καὶ
1615 2895 1748 2965 ῥᾷον

203 2987 478 3055 ἁριθμητοὶ,
517 2989 614 3039 καὶ
675 2986 896 3056 μάλιτθ⁹
924 2987 1012 3040 ὅτε
1051 2988 1083 3058 ἡ
1135 2988 1465 3058 ἀγριονομία
1511 2987 1612 3058 τὴν
1644 2988 1748 3058 γῆν

205 3078 502 3142 ἀπεσκότου,
559 3077 697 3130 ἀλλὰ
747 3079 840 3130 καί
874 3078 1087 3144 ἁγίους,
1144 3080 1240 3131 καὶ
1287 3077 1348 3130 τδ
1393 3078 1744 3143 καινότατον,

1849 627 1903 674 et
1934 620 2061 675 vita:
2089 621 2343 675 honestas
2377 632 2809 696 promoveretur,
2842 633 2894 678 et
2927 625 3126 680 bonum
3159 626 3422 683 divinitus

1849 725 2128 780 acceptum
2170 715 2344 782 magis
2388 714 2668 784 magisque
2701 715 2755 769 in
2788 714 2881 771 Dei
2912 717 3122 773 laudem
3155 720 3419 790 διανίστη-

1847 817 1952 872 que
1978 804 2192 857 cederet
2239 803 2377 872 (ipse
2422 806 2564 858 enim
2596 806 2862 876 benignus
2903 822 3037 862 nova
3075 809 3206 879 legis
3235 822 3418 868 auctor

1846 901 2011 960 atque
2043 893 2200 949 dator
2234 893 2394 950 facile
2437 897 2857 968 agnoscebatur)
2905 918 2918 953 :
2971 901 3185 956 inventa
3228 912 3311 958 est
3340 903 3420 957 in-

1846 998 2014 1053 super
2049 993 2246 1054 praeter
2277 987 2420 1041 illam
2465 988 2545 1043 lex
2594 991 2764 1044 altera
2811 993 3065 1062 superior
3106 1003 3160 1048 et
3205 1005 3420 1066 potens,

1848 1089 2018 1144 eaque
2041 1076 2290 1146 quaejam
2325 1079 2425 1132 sub
2457 1080 2705 1136 manibus
2736 1091 2853 1137 erat
2885 1093 3029 1138 tanto
3051 1087 3420 1152 prmstantior,

1847 1176 2052 1236 quanto
2087 1183 2284 1237 corpus
2315 1169 2623 1240 speciosum
2653 1189 2714 1228 ac
2755 1174 3060 1244 vigorosum
3091 1178 3232 1246 turpi
3258 1188 3423 1250 atque

1849 1261 2068 1316 inﬁrmo
2102 1272 2360 1331 prazstare
2398 1282 2424 1317 (ι
2439 1265 2662 1319 reditur.

1917 1394 2008 1449 23.
2051 1393 2174 1450 Fuit
2210 1406 2388 1452 autem
2433 1399 2518 1453 illa
2569 1400 2655 1454 lex
2692 1400 2946 1466 Mosaica,
2983 1420 3090 1458 non
3122 1406 3296 1461 solum
3330 1407 3420 1464 Si-

1851 1486 2070 1548 naitica.
2124 1488 2217 1542 sed
2269 1497 2322 1542 et
2354 1489 2473 1544 alia:
2524 1493 2705 1546 multa:
2757 1495 2807 1548 ei
2852 1495 3057 1550 similes
3085 1506 3139 1551 et
3181 1499 3419 1570 ejusdem

1855 1580 2204 1647 argumenti;
2246 1580 2358 1643 illa,
2392 1581 2633 1650 inquam,
2676 1599 2780 1638 non
2833 1588 2900 1638 ad
2957 1596 3153 1642 terram
3201 1605 3419 1660 repens,

1852 1683 2028 1736 neque
2075 1671 2352 1724 terrestria
2399 1680 2608 1726 tantum
2649 1676 2967 1746 respiciens,
2999 1681 3302 1750 corrigens,
3338 1683 3418 1738 di-

1851 1756 2057 1826 rigens,
2086 1760 2178 1814 sed
2212 1761 2388 1828 potius
2416 1777 2442 1814 a
2475 1761 2582 1817 Deo
2625 1764 2742 1834 ipso
2780 1782 3062 1838 suspensa.
3098 1770 3418 1842 Suppedita-

1852 1850 1927 1917 vit
1955 1850 2099 1904 enim
2125 1853 2494 1921 cognitionem
2528 1856 2616 1910 Dei
2647 1869 2700 1910 et
2737 1859 3133 1929 philosophiam
3157 1863 3418 1932 divinam,

1851 1941 1904 1994 id
1945 1951 2028 1995 est
2074 1944 2419 2014 theologiam,
2463 1956 2516 2002 et
2555 1951 2737 2005 mundi
2790 1953 3151 2020 cognitionem
3184 1972 3279 2027 per
3325 1959 3418 2012 do-

1847 2034 2082 2088 ctrinam
2114 2051 2277 2105 quam
2313 2040 2520 2094 creatio
2550 2043 2732 2097 mundi
2759 2046 3002 2111 exhibet,
3037 2063 3244 2104 necnon
3275 2049 3418 2120 judi-

1845 2123 1991 2184 cium
2024 2125 2090 2179 de
2116 2141 2298 2181 rerum
2329 2139 2543 2193 natura,
2577 2140 2628 2186 et
2654 2144 3019 2204 contemptum
3063 2153 3242 2192 rerum
3287 2154 3420 2194 con-

1846 2223 2056 2284 temptu
2111 2217 2436 2287 dignarum;
2491 2223 2687 2290 quibus
2733 2228 2984 2284 omnibus
3028 2246 3204 2286 mores
3261 2234 3436 2304 perli-i

1845 2306 2091 2372 ciuntur,
2146 2308 2220 2362 ita
2280 2320 2340 2362 ut
2396 2315 2628 2380 mundo,
2683 2327 2954 2386 quatenus
3015 2337 3196 2376 veram
3263 2327 3418 2381 nobis

1845 2398 2163 2453 mumlitiem
2212 2403 2485 2469 ostendit,
2549 2407 2901 2474 studeamus,
2960 2422 3154 2468 czrtera
3213 2425 3416 2483 autem,

1843 2489 2042 2558 quibus
2084 2491 2190 2544 vita
2237 2493 2474 2548 humana
2511 2497 2578 2551 ad
2618 2497 3015 2558 immunditiem
3067 2505 3418 2578 deprimitur,

1845 2591 2285 2639 contemnamus.

1915 2691 2024 2750 24.~
2053 2697 2223 2752 Porro
2274 2700 2356 2754 lex
2397 2701 2484 2756 illa
2533 2719 2640 2758 non
2686 2708 2861 2762 solum
2895 2710 3130 2769 reddidit
3166 2714 3421 2776 homines

1848 2786 2173 2858 simpliciter
2218 2793 2435 2860 probos,
2463 2797 2656 2864 quales
2701 2800 2864 2854 etiam
2909 2813 3040 2856 ante
3090 2805 3209 2861 illos
3262 2811 3420 2875 pauci

1846 2880 2068 2950 quidam
2100 2884 2442 2949 exstiterant,
2470 2895 2526 2940 et
2553 2887 2820 2956 imprimis
2843 2906 2964 2946 cum
2997 2891 3093 2948 feri
3131 2897 3204 2950 illi
3239 2915 3421 2956 mores

1851 2979 2052 3026 terram
2099 2973 2480 3039 obscurarent,
2534 2981 2628 3032 sed
2685 2981 2846 3035 etiam
2897 2994 3116 3041 sanctos
3163 2999 3239 3052 et,
3274 2993 3420 3059 quod

1849 3062 2084 3117 maxime
2100 3064 2478 3120 admirandum
2511 3079 2616 3131 est,
2651 3068 2740 3124 Dei
2775 3082 2983 3140 patres.
3009 3074 3276 3145 Apparuit
3315 3081 3418 3148 ξεῖ-

206 3168 531 3237 θιοπὰτορας.
582 3170 866 3238 Ἐπεφάνη
892 3170 948 3222 δὲ
973 3169 1081 3240 ἄρα
1115 3171 1143 3222 ὁ
1175 3168 1419 3233 τοιοῦτος
1452 3170 1616 3238 νόμος
1651 3186 1742 3223 τε-

1850 3161 1937 3208 tur
1979 3154 2065 3210 lex
2096 3154 2184 3208 illa
2219 3155 2512 3224 perfectior
2546 3169 2600 3213 et
2637 3163 2801 3215 multo
2854 3166 3026 3234 magis
3071 3171 3417 3232 venerabilis.

204 3258 432 3330 λεώτερος
502 3260 604 3330 μὲν
656 3260 752 3313 καὶ
803 3262 882 3323 εἰς
945 3260 1106 3313 πλέον
1144 3261 1375 3330 ὁτιμάλα
1433 3261 1748 3332 σεῦἀσμιος,

212 3351 374 3406 καθότι
406 3356 502 3406 καὶ
541 3353 872 3423 θεόγραφος,
907 3353 1151 3423 μελετῶν
1179 3354 1236 3408 δὲ
1269 3355 1419 3425 ὅμως
1462 3355 1558 3408 καὶ
1615 3355 1751 3408 ὕπο-

205 3442 500 3512 κρουόμενος
548 3445 618 3498 τὰ
661 3443 994 3499 τελεώτατα.
1039 3444 1358 3516 Ἐθεωρεῖτο
1409 3445 1519 3514 γὰρ
1572 3443 1646 3509 ὡς
1687 3447 1746 3499 ἐν

205 3535 526 3606 ὑπογραμμῷ
584 3535 948 3605 σκιαγραφῶν
1005 3537 1100 3589 καὶ
1163 3535 1565 3606 ὑποχαράσσων
1625 3535 1748 3590 Θεῖα

202 3609 500 3695 τυπὼματα,
528 3629 840 3698 προφήταις
871 3627 969 3698 μὲν
991 3627 1065 3690 ὡς
1087 3629 1426 3697 διορατικοτς
1450 3628 1748 3681 ἐποπτευό-

207 3732 358 3786 μινος,
389 3721 482 3773 καὶ
513 3719 845 3788 λεπτότερον
879 3718 1342 3786 κατανοούμενος,
1393 3722 1508 3782 τοῖς
1544 3719 1601 3772 δὲ
1627 3718 1743 3774 λοι-

206 3809 304 3871 ποῖς
351 3809 658 3879 παχύτερον
719 3810 1188 3878 προσφερόμενος,
1238 3814 1333 3862 καὶ
1385 3810 1506 3863 οὐδὲ
1557 3809 1632 3872 ὡς
1686 3811 1746 3862 ἐν

204 3897 398 3970 ὑπονοίᾳ
427 3901 558 3969 γοῦν
589 3900 810 3969 ἐφικτὸς
846 3898 944 3955 ὥν.
965 3900 1198 3968 Μεγὰλα
1229 3902 1338 3972 γὰρ
1369 3901 1466 3954 καὶ
1491 3901 1744 3954 θειότατα

204 3993 411 4056 καὶτοῖς
451 3993 710 4060 τηνικάδε
765 3993 959 4061 χρόνον
1016 3991 1328 4062 ἀνθρώποις
1374 3992 1740 4062 ἀκατάληπτα

203 4079 374 4148 λαλῶν,
402 4085 749 4153 ἐπέκρυπτεν
772 4084 1167 4153 αἰνιττόμενος.
1189 4083 1248 4136 τὸ
1271 4084 1386 4154 φῶς
1415 4083 1559 4138 οὕτω
1585 4086 1744 4139 σκιά·

204 4173 294 4235 ζων
318 4177 406 4245 τῆς
440 4175 715 4242 γνώσεως,
752 4177 846 4227 καὶ
873 4174 1312 4228 κατακαλύπτων
1349 4174 1446 4245 τὴν
1482 4176 1741 4245 ἀλήθειαν

201 4265 261 4327 ὡς
283 4268 334 4319 ἐν
361 4268 849 4338 παραπετάσματι,
889 4265 966 4336 τῷ
1001 4268 1420 4336 προφαινομένῳ
1465 4269 1566 4337 τῆς
1597 4269 1740 4337 φρά-

204 4376 350 4421 σεως·
381 4363 470 4413 καὶ
498 4355 645 4428 εἶχον
691 4359 868 4426 ὀλίγοι
911 4357 1245 4428 ἑμὸαθύνειν
1296 4361 1410 4420 τοῖς
1440 4361 1738 4429 αἰνιγμοῖς,

203 4450 243 4500 ei
271 4450 472 4514 πλείους
501 4451 558 4503 δὲ
591 4445 734 4520 ἦσαν
758 4450 855 4518 τῆς
881 4449 1172 4518 ἐπιπολῆς.
1296 4445 1314 4459 ”

262 4567 349 4614 κε’.
380 4563 487 4614 Οὐκ
547 4563 813 4632 ἠνέσχετο
841 4563 896 4615 δέ
942 4562 1051 4631 ἄρα
1081 4565 1108 4615 ὁ
1161 4563 1255 4615 καὶ
1291 4564 1610 4633 ἐπιπέμψας
1645 4565 1740 4618 τὸν

203 4649 344 4717 νόμον
378 4651 566 4704 τοῦτον
611 4652 768 4716 Θεὸς,
820 4653 914 4704 καὶ
947 4651 1159 4722 βαθέως
1207 4652 1489 4717 τυπώσας,
1555 4655 1644 4706 καὶ
1679 4656 1739 4706 ἐν

206 4741 515 4813 culmum;
549 4743 848 4812 παραδοὺς,
881 4741 957 4812 μὴ
989 4742 1115 4813 οὐχὶ
1147 4745 1239 4796 καὶ
1269 4743 1609 4812 διασαφῆσαι
1644 4743 1742 4798 αὑ-

203 4833 279 4896 τος
333 4837 529 4888 ἐκεῖνον
594 4835 992 4904 ἐναργέστατα,
1051 4838 1146 4888 καὶ
1207 4835 1608 4905 τελεσφορῆσαι
1659 4837 1740 4900 εἰς

203 4922 556 4993 πληρεστάτην
579 4925 814 4996 χρῶσιν,
845 4926 942 4979 καὶ
971 4925 1113 4980 οὕτω
1132 4927 1356 4995 γνῶσιν,
1379 4928 1441 4980 τὸ
1476 4929 1739 4996 σκιαγράι

202 5028 358 5080 (intra.
387 5015 444 5068 El
477 5017 587 5085 γὰρ
620 5013 944 5077 διδάσκαλος
979 5015 1428 5086 ἀποπειρώμενος
1459 5015 1737 5085 μαθητῶν,

202 5103 320 5165 πρὸς
347 5099 426 5167 οἷς
453 5107 543 5160 τὸν
583 5105 712 5160 νοῦν
747 5106 882 5176 ἔχει,
935 5108 1029 5160 καὶ
1058 5107 1318 5179 γλαφυρὰ
1365 5106 1608 5176 λαλήσας
1645 5107 1744 5158 αὖ·

200 5196 423 5260 τοῖς,ιιαὶ
448 5197 702 5269 εὑρηκὼς
732 5199 834 5252 οὐκ
854 5197 1266 5267 ἐμϐαθύνοντας
1297 5199 1381 5263 είς
1406 5199 1614 5267 νόησιν,
1645 5199 1742 5252 καὶ

198 5283 256 5336 δι’
291 5290 415 5341 αὐτὸ
439 5292 839 5353 κατοκνοῦντας
866 5291 966 5360 τὴν
999 5291 1262 5361 μάθησιν.
1301 5293 1394 5344 καὶ
1426 5292 1493 5361 τῇ
1526 5288 1740 5360 ἀθυμίᾳ

199 5377 540 5447 ἐκλείποντας,
591 5382 624 5454 ἢ
675 5384 744 5452 τῇ
799 5382 1043 5454 ῥαθυμίᾳ
1107 5381 1584 5445 καταπίπτοντας,
1644 5381 1741 5432 καὶ

199 5467 655 5540 ἁποτελουμένους,
700 5471 775 5532 ὡς
805 5472 980 5535 οὕτως
1026 5473 1226 5537 εἰπεῖν,
1270 5471 1739 5541 λειπογνώμονας,

196 5559 286 5610 οὐκ
326 5561 566 5632 ἀνέχεται
601 5565 676 5632 μὴ
722 5565 782 5627 ἐς
824 5565 939 5633 φῶς
977 5567 1206 5632 ἀγαγεῖν
1260 5564 1644 5633 διευκρινήσας
1677 5562 1740 5614 τὸ

196 5646 642 5725 ἔνσκατάληπτον,
672 5653 810 5707 ἀλλὰ
844 5655 1196 5724 διερμηνεύει
1229 5655 1438 5723 σαφῶς,
1473 5655 1569 5708 καὶ
1596 5652 1742 5707 οὕτω

196 5742 283 5804 τὶς
326 5744 539 5800 ἐκείνων
572 5750 770 5803 κτᾶται
802 5747 1004 5817 ψυχάς.
1050 5747 1142 5818 Τῷ
1172 5751 1335 5802 παντὶ
1380 5749 1474 5802 ἐπὶ
1517 5749 1679 5802 πλέον
1711 5747 1739 5800 ὁ

200 5832 281 5883 καὶ
315 5839 588 5910 προὰργων
638 5839 1055 5906 ἐνδιδασκάλως,
1089 5842 1185 5896 καὶ
1207 5842 1384 5907 ἄλλως
1415 5841 1472 5896 δὲ
1505 5839 1729 5912 παμμὲο

1851 3243 2107 3312 quoniam
2164 3259 2194 3298 a
2253 3245 2362 3301 Deo
2415 3256 2534 3302 erat
2579 3253 2890 3322 conscripta
2933 3269 2985 3310 et
3033 3257 3098 3312 ad
3148 3275 3417 3318 summam

1849 3335 2234 3406 perfectionem
2275 3339 2522 3396 homines
2553 3347 2914 3413 prmparabat.
2966 3346 3419 3420 Conspiciebatur

1847 3429 1993 3481 enim
2035 3428 2190 3496 quasi
2222 3427 2554 3486 adtunbrans
2590 3440 2645 3485 et
2686 3431 2969 3489 delineans
3014 3449 3281 3510 prtecepta
3331 3443 3418 3497 di-

1847 3519 1992 3581 vina,
2021 3527 2075 3574 et
2097 3534 2126 3573 a
2153 3520 2430 3589 prophetis
2454 3524 2862 3592 perspicacibus
2898 3526 3166 3584 intellecta
3202 3531 3418 3589 facilius

1845 3611 2424 3680 comprehendebatur,
2455 3627 2485 3666 a
2515 3616 2726 3670 caeteris
2752 3626 2927 3672 autem
2964 3621 3223 3677 crassiori
3256 3628 3418 3680 modo

1845 3701 2282 3772 colicipiebatur,
2310 3704 2383 3758 ita
2416 3713 2475 3758 ut
2525 3707 2612 3759 vix
2660 3710 2975 3777 conjecmra
3019 3707 3139 3784 ejus
3192 3731 3414 3772 sensum

1847 3803 2290 3863 assequerentur.
2335 3797 2467 3851 Cum
2520 3800 2665 3852 enim
2716 3802 2982 3868 magnalia
3031 3817 3194 3875 atque
3235 3809 3416 3865 divina

1845 3884 2197 3954 eloqueretur
2226 3903 2347 3957 qua:
2375 3891 2440 3943 ab
2474 3889 2622 3945 illius
2655 3896 2916 3963 temporis
2948 3895 3262 3956 hominibus
3292 3903 3414 3972 capi

1844 3979 2163 4048 nequibant,
2197 3981 2379 4036 lumen
2413 3983 2780 4053 intelligentia:
2804 3990 3020 4044 nonnisi
3052 3993 3416 4051 adumbrabat

1843 4085 1900 4130 et
1950 4077 2229 4130 veritatem
2275 4079 2418 4132 velut
2463 4080 2810 4150 aanigmatum
2863 4080 3131 4137 velamine
3183 4084 3416 4150 celabat,

1844 4165 2082 4221 dictione
2129 4167 2385 4222 nimirum
2436 4183 2526 4224 res
2569 4170 2784 4225 futuras
2829 4171 3207 4240 praefigurans,
3240 4189 3414 4244 quare

1841 4257 2160 4327 paucissimi
2190 4259 2536 4329 aenigmatum
2568 4273 2790 4316 sensum
2825 4265 3237 4333 perpetrabant,
3277 4268 3414 4322 "IIII-r-

1843 4346 2018 4403 titudo
2049 4357 2226 4402 autem
2255 4349 2308 4402 in
2337 4350 2627 4420 superlicie
2651 4351 2910 4408 haerebat.

1915 4539 2006 4596 25.
2028 4539 2170 4596 Deus
2187 4541 2370 4612 igitur,
2390 4540 2479 4611 qui
2497 4539 2632 4595 hanc
2663 4539 2833 4612 legem
2855 4541 3165 4600 hominibus
3186 4546 3430 4617 benigne-

1839 4650 2152 4691 concessam
2169 4634 2493 4708 etsymbolis
2511 4634 2804 4690 involutam
2825 4637 3040 4702 t‘u‘lerat,
3062 4640 3176 4707 ipse
3197 4656 3420 4711 quoque

1842 4728 2101 4797 providit,
2127 4735 2186 4780 ut
2215 4743 2276 4780 ea
2301 4728 2504 4798 optime.
2532 4727 2942 4799 intelligeretur,
2963 4739 3156 4798 etquae
3177 4734 3416 4788 obscure

1843 4817 1989 4872 dicta
2009 4829 2211 4883 essent,
2231 4817 2299 4872 ad
2322 4819 2628 4874 claritatem
2651 4836 2715 4874 ac
2739 4823 3186 4891 perspicuitatem
3206 4825 3414 4894 perdu-

1842 4917 2127 4966 cerentur.
2151 4909 2360 4965 Sienim
2386 4921 2706 4982 praeceptor,
2729 4913 3024 4983 discipulos
3045 4918 3244 4986 quibus
3279 4921 3418 4974 bene

1843 5001 2348 5071 cupiterperturus,
2368 5001 2532 5055 altum
2554 5005 2838 5058 verborqu
2858 5021 3079 5060 suorum
3102 5024 3319 5064 sensum
3345 5011 3415 5066 ab

1846 5093 1914 5147 iis
1940 5093 2079 5146 haud
2124 5092 2357 5162 perspici
2388 5093 2851 5159 auimadvertens,
2893 5096 2966 5150 ita
2997 5099 3213 5167 quidem
3248 5111 3304 5155 ut
3340 5102 3413 5156 ad

1844 5183 2146 5238 doctrinam
2201 5182 2510 5251 pigrescant
2559 5193 2722 5252 atque
2754 5194 2847 5238 aut
2889 5188 3056 5241 animi
3091 5193 3274 5260 vigore
3320 5191 3416 5246 de-

1843 5275 2044 5341 s=ituti,
2081 5283 2175 5329 aut
2197 5275 2416 5329 levitate
2439 5275 2700 5345 correpti,
2735 5276 2882 5331 omni
2917 5293 3161 5347 prorsus,
3195 5289 3251 5335 ut
3287 5297 3418 5337 vere

1842 5366 2042 5428 dicam,
2089 5364 2315 5420 scientia
2359 5364 2632 5428 excidant,
2659 5379 2722 5418 ea
2757 5380 2878 5433 qua:
2923 5367 3163 5422 diflicilia
3195 5370 3417 5439 cognita

1843 5467 1968 5513 sunt
2002 5471 2111 5511 non
2149 5457 2264 5511 vult
2310 5473 2416 5512 non
2451 5457 2506 5510 in
2557 5455 2731 5510 lucem
2777 5461 3099 5526 producere,
3131 5461 3224 5515 sed
3273 5461 3417 5517 bene

1843 5550 2080 5619 explicat
2107 5559 2160 5604 et
2197 5549 2271 5602 ita
2305 5563 2492 5602 eorum
2529 5547 2741 5602 animos
2770 5549 3054 5602 lucretur:
3095 5550 3268 5604 multo
3303 5566 3410 5621 po-

1845 5643 1953 5695 tius
1977 5641 2022 5695 is
2046 5640 2135 5710 qui
2165 5639 2233 5693 ab
2267 5647 2470 5693 aeterno
2492 5654 2736 5693 summus
2760 5636 2860 5692 fuit
2885 5650 3204 5708 praeceptor,
3236 5641 3408 5713 legem

1843 5750 1995 5790 suam
2051 5749 2079 5788 a
2116 5731 2298 5805 Moyse
2337 5729 2560 5802 ejusque
2605 5731 2801 5786 coawis
2834 5733 3197 5802 conscriptam
3245 5735 3413 5792 bene-

1844 5830 1962 5888 νοω
2009 5829 2253 5888 revelare
2296 5827 2488 5884 statuit
2537 5824 2846 5882 hominibus
2872 5826 2964 5897 qui
2996 5828 3194 5889 divina:
3223 5834 3412 5901 gratia:
