3864 6548
298 376 301 379 π
410 420 517 487 31's

1086 427 1505 492 EUSTATHII
1549 428 2303 495 TllESSALONlCENSIS
2347 435 2917 520 METROJ‘OLITA!

3593 435 3728 503 320

413 537 739 608 veritatique
786 538 1068 594 studerent
1118 551 1174 596 et
1231 556 1329 611 per
1357 540 1602 595 ultimam
1662 541 1979 609 perfectissi‘

2144 561 2314 610 ιστος,
2345 547 2438 601 τὸν
2470 547 2635 602 αὐτοῦ
2662 548 2828 620 νόμον
2859 551 2950 605 τὸν
2973 548 3253 622 δεύτερον,
3302 550 3394 604 τόν
3427 547 3725 621 γραπτὸν

414 647 666 701 unamque
705 631 875 702 legem
921 633 989 687 ad
1035 634 1206 701 ipsum
1244 642 1609 699 recurrerent,
1646 642 1899 688 accurate
1931 648 1995 689 ac

409 721 529 772 sine
560 721 823 790 vituperio
845 721 961 791 ejus
983 722 1398 791 iustificationes
1428 723 1793 793 exsequendo.

2102 636 2161 689 ὃν
2195 638 2434 708 Μωῦσῆς
2466 643 2561 693 καὶ
2594 642 2641 694 oi
2680 641 2967 696 Μωσαῖκοὶ
3009 643 3405 717 ἐξεγράψαντο,
3454 641 3723 724 ἔμελλεν

2091 726 2360 796 εύσχόλως
2380 728 2725 803 ἀνακαλύψαι
2744 735 2858 795 τοῖς
2885 735 2942 787 ἐν
2971 734 3153 805 χάριτι
3179 733 3299 805 θείᾳ
3326 735 3421 789 καὶ
3446 732 3718 805 ἀληθείᾳ

410 814 768 883 νομομαθέσι,
811 817 907 870 καὶ
977 816 1065 871 διὰ
1107 816 1203 870 τοῦ
1269 816 1501 888 ὑστέρου
1560 818 1655 869 καὶ
1709 816 2091 887 πληρεστάτου
2143 819 2325 903 νόμου]
2368 822 2883 896 ἀναδραμουμένοις
2935 828 2990 891 ἐς
3044 826 3212 880 αὐτὸν
3259 826 3318 879 ἐν
3360 827 3440 899 τῷ
3496 824 3719 888 καλῶς

412 901 508 954 καὶ
554 902 679 972 δίχα
714 905 909 974 μώμου
964 905 1249 963 ἐκτελέσαι
1298 905 1368 959 τὰ
1418 906 1631 960 ἐκείνου
1689 907 2063 979 δικαιώματα.

480 996 572 1050 26.
617 995 904 1052 Descendit
941 999 1104 1070 igitur
1134 1012 1228 1067 per
1265 998 1662 1055 incarnationis
1695 1000 1985 1071 dispensa-

413 1086 611 1139 tionem
662 1088 714 1139 in
753 1086 1010 1142 mundum
1059 1103 1215 1141 suum
1265 1103 1330 1142 ac
1383 1089 1678 1157 hominem,
1713 1100 1879 1161 atque
1921 1092 1988 1146 ab

412 1177 567 1231 initio
601 1192 801 1246 paucos
829 1187 1034 1233 tantum
1066 1196 1094 1233 e
1120 1178 1463 1236 multitudine
1483 1179 1643 1251 elegit
1669 1181 1987 1252 discipulos.

412 1266 464 1320 in
511 1283 577 1322 eo
634 1284 848 1339 quoque
903 1269 1279 1324 admirandum
1339 1280 1392 1324 et
1437 1272 1806 1342 prodigiosum
1856 1274 1989 1343 quid

411 1358 741 1425 ostendens,
801 1360 939 1429 quod
1005 1374 1114 1414 non
1172 1370 1501 1429 eXSpectans
1551 1363 1998 1433 conspiciebatur

413 1450 681 1505 doctrina:
726 1450 950 1520 cupidos
1003 1451 1241 1517 docere.
1287 1452 1382 1508 sed
1416 1453 1596 1523 potius
1644 1455 1995 1521 semetipsum

413 1541 787 1605 esinaniebat,
810 1551 870 1596 ut
895 1543 1058 1597 etiam
1081 1544 1149 1599 ab
1174 1543 1290 1613 ipso
1313 1543 1619 1600 edocendos
1642 1544 1919 1615 colligeret
1944 1552 1998 1600 et

408 1633 477 1685 ad
508 1646 695 1686 eorum
730 1631 1106 1688 inﬁrmitatem
1134 1649 1259 1693 sese
1285 1639 1744 1692 accommodaret.

478 1722 569 1777 9.7.
614 1724 914 1779 Descendit.
949 1725 1116 1797 igitur
1145 1741 1176 1781 e
1207 1726 1349 1783 etelo
1397 1727 1724 1782 illuminatio
1776 1727 1989 1797 perfec-

2170 1005 2284 1071 κς’.
2320 1008 2532 1063 Οὐκοῦν
2567 1012 2888 1067 καταϐαίνει
2917 1011 3005 1067 διὰ
3029 1011 3129 1081 τῆς
3158 1012 3431 1079 ἐνσάρκου
3462 1013 3718 1065 οἰκονο-

2100 1099 2231 1169 μίας
2266 1101 2361 1154 ἐπὶ
2388 1102 2478 1155 τδν
2529 1102 2699 1157 αύτοῦ
2733 1104 2830 1158 καὶ
2859 1105 3062 1174 κόσμον
3101 1102 3197 1157 καὶ
3238 1101 3565 1173 ἄνθρωπον,
3607 1100 3724 1152 καὶ

2098 1191 2384 1260 ἐκλέγεται
2438 1194 2689 1265 μαθητὰς
2735 1195 2951 1265 ὀλίγους
3000 1196 3220 1261 πάντως
3268 1198 3368 1267 τὴν
3402 1194 3613 1265 ἀρχὴν
3642 1192 3721 1244 ἐκ

2096 1283 2392 1354 τηλικῆσδε
2420 1286 2525 1355 τῆς
2554 1287 2678 1340 τότε
2705 1287 2981 1359 ὁλότητος,
3011 1288 3299 1359 τεράστιόν
3313 1306 3366 1342 τι
3387 1289 3490 1342 καὶ
3516 1283 3717 1342 τοῦτο

2095 1375 2346 1447 ἐκφήνας
2371 1379 2602 1444 ἐκεῖνος,
2633 1380 2683 1433 εί
2712 1381 2789 1451 μὴ
2826 1381 3130 1450 ἀναμείνας
3159 1380 3494 1452 ἐψηλαφήθη
3540 1377 3718 1432 δι.δά-

2097 1465 2184 1531 ξαι
2211 1468 2336 1532 τοὺς
2362 1469 2794 1540 ἐπιθυμοῦντας,
2823 1470 2961 1526 ἀλλὰ
2990 1472 3316 1537 κατεδέξατο
3340 1469 3717 1538 κενωθῆναι,

2095 1555 2169 1616 ὡς
2208 1559 2302 1611 καί⁵
2360 1559 2698 1630 ἐπιζητῆσαι
2730 1562 2856 1623 τοὺς
2910 1561 3330 1632 μαθησομένους
3378 1560 3440 1628 ἐξ
3486 1556 3717 1623 αὐτοῦ,

2098 1649 2190 1700 καί
2220 1651 2288 1719 τῇ
2323 1650 2550 1705 ἐκείνων
2578 1651 2837 1724 ἀσθενείᾳ
2879 1654 3301 1724 συνεκδραμεῖν.

2170 1737 2275 1803 κζ’.
2304 1740 2530 1795 Κάτεισι
2561 1743 2742 1798 τοίνυν
2782 1744 3077 1814 οὐρανόθεν
3113 1745 3146 1815 ἡ
3181 1744 3515 1815 ὐπέρφωτος
3544 1741 3719 1811 λάμ-

407 1815 642 1880 tissima,
679 1815 899 1871 luminis
945 1817 1272 1887 principium
1306 1818 1574 1873 luminum
1612 1832 1784 1890 pater,
1826 1834 1979 1890 atque

2144 1850 2209 1895 ις.
2236 1834 2264 1886 ὁ
2299 1834 2631 1904 ἀρχίφωτος,
2664 1838 2692 1890 ὁ
2720 1837 2830 1891 τῶν
2858 1838 3053 1907 φώτων
3090 1836 3295 1909 πατὴρ,
3325 1837 3421 1892 καὶ
3464 1854 3714 1890 καταυ-

410 1905 632 1960 umbras
660 1906 778 1961 luce
810 1884 1080 1976 penetrat.
1115 1884 1366 1979 Inprimis
1396 1918 1575 1964 autem
1599 1884 1801 1982 Sloysis
1829 1884 1979 1983 legis-

2171 1884 2209 1895 ’⁷
2242 1884 2257 1886 “
2302 1884 2631 1904 ⁷⁸⁷λ“Ῐ”⁷“⁷¹
2667 1884 2689 1890 ⁷
2731 1884 2822 1891 ⁷⁷⁷⁷
2864 1884 3047 1907 Υ“’”“”
3096 1884 3295 1909 ““’””ἸΓ⁷
3327 1884 3420 1892 "vn
3466 1884 3668 1890 "ﬁ'w'

2144 1924 2258 1989 ἡξει
2289 1926 2390 1996 τὴν
2443 1928 2626 1982 σκιάν.
2677 1920 2931 1982 Μάλιστα
2960 1930 3063 1999 μὲν
3111 1925 3206 1983 οὖν
3246 1930 3316 1983 τὰ
3353 1929 3452 1983 τοῦ
3507 1926 3709 1998 σοφοῦ

407 1993 602 2048 latoris
656 1995 919 2065 sapientis
983 1996 1432 2054 adumbrationes
1482 2000 1547 2053 ad
1595 2002 1987 2068 permotionem

408 2087 690 2153 provexit,
749 2088 1035 2155 {etrigmata
1087 2088 1378 2160 symbolica
1438 2090 1824 2161 interpretatus
1881 2102 1986 2160 est,

407 2176 757 2239 characteres
793 2179 1109 2235 umbratiles
1135 2184 1201 2234 ad
1241 2196 1424 2236 veram
1459 2184 1626 2237 vitam
1661 2185 1905 2249 deduxit,
1935 2196 1988 2241 et

407 2269 727 2339 praeclaram
765 2269 911 2325 illam
961 2269 1132 2341 legem
1183 2271 1251 2326 ad
1306 2272 1585 2331 infandam
1623 2275 1986 2345 pulchritudiq

403 2374 550 2426 nem,
579 2370 672 2414 aut
705 2361 751 2417 si
783 2361 1092 2417 accuratius
1119 2363 1403 2437 dicendum
1426 2375 1529 2433 est,
1555 2366 1623 2421 ad
1647 2368 1984 2437 spiritualem

403 2457 687 2507 veritatem
724 2469 977 2509 sermone
1012 2456 1158 2510 claro
1201 2460 1492 2526 promovit.
1549 2458 1706 2514 Haud
1754 2461 1985 2530 amplius

398 2544 545 2597 enim
583 2543 751 2613 figura
778 2555 898 2614 post
919 2546 1457 2613 condescensiouem,
1485 2549 1624 2602 haud
1649 2550 1981 2618 symbolum,

400 2635 547 2690 haud
593 2638 806 2702 umbra,
844 2637 937 2691 sed
986 2637 1169 2692 omnia
1215 2638 1419 2702 lucida,
1458 2641 1741 2709 perspicua
1774 2644 1980 2697 omnia.

398 2723 760 2779 Characteres
790 2724 1040 2795 explicati
1076 2736 1222 2790 sunt,
1258 2727 1465 2781 veritas
1504 2744 1695 2783 serena
1729 2731 1850 2786 luce
1883 2746 1979 2801 ap~

399 2818 598 2885 paruit,
627 2817 852 2886 iustitia
896 2819 975 2872 sol
1007 2829 1229 2874 exortus
1260 2830 1362 2883 est,
1414 2828 1467 2873 et
1513 2821 1604 2889 qui
1637 2830 1818 2888 antea,
1866 2840 1983 2879 um-

304 2982 311 2987 .
401 2910 623 2964 brarum
686 2909 916 2980 caligine
969 2911 1217 2975 involuti,
1277 2927 1455 2982 neque
1512 2914 1817 2969 Sciebamus
1872 2930 1987 2986 quo

398 2999 635 3054 eundum
688 3009 857 3064 esset,
911 3016 1087 3069 neque
1146 3002 1557 3072 apprehendere
1610 3007 1980 3060 necessarium

401 3090 742 3155 volebamus,
770 3106 800 3146 e
829 3094 1064 3149 tenebris
1095 3096 1370 3164 perpetuis
1401 3096 1468 3151 ad
1500 3097 1675 3152 lucem
1711 3099 1980 3156 inﬁnitam

400 3184 636 3238 traducti
668 3198 881 3239 sumus.
912 3178 1255 3255 Ambiguitas
1277 3186 1464 3258 legalis
1490 3189 1733 3257 evanuit,
1756 3190 1981 3263 ejusque

404 3276 525 3330 loco
557 3276 778 3331 advenit
824 3292 980 3333 mens
1009 3280 1280 3347 profunda
1315 3295 1465 3343 sane.
1501 3282 1595 3337 sed
1648 3284 1810 3355 simul
1848 3285 1981 3339 sim-

399 3372 542 3438 plex,
568 3370 1005 3441 quandoquidem
1039 3372 1317 3440 sapienter
1347 3388 1409 3427 ac
1440 3384 1663 3430 strenue
1696 3377 1977 3432 veritatem

399 3462 826 3533 interpretatur;
853 3477 959 3517 non
979 3464 1213 3533 amplius
1235 3465 1489 3535 objicitur
1510 3470 1756 3525 velamen
1786 3471 1980 3542 legale,

400 3557 540 3611 intra
567 3556 709 3626 quod
737 3555 929 3610 salutis
959 3555 1205 3612 doctrina
1238 3556 1562 3614 occultatur.

472 3649 565 3705 28.
608 3648 795 3718 Neque
838 3648 950 3719 jam
1001 3649 1203 3703 dixerit
1251 3650 1520 3721 quispiam
1572 3666 1603 3706 e
1650 3655 1867 3721 coaevis,
1919 3671 1979 3711 se

398 3742 704 3797 secundum
752 3756 996 3798 crassam
1046 3742 1284 3797 litteram
1318 3744 1659 3813 conversari,
1688 3746 1815 3800 dum
1864 3748 1981 3804 haec

399 3833 484 3889 vel
519 3834 612 3889 itla
642 3837 708 3888 ad
757 3833 995 3888 litteram
1046 3833 1180 3905 agit.
1228 3836 1284 3889 Si
1316 3846 1495 3890 autem
1534 3838 1816 3908 spirituale
1850 3841 1977 3910 quid

400 3928 453 3981 in
484 3927 561 3982 eis
587 3927 923 3981 reconditum
950 3927 1042 3993 sit,
1081 3928 1203 3994 quis
1230 3929 1370 3981 scire
1392 3927 1630 3996 poterit?
1658 3928 1762 3984 Sed
1795 3933 1978 3987 omnia

397 4029 526 4074 Sunt
577 4019 887 4088 perspicua,
946 4027 999 4072 et
1052 4017 1214 4073 Verbi
1265 4019 1431 4074 divini
1495 4022 1765 4078 incarnati
1817 4024 1977 4080 effata

399 4109 674 4165 intellectu
706 4109 925 4178 facilia;
972 4113 1267 4182 margarita
1309 4111 1434 4167 inde
1472 4115 1816 4183 proveniens,
1861 4130 1980 4171 om-

400 4201 486 4255 nis
518 4200 807 4273 velamenti
856 4202 1074 4257 obscuri
1111 4217 1327 4271 expers,
1377 4218 1473 4273 per
1505 4220 1564 4258 se
1614 4205 1784 4273 ipsam
1827 4222 1976 4262 com-

400 4270 773 4360 prehenditur.
804 4290 1012 4345 Aurum
1056 4300 1110 4345 et
1158 4270 1440 4363 argento—ni
1474 4270 1665 4360 purum
1706 4296 1972 4367 projacet,

398 4398 507 4435 non
562 4382 961 4445 adulteratam,
1015 4381 1161 4437 nullo
1223 4384 1402 4453 lapide
1458 4382 1631 4454 Lydio
1688 4389 1969 4459 indigens;

397 4473 605 4542 lapides
658 4473 879 4545 pretiosi
926 4482 984 4527 ut
1027 4474 1447 4546 investigentur,
1495 4492 1670 4547 neque
1717 4481 1971 4537 sudorem

400 4583 574 4635 neque
590 4566 833 4622 laborem
855 4565 1510 4637 fodientibusimponunt.
1532 4571 1633 4637 Qui
1655 4571 1976 4640 donatillos,
2009 4569 2054 4626 D
2085 4602 2207 4651 τας,

398 4676 508 4715 ιιοη
532 4660 710 4716 solum
738 4658 1318 4731 magniﬁcentissimos
1354 4673 1595 4730 apparet,
1620 4666 1711 4718 sed
1747 4682 1845 4735 pro
1871 4668 1976 4724 im-

398 4766 587 4807 tinensa
636 4752 808 4821 ipsius
842 4750 1215 4805 misericordia
1255 4753 1523 4821 permittit
1569 4764 1625 4808 ut
1657 4756 1748 4827 qui
1784 4760 1975 4816 volunt

396 4859 600 4898 munus
661 4843 1003 4914 percipiant;
1061 4858 1166 4896 non
1234 4847 1428 4913 quaerit
1487 4860 1818 4905 mercatores
1881 4853 1974 4923 qui

395 4953 592 5009 magno
622 4953 745 4992 eum
777 4938 929 4991 luero
962 4938 1095 4992 istos
1122 4942 1415 4993 revendant
1437 4955 1732 5014 eorumque
1760 4959 1975 5001 amate-

393 5033 550 5086 ribus
608 5031 882 5101 negotium
947 5031 1254 5096 facessant,
1303 5034 1397 5088 sed
1453 5049 1723 5106 pauperes
1776 5041 1973 5112 spiritu

394 5122 599 5177 intimae
623 5120 874 5177 amicitia:
899 5122 1117 5175 vinculo
1145 5122 1246 5177 sibi
1277 5123 1571 5194 adjungere
1603 5131 1803 5198 studet,
1836 5148 1973 5203 quos

391 5214 571 5268 ditare
612 5224 796 5283 queat,
846 5214 977 5283 ipsis
1012 5215 1151 5268 dona
1183 5230 1281 5269 sua
1336 5216 1654 5286 impertiens
1697 5234 1858 5293 atque
1905 5229 1972 5282 ad

394 5306 743 5360 beatitudinis
772 5305 1047 5374 fastigium
1083 5306 1341 5362 cvehcns.

395 5493 757 5564 μακαρισμῷ.

463 5586 553 5640 29.
594 5586 745 5640 Dolet
778 5586 943 5651 enim,
992 5596 1048 5641 ut
1096 5589 1168 5643 ita
1213 5588 1411 5652 dicam,
1447 5592 1727 5650 immensis
1756 5596 1963 5656 divitiis

392 5678 529 5742 guis,
563 5686 726 5746 atque
762 5677 1027 5731 bonorum
1062 5679 1231 5749 ipsius
1259 5684 1549 5751 participes
1576 5686 1818 5745 invenire
1846 5704 1963 5747 stu-

391 5762 501 5833 det,
538 5769 817 5840 improbos
848 5780 902 5826 et
928 5773 1019 5841 qui
1056 5774 1373 5828 thesaurum
1415 5776 1484 5829 ab
1517 5777 1631 5845 ipso
1669 5780 1957 5840 collectum

390 5861 584 5923 tollere
627 5876 691 5918 ac
730 5874 1049 5934 supportare
1079 5866 1328 5933 possint;
1362 5867 1472 5924 imo
1515 5878 1568 5926 et
1599 5870 1841 5935 latrones
1867 5879 1962 5934 atl-

2099 2017 2453 2089 σκιαγράφου
2483 2021 2731 2085 Μωσέως
2774 2021 3086 2092 τυπὼματα
3123 2021 3325 2092 κρώζει
3356 2021 3500 2093 πρὸς
3530 2020 3716 2073 ἐντέ-

2097 2106 2268 2172 λειαν,
2312 2110 2410 2162 καὶ
2455 2109 2525 2162 τὰ
2558 2110 2868 2180 συμϐολικὰ
2910 2112 3311 2184 διερμηνεύσας
3344 2113 3712 2183 αἰνίγματα,

2096 2203 2192 2252 καὶ
2221 2199 2347 2262 τοὺς
2407 2204 2675 2266 τυπικοὺς
2726 2204 3087 2275 χαρακτῆρας
3137 2206 3217 2268 είς
3273 2203 3711 2274 πραγματικὴν

2095 2286 2395 2352 ἐκϐιϐάσας
2446 2292 2733 2361 ἀλήθειαν,
2762 2296 2855 2347 τὴν
2880 2296 3044 2348 καλὸν
3088 2297 3295 2350 ἐκεῖνον
3335 2298 3509 2366 νόμον
3545 2294 3716 2360 ἐξω-

2097 2381 2285 2451 ρόιῖσεν
2314 2385 2394 2446 είς
2440 2384 2639 2449 κάλλος
2683 2387 3065 2459 ἀνεκλάλητον,
3106 2389 3304 2461 μενοῦν
3342 2406 3407 2460 γε
3443 2387 3716 2460 ἀκριϐέ-

2095 2485 2290 2542 στερον
2321 2473 2510 2541 φάναι,
2540 2473 2772 2545 λαλητὸν
2805 2477 2944 2547 πρὸς
2993 2481 3374 2551 πνευματικὴν
3403 2480 3712 2550 ἀλήθειαν

2091 2561 2265 2616 ιθετο.
2296 2563 2482 2629 Τύπος
2508 2567 2619 2638 γὰρ
2659 2569 2843 2622 οὐκέτι
2871 2569 3049 2634 οὐδεὶς
3083 2572 3223 2640 μετὰ
3254 2571 3352 2643 τὴν
3388 2572 3714 2642 συγκατάσ-

2093 2653 2271 2720 ϐασιν,
2298 2655 2569 2727 σύμϐολον
2591 2660 2766 2725 οὐδὲν,
2791 2662 2919 2715 σκιὰ
2939 2662 3194 2733 οὐδεμία,
3228 2664 3405 2718 πάντα
3422 2666 3712 2735 ἐμφανῆ,

2091 2749 2349 2818 προφανῆ
2404 2748 2621 2803 πάντα⁶
2652 2752 2702 2804 οί
2743 2756 3095 2826 χαρακτῆρες
3136 2755 3622 2827 διασεσάφηνται,
3671 2757 3714 2827 ἠ

2089 2838 2324 2908 ἀλήθεια
2359 2842 2672 2913 ἐκπέφηνεν
2721 2846 3108 2918 αίθριόιζουσα,
3140 2851 3167 2903 ὁ
3190 2848 3290 2918 τῆς
3318 2849 3715 2921 δικαιοσύνης

2090 2932 2367 2990 ἀνέτειλεν
2405 2936 2579 3007 ἥλιος,
2634 2939 2728 2991 καὶ
2777 2940 3128 3010 συνήχθημεν
3178 2942 3290 2994 ἀπὸ
3336 2941 3586 3007 σκότους
3620 2942 3717 2997 διο

2089 3025 2323 3096 ηνεκοῦς
2361 3028 2441 3092 είς
2485 3029 2681 3083 ἄδυτον
2708 3032 3024 3103 φωσφορίαν
3063 3033 3112 3085 οί
3140 3031 3334 3104 πρώην
3366 3035 3709 3105 ἐσκιασμέο

2088 3132 2170 3169 νοι
2206 3118 2360 3188 παρὰ
2391 3118 2453 3173 τδ
2498 3121 2637 3191 μήτε
2678 3122 2901 3186 είδέναι,
2954 3126 3049 3177 ποῖ
3080 3124 3493 3196 πορευσόμεθα,
3540 3124 3712 3195 μηδὲ

2009 3240 2054 3301 C
2097 3211 2206 3280 μὴν
2232 3211 2440 3266 ἐθέλειν
2495 3213 2558 3266 τὸ
2609 3212 2728 3267 δέον
2781 3214 3062 3288 ψηλαιρᾷν.
3105 3217 3169 3272 Ἦ
3226 3219 3424 3289 νομικὴ
3479 3219 3711 3290 διπλόη
3754 3230 3759 3231 ’

2088 3303 2397 3372 παρῆλθεν,
2432 3304 2755 3376 ἀντεισῆλθε
2785 3307 2840 3359 δὲ
2865 3308 2894 3361 ὁ
2915 3307 3084 3379 βαθὺς
3116 3309 3217 3379 μὲν
3247 3310 3324 3382 τῷ
3356 3309 3471 3365 ὄντι
3523 3311 3708 3375 νοῦς,

2093 3396 2300 3457 ἁπλοῦς
2334 3397 2392 3451 δὲ
2417 3396 2616 3462 ἄλλως,
2654 3399 2843 3452 καθότι
2886 3399 3183 3471 ἐρμηνεύει
3214 3402 3312 3454 καὶ
3342 3403 3546 3470 σαφῶς
3586 3405 3707 3457 καὶ

2091 3486 2310 3558 τρανῶς
2347 3487 2518 3559 αὐτὴν
2546 3487 2644 3561 τὴν
2683 3490 2943 3560 ἀλήθειαν
2963 3506 2978 3522 ο
3006 3491 3065 3545 ού
3098 3492 3470 3562 προϐέϐληται
3500 3511 3710 3548 κατα-

2091 3579 2350 3650 πέτασμα
2368 3582 2616 3651 νομικὸν,
2631 3576 2803 3653 οὗπερ
2821 3582 2972 3647 ἐντὸς
2992 3584 3298 3653 κέκρυπται
3310 3586 3377 3637 τὰ
3397 3586 3709 3655 σωτήρια.

2164 3668 2270 3741 κη’.
2296 3671 2410 3724 Ούκ
2436 3671 2551 3743 ἔχει
2577 3689 2662 3736 τις
2690 3672 2872 3742 λέγειν
2910 3673 3006 3727 καὶ
3029 3676 3086 3727 ἐν
3114 3676 3226 3738 τοῖς
3253 3674 3401 3745 ἄρτι,
3434 3676 3512 3739 ὡς
3532 3676 3709 3744 Ἐγὼ

2089 3763 2193 3830 μὲν
2224 3760 2367 3816 κατὰ
2396 3763 2459 3816 τὸ
2499 3766 2816 3834 σωματικὸν
2856 3767 3095 3836 γράμμα
3136 3766 3517 3838 πολιτεύομαι,
3550 3769 3711 3824 τάδε

2092 3854 2187 3906 καὶ
2218 3852 2345 3906 τάδε
2399 3855 2575 3907 ποιῶν
2605 3856 3163 3928 γραμματικώτερον.
3198 3858 3262 3912 Εἰ
3311 3858 3367 3912 δέ
3398 3876 3453 3913 τι
3506 3878 3712 3913 πνευ-

2091 3945 2324 4014 ματικὸν
2348 3948 2407 3999 ἐν
2443 3947 2628 4011 αὐτοῖς
2658 3950 2990 4020 κέκρυπται,
3027 3951 3111 4013 τίς
3153 3951 3219 4005 ἂν
3250 3951 3459 4023 είδείη;
3503 3954 3701 4008 ’Δλλὰ

2088 4041 2155 4092 sit
2185 4039 2363 4092 πάντα
2392 4043 2561 4111 σαφῆ,
2591 4043 2688 4094 καὶ
2715 4042 2784 4095 τὰ
2829 4044 2924 4096 τοῦ
2960 4043 3315 4114 θεανθρώπου
3350 4045 3535 4114 Λόγου
3578 4066 3709 4101 πα-

2088 4129 2450 4200 ραγγέλματα
2468 4130 2715 4201 εύληπτα
2737 4147 2752 4163 ·
2775 4134 2870 4187 καὶ
2893 4135 3122 4186 αὐτόθεν
3144 4136 3435 4206 νοούμενος
3459 4140 3705 4209 γυμνὸς

2087 4209 2324 4284 ἅπαντος
2391 4208 2864 4294 προκαλύμματος
2930 4224 3304 4295 ἐλυτρὼδους,
3363 4229 3392 4281 ό
3451 4208 3702 4286 ἐκεῖθεν

2087 4310 2337 4365 ἔκκειται
2393 4314 2698 4384 μάργαρο;.
2754 4317 2827 4369 Τὸ
2880 4319 3106 4387 χρυσίον
3157 4319 3350 4372 καὶτὸ
3394 4321 3701 4392 ἀργύριον

2086 4404 2330 4475 καθαρὸν
2375 4407 2749 4479 προϐέϐληται
2783 4409 2878 4463 καὶ
2921 4409 3236 4479 ἀκίϐδηλον,
3287 4412 3441 4465 οὐδέν
3481 4432 3540 4467 τι
3575 4416 3701 4486 βα-

2088 4495 2253 4550 σάνου
2286 4495 2577 4567 δεόμενον’
2611 4501 2661 4552 oi
2687 4500 2862 4570 τίμιοι
2893 4500 3031 4554 λίθοι
3064 4501 3168 4555 ούκ
3194 4502 3475 4557 ἐθέλουσιν
3508 4505 3703 4576 ἱδρῶ-

2267 4587 2342 4650 ὡς
2396 4588 2804 4660 ἀνιχνεύεσθαι,
2854 4595 2950 4647 καὶ
2982 4595 3177 4657 πόνους
3229 4596 3497 4667 παρέχειν
3555 4602 3699 4664 τοῖς

2087 4676 2529 4747 μεταλλεύουσιν.
2585 4681 2645 4734 ’0
2695 4683 2902 4736 τούτων
2946 4687 3265 4758 χορηγητὴς
3312 4688 3414 4759 οὐχ
3471 4689 3697 4757 ἁπλῶς

2082 4770 2674 4842 μεγαλοπρεπέστατος
2721 4774 3011 4843 ἔγνωσται,
3055 4778 3193 4832 ἀλλὰ
3241 4778 3523 4852 πλήσμιον
3583 4784 3697 4852 τὸν

2079 4860 2246 4915 αὐτοῦ
2278 4864 2528 4934 προχέων
2551 4864 2702 4920 ἔλεον
2735 4867 2978 4922 ἐνδίδωσι
3008 4869 3220 4940 δωρεὰν
3249 4851 3520 4942 ἀρύεσθαι
3555 4851 3698 4940 τοῖς

2078 4956 2355 5009 ἐθέλουσι’
2391 4958 2485 5012 καὶ
2527 4959 2651 5012 οὐδὲ
2680 4959 2836 5031 ζητεί
2871 4961 3348 5034 μεγαλεμπόρους,
3396 4959 3483 5042 οἷς
3515 4966 3693 5022 ἀπο-

2079 5048 2313 5102 δὼσεται
2346 5049 2539 5122 βαρείᾳ
2570 5055 2704 5123 τιμῇ
2738 5054 2805 5107 τὰ
2833 5054 3138 5126 ύπέρτιμα,
3165 5056 3241 5120 ὡς
3273 5059 3518 5122 ἐκείνους
3572 5060 3696 5117 αὖ.

2078 5138 2164 5204 θις
2207 5142 2596 5213 ἀντιτιμᾶσθαι
2644 5146 2785 5199 αὐτὰ
2825 5147 2915 5199 ἐπὶ
2949 5149 3164 5219 ἐμπολῇ
3220 5149 3517 5223 κερδαλέα,
3576 5157 3690 5210 καὶ

2082 5235 2384 5305 πράγματα
2419 5237 2711 5306 παρίσχειν
2746 5240 2857 5302 τοῖς
2910 5239 3089 5293 αὐτῶν
3120 5241 3433 5311 ἐφιεμένοις
3481 5246 3690 5312 ἐμποο

2076 5326 2409 5398 ρικώτερον’
2473 5330 2613 5384 ἀλλὰ
2683 5333 2935 5402 πτωχοὺς
2988 5333 3068 5403 τῷ
3130 5334 3404 5404 πνεύματι
3465 5336 3686 5406 φίλους

288 5456 293 5463 ,
392 5394 767 5468 βαθυκόλπους
834 5398 991 5468 ζητεῖ
1051 5398 1330 5469 εὑρέσθαι.
1403 5401 1497 5468 οὓς
1575 5405 1839 5475 πλουτιεῖ,
1892 5394 2214 5486 παραϐύσας
2264 5394 2448 5485 αὐτοῖς
2505 5424 2574 5478 τὰ
2631 5394 2837 5478 οἰκεῖα..
2884 5394 3057 5500 διῦρα,
3121 5426 3214 5481 καὶ
3273 5394 3512 5493 -όλϐίσας
3571 5394 3689 5486 ἐ.πὶ

2142 5610 2243 5664 κθ’.
2273 5610 2531 5682 Ἀχθεται
2560 5613 2672 5682 γὰρ
2702 5614 2865 5678 αὐτὸς
2889 5609 3001 5670 οἷον
3026 5617 3103 5688 τῷ
3134 5618 3257 5671 κατ’
3278 5619 3443 5673 αὐτὸν
3468 5624 3680 5695 μυρίῳ

2075 5700 2313 5771 πλούτῳ,
2338 5705 2431 5756 καὶ
2455 5706 2710 5760 ἐπιποθεί
2742 5708 2975 5778 μερίτας
2999 5710 3258 5781 εὑρέσθαι
3288 5711 3382 5766 τοῦ
3409 5714 3675 5785 ἀγαθοῦ,

2075 5792 2456 5863 παλαμναίους
2485 5798 2547 5870 δή
2582 5817 2737 5862 τινας
2768 5803 2863 5853 καὶ
2894 5801 3037 5867 οἵους
3083 5805 3408 5875 ἀχθοφορεῖν
3454 5807 3680 5863 ἀτλαν-

2010 5958 2017 5966 ἢ
2069 5883 2366 5958 τικιῦτερον
2399 5888 2467 5943 τὰ
2516 5891 2647 5959 παρ’
2693 5892 2887 5964 ἐκείνῳ
2935 5894 3414 5968 τεθησαυρισμένα
3465 5902 3669 5960 κλλά³
