3908 6544
1190 196 1225 203 ‘

482 305 591 369 327

1152 307 1573 371 EUSTATHII
1614 310 2052 374 THESSALOIV

2159 313 2374 377 ENSIS
2414 317 2977 385 METROPOLITJE

3637 324 3748 390 338

482 421 766 487 cogentur,
808 413 1175 486 navigatcres,
1207 418 1451 489 inquam,
1478 420 1569 489 qui
1604 419 1839 491 ligonem
1887 430 2052 475 terre-

2162 425 2412 482 σαλεύειν
2437 431 2562 493 τοὺς
2594 432 2743 503 αύτῷ
2773 435 3243 506 πεπιστευμένους
3281 434 3557 504 βιάσεται,
3603 455 3746 492 σκαο

481 519 650 566 strem
697 512 1009 566 deserentes
1059 522 1113 567 ct
1158 529 1251 566 vas
1286 528 1539 567 securum
1581 513 1710 567 vino
1743 512 2058 584 recipiendo

478 612 668 672 aptum
701 613 1129 667 contemnentes,
1170 606 1222 659 in
1256 606 1486 673 ligneum
1516 620 1640 659 sese
1680 604 2054 673 coniecerunt,

474 698 536 750 in
559 711 667 768 quo
696 697 761 751 ad
793 698 990 753 coelum
1042 713 1212 767 usque
1236 700 1371 767 rapti
1411 709 1462 753 et
1496 699 1560 751 ad
1594 699 1851 770 abyssum
1886 714 2057 767 usque

481 789 722 857 depressi
755 791 943 844 mortis
973 790 1145 844 aleam
1175 790 1427 852 subeunt,
1469 784 1570 844 hoc
1608 804 1740 842 sane
1770 789 1943 841 audax
1976 796 2057 843 est

480 880 695 934 facinus
741 882 837 935 viri
870 882 1219 948 imperterriti
1252 897 1314 937 ac
1345 885 1615 951 generosi,
1643 893 1695 936 et
1726 885 1836 944 vix,
1886 897 1948 935 ac
1988 897 2056 936 ne

479 965 568 1019 vix
603 967 818 1037 quidem
847 971 1071 1025 audacia
1095 971 1286 1025 similis
1319 972 1640 1041 reperietur.
1695 974 1706 985 '

551 1148 643 1203 ﬂ.
672 1149 737 1203 Et
767 1158 944 1204 tamen
978 1150 1268 1220 (siquidem
1299 1152 1452 1221 pejus
1478 1159 1585 1217 est,
1615 1150 1853 1207 ferarum
1886 1154 2056 1208 instar

480 1241 598 1295 sine
625 1243 835 1296 ratione
864 1244 1068 1305 vivere,
1097 1253 1150 1297 et
1198 1253 1371 1298 semet
1411 1243 1643 1297 invicem
1688 1243 1972 1309 devorare,
2000 1255 2054 1299 et

479 1331 683 1387 fratres
721 1348 750 1385 a
780 1333 890 1387 Deo
924 1342 1138 1387 creatos
1176 1334 1341 1387 variis
1372 1334 1545 1389 modis
1587 1349 1650 1389 ac
1679 1333 2052 1390 crudelissimo

479 1421 803 1487 interﬁcere,
834 1433 888 1477 et
917 1423 995 1477 sic
1029 1434 1220 1478 contra
1259 1424 1426 1478 Deum
1469 1424 1683 1493 luctari)
1714 1424 1959 1478 homines
1984 1424 2049 1477 ad

478 1514 951 1566 mansuetudinem
993 1516 1199 1568 reducti
1232 1515 1396 1568 etiam
1431 1515 1572 1568 hanc
1614 1514 1841 1568 alienam
1876 1522 2046 1568 artem

472 1610 821 1676 adoptarunt,
849 1610 1098 1678 quamvis
1127 1611 1472 1665 manifestum
1501 1609 1592 1675 sit,
1619 1624 1710 1663 eos
1731 1610 1821 1678 qui
1844 1618 2045 1664 terram

478 1698 842 1753 continentem
899 1701 1197 1765 deserunt,
1242 1701 1407 1755 etiam
1466 1700 1591 1753 vitae
1645 1698 2046 1769 quodammodo

476 1788 802 1846 Valedicere.

547 1881 802 1938 42.Artes
829 1893 1009 1939 autem
1057 1896 1284 1941 caeteras
1349 1883 1531 1940 omnis
1564 1883 1789 1957 periculi
1842 1898 2044 1954 exper-

478 1984 582 2038 tes,
614 1975 724 2030 imo
748 1986 800 2029 et
828 1975 1133 2044 iucundas,
1170 1962 1224 2030 et
1275 1977 1544 2031 suavitate
1576 1976 1786 2045 plenas,
1838 1985 1894 2030 et
1928 1990 2041 2029 ma-

475 2081 637 2135 gnam
671 2067 1000 2137 voluptatem
1030 2083 1211 2123 secum
1243 2067 1603 2131 attrahentes,
1636 2068 1833 2137 quibus
1865 2066 2047 2123 bonus

477 2171 577 2212 nes
610 2157 737 2212 olim
774 2157 876 2213 feri
907 2169 1093 2228 postea
1131 2160 1399 2214 mansueti
1435 2158 1559 2213 facti
1593 2169 1741 2223 sunt,
1777 2159 1865 2213 vix
1894 2159 2048 2229 quis-

472 2260 638 2314 quam
684 2262 1007 2306 enumerare
1052 2251 1307 2317 potuerit.
1365 2248 1473 2303 Sed
1547 2251 1626 2303 sic
1679 2250 1895 2318 quidem
1947 2250 2046 2302 ad-

478 2337 707 2391 monitio
741 2338 831 2392 illa
865 2338 1053 2406 proba,
1105 2348 1160 2393 et
1203 2353 1385 2394 sermo
1412 2339 1667 2408 prudens.
1707 2350 1763 2395 et
1807 2341 2049 2394 rationa-

476 2430 602 2485 bilis
678 2430 898 2486 virtutis
953 2431 1227 2498 doctrina,
1301 2442 1354 2486 et
1431 2432 1743 2487 obedientia
1803 2440 2050 2501 prompta

478 2521 605 2577 illos
635 2522 764 2577 olim
804 2533 1084 2579 tortuosos
1120 2525 1172 2577 in
1202 2523 1581 2579 rectitudinem
1612 2525 1851 2578 restituit
1877 2534 2047 2592 atque

474 2613 758 2682 expolivit.
796 2630 1004 2669 mormn
1055 2626 1237 2670 autem
1272 2616 1683 2685 perversitatem
1723 2615 1775 2669 in
1807 2614 2052 2684 probita—

479 2717 583 2760 tem
620 2706 944 2761 immutavit.
976 2705 1156 2761 Multae
1190 2717 1370 2762 autem
1411 2706 1861 2762 celebranturac
1893 2706 2052 2762 seriae

477 2808 643 2862 artes,
708 2813 828 2867 quae
866 2807 994 2852 tunc
1052 2798 1309 2863 inventze,
1363 2798 1612 2851 homines
1644 2799 1803 2851 an‘tea
1851 2798 2052 2852 inertes

477 2903 642 2959 atque
675 2891 988 2956 magistratu
1020 2890 1313 2944 destitutos
1347 2891 1411 2943 ad
1447 2887 1893 2944 constitutionem
1921 2890 2054 2944 civi-

481 2983 586 3039 lem
619 2984 1000 3038 traduxerunt.

548 3077 640 3130 43.
674 3075 880 3128 Prmtcr
928 3073 1033 3127 alia
1085 3074 1230 3127 enim
1274 3073 1348 3127 illi
1395 3074 1497 3127 viri
1550 3074 1825 3142 sapientes
1883 3076 2046 3129 etiam
2077 3104 2121 3161 ο

481 3169 643 3223 urbes
697 3168 1011 3221 describere
1075 3180 1140 3219 ac.
1200 3166 1432 3220 condere
1492 3177 1812 3235 cmperunt,
1884 3168 2047 3221 etiam

481 3263 643 3333 hujus
672 3262 795 3317 boui
826 3260 1083 3315 salutaria
1113 3259 1357 3328 exempla
1387 3262 1617 3329 posteris
1647 3262 2042 3331 relinquentes;

479 3357 570 3428 qui
600 3366 780 3411 autem
812 3369 905 3409 eos
933 3353 1326 3423 sequebantur,
1362 3352 1611 3409 homines
1654 3354 1913 3407 nimirum
1950 3353 2051 3423 legi

480 3466 509 3503 a
536 3448 830 3517 majoribus
862 3445 1070 3501 tradita:
1106 3445 1332 3510 addicti,
1364 3460 1553 3499 ansam
1580 3444 1726 3499 illinc
1753 3447 2050 3515 capientes,

483 3559 593 3598 rem
640 3545 795 3598 istam
840 3540 1161 3611 pra'claram
1191 3554 1289 3607 pro
1334 3538 1540 3591 viribus
1565 3538 1974 3600 conﬁrmarunt,
2001 3550 2055 3594 et

480 3637 706 3707 pulchro
740 3635 1091 3687 fundamento
1122 3632 1453 3685 incrementa
1489 3629 1686 3682 addere
1727 3629 2054 3682 studuerunt

481 3726 813 3782 venerabilia
848 3725 1164 3792 aedibusque
1204 3722 1294 3775 Dei
1332 3736 1589 3787 congrua.
1623 3720 1888 3775 Caeterum
1921 3723 2054 3774 arti-

485 3822 616 3875 ﬁces
659 3820 849 3873 harum
888 3831 1071 3870 rermu
1117 3813 1460 3884 peritissimi.
1493 3814 1635 3866 inter
1663 3827 1803 3881 quos
1835 3821 1890 3868 et
1916 3814 2055 3867 anti—

484 3912 732 3981 quissimi
765 3917 1121 3965 recensentur
1148 3906 1499 3973 patriarchas,
1544 3904 1776 3958 summis
1803 3904 2053 3958 laudibus

446 4004 849 4079 'praadicantur
907 4012 960 4055 et
1014 4001 1358 4055 admirationi
1409 4007 1558 4060 sunt,
1610 4006 1659 4051 et
1713 3998 2052 4066 principibus

483 4095 687 4153 sanctis
716 4099 1161 4154 adnumerantur,
1224 4092 1331 4144 imo
1378 4098 1433 4142 et
1476 4088 1734 4143 cmlicula:
1777 4103 1896 4143 esse
1935 4102 2054 4144 cre-

483 4192 712 4253 duntur,
758 4188 1017 4251 nimirum
1068 4192 1127 4237 et
1181 4183 1233 4236 in
1291 4181 1509 4236 divinos
1558 4180 1840 4249 apostolos
1892 4182 2051 4235 talem

481 4286 740 4339 virtutem
782 4279 1128 4341 derivantes;
1159 4277 1251 4346 qui
1284 4273 1558 4343 fastigium
1598 4274 1905 4342 imposuere
1933 4273 2053 4340 pul-

482 4376 620 4432 chro
653 4372 727 4427 illi
765 4371 994 4426 aedilicio
1035 4368 1286 4437 antiquo,
1324 4377 1379 4420 et
1427 4366 1834 4420 habitatoribus
1860 4367 2053 4436 imple-

2161 516 2315 585 φείου
2358 518 2457 587 μὲν
2504 520 2599 573 τοῦ
2650 522 2790 576 κατά
2840 524 2944 594 γῆν
2993 524 3322 596 ἀφεμένους,
3372 528 3466 582 καὶ
3522 528 3741 597 σκάφος

2158 607 2443 665 ἀκίνδυνον
2471 611 2529 664 τὸ
2579 614 2636 664 ὲν
2667 613 2935 684 ἀμπέλοις
2966 619 3503 686 περιφρονήσαντας,
3540 618 3748 691 ξυλίνῳ

2157 698 2212 752 δὲ
2242 701 2479 773 ἐμόεσλη
2491 703 2710 773 μένους,
2756 706 2825 760 δι’
2853 700 2913 759 οὗ
2949 708 3335 773 ἀναϐαίνοντες
3365 709 3473 775 ἓως
3500 711 3613 764 τῶν
3653 714 3748 764 0-3-

2162 793 2340 861 ρανῶν
2360 795 2454 849 καὶ
2478 797 2905 862 καταϐαίνοντες
2928 799 3032 864 ἕως
3051 800 3161 856 τῶν
3186 800 3465 868 ἀϐύσσων,
3488 803 3745 874 ὀλέθροις

2157 881 2434 939 ἔκκεινται
2488 886 2627 939 ἀλλὰ
2675 888 2835 942 τοῦτο
2878 890 3072 961 ἀνδρὸς
3126 892 3401 963 ἀργαλέου
3432 894 3615 965 τόλμα
3646 899 3746 949 καὶ

2160 973 2429 1042 ίτητικοῦ,
2459 978 2553 1032 καὶ
2585 980 2791 1045 παντὸς
2820 981 3059 1052 θάρσους
3092 1000 3151 1041 τε
3177 984 3272 1037 καὶ
3302 984 3536 1056 θράσους
3566 987 3746 1058 ὑπέρ-

2157 1081 2357 1123 κειται.

2229 1156 2341 1226 μα’.
2381 1161 2486 1214 Kal
2520 1161 2672 1232 ὅμως
2725 1166 2921 1231 (κακοῦ
2970 1167 3219 1237 μείζονος
3248 1168 3343 1224 τοῦ
3378 1167 3479 1242 ζῇν
3522 1171 3743 1240 ἀλόγως

2154 1249 2295 1303 καθά
2325 1251 2420 1305 καὶ
2449 1252 2637 1323 θῆρες,
2663 1256 2757 1310 καὶ
2799 1256 3220 1328 ἀλληλοφαγεῖν,
3247 1260 3345 1314 καὶ
3376 1260 3592 1324 πολλοῖς
3619 1263 3746 1334 τρό-

2156 1359 2279 1404 ποις
2324 1343 2421 1396 καὶ
2474 1345 2682 1400 ἅπασιν
2716 1347 2993 1416 ἀλγεινοῖς
3041 1349 3281 1418 ἁπάγειν
3316 1351 3409 1404 τοῦ
3457 1351 3581 1423 βίου
3610 1356 3745 1417 τοὺς

2152 1432 2520 1500 θεοπλάστους
2550 1438 2836 1508 ἀδελφοὺς,
2866 1443 2959 1494 καὶ
2984 1430 3142 1495 ὀὕτω
3189 1443 3505 1517 θεομαχεῖν)
3532 1447 3746 1502 εἴλοντο

2152 1525 2248 1579 καὶ
2280 1528 2539 1598 τοιαύτην
2592 1529 2885 1586 ἀλλόκοτον
2932 1532 3133 1603 τέχνην
3177 1535 3230 1588 οι
3281 1535 3743 1608 ἐξημερωθέντες

2151 1615 2449 1689 ἄνθρωποι,
2475 1618 2601 1673 καθ’
2628 1622 2695 1692 ἣν
2721 1621 2902 1691 δῆλον,
2935 1626 3010 1689 ὡς
3043 1626 3092 1678 oi
3124 1627 3225 1696 τὴν
3253 1626 3358 1697 γῆν
3383 1629 3742 1703 ἀπολεξάμε-

2151 1728 2231 1764 νοι
2259 1714 2351 1765 καὶ
2375 1714 2474 1783 τὴν
2505 1713 2650 1784 ζωὴν
2678 1717 3002 1772 ἀπείπαντο.

2225 1888 2337 1961 μθ.
2359 1892 2569 1963 Τέχνας
2596 1894 2654 1948 δέ
2683 1911 2746 1957 γε
2776 1896 2970 1960 λοιπὰς
2990 1899 3187 1970 ἑτάροις
3210 1900 3333 1955 οὔτε
3361 1901 3741 1971 κινδυνῶδεις,

2151 1984 2287 2038 ἀλλά
2318 1986 2413 2040 καὶ
2442 1988 2655 2059 ἱλαρᾶς,
2681 1992 2777 2043 καὶ
2810 1991 2947 2061 ape;
2978 1996 3140 2063 χάριν
3169 1996 3622 2069 ἐσκευασμένας,
3647 2000 3745 2054 καὶ

2152 2080 2345 2151 ἡδονὴν
2381 2083 2583 2156 πολλὴν
2614 2084 3050 2157 ὲπισυρομένας.
3075 2091 3175 2144 οὐκ
3199 2090 3264 2146 ἂν
3286 2093 3408 2147 οὐδὲ
3434 2092 3743 2167 διαμετρὴ-

2154 2175 2348 2228 σασθαι
2399 2175 2617 2230 δύναιτό
2644 2195 2748 2242 τις,
2783 2175 2871 2242 αἷς
2906 2181 3105 2252 οἱπρὶν
3137 2184 3301 2253 θῆρες
3332 2184 3625 2259 ἄνθρωποι
3660 2206 3745 2244 τι·

2153 2267 2313 2355 θαςοι
2342 2270 2632 2337 γεγόνασιν
2663 2270 2916 2342 ὕστερον.
2966 2274 3109 2328 Ἀλλ’
3151 2275 3298 2331 οὕτω
3342 2279 3443 2348 μὲν
3478 2281 3739 2355 ὑποθήκη

2151 2354 2333 2427 ἀγαθὴ
2361 2358 2564 2429 ἐκείνη,
2592 2360 2687 2412 καὶ
2714 2360 2899 2425 ἔννους
2942 2366 3332 2436 χρηστολογία,
3360 2373 3453 2424 καὶ
3476 2354 3745 2428 atria-sxa?-

2152 2447 2243 2501 λία
2296 2450 2584 2514 εύσύνετος
2614 2453 2713 2506 τοῦ
2750 2453 2942 2520 καλοῦ,
2994 2458 3088 2511 καὶ
3145 2460 3363 2533 ὑπακοὴ
3410 2465 3508 2516 καὶ
3560 2465 3743 2520 πειθὼ

2153 2541 2281 2605 τοὺς
2336 2544 2508 2597 πάλαι
2559 2546 2690 2598 ποτὲ
2725 2548 3005 2618 σκαμϐοὺς
3040 2551 3327 2622 ὲξὼρθωσε
3377 2559 3744 2623 κανονίσασα.

2154 2633 2251 2686 καὶ
2282 2636 2365 2695 εἰς
2392 2635 2522 2689 εὐθὺ
2558 2636 2898 2706 ἀποΞέσασα,
2932 2642 3027 2694 καὶ
3081 2641 3179 2712 τῆς
3233 2645 3290 2697 ὲν
3324 2645 3444 2715 ἤθει
3474 2649 3745 2719 στρεϐλό-

2152 2740 2316 2793 τητος
2361 2727 2441 2789 εἰς
2491 2727 2731 2790 ίθυτενὲς
2782 2732 3177 2798 μετεσκεύασε.
3228 2737 3338 2789 Kal
3386 2739 3745 2810 περιᾴδονται

2153 2817 2341 2885 τέχναι
2367 2817 2560 2873 πολλαὶ
2614 2821 2708 2871 καὶ
2740 2822 3053 2888 σπουδαῖαι,
3086 2827 3390 2895 τηνικαῦτα
3420 2830 3589 2894 εὐθὺς
3622 2833 3748 2885 ἑπι-

2155 2908 2499 2978 νενοημὲναις
2549 2911 2643 2963 καὶ
2676 2913 2755 2974 εἰς
2811 2914 3088 2968 πολιτικὸν
3138 2918 3327 2988 σχῆμα
3373 2920 3503 2984 τοὺς
3542 2925 3745 2996 πρώην

2156 3001 2252 3053 καὶ
2314 3003 2578 3072 ἀτέχνους
2621 3005 2716 3056 καὶ
2751 3005 3141 3072 ἀπολιτεύτους
3180 3012 3739 3085 ἀποκαταστήσασαι.

2229 3099 2339 3161 μΥ’·
2378 3094 2521 3164 Πρδς
2543 3094 2653 3163 γὰρ
2691 3099 2805 3161 τοῖς
2838 3098 3019 3163 ἄλλοις
3057 3102 3149 3154 καὶ
3180 3102 3364 3166 πόλεις
3390 3083 3601 3159 ἐκεῖνον.
3622 3083 3745 3160 .m-

2158 3182 2447 3252 ριγράιςειν
2469 3184 2785 3253 ἀπήρξαντο
2817 3188 3287 3259 μηχανησάμενοι,
3322 3194 3498 3264 ἀρχάς
3524 3196 3745 3264 ἀγαθάς

2156 3275 2252 3325 καὶ
2283 3274 2438 3326 τοῦδε
2490 3275 2584 3327 τοῦ
2644 3276 2811 3329 καλοῦ
2848 3283 3263 3351 παρεσχημένοι
3327 3287 3445 3347 τοῖς
3483 3287 3742 3359 ὕστερον

2153 3367 2203 3419 οί
2233 3367 2291 3419 δὲ
2323 3367 2685 3436 μετάὐτοῦς.
2755 3370 2805 3422 οί
2860 3370 2954 3423 τοῦ
2994 3373 3227 3428 παλαιοῦ
3279 3375 3483 3450 δηλαδὴ
3537 3380 3735 3449 νόμον.

2152 3459 2326 3527 λαϐῆς
2349 3461 2560 3515 ἐκεῖθεν
2593 3462 3047 3535 ἐνδεδομένης,τό
3086 3467 3254 3521 καλὸν
3290 3472 3473 3523 ἐκεῖνο
3532 3476 3743 3544 ἐπιμά-

2153 3552 2313 3604 λιστα
2342 3554 2707 3624 ἐστερέωσαν,
2748 3556 2842 3607 καὶ
2865 3556 3020 3627 καλῷ
3054 3558 3292 3632 θεμελίῳ
3323 3560 3521 3633 ἐκείνῳ
3557 3565 3742 3634 παρύ-

2150 3644 2330 3714 ψωσιν
2379 3647 2472 3698 καὶ
2508 3646 2738 3716 αὔξησιν
2770 3647 3118 3716 μεθώδευσαν
3150 3651 3335 3716 ἄλλως
3384 3672 3441 3707 τε
3497 3656 3736 3728 σεμνὴν,

2153 3736 2248 3789 καὶ
2274 3737 2408 3790 Θεοῦ
2446 3739 2618 3802 οἴκοις
2654 3741 2995 3810 πρέπουσαν.
3056 3743 3165 3797 Kal
3224 3744 3274 3798 οἱ
3314 3746 3424 3799 τῶν
3469 3749 3738 3803 τοιούτων

2143 3829 2630 3900 ’ἑπιστημονάρχαι
2668 3833 2761 3884 καὶ
2807 3834 3250 3903 ἀρχιτέκτοντες,
3314 3839 3371 3892 ὲν
3401 3833 3487 3902 οἷς
3547 3844 3646 3895 καὶ
3690 3842 3740 3896 οί
3839 3901 3847 3908 ,

2156 3921 2479 3992 πρέσϐιστοι
2521 3923 2883 3994 πατριάρχαι,
2916 3924 2987 3978 δι’
3007 3928 3303 4000 ἐγκωμίων
3366 3933 3596 4000 ἄγονται
3645 3939 3742 3990 καὶ

2156 4013 2453 4084 θαύματος,
2493 4017 2588 4068 καὶ
2636 4017 2718 4078 είς
2757 4018 3031 4087 μεγάλους
3064 4021 3251 4089 ἀγίους
3286 4026 3738 4096 ὲγγεγράφαται,

2154 4106 2251 4160 καὶ
2282 4107 2704 4179 ούρανοπολῖται
2746 4105 2884 4165 εἶναι
2936 4112 3307 4178 πιστεύονται,
3350 4116 3514 4186 δῆλον
3540 4121 3617 4184 ὡς
3644 4123 3740 4173 καὶ

2156 4201 2239 4262 είς
2287 4200 2417 4263 τοὺς
2472 4200 2874 4271 οὐρανοφοίτας
2928 4203 3267 4271 ἀποστόλους
3317 4209 3419 4279 τὴν
3478 4213 3742 4286 τοιαύτην

2156 4291 2361 4360 ἀρετὴν
2383 4291 2745 4359 κατάγοντες·
2803 4294 2854 4346 οἱ
2888 4296 2982 4348 καὶ
3016 4297 3217 4367 ὄροφον
3274 4304 3338 4370 τῇ
3373 4303 3511 4373 καλῇ
3550 4306 3738 4377 ἐκείνη

2157 4378 2417 4432 ἐπέθεντο
2459 4379 2665 4449 παλαιᾷ
2704 4381 2986 4453 οἰκοδομῇ,
3051 4387 3142 4438 καὶ
3198 4388 3503 4460 οἰκητόρων
3563 4395 3741 4463 αὐτὴν

480 4475 698 4529 verunt,
732 4473 786 4520 et
815 4465 1018 4522 sanctis
1043 4462 1289 4518 ecclesiis
1312 4454 1582 4523 ditarunl,
1615 4460 1893 4526 beatisque
1921 4473 2052 4528 prte-

2159 4469 2423 4539 ἔπλησαν,
2462 4471 2557 4524 καὶ
2596 4448 2916 4538 ἐκκλησίαις
2938 4448 2962 4453 ﬂ
2989 4448 3328 4544 ἁγιωτάταις
3379 4448 3738 4551 έμέστωσαν,

482 4554 714 4610 conibus
765 4567 827 4606 ac
876 4550 1079 4605 sanctis
1131 4548 1451 4617 praesulibus
1501 4549 1815 4602 constitutis
1878 4558 2057 4603 castus

481 4645 696 4699 divinos
726 4642 1083 4712 spiritualiter
1119 4641 1420 4710 pascendos
1451 4640 1813 4700 tradiderunt,
1836 4652 1890 4693 et
1912 4642 2056 4709 leges

481 4736 727 4790 tulerunt
758 4742 814 4788 et
857 4732 1072 4802 regulas
1111 4740 1441 4796 sanxerunt,
1493 4731 1559 4783 ad
1592 4746 1729 4798 quas
1774 4731 1869 4785 Dei
1927 4746 2057 4787 mes

480 4828 799 4885 Christiano
848 4839 1003 4880 more
1050 4835 1427 4894 pascerentur,
1463 4832 1517 4878 et
1550 4840 1750 4893 pascua
1802 4830 2055 4880 ostende-

471 4929 609 4976 runt
640 4920 695 4974 in
726 4918 925 4989 quibus
951 4917 1208 4972 alimenta
1244 4925 1533 4985 caperent.

547 5201 638 5255 44.
678 5199 794 5253 Hoc
832 5198 990 5253 modo
1019 5198 1200 5266 magni
1233 5198 1307 5251 illi
1341 5197 1464 5259 viri,
1504 5212 1533 5250 a
1569 5198 1684 5264 lege
1712 5215 1817 5252 non
1844 5200 2048 5268 scripta

480 5293 536 5348 in
571 5300 764 5346 sancto
794 5289 958 5345 veteri
1016 5288 1368 5344 Testamento
1402 5297 1676 5353 contenta,
1703 5290 1877 5358 legem
1909 5291 2073 5351 litte-,

480 5386 557 5439 ris
595 5383 849 5438 traditam
882 5382 1230 5451 perfecerunt
1258 5394 1311 5437 et
1341 5385 1408 5436 ad
1443 5390 1653 5436 tantum
1708 5384 2050 5439 rectitudinis

477 5475 693 5531 culmen
743 5486 1065 5538 erexerunt,
1102 5484 1161 5528 ut
1215 5489 1284 5529 ne
1323 5475 1429 5529 iota
1477 5474 1700 5543 quidem
1752 5489 1922 5528 unum
1955 5486 2051 5530 aut

474 5569 699 5623 minima
749 5569 942 5623 litterae
969 5583 1104 5637 apex
1138 5567 1322 5622 divelli
1354 5567 1480 5622 inde
1511 5574 1696 5636 queat.
1730 5564 1840 5620 Nos
1864 5575 2047 5622 antem

475 5660 568 5727 qui
598 5674 743 5713 nunc
801 5659 1037 5715 vivimus
1082 5659 1507 5723 homunciones,
1559 5664 1612 5711 et
1641 5671 1752 5727 prae
1785 5658 2045 5714 omnibus

474 5765 598 5823 ego,
658 5751 897 5807 virorum
947 5752 1165 5809 illorum
1216 5750 1655 5824 praecellentium
1708 5763 1815 5806 non
1865 5751 2043 5806 solum

2161 4562 2256 4615 καὶ
2284 4563 2533 4632 κήρυκας
2576 4567 2955 4634 μακαριστοὺς
2994 4569 3276 4635 ὲνέταξαν,
3321 4572 3416 4626 καὶ
3461 4580 3740 4647 κορυφαί-

2158 4672 2254 4718 ους
2285 4656 2465 4725 ίεροὺς
2498 4656 2833 4726 ἐπέστησαν,
2887 4661 2983 4713 καὶ
3038 4661 3267 4731 ποίμνια
3302 4664 3419 4718 θεῖα
3470 4672 3742 4740 καταρτί-

2136 4760 2358 4808 .σαντες
2406 4745 2719 4816 ἐπέτρεψαν
2750 4752 3142 4817 πνευματικῶς
3193 4756 3613 4826 ποιμαίνεσθαι,
3639 4767 3736 4817 καὶ

2159 4837 2361 4907 νόμους
2396 4837 2584 4891 ἔθεντο
2613 4842 2989 4908 ποιμενικοὺς,
3023 4843 3119 4896 καὶ
3168 4845 3405 4915 τρόπους
3458 4852 3741 4920 μεθώδευ-

2160 4946 2283 4987 σαν,
2344 4929 2593 4993 καθόὒς
2647 4935 2998 5001 ποιμανεῖται
3049 4941 3437 5004 χριστιανικῶς
3502 4945 3575 4997 τὰ
3637 4946 3736 4999 τοῦ

2156 5018 2294 5071 Θεοῦ
2336 5021 2606 5089 πρόῆαταυ
2664 5023 2761 5074 καὶ
2816 5020 2987 5092 νομὰς
3048 5029 3481 5098 περιηγήσαντο,
3530 5036 3592 5086 ἐν
3649 5034 3737 5099 αἷς

2159 5107 2542 5181 βοσκήσονται.

2231 5204 2332 5271 μδ’.
2367 5201 2476 5256 ’Καὶ
2525 5198 2629 5269 ᾧδε
2669 5206 2767 5275 μὲν
2805 5209 2853 5260 οί
2907 5212 3133 5278 μεγάλοι
3164 5214 3364 5267 ἐκεῖνοι
3411 5219 3512 5269 καὶ
3539 5217 3635 5272 τὸν
3672 5222 3734 5273 ἐκ

2152 5296 2247 5350 τοῦ
2285 5296 2516 5364 ἀφελοῦς
2572 5299 2823 5369 ἀγράφου
2877 5303 2936 5354 ὲν
2965 5305 3030 5375 τῇ
3059 5306 3189 5376 ἁγίᾳ
3220 5308 3430 5379 Παλαιᾷ
3454 5310 3736 5382 ἔγγραφον

2153 5389 2317 5457 νόμον
2359 5388 2703 5452 ἐτελείωσαν,
2731 5393 3103 5463 ἀρτιώσαντες
3123 5400 3216 5450 καὶ
3241 5402 3736 5475 ἀποκαταστήσαν-

2151 5492 2262 5539 τες,
2295 5476 2423 5531 ἔνθα
2445 5476 2569 5531 οὔτε
2602 5484 2917 5550 προσθεῖναι
2954 5482 3022 5558 ἦν
3057 5488 3136 5541 ἔτι
3158 5489 3278 5542 οὐδὲ
3318 5491 3457 5544 tam
3486 5492 3571 5557 ἓν,
3613 5496 3733 5549 οὐδὲ

2152 5568 2382 5637 κεραῖαι
2406 5570 2537 5636 γοῦν
2579 5573 2731 5641 μίαν,
2782 5574 2906 5627 οὔτε
2944 5576 3190 5647 ἀφελεῖν.
3256 5582 3319 5633 Ol
3347 5581 3404 5635 δὲ
3438 5585 3538 5637 νῦν
3572 5588 3734 5657 ἡμεῖς

2151 5663 2340 5730 μικροὶ
2371 5662 2668 5733 ἄνθρωποι,
2698 5668 2790 5719 καὶ
2815 5670 2921 5738 πρὸ
2948 5670 3056 5722 τῶν
3083 5672 3259 5727 ἄλλων
3286 5677 3549 5731 ἁπάντων
3586 5684 3720 5751 ἐγὼ,

2147 5753 2248 5824 τὴν
2272 5754 2371 5824 μὲν
2407 5758 2787 5830 γρηστνμαθῆ,
2821 5765 2919 5815 καὶ
2952 5762 3051 5834 τὴν
3096 5766 3201 5819 τῶν
3240 5769 3464 5837 ἀγαθῶν
3488 5773 3727 5843 ἀνδρῶν,
